{"ticker": "SRCL", "price": {"title": "Stericycle Historical Annual Stock Price Data", "value": 68.95, "historical": {"2021": {"Average Stock Price": "68.3802", "Year Open": "67.4900", "Year High": "72.5000", "Year Low": "65.4800", "Year Close": "68.9500", "Annual % Change": "-0.55%"}, "2020": {"Average Stock Price": "60.2482", "Year Open": "62.6600", "Year High": "74.4900", "Year Low": "40.6900", "Year Close": "69.3300", "Annual % Change": "8.65%"}, "2019": {"Average Stock Price": "50.5084", "Year Open": "36.8700", "Year High": "66.0500", "Year Low": "36.8700", "Year Close": "63.8100", "Annual % Change": "73.92%"}, "2018": {"Average Stock Price": "60.1229", "Year Open": "68.5600", "Year High": "76.0200", "Year Low": "35.1900", "Year Close": "36.6900", "Annual % Change": "-46.04%"}, "2017": {"Average Stock Price": "75.9753", "Year Open": "75.8400", "Year High": "87.0000", "Year Low": "62.5000", "Year Close": "67.9900", "Annual % Change": "-11.75%"}, "2016": {"Average Stock Price": "97.2028", "Year Open": "117.8700", "Year High": "128.2000", "Year Low": "71.6100", "Year Close": "77.0400", "Annual % Change": "-36.12%"}, "2015": {"Average Stock Price": "134.6658", "Year Open": "131.6400", "Year High": "150.8400", "Year Low": "113.6400", "Year Close": "120.6000", "Annual % Change": "-8.00%"}, "2014": {"Average Stock Price": "118.5606", "Year Open": "114.8800", "Year High": "133.4300", "Year Low": "109.3300", "Year Close": "131.0800", "Annual % Change": "12.83%"}, "2013": {"Average Stock Price": "109.6197", "Year Open": "94.0700", "Year High": "120.9700", "Year Low": "93.9100", "Year Close": "116.1700", "Annual % Change": "24.54%"}, "2012": {"Average Stock Price": "88.9344", "Year Open": "77.4900", "Year High": "95.7600", "Year Low": "76.7200", "Year Close": "93.2800", "Annual % Change": "19.71%"}, "2011": {"Average Stock Price": "84.4184", "Year Open": "81.6500", "Year High": "94.2900", "Year Low": "74.0900", "Year Close": "77.9200", "Annual % Change": "-3.71%"}, "2010": {"Average Stock Price": "63.5968", "Year Open": "55.1600", "Year High": "81.7800", "Year Low": "51.1600", "Year Close": "80.9200", "Annual % Change": "46.67%"}, "2009": {"Average Stock Price": "50.5305", "Year Open": "52.6600", "Year High": "58.1000", "Year Low": "45.8200", "Year Close": "55.1700", "Annual % Change": "5.93%"}, "2008": {"Average Stock Price": "55.6944", "Year Open": "57.8400", "Year High": "64.7700", "Year Low": "48.8300", "Year Close": "52.0800", "Annual % Change": "-12.32%"}, "2007": {"Average Stock Price": "47.2092", "Year Open": "37.8250", "Year High": "61.8700", "Year Low": "36.5900", "Year Close": "59.4000", "Annual % Change": "57.35%"}, "2006": {"Average Stock Price": "32.9146", "Year Open": "29.3050", "Year High": "37.8100", "Year Low": "28.6400", "Year Close": "37.7500", "Annual % Change": "28.23%"}, "2005": {"Average Stock Price": "26.4673", "Year Open": "23.0000", "Year High": "31.7600", "Year Low": "21.9600", "Year Close": "29.4400", "Annual % Change": "28.14%"}, "2004": {"Average Stock Price": "23.4104", "Year Open": "23.8150", "Year High": "26.5300", "Year Low": "20.8950", "Year Close": "22.9750", "Annual % Change": "-1.61%"}, "2003": {"Average Stock Price": "21.0347", "Year Open": "16.5950", "Year High": "25.6700", "Year Low": "16.5200", "Year Close": "23.3500", "Annual % Change": "44.22%"}, "2002": {"Average Stock Price": "16.2927", "Year Open": "14.9250", "Year High": "20.0750", "Year Low": "13.2475", "Year Close": "16.1900", "Annual % Change": "6.37%"}, "2001": {"Average Stock Price": "11.2382", "Year Open": "8.9375", "Year High": "15.6100", "Year Low": "7.1575", "Year Close": "15.2200", "Annual % Change": "59.66%"}, "2000": {"Average Stock Price": "5.9625", "Year Open": "4.4700", "Year High": "9.7825", "Year Low": "3.8450", "Year Close": "9.5325", "Annual % Change": "102.71%"}, "1999": {"Average Stock Price": "3.6480", "Year Open": "4.1250", "Year High": "4.7825", "Year Low": "2.4688", "Year Close": "4.7025", "Annual % Change": "16.62%"}, "1998": {"Average Stock Price": "3.8626", "Year Open": "3.6250", "Year High": "5.2500", "Year Low": "2.7825", "Year Close": "4.0325", "Annual % Change": "10.25%"}, "1997": {"Average Stock Price": "2.4069", "Year Open": "2.5625", "Year High": "3.6575", "Year Low": "1.8125", "Year Close": "3.6575", "Annual % Change": "27.22%"}}}, "market cap": {"value": "$6.31B"}, "income statement": {"Revenue": {"2019-12-31": "3308.90000", "2018-12-31": "3485.90000", "2017-12-31": "3580.70000", "2016-12-31": "3562.30000", "2015-12-31": "2985.90000", "2014-12-31": "2555.60100", "2013-12-31": "2142.80700", "2012-12-31": "1913.14900", "2011-12-31": "1676.04800", "2010-12-31": "1439.38800", "2009-12-31": "1177.73600", "2008-12-31": "1083.67900", "2007-12-31": "932.76700", "2006-12-31": "789.63700", "2005-12-31": "609.45700"}, "Cost Of Goods Sold": {"2019-12-31": "2134.40000", "2018-12-31": "2109.90000", "2017-12-31": "2118.20000", "2016-12-31": "2075.40000", "2015-12-31": "1731.10000", "2014-12-31": "1461.19000", "2013-12-31": "1178.17300", "2012-12-31": "1055.84400", "2011-12-31": "915.30400", "2010-12-31": "771.96100", "2009-12-31": "625.34000", "2008-12-31": "598.65000", "2007-12-31": "514.84600", "2006-12-31": "439.77000", "2005-12-31": "341.42000"}, "Gross Profit": {"2019-12-31": "1174.50000", "2018-12-31": "1376.00000", "2017-12-31": "1462.50000", "2016-12-31": "1486.90000", "2015-12-31": "1254.80000", "2014-12-31": "1094.41100", "2013-12-31": "964.63380", "2012-12-31": "857.30510", "2011-12-31": "760.74400", "2010-12-31": "667.42690", "2009-12-31": "552.39590", "2008-12-31": "485.02890", "2007-12-31": "417.92100", "2006-12-31": "349.86700", "2005-12-31": "268.03700"}, "Research And Development Expenses": {"2019-12-31": "", "2018-12-31": "", "2017-12-31": "", "2016-12-31": "", "2015-12-31": "", "2014-12-31": "", "2013-12-31": "", "2012-12-31": "", "2011-12-31": "", "2010-12-31": "", "2009-12-31": "", "2008-12-31": "", "2007-12-31": "", "2006-12-31": "", "2005-12-31": ""}, "SG&A Expenses": {"2019-12-31": "1055.10000", "2018-12-31": "1165.60000", "2017-12-31": "1395.60000", "2016-12-31": "1053.10000", "2015-12-31": "767.20000", "2014-12-31": "489.93700", "2013-12-31": "390.61000", "2012-12-31": "356.81700", "2011-12-31": "8.64200", "2010-12-31": "279.88400", "2009-12-31": "226.24500", "2008-12-31": "194.15800", "2007-12-31": "176.73700", "2006-12-31": "144.36600", "2005-12-31": "98.03200"}, "Other Operating Income Or Expenses": {"2019-12-31": "-103.00000", "2018-12-31": "-12.80000", "2017-12-31": "-9.50000", "2016-12-31": "", "2015-12-31": "", "2014-12-31": "", "2013-12-31": "", "2012-12-31": "", "2011-12-31": "", "2010-12-31": "", "2009-12-31": "", "2008-12-31": "-5.59500", "2007-12-31": "-14.07400", "2006-12-31": "-0.30000", "2005-12-31": "-2.69500"}, "Operating Expenses": {"2019-12-31": "3520.80000", "2018-12-31": "3647.00000", "2017-12-31": "3588.30000", "2016-12-31": "3128.50000", "2015-12-31": "2498.30000", "2014-12-31": "1999.26500", "2013-12-31": "1607.18800", "2012-12-31": "1444.31300", "2011-12-31": "1251.73700", "2010-12-31": "1068.70500", "2009-12-31": "862.54700", "2008-12-31": "809.44000", "2007-12-31": "708.22300", "2006-12-31": "587.87500", "2005-12-31": "442.92500"}, "Operating Income": {"2019-12-31": "-211.89990", "2018-12-31": "-161.09990", "2017-12-31": "-7.59990", "2016-12-31": "433.80000", "2015-12-31": "487.59990", "2014-12-31": "556.33590", "2013-12-31": "535.61880", "2012-12-31": "468.83610", "2011-12-31": "424.31100", "2010-12-31": "370.68300", "2009-12-31": "315.18900", "2008-12-31": "274.23900", "2007-12-31": "224.54410", "2006-12-31": "201.76200", "2005-12-31": "166.53190"}, "Total Non-Operating Income/Expense": {"2019-12-31": "-150.90000", "2018-12-31": "-114.30000", "2017-12-31": "-100.30000", "2016-12-31": "-105.70000", "2015-12-31": "-76.70000", "2014-12-31": "-68.76800", "2013-12-31": "-57.87300", "2012-12-31": "-51.63900", "2011-12-31": "-51.98700", "2010-12-31": "-38.83000", "2009-12-31": "-37.50100", "2008-12-31": "-35.17200", "2007-12-31": "-33.02900", "2006-12-31": "-29.18800", "2005-12-31": "-54.55200"}, "Pre-Tax Income": {"2019-12-31": "-362.80000", "2018-12-31": "-275.40000", "2017-12-31": "-107.90000", "2016-12-31": "328.10000", "2015-12-31": "410.90000", "2014-12-31": "487.56800", "2013-12-31": "477.74600", "2012-12-31": "417.19700", "2011-12-31": "372.32400", "2010-12-31": "331.85300", "2009-12-31": "277.68800", "2008-12-31": "239.06700", "2007-12-31": "191.51500", "2006-12-31": "172.57400", "2005-12-31": "111.98000"}, "Income Taxes": {"2019-12-31": "-16.80000", "2018-12-31": "-29.80000", "2017-12-31": "-150.90000", "2016-12-31": "120.20000", "2015-12-31": "142.90000", "2014-12-31": "159.42200", "2013-12-31": "164.66200", "2012-12-31": "147.25600", "2011-12-31": "134.98100", "2010-12-31": "121.39600", "2009-12-31": "101.29900", "2008-12-31": "90.29600", "2007-12-31": "72.86200", "2006-12-31": "67.30400", "2005-12-31": "44.82600"}, "Income After Taxes": {"2019-12-31": "-346.00000", "2018-12-31": "-245.60000", "2017-12-31": "43.00000", "2016-12-31": "207.90000", "2015-12-31": "268.00000", "2014-12-31": "328.14600", "2013-12-31": "313.08400", "2012-12-31": "269.94100", "2011-12-31": "237.34300", "2010-12-31": "210.45700", "2009-12-31": "176.38900", "2008-12-31": "148.77100", "2007-12-31": "118.65300", "2006-12-31": "105.27000", "2005-12-31": "67.15400"}, "Other Income": {"2019-12-31": "", "2018-12-31": "", "2017-12-31": "", "2016-12-31": "", "2015-12-31": "", "2014-12-31": "", "2013-12-31": "", "2012-12-31": "", "2011-12-31": "", "2010-12-31": "", "2009-12-31": "", "2008-12-31": "", "2007-12-31": "", "2006-12-31": "", "2005-12-31": ""}, "Income From Continuous Operations": {"2019-12-31": "-346.00000", "2018-12-31": "-245.60000", "2017-12-31": "43.00000", "2016-12-31": "207.90000", "2015-12-31": "268.00000", "2014-12-31": "328.14600", "2013-12-31": "313.08400", "2012-12-31": "269.94100", "2011-12-31": "237.34300", "2010-12-31": "210.45700", "2009-12-31": "176.38900", "2008-12-31": "148.77100", "2007-12-31": "118.65300", "2006-12-31": "105.27000", "2005-12-31": "67.15400"}, "Income From Discontinued Operations": {"2019-12-31": "", "2018-12-31": "", "2017-12-31": "", "2016-12-31": "", "2015-12-31": "", "2014-12-31": "", "2013-12-31": "", "2012-12-31": "", "2011-12-31": "", "2010-12-31": "", "2009-12-31": "", "2008-12-31": "", "2007-12-31": "", "2006-12-31": "", "2005-12-31": ""}, "Net Income": {"2019-12-31": "-346.80000", "2018-12-31": "-253.30000", "2017-12-31": "23.40000", "2016-12-31": "178.20000", "2015-12-31": "256.90000", "2014-12-31": "326.45600", "2013-12-31": "311.37200", "2012-12-31": "267.99600", "2011-12-31": "234.75100", "2010-12-31": "207.87900", "2009-12-31": "175.69100", "2008-12-31": "148.70800", "2007-12-31": "118.37800", "2006-12-31": "105.27000", "2005-12-31": "67.15400"}, "EBITDA": {"2019-12-31": "289.20010", "2018-12-31": "453.50010", "2017-12-31": "306.90010", "2016-12-31": "686.30000", "2015-12-31": "614.99990", "2014-12-31": "660.95200", "2013-12-31": "624.02680", "2012-12-31": "545.11910", "2011-12-31": "490.35700", "2010-12-31": "424.56800", "2009-12-31": "355.17900", "2008-12-31": "308.38700", "2007-12-31": "255.68110", "2006-12-31": "228.79800", "2005-12-31": "187.96290"}, "EBIT": {"2019-12-31": "-211.89990", "2018-12-31": "-161.09990", "2017-12-31": "-7.59990", "2016-12-31": "433.80000", "2015-12-31": "487.59990", "2014-12-31": "556.33590", "2013-12-31": "535.61880", "2012-12-31": "468.83610", "2011-12-31": "424.31100", "2010-12-31": "370.68300", "2009-12-31": "315.18900", "2008-12-31": "274.23900", "2007-12-31": "224.54410", "2006-12-31": "201.76200", "2005-12-31": "166.53190"}, "Basic Shares Outstanding": {"2019-12-31": "91.00000", "2018-12-31": "87.10000", "2017-12-31": "85.30000", "2016-12-31": "84.90000", "2015-12-31": "84.90000", "2014-12-31": "84.93300", "2013-12-31": "85.90300", "2012-12-31": "85.40100", "2011-12-31": "85.46700", "2010-12-31": "85.05800", "2009-12-31": "84.77000", "2008-12-31": "85.95000", "2007-12-31": "87.57900", "2006-12-31": "88.46700", "2005-12-31": "88.56900"}, "Shares Outstanding": {"2019-12-31": "91.00000", "2018-12-31": "87.10000", "2017-12-31": "85.60000", "2016-12-31": "85.60000", "2015-12-31": "86.20000", "2014-12-31": "86.23400", "2013-12-31": "87.39200", "2012-12-31": "87.01800", "2011-12-31": "87.36800", "2010-12-31": "86.96300", "2009-12-31": "86.74400", "2008-12-31": "88.33600", "2007-12-31": "89.93300", "2006-12-31": "90.53000", "2005-12-31": "90.62100"}, "Basic EPS": {"2019-12-31": "-3.81000", "2018-12-31": "-2.91000", "2017-12-31": "0.27000", "2016-12-31": "2.10000", "2015-12-31": "3.02000", "2014-12-31": "3.84000", "2013-12-31": "3.62000", "2012-12-31": "3.14000", "2011-12-31": "2.75000", "2010-12-31": "2.44000", "2009-12-31": "2.07000", "2008-12-31": "1.73000", "2007-12-31": "1.35000", "2006-12-31": "1.19000", "2005-12-31": "0.76000"}, "EPS - Earnings Per Share": {"2019-12-31": "-3.81000", "2018-12-31": "-2.91000", "2017-12-31": "0.27000", "2016-12-31": "2.08000", "2015-12-31": "2.98000", "2014-12-31": "3.79000", "2013-12-31": "3.56000", "2012-12-31": "3.08000", "2011-12-31": "2.69000", "2010-12-31": "2.39000", "2009-12-31": "2.03000", "2008-12-31": "1.68000", "2007-12-31": "1.32000", "2006-12-31": "1.16000", "2005-12-31": "0.74000"}}, "income statement, quarterly": {"Revenue": {"2020-09-30": "636.40000", "2020-06-30": "598.20000", "2020-03-31": "785.00000", "2019-12-31": "799.89980", "2019-09-30": "833.10000", "2019-06-30": "845.80000", "2019-03-31": "830.10000", "2018-12-31": "852.70000", "2018-09-30": "854.90000", "2018-06-30": "883.30000", "2018-03-31": "895.00000", "2017-12-31": "887.79990", "2017-09-30": "882.80000", "2017-06-30": "917.70000", "2017-03-31": "892.40000", "2016-12-31": "906.35400", "2016-09-30": "890.14400", "2016-06-30": "891.62100", "2016-03-31": "874.18100", "2015-12-31": "888.29600", "2015-09-30": "718.59600", "2015-06-30": "715.68900", "2015-03-31": "663.31900", "2014-12-31": "676.94710", "2014-09-30": "667.87700", "2014-06-30": "640.82200", "2014-03-31": "569.95500", "2013-12-31": "567.89890", "2013-09-30": "534.57900", "2013-06-30": "526.52500", "2013-03-31": "513.80400", "2012-12-31": "503.63800", "2012-09-30": "480.48400", "2012-06-30": "468.95000", "2012-03-31": "460.07700", "2011-12-31": "446.55700", "2011-09-30": "420.92400", "2011-06-30": "410.44100", "2011-03-31": "398.12600", "2010-12-31": "393.48890", "2010-09-30": "362.98800", "2010-06-30": "347.73400", "2010-03-31": "335.17700", "2009-12-31": "313.54200", "2009-09-30": "297.83600", "2009-06-30": "289.26800", "2009-03-31": "277.09000", "2008-12-31": "274.01090", "2008-09-30": "277.09800", "2008-06-30": "277.78600", "2008-03-31": "254.78400", "2007-12-31": "251.55000", "2007-09-30": "237.32300", "2007-06-30": "232.84500", "2007-03-31": "211.04900", "2006-12-31": "208.69700", "2006-09-30": "203.26700", "2006-06-30": "198.42400", "2006-03-31": "179.24900", "2005-12-31": "166.55500", "2005-09-30": "153.17600", "2005-06-30": "149.14800", "2005-03-31": "140.57800"}, "Cost Of Goods Sold": {"2020-09-30": "369.10000", "2020-06-30": "368.50000", "2020-03-31": "498.40000", "2019-12-31": "520.39990", "2019-09-30": "537.80000", "2019-06-30": "543.20000", "2019-03-31": "533.00000", "2018-12-31": "523.99990", "2018-09-30": "519.40000", "2018-06-30": "530.00000", "2018-03-31": "536.50000", "2017-12-31": "543.80000", "2017-09-30": "514.70000", "2017-06-30": "536.00000", "2017-03-31": "523.70000", "2016-12-31": "539.63090", "2016-09-30": "514.18800", "2016-06-30": "513.98000", "2016-03-31": "507.60100", "2015-12-31": "519.32590", "2015-09-30": "418.92100", "2015-06-30": "410.86500", "2015-03-31": "381.98800", "2014-12-31": "391.97810", "2014-09-30": "389.20800", "2014-06-30": "365.51800", "2014-03-31": "314.48600", "2013-12-31": "314.61410", "2013-09-30": "293.17600", "2013-06-30": "288.67300", "2013-03-31": "281.71000", "2012-12-31": "276.68200", "2012-09-30": "264.93000", "2012-06-30": "259.46200", "2012-03-31": "254.77000", "2011-12-31": "245.03900", "2011-09-30": "230.86900", "2011-06-30": "223.70000", "2011-03-31": "215.69600", "2010-12-31": "239.33600", "2010-09-30": "185.51500", "2010-06-30": "176.54000", "2010-03-31": "170.57000", "2009-12-31": "186.85600", "2009-09-30": "150.27200", "2009-06-30": "145.61800", "2009-03-31": "142.59400", "2008-12-31": "167.32600", "2008-09-30": "147.80900", "2008-06-30": "148.39400", "2008-03-31": "135.12100", "2007-12-31": "155.85100", "2007-09-30": "124.79900", "2007-06-30": "122.57700", "2007-03-31": "111.61900", "2006-12-31": "130.34400", "2006-09-30": "107.70000", "2006-06-30": "105.88300", "2006-03-31": "95.84300", "2005-12-31": "104.56400", "2005-09-30": "81.51300", "2005-06-30": "79.86300", "2005-03-31": "75.48000"}, "Gross Profit": {"2020-09-30": "267.30000", "2020-06-30": "229.70000", "2020-03-31": "286.60000", "2019-12-31": "279.49990", "2019-09-30": "295.30000", "2019-06-30": "302.60000", "2019-03-31": "297.10000", "2018-12-31": "328.70010", "2018-09-30": "335.50000", "2018-06-30": "353.30000", "2018-03-31": "358.50000", "2017-12-31": "343.99990", "2017-09-30": "368.10000", "2017-06-30": "381.70000", "2017-03-31": "368.70000", "2016-12-31": "366.72310", "2016-09-30": "375.95600", "2016-06-30": "377.64090", "2016-03-31": "366.58000", "2015-12-31": "368.97010", "2015-09-30": "299.67500", "2015-06-30": "304.82400", "2015-03-31": "281.33100", "2014-12-31": "284.96900", "2014-09-30": "278.66900", "2014-06-30": "275.30400", "2014-03-31": "255.46900", "2013-12-31": "253.28480", "2013-09-30": "241.40300", "2013-06-30": "237.85200", "2013-03-31": "232.09400", "2012-12-31": "226.95600", "2012-09-30": "215.55400", "2012-06-30": "209.48800", "2012-03-31": "205.30700", "2011-12-31": "201.51800", "2011-09-30": "190.05500", "2011-06-30": "186.74100", "2011-03-31": "182.43000", "2010-12-31": "154.15290", "2010-09-30": "177.47300", "2010-06-30": "171.19400", "2010-03-31": "164.60700", "2009-12-31": "126.68590", "2009-09-30": "147.56400", "2009-06-30": "143.65000", "2009-03-31": "134.49600", "2008-12-31": "106.68490", "2008-09-30": "129.28900", "2008-06-30": "129.39200", "2008-03-31": "119.66300", "2007-12-31": "95.69900", "2007-09-30": "112.52400", "2007-06-30": "110.26800", "2007-03-31": "99.43000", "2006-12-31": "78.35300", "2006-09-30": "95.56700", "2006-06-30": "92.54100", "2006-03-31": "83.40600", "2005-12-31": "61.99100", "2005-09-30": "71.66300", "2005-06-30": "69.28500", "2005-03-31": "65.09800"}, "Research And Development Expenses": {"2020-09-30": "", "2020-06-30": "", "2020-03-31": "", "2019-12-31": "", "2019-09-30": "", "2019-06-30": "", "2019-03-31": "", "2018-12-31": "", "2018-09-30": "", "2018-06-30": "", "2018-03-31": "", "2017-12-31": "", "2017-09-30": "", "2017-06-30": "", "2017-03-31": "", "2016-12-31": "", "2016-09-30": "", "2016-06-30": "", "2016-03-31": "", "2015-12-31": "", "2015-09-30": "", "2015-06-30": "", "2015-03-31": "", "2014-12-31": "", "2014-09-30": "", "2014-06-30": "", "2014-03-31": "", "2013-12-31": "", "2013-09-30": "", "2013-06-30": "", "2013-03-31": "", "2012-12-31": "", "2012-09-30": "", "2012-06-30": "", "2012-03-31": "", "2011-12-31": "", "2011-09-30": "", "2011-06-30": "", "2011-03-31": "", "2010-12-31": "", "2010-09-30": "", "2010-06-30": "", "2010-03-31": "", "2009-12-31": "", "2009-09-30": "", "2009-06-30": "", "2009-03-31": "", "2008-12-31": "", "2008-09-30": "", "2008-06-30": "", "2008-03-31": "", "2007-12-31": "", "2007-09-30": "", "2007-06-30": "", "2007-03-31": "", "2006-12-31": "", "2006-09-30": "", "2006-06-30": "", "2006-03-31": "", "2005-12-31": "", "2005-09-30": "", "2005-06-30": "", "2005-03-31": ""}, "SG&A Expenses": {"2020-09-30": "219.00000", "2020-06-30": "201.00000", "2020-03-31": "258.70000", "2019-12-31": "245.70000", "2019-09-30": "246.60000", "2019-06-30": "277.00000", "2019-03-31": "285.80000", "2018-12-31": "303.10000", "2018-09-30": "267.20000", "2018-06-30": "290.90000", "2018-03-31": "304.40000", "2017-12-31": "292.90000", "2017-09-30": "274.50000", "2017-06-30": "574.00000", "2017-03-31": "254.20000", "2016-12-31": "421.31590", "2016-09-30": "210.34800", "2016-06-30": "220.34300", "2016-03-31": "201.09300", "2015-12-31": "258.15300", "2015-09-30": "157.43200", "2015-06-30": "136.75200", "2015-03-31": "214.86300", "2014-12-31": "134.60700", "2014-09-30": "125.60300", "2014-06-30": "117.54700", "2014-03-31": "112.18000", "2013-12-31": "108.03000", "2013-09-30": "96.68900", "2013-06-30": "94.84500", "2013-03-31": "91.04600", "2012-12-31": "97.57100", "2012-09-30": "92.96600", "2012-06-30": "84.36500", "2012-03-31": "81.91500", "2011-12-31": "-224.10800", "2011-09-30": "79.00600", "2011-06-30": "79.01200", "2011-03-31": "74.73200", "2010-12-31": "88.81700", "2010-09-30": "65.03300", "2010-06-30": "63.56400", "2010-03-31": "62.47000", "2009-12-31": "68.15500", "2009-09-30": "54.31200", "2009-06-30": "53.04700", "2009-03-31": "50.73100", "2008-12-31": "49.85800", "2008-09-30": "48.82400", "2008-06-30": "49.71100", "2008-03-31": "45.76500", "2007-12-31": "55.34600", "2007-09-30": "42.49600", "2007-06-30": "42.19200", "2007-03-31": "36.70300", "2006-12-31": "42.81700", "2006-09-30": "34.91200", "2006-06-30": "34.90300", "2006-03-31": "31.73400", "2005-12-31": "32.06700", "2005-09-30": "23.30000", "2005-06-30": "21.98000", "2005-03-31": "20.68500"}, "Other Operating Income Or Expenses": {"2020-09-30": "-104.10000", "2020-06-30": "-3.80000", "2020-03-31": "-58.30000", "2019-12-31": "-24.90000", "2019-09-30": "-83.20000", "2019-06-30": "-0.30000", "2019-03-31": "5.40000", "2018-12-31": "", "2018-09-30": "", "2018-06-30": "", "2018-03-31": "", "2017-12-31": "", "2017-09-30": "", "2017-06-30": "", "2017-03-31": "", "2016-12-31": "", "2016-09-30": "", "2016-06-30": "", "2016-03-31": "", "2015-12-31": "", "2015-09-30": "", "2015-06-30": "", "2015-03-31": "", "2014-12-31": "", "2014-09-30": "", "2014-06-30": "", "2014-03-31": "", "2013-12-31": "", "2013-09-30": "", "2013-06-30": "", "2013-03-31": "", "2012-12-31": "", "2012-09-30": "", "2012-06-30": "", "2012-03-31": "", "2011-12-31": "", "2011-09-30": "", "2011-06-30": "", "2011-03-31": "", "2010-12-31": "", "2010-09-30": "", "2010-06-30": "2.01800", "2010-03-31": "", "2009-12-31": "", "2009-09-30": "", "2009-06-30": "", "2009-03-31": "", "2008-12-31": "0.00000", "2008-09-30": "-0.09600", "2008-06-30": "-0.14700", "2008-03-31": "-5.35200", "2007-12-31": "-14.48300", "2007-09-30": "", "2007-06-30": "0.23600", "2007-03-31": "0.17300", "2006-12-31": "", "2006-09-30": "", "2006-06-30": "-0.30000", "2006-03-31": "", "2005-12-31": "-1.82300", "2005-09-30": "-0.87200", "2005-06-30": "", "2005-03-31": ""}, "Operating Expenses": {"2020-09-30": "692.20000", "2020-06-30": "573.30000", "2020-03-31": "815.40000", "2019-12-31": "998.39970", "2019-09-30": "867.60000", "2019-06-30": "820.50000", "2019-03-31": "834.30000", "2018-12-31": "1198.60000", "2018-09-30": "786.60000", "2018-06-30": "820.90000", "2018-03-31": "840.90000", "2017-12-31": "911.19980", "2017-09-30": "789.20000", "2017-06-30": "1110.00000", "2017-03-31": "777.90000", "2016-12-31": "837.70190", "2016-09-30": "765.62700", "2016-06-30": "791.91310", "2016-03-31": "733.25810", "2015-12-31": "737.76920", "2015-09-30": "589.84000", "2015-06-30": "560.92500", "2015-03-31": "609.76600", "2014-12-31": "538.18420", "2014-09-30": "528.34090", "2014-06-30": "495.44400", "2014-03-31": "437.29600", "2013-12-31": "432.79220", "2013-09-30": "399.18400", "2013-06-30": "393.00500", "2013-03-31": "382.20700", "2012-12-31": "383.33800", "2012-09-30": "365.93700", "2012-06-30": "351.22300", "2012-03-31": "343.81500", "2011-12-31": "331.17290", "2011-09-30": "316.35800", "2011-06-30": "308.49300", "2011-03-31": "295.71300", "2010-12-31": "299.57500", "2010-09-30": "266.94900", "2010-06-30": "254.13600", "2010-03-31": "248.04500", "2009-12-31": "231.62600", "2009-09-30": "218.30300", "2009-06-30": "209.72800", "2009-03-31": "202.89000", "2008-12-31": "201.69400", "2008-09-30": "205.59000", "2008-06-30": "206.86000", "2008-03-31": "195.29600", "2007-12-31": "204.31290", "2007-09-30": "175.46300", "2007-06-30": "172.84700", "2007-03-31": "155.60000", "2006-12-31": "154.67700", "2006-09-30": "150.23200", "2006-06-30": "148.46300", "2006-03-31": "134.50300", "2005-12-31": "123.05300", "2005-09-30": "111.22400", "2005-06-30": "107.16500", "2005-03-31": "101.48300"}, "Operating Income": {"2020-09-30": "-55.79990", "2020-06-30": "24.90000", "2020-03-31": "-30.40000", "2019-12-31": "-198.49990", "2019-09-30": "-34.50010", "2019-06-30": "25.30000", "2019-03-31": "-4.20000", "2018-12-31": "-345.89970", "2018-09-30": "68.30000", "2018-06-30": "62.40000", "2018-03-31": "54.10000", "2017-12-31": "-23.39990", "2017-09-30": "93.60000", "2017-06-30": "-192.30000", "2017-03-31": "114.50000", "2016-12-31": "68.65210", "2016-09-30": "124.51700", "2016-06-30": "99.70790", "2016-03-31": "140.92300", "2015-12-31": "150.52690", "2015-09-30": "128.75600", "2015-06-30": "154.76400", "2015-03-31": "53.55300", "2014-12-31": "138.76290", "2014-09-30": "139.53610", "2014-06-30": "145.37810", "2014-03-31": "132.65900", "2013-12-31": "135.10670", "2013-09-30": "135.39500", "2013-06-30": "133.52000", "2013-03-31": "131.59700", "2012-12-31": "120.30010", "2012-09-30": "114.54700", "2012-06-30": "117.72700", "2012-03-31": "116.26200", "2011-12-31": "115.38410", "2011-09-30": "104.56600", "2011-06-30": "101.94800", "2011-03-31": "102.41300", "2010-12-31": "93.91390", "2010-09-30": "96.03900", "2010-06-30": "93.59800", "2010-03-31": "87.13200", "2009-12-31": "81.91590", "2009-09-30": "79.53300", "2009-06-30": "79.54000", "2009-03-31": "74.20000", "2008-12-31": "72.31690", "2008-09-30": "71.50800", "2008-06-30": "70.92600", "2008-03-31": "59.48800", "2007-12-31": "47.23710", "2007-09-30": "61.86000", "2007-06-30": "59.99800", "2007-03-31": "55.44900", "2006-12-31": "54.02000", "2006-09-30": "53.03500", "2006-06-30": "49.96100", "2006-03-31": "44.74600", "2005-12-31": "43.50200", "2005-09-30": "41.95200", "2005-06-30": "41.98300", "2005-03-31": "39.09500"}, "Total Non-Operating Income/Expense": {"2020-09-30": "-18.60000", "2020-06-30": "-20.30000", "2020-03-31": "-27.90000", "2019-12-31": "-29.50000", "2019-09-30": "-33.10000", "2019-06-30": "-58.50000", "2019-03-31": "-29.80000", "2018-12-31": "-30.20000", "2018-09-30": "-33.90000", "2018-06-30": "-25.20000", "2018-03-31": "-25.00000", "2017-12-31": "-23.30000", "2017-09-30": "-26.80000", "2017-06-30": "-25.40000", "2017-03-31": "-24.80000", "2016-12-31": "-32.17400", "2016-09-30": "-21.75800", "2016-06-30": "-26.47600", "2016-03-31": "-25.29200", "2015-12-31": "-20.37800", "2015-09-30": "-19.13200", "2015-06-30": "-17.99400", "2015-03-31": "-19.19600", "2014-12-31": "-19.31600", "2014-09-30": "-17.09400", "2014-06-30": "-16.76000", "2014-03-31": "-15.59800", "2013-12-31": "-15.36600", "2013-09-30": "-14.65700", "2013-06-30": "-13.45800", "2013-03-31": "-14.39200", "2012-12-31": "-12.81900", "2012-09-30": "-13.41900", "2012-06-30": "-12.16900", "2012-03-31": "-13.23200", "2011-12-31": "-14.39900", "2011-09-30": "-12.37400", "2011-06-30": "-13.76300", "2011-03-31": "-11.45100", "2010-12-31": "-11.12000", "2010-09-30": "-8.09400", "2010-06-30": "-9.73000", "2010-03-31": "-9.88600", "2009-12-31": "-9.94700", "2009-09-30": "-9.86000", "2009-06-30": "-8.97900", "2009-03-31": "-8.71500", "2008-12-31": "-9.47300", "2008-09-30": "-9.03000", "2008-06-30": "-8.50000", "2008-03-31": "-8.16900", "2007-12-31": "-8.90400", "2007-09-30": "-8.80400", "2007-06-30": "-7.96900", "2007-03-31": "-7.35200", "2006-12-31": "-6.40600", "2006-09-30": "-7.90000", "2006-06-30": "-8.70200", "2006-03-31": "-6.18000", "2005-12-31": "-43.63900", "2005-09-30": "-3.51200", "2005-06-30": "-4.22700", "2005-03-31": "-3.17400"}, "Pre-Tax Income": {"2020-09-30": "-74.40000", "2020-06-30": "4.60000", "2020-03-31": "-58.30000", "2019-12-31": "-228.00000", "2019-09-30": "-67.60000", "2019-06-30": "-33.20000", "2019-03-31": "-34.00000", "2018-12-31": "-376.10000", "2018-09-30": "34.40000", "2018-06-30": "37.20000", "2018-03-31": "29.10000", "2017-12-31": "-46.70000", "2017-09-30": "66.80000", "2017-06-30": "-217.70000", "2017-03-31": "89.70000", "2016-12-31": "36.47800", "2016-09-30": "102.75900", "2016-06-30": "73.23200", "2016-03-31": "115.63100", "2015-12-31": "130.14900", "2015-09-30": "109.62400", "2015-06-30": "136.77000", "2015-03-31": "34.35700", "2014-12-31": "119.44700", "2014-09-30": "122.44200", "2014-06-30": "128.61800", "2014-03-31": "117.06100", "2013-12-31": "119.74100", "2013-09-30": "120.73800", "2013-06-30": "120.06200", "2013-03-31": "117.20500", "2012-12-31": "107.48100", "2012-09-30": "101.12800", "2012-06-30": "105.55800", "2012-03-31": "103.03000", "2011-12-31": "100.98500", "2011-09-30": "92.19200", "2011-06-30": "88.18500", "2011-03-31": "90.96200", "2010-12-31": "82.79400", "2010-09-30": "87.94500", "2010-06-30": "83.86800", "2010-03-31": "77.24600", "2009-12-31": "71.96900", "2009-09-30": "69.67300", "2009-06-30": "70.56100", "2009-03-31": "65.48500", "2008-12-31": "62.84400", "2008-09-30": "62.47800", "2008-06-30": "62.42600", "2008-03-31": "51.31900", "2007-12-31": "38.33300", "2007-09-30": "53.05600", "2007-06-30": "52.02900", "2007-03-31": "48.09700", "2006-12-31": "47.61400", "2006-09-30": "45.13500", "2006-06-30": "41.25900", "2006-03-31": "38.56600", "2005-12-31": "-0.13700", "2005-09-30": "38.44000", "2005-06-30": "37.75600", "2005-03-31": "35.92100"}, "Income Taxes": {"2020-09-30": "6.50000", "2020-06-30": "8.70000", "2020-03-31": "-38.40000", "2019-12-31": "-8.80000", "2019-09-30": "-8.60000", "2019-06-30": "-3.00000", "2019-03-31": "3.60000", "2018-12-31": "-56.90000", "2018-09-30": "10.90000", "2018-06-30": "9.60000", "2018-03-31": "6.60000", "2017-12-31": "-136.30000", "2017-09-30": "27.80000", "2017-06-30": "-73.50000", "2017-03-31": "31.10000", "2016-12-31": "17.57600", "2016-09-30": "37.58600", "2016-06-30": "27.00200", "2016-03-31": "38.03600", "2015-12-31": "49.62400", "2015-09-30": "39.71800", "2015-06-30": "48.49300", "2015-03-31": "5.06500", "2014-12-31": "36.78900", "2014-09-30": "39.40100", "2014-06-30": "45.94100", "2014-03-31": "37.29100", "2013-12-31": "41.15400", "2013-09-30": "39.90600", "2013-06-30": "41.61900", "2013-03-31": "41.98300", "2012-12-31": "36.97300", "2012-09-30": "35.38200", "2012-06-30": "37.18600", "2012-03-31": "37.71500", "2011-12-31": "35.86200", "2011-09-30": "32.44800", "2011-06-30": "32.29500", "2011-03-31": "34.37600", "2010-12-31": "32.03700", "2010-09-30": "30.64500", "2010-06-30": "30.10200", "2010-03-31": "28.61200", "2009-12-31": "26.81100", "2009-09-30": "23.11000", "2009-06-30": "26.56700", "2009-03-31": "24.81100", "2008-12-31": "23.66300", "2008-09-30": "23.23700", "2008-06-30": "23.74100", "2008-03-31": "19.65500", "2007-12-31": "13.96000", "2007-09-30": "20.16100", "2007-06-30": "20.03100", "2007-03-31": "18.71000", "2006-12-31": "18.56900", "2006-09-30": "17.60300", "2006-06-30": "16.09100", "2006-03-31": "15.04100", "2005-12-31": "0.88900", "2005-09-30": "15.05700", "2005-06-30": "14.77400", "2005-03-31": "14.10600"}, "Income After Taxes": {"2020-09-30": "-80.90000", "2020-06-30": "-4.10000", "2020-03-31": "-19.90000", "2019-12-31": "-219.20000", "2019-09-30": "-59.00000", "2019-06-30": "-30.20000", "2019-03-31": "-37.60000", "2018-12-31": "-319.20000", "2018-09-30": "23.50000", "2018-06-30": "27.60000", "2018-03-31": "22.50000", "2017-12-31": "89.60000", "2017-09-30": "39.00000", "2017-06-30": "-144.20000", "2017-03-31": "58.60000", "2016-12-31": "18.90200", "2016-09-30": "65.17300", "2016-06-30": "46.23000", "2016-03-31": "77.59500", "2015-12-31": "80.52500", "2015-09-30": "69.90600", "2015-06-30": "88.27700", "2015-03-31": "29.29200", "2014-12-31": "82.65800", "2014-09-30": "83.04100", "2014-06-30": "82.67700", "2014-03-31": "79.77000", "2013-12-31": "78.58700", "2013-09-30": "80.83200", "2013-06-30": "78.44300", "2013-03-31": "75.22200", "2012-12-31": "70.50800", "2012-09-30": "65.74600", "2012-06-30": "68.37200", "2012-03-31": "65.31500", "2011-12-31": "65.12300", "2011-09-30": "59.74400", "2011-06-30": "55.89000", "2011-03-31": "56.58600", "2010-12-31": "50.75700", "2010-09-30": "57.30000", "2010-06-30": "53.76600", "2010-03-31": "48.63400", "2009-12-31": "45.15800", "2009-09-30": "46.56300", "2009-06-30": "43.99400", "2009-03-31": "40.67400", "2008-12-31": "39.18100", "2008-09-30": "39.24100", "2008-06-30": "38.68500", "2008-03-31": "31.66400", "2007-12-31": "24.37300", "2007-09-30": "32.89500", "2007-06-30": "31.99800", "2007-03-31": "29.38700", "2006-12-31": "29.04500", "2006-09-30": "27.53200", "2006-06-30": "25.16800", "2006-03-31": "23.52500", "2005-12-31": "-1.02600", "2005-09-30": "23.38300", "2005-06-30": "22.98200", "2005-03-31": "21.81500"}, "Other Income": {"2020-09-30": "", "2020-06-30": "", "2020-03-31": "", "2019-12-31": "", "2019-09-30": "", "2019-06-30": "", "2019-03-31": "", "2018-12-31": "", "2018-09-30": "", "2018-06-30": "", "2018-03-31": "", "2017-12-31": "", "2017-09-30": "", "2017-06-30": "", "2017-03-31": "", "2016-12-31": "", "2016-09-30": "", "2016-06-30": "", "2016-03-31": "", "2015-12-31": "", "2015-09-30": "", "2015-06-30": "", "2015-03-31": "", "2014-12-31": "", "2014-09-30": "", "2014-06-30": "", "2014-03-31": "", "2013-12-31": "", "2013-09-30": "", "2013-06-30": "", "2013-03-31": "", "2012-12-31": "", "2012-09-30": "", "2012-06-30": "", "2012-03-31": "", "2011-12-31": "", "2011-09-30": "", "2011-06-30": "", "2011-03-31": "", "2010-12-31": "", "2010-09-30": "", "2010-06-30": "", "2010-03-31": "", "2009-12-31": "", "2009-09-30": "", "2009-06-30": "", "2009-03-31": "", "2008-12-31": "", "2008-09-30": "", "2008-06-30": "", "2008-03-31": "", "2007-12-31": "", "2007-09-30": "", "2007-06-30": "", "2007-03-31": "", "2006-12-31": "", "2006-09-30": "", "2006-06-30": "", "2006-03-31": "", "2005-12-31": "", "2005-09-30": "", "2005-06-30": "", "2005-03-31": ""}, "Income From Continuous Operations": {"2020-09-30": "-80.90000", "2020-06-30": "-4.10000", "2020-03-31": "-19.90000", "2019-12-31": "-219.20000", "2019-09-30": "-59.00000", "2019-06-30": "-30.20000", "2019-03-31": "-37.60000", "2018-12-31": "-319.20000", "2018-09-30": "23.50000", "2018-06-30": "27.60000", "2018-03-31": "22.50000", "2017-12-31": "89.60000", "2017-09-30": "39.00000", "2017-06-30": "-144.20000", "2017-03-31": "58.60000", "2016-12-31": "18.90200", "2016-09-30": "65.17300", "2016-06-30": "46.23000", "2016-03-31": "77.59500", "2015-12-31": "80.52500", "2015-09-30": "69.90600", "2015-06-30": "88.27700", "2015-03-31": "29.29200", "2014-12-31": "82.65800", "2014-09-30": "83.04100", "2014-06-30": "82.67700", "2014-03-31": "79.77000", "2013-12-31": "78.58700", "2013-09-30": "80.83200", "2013-06-30": "78.44300", "2013-03-31": "75.22200", "2012-12-31": "70.50800", "2012-09-30": "65.74600", "2012-06-30": "68.37200", "2012-03-31": "65.31500", "2011-12-31": "65.12300", "2011-09-30": "59.74400", "2011-06-30": "55.89000", "2011-03-31": "56.58600", "2010-12-31": "50.75700", "2010-09-30": "57.30000", "2010-06-30": "53.76600", "2010-03-31": "48.63400", "2009-12-31": "45.15800", "2009-09-30": "46.56300", "2009-06-30": "43.99400", "2009-03-31": "40.67400", "2008-12-31": "39.18100", "2008-09-30": "39.24100", "2008-06-30": "38.68500", "2008-03-31": "31.66400", "2007-12-31": "24.37300", "2007-09-30": "32.89500", "2007-06-30": "31.99800", "2007-03-31": "29.38700", "2006-12-31": "29.04500", "2006-09-30": "27.53200", "2006-06-30": "25.16800", "2006-03-31": "23.52500", "2005-12-31": "-1.02600", "2005-09-30": "23.38300", "2005-06-30": "22.98200", "2005-03-31": "21.81500"}, "Income From Discontinued Operations": {"2020-09-30": "", "2020-06-30": "", "2020-03-31": "", "2019-12-31": "", "2019-09-30": "", "2019-06-30": "", "2019-03-31": "", "2018-12-31": "", "2018-09-30": "", "2018-06-30": "", "2018-03-31": "", "2017-12-31": "", "2017-09-30": "", "2017-06-30": "", "2017-03-31": "", "2016-12-31": "", "2016-09-30": "", "2016-06-30": "", "2016-03-31": "", "2015-12-31": "", "2015-09-30": "", "2015-06-30": "", "2015-03-31": "", "2014-12-31": "", "2014-09-30": "", "2014-06-30": "", "2014-03-31": "", "2013-12-31": "", "2013-09-30": "", "2013-06-30": "", "2013-03-31": "", "2012-12-31": "", "2012-09-30": "", "2012-06-30": "", "2012-03-31": "", "2011-12-31": "", "2011-09-30": "", "2011-06-30": "", "2011-03-31": "", "2010-12-31": "", "2010-09-30": "", "2010-06-30": "", "2010-03-31": "", "2009-12-31": "", "2009-09-30": "", "2009-06-30": "", "2009-03-31": "", "2008-12-31": "", "2008-09-30": "", "2008-06-30": "", "2008-03-31": "", "2007-12-31": "", "2007-09-30": "", "2007-06-30": "", "2007-03-31": "", "2006-12-31": "", "2006-09-30": "", "2006-06-30": "", "2006-03-31": "", "2005-12-31": "", "2005-09-30": "", "2005-06-30": "", "2005-03-31": ""}, "Net Income": {"2020-09-30": "-81.20000", "2020-06-30": "-4.50000", "2020-03-31": "-20.10000", "2019-12-31": "-219.30000", "2019-09-30": "-59.20000", "2019-06-30": "-30.50000", "2019-03-31": "-37.80000", "2018-12-31": "-318.40000", "2018-09-30": "17.50000", "2018-06-30": "26.60000", "2018-03-31": "21.00000", "2017-12-31": "83.30000", "2017-09-30": "35.50000", "2017-06-30": "-148.80000", "2017-03-31": "53.40000", "2016-12-31": "12.69100", "2016-09-30": "61.53600", "2016-06-30": "37.29300", "2016-03-31": "66.68000", "2015-12-31": "70.68100", "2015-09-30": "69.44900", "2015-06-30": "87.83000", "2015-03-31": "28.94000", "2014-12-31": "82.52600", "2014-09-30": "82.84500", "2014-06-30": "81.93600", "2014-03-31": "79.14900", "2013-12-31": "78.16400", "2013-09-30": "80.54700", "2013-06-30": "78.04400", "2013-03-31": "74.61700", "2012-12-31": "70.06900", "2012-09-30": "65.47700", "2012-06-30": "67.59300", "2012-03-31": "64.85700", "2011-12-31": "64.28800", "2011-09-30": "59.24700", "2011-06-30": "55.54200", "2011-03-31": "55.67400", "2010-12-31": "49.98000", "2010-09-30": "56.68600", "2010-06-30": "53.09400", "2010-03-31": "48.11900", "2009-12-31": "44.60800", "2009-09-30": "46.52600", "2009-06-30": "43.90200", "2009-03-31": "40.65500", "2008-12-31": "39.13200", "2008-09-30": "39.22700", "2008-06-30": "38.68500", "2008-03-31": "31.66400", "2007-12-31": "24.09800", "2007-09-30": "32.89500", "2007-06-30": "31.99800", "2007-03-31": "29.38700", "2006-12-31": "29.04500", "2006-09-30": "27.53200", "2006-06-30": "25.16800", "2006-03-31": "23.52500", "2005-12-31": "-1.02600", "2005-09-30": "23.38300", "2005-06-30": "22.98200", "2005-03-31": "21.81500"}, "EBITDA": {"2020-09-30": "1.90010", "2020-06-30": "85.10000", "2020-03-31": "29.50000", "2019-12-31": "74.60010", "2019-09-30": "33.20000", "2019-06-30": "95.10000", "2019-03-31": "86.30000", "2018-12-31": "76.50030", "2018-09-30": "132.20000", "2018-06-30": "128.00000", "2018-03-31": "116.80000", "2017-12-31": "113.90010", "2017-09-30": "153.90000", "2017-06-30": "-133.60000", "2017-03-31": "172.70000", "2016-12-31": "124.76210", "2016-09-30": "189.87300", "2016-06-30": "182.32790", "2016-03-31": "189.33700", "2015-12-31": "195.49390", "2015-09-30": "156.24600", "2015-06-30": "182.14400", "2015-03-31": "81.11600", "2014-12-31": "163.77690", "2014-09-30": "168.30110", "2014-06-30": "172.85910", "2014-03-31": "156.01500", "2013-12-31": "158.40170", "2013-09-30": "157.24500", "2013-06-30": "155.29500", "2013-03-31": "153.08510", "2012-12-31": "141.39410", "2012-09-30": "133.99200", "2012-06-30": "135.75300", "2012-03-31": "133.98000", "2011-12-31": "132.20210", "2011-09-30": "121.49900", "2011-06-30": "119.14000", "2011-03-31": "117.51600", "2010-12-31": "109.28890", "2010-09-30": "109.54300", "2010-06-30": "106.21500", "2010-03-31": "99.52100", "2009-12-31": "93.44290", "2009-09-30": "89.49200", "2009-06-30": "89.20000", "2009-03-31": "83.04400", "2008-12-31": "81.17690", "2008-09-30": "80.15900", "2008-06-30": "79.21800", "2008-03-31": "67.83300", "2007-12-31": "55.72010", "2007-09-30": "69.66800", "2007-06-30": "67.70600", "2007-03-31": "62.58700", "2006-12-31": "60.94700", "2006-09-30": "60.13600", "2006-06-30": "56.67400", "2006-03-31": "51.04100", "2005-12-31": "49.19790", "2005-09-30": "47.31700", "2005-06-30": "47.12500", "2005-03-31": "44.32300"}, "EBIT": {"2020-09-30": "-55.79990", "2020-06-30": "24.90000", "2020-03-31": "-30.40000", "2019-12-31": "-198.49980", "2019-09-30": "-34.50010", "2019-06-30": "25.30000", "2019-03-31": "-4.20000", "2018-12-31": "-345.89980", "2018-09-30": "68.30000", "2018-06-30": "62.40000", "2018-03-31": "54.10000", "2017-12-31": "-23.39980", "2017-09-30": "93.60000", "2017-06-30": "-192.30000", "2017-03-31": "114.50000", "2016-12-31": "68.65220", "2016-09-30": "124.51700", "2016-06-30": "99.70790", "2016-03-31": "140.92300", "2015-12-31": "150.52680", "2015-09-30": "128.75600", "2015-06-30": "154.76400", "2015-03-31": "53.55300", "2014-12-31": "138.76280", "2014-09-30": "139.53610", "2014-06-30": "145.37810", "2014-03-31": "132.65900", "2013-12-31": "135.10670", "2013-09-30": "135.39500", "2013-06-30": "133.52000", "2013-03-31": "131.59700", "2012-12-31": "120.30000", "2012-09-30": "114.54700", "2012-06-30": "117.72700", "2012-03-31": "116.26200", "2011-12-31": "115.38400", "2011-09-30": "104.56600", "2011-06-30": "101.94800", "2011-03-31": "102.41300", "2010-12-31": "93.91400", "2010-09-30": "96.03900", "2010-06-30": "93.59800", "2010-03-31": "87.13200", "2009-12-31": "81.91590", "2009-09-30": "79.53300", "2009-06-30": "79.54000", "2009-03-31": "74.20000", "2008-12-31": "72.31700", "2008-09-30": "71.50800", "2008-06-30": "70.92600", "2008-03-31": "59.48800", "2007-12-31": "47.23710", "2007-09-30": "61.86000", "2007-06-30": "59.99800", "2007-03-31": "55.44900", "2006-12-31": "54.02000", "2006-09-30": "53.03500", "2006-06-30": "49.96100", "2006-03-31": "44.74600", "2005-12-31": "43.50190", "2005-09-30": "41.95200", "2005-06-30": "41.98300", "2005-03-31": "39.09500"}, "Basic Shares Outstanding": {"2020-09-30": "91.50000", "2020-06-30": "91.40000", "2020-03-31": "91.30000", "2019-12-31": "91.00000", "2019-09-30": "91.10000", "2019-06-30": "91.00000", "2019-03-31": "90.70000", "2018-12-31": "87.10000", "2018-09-30": "86.70000", "2018-06-30": "85.60000", "2018-03-31": "85.50000", "2017-12-31": "85.30000", "2017-09-30": "85.30000", "2017-06-30": "85.30000", "2017-03-31": "85.20000", "2016-12-31": "84.90000", "2016-09-30": "85.04430", "2016-06-30": "84.89330", "2016-03-31": "84.70500", "2015-12-31": "84.90000", "2015-09-30": "84.88500", "2015-06-30": "84.96200", "2015-03-31": "85.03800", "2014-12-31": "84.93300", "2014-09-30": "84.85800", "2014-06-30": "84.69900", "2014-03-31": "85.27000", "2013-12-31": "85.90300", "2013-09-30": "85.85000", "2013-06-30": "86.12500", "2013-03-31": "86.09300", "2012-12-31": "85.40100", "2012-09-30": "85.74900", "2012-06-30": "85.17000", "2012-03-31": "84.82800", "2011-12-31": "85.46700", "2011-09-30": "85.56500", "2011-06-30": "85.93600", "2011-03-31": "85.45900", "2010-12-31": "85.05800", "2010-09-30": "85.29600", "2010-06-30": "84.89000", "2010-03-31": "84.76700", "2009-12-31": "84.77000", "2009-09-30": "84.90000", "2009-06-30": "84.91900", "2009-03-31": "84.90900", "2008-12-31": "85.95000", "2008-09-30": "85.45000", "2008-06-30": "86.09400", "2008-03-31": "86.84500", "2007-12-31": "87.57900", "2007-09-30": "87.29900", "2007-06-30": "87.63400", "2007-03-31": "88.28500", "2006-12-31": "88.46700", "2006-09-30": "88.51200", "2006-06-30": "88.46200", "2006-03-31": "88.12400", "2005-12-31": "88.56900", "2005-09-30": "88.83000", "2005-06-30": "88.24600", "2005-03-31": "89.11800"}, "Shares Outstanding": {"2020-09-30": "91.50000", "2020-06-30": "91.40000", "2020-03-31": "91.30000", "2019-12-31": "91.00000", "2019-09-30": "91.10000", "2019-06-30": "91.00000", "2019-03-31": "90.70000", "2018-12-31": "87.10000", "2018-09-30": "86.80000", "2018-06-30": "85.80000", "2018-03-31": "85.80000", "2017-12-31": "85.60000", "2017-09-30": "85.60000", "2017-06-30": "85.30000", "2017-03-31": "85.60000", "2016-12-31": "85.60000", "2016-09-30": "85.57050", "2016-06-30": "85.76070", "2016-03-31": "85.84550", "2015-12-31": "86.20000", "2015-09-30": "86.12000", "2015-06-30": "86.22100", "2015-03-31": "86.35700", "2014-12-31": "86.23400", "2014-09-30": "86.11600", "2014-06-30": "85.98300", "2014-03-31": "86.61400", "2013-12-31": "87.39200", "2013-09-30": "87.40200", "2013-06-30": "87.61500", "2013-03-31": "87.45900", "2012-12-31": "87.01800", "2012-09-30": "87.30600", "2012-06-30": "86.83600", "2012-03-31": "86.58800", "2011-12-31": "87.36800", "2011-09-30": "87.38500", "2011-06-30": "87.93500", "2011-03-31": "87.52700", "2010-12-31": "86.96300", "2010-09-30": "87.17900", "2010-06-30": "86.69400", "2010-03-31": "86.57300", "2009-12-31": "86.74400", "2009-09-30": "86.79400", "2009-06-30": "86.84300", "2009-03-31": "86.84200", "2008-12-31": "88.33600", "2008-09-30": "87.86400", "2008-06-30": "88.48500", "2008-03-31": "89.39300", "2007-12-31": "89.93300", "2007-09-30": "89.79500", "2007-06-30": "89.95700", "2007-03-31": "90.43700", "2006-12-31": "90.53000", "2006-09-30": "90.49500", "2006-06-30": "90.62100", "2006-03-31": "90.31200", "2005-12-31": "90.62100", "2005-09-30": "90.80400", "2005-06-30": "90.12800", "2005-03-31": "91.02200"}, "Basic EPS": {"2020-09-30": "-0.89000", "2020-06-30": "-0.05000", "2020-03-31": "-0.22000", "2019-12-31": "-2.41000", "2019-09-30": "-0.65000", "2019-06-30": "-0.33000", "2019-03-31": "-0.42000", "2018-12-31": "-3.67000", "2018-09-30": "0.20000", "2018-06-30": "0.31000", "2018-03-31": "0.25000", "2017-12-31": "0.96000", "2017-09-30": "0.42000", "2017-06-30": "-1.74000", "2017-03-31": "0.63000", "2016-12-31": "0.15000", "2016-09-30": "0.72000", "2016-06-30": "0.44000", "2016-03-31": "0.79000", "2015-12-31": "0.83000", "2015-09-30": "0.82000", "2015-06-30": "1.03000", "2015-03-31": "0.34000", "2014-12-31": "0.96000", "2014-09-30": "0.98000", "2014-06-30": "0.97000", "2014-03-31": "0.93000", "2013-12-31": "0.90000", "2013-09-30": "0.94000", "2013-06-30": "0.91000", "2013-03-31": "0.87000", "2012-12-31": "0.83000", "2012-09-30": "0.76000", "2012-06-30": "0.79000", "2012-03-31": "0.76000", "2011-12-31": "0.76000", "2011-09-30": "0.69000", "2011-06-30": "0.65000", "2011-03-31": "0.65000", "2010-12-31": "0.58000", "2010-09-30": "0.66000", "2010-06-30": "0.63000", "2010-03-31": "0.57000", "2009-12-31": "0.52000", "2009-09-30": "0.55000", "2009-06-30": "0.52000", "2009-03-31": "0.48000", "2008-12-31": "0.46000", "2008-09-30": "0.46000", "2008-06-30": "0.45000", "2008-03-31": "0.36000", "2007-12-31": "0.27000", "2007-09-30": "0.38000", "2007-06-30": "0.37000", "2007-03-31": "0.33000", "2006-12-31": "0.33500", "2006-09-30": "0.31000", "2006-06-30": "0.28000", "2006-03-31": "0.26500", "2005-12-31": "-0.01000", "2005-09-30": "0.26500", "2005-06-30": "0.26000", "2005-03-31": "0.24500"}, "EPS - Earnings Per Share": {"2020-09-30": "-0.89000", "2020-06-30": "-0.05000", "2020-03-31": "-0.22000", "2019-12-31": "-2.41000", "2019-09-30": "-0.65000", "2019-06-30": "-0.33000", "2019-03-31": "-0.42000", "2018-12-31": "-3.67000", "2018-09-30": "0.20000", "2018-06-30": "0.31000", "2018-03-31": "0.25000", "2017-12-31": "0.98000", "2017-09-30": "0.41000", "2017-06-30": "-1.74000", "2017-03-31": "0.62000", "2016-12-31": "0.15000", "2016-09-30": "0.72000", "2016-06-30": "0.43000", "2016-03-31": "0.78000", "2015-12-31": "0.81000", "2015-09-30": "0.81000", "2015-06-30": "1.02000", "2015-03-31": "0.34000", "2014-12-31": "0.97000", "2014-09-30": "0.96000", "2014-06-30": "0.95000", "2014-03-31": "0.91000", "2013-12-31": "0.90000", "2013-09-30": "0.92000", "2013-06-30": "0.89000", "2013-03-31": "0.85000", "2012-12-31": "0.80000", "2012-09-30": "0.75000", "2012-06-30": "0.78000", "2012-03-31": "0.75000", "2011-12-31": "0.74000", "2011-09-30": "0.68000", "2011-06-30": "0.63000", "2011-03-31": "0.64000", "2010-12-31": "0.57000", "2010-09-30": "0.65000", "2010-06-30": "0.61000", "2010-03-31": "0.56000", "2009-12-31": "0.51000", "2009-09-30": "0.54000", "2009-06-30": "0.51000", "2009-03-31": "0.47000", "2008-12-31": "0.44000", "2008-09-30": "0.45000", "2008-06-30": "0.44000", "2008-03-31": "0.35000", "2007-12-31": "0.27000", "2007-09-30": "0.37000", "2007-06-30": "0.36000", "2007-03-31": "0.32000", "2006-12-31": "0.32000", "2006-09-30": "0.30000", "2006-06-30": "0.28000", "2006-03-31": "0.26000", "2005-12-31": "-0.01500", "2005-09-30": "0.26000", "2005-06-30": "0.25500", "2005-03-31": "0.24000"}}, "balance sheet": {"Cash On Hand": {"2019-12-31": "34.70000", "2018-12-31": "34.30000", "2017-12-31": "42.20000", "2016-12-31": "44.20000", "2015-12-31": "55.70300", "2014-12-31": "22.61600", "2013-12-31": "67.58000", "2012-12-31": "31.82700", "2011-12-31": "22.92700", "2010-12-31": "95.52400", "2009-12-31": "16.89800", "2008-12-31": "10.50300", "2007-12-31": "18.36400", "2006-12-31": "16.04000", "2005-12-31": "8.54500"}, "Receivables": {"2019-12-31": "544.30000", "2018-12-31": "599.60000", "2017-12-31": "624.10000", "2016-12-31": "634.90000", "2015-12-31": "614.49400", "2014-12-31": "465.47300", "2013-12-31": "388.99600", "2012-12-31": "322.24600", "2011-12-31": "290.85400", "2010-12-31": "214.89900", "2009-12-31": "179.77000", "2008-12-31": "168.59800", "2007-12-31": "157.43500", "2006-12-31": "130.35400", "2005-12-31": "103.70300"}, "Inventory": {"2019-12-31": "", "2018-12-31": "", "2017-12-31": "", "2016-12-31": "", "2015-12-31": "", "2014-12-31": "", "2013-12-31": "", "2012-12-31": "", "2011-12-31": "", "2010-12-31": "", "2009-12-31": "", "2008-12-31": "", "2007-12-31": "", "2006-12-31": "", "2005-12-31": "5.26300"}, "Pre-Paid Expenses": {"2019-12-31": "60.70000", "2018-12-31": "50.00000", "2017-12-31": "76.50000", "2016-12-31": "46.20000", "2015-12-31": "46.74000", "2014-12-31": "30.63200", "2013-12-31": "28.37900", "2012-12-31": "27.04200", "2011-12-31": "22.46600", "2010-12-31": "16.03800", "2009-12-31": "12.42100", "2008-12-31": "11.27300", "2007-12-31": "20.96700", "2006-12-31": "", "2005-12-31": "6.52300"}, "Other Current Assets": {"2019-12-31": "66.90000", "2018-12-31": "63.40000", "2017-12-31": "70.60000", "2016-12-31": "48.30000", "2015-12-31": "44.89100", "2014-12-31": "33.17300", "2013-12-31": "37.27900", "2012-12-31": "37.17600", "2011-12-31": "35.03500", "2010-12-31": "25.40300", "2009-12-31": "23.36400", "2008-12-31": "17.23500", "2007-12-31": "", "2006-12-31": "56.13600", "2005-12-31": "3.39200"}, "Total Current Assets": {"2019-12-31": "706.60000", "2018-12-31": "747.30000", "2017-12-31": "813.40000", "2016-12-31": "773.60000", "2015-12-31": "761.82800", "2014-12-31": "551.89400", "2013-12-31": "540.26500", "2012-12-31": "441.28600", "2011-12-31": "390.59600", "2010-12-31": "368.68800", "2009-12-31": "246.54000", "2008-12-31": "224.43000", "2007-12-31": "210.27600", "2006-12-31": "218.60200", "2005-12-31": "144.04200"}, "Property, Plant, And Equipment": {"2019-12-31": "798.50000", "2018-12-31": "743.50000", "2017-12-31": "741.00000", "2016-12-31": "723.90000", "2015-12-31": "665.60200", "2014-12-31": "460.40800", "2013-12-31": "358.96700", "2012-12-31": "335.87000", "2011-12-31": "293.91200", "2010-12-31": "267.97100", "2009-12-31": "246.15400", "2008-12-31": "207.14400", "2007-12-31": "193.03900", "2006-12-31": "156.95300", "2005-12-31": "136.22000"}, "Long-Term Investments": {"2019-12-31": "", "2018-12-31": "", "2017-12-31": "", "2016-12-31": "", "2015-12-31": "", "2014-12-31": "", "2013-12-31": "", "2012-12-31": "", "2011-12-31": "", "2010-12-31": "", "2009-12-31": "", "2008-12-31": "", "2007-12-31": "", "2006-12-31": "", "2005-12-31": ""}, "Goodwill And Intangible Assets": {"2019-12-31": "4404.60000", "2018-12-31": "4859.90000", "2017-12-31": "5395.50000", "2016-12-31": "5453.00000", "2015-12-31": "5600.73800", "2014-12-31": "3328.47700", "2013-12-31": "2951.61700", "2012-12-31": "2732.57400", "2011-12-31": "2460.32100", "2010-12-31": "1970.93800", "2009-12-31": "1663.54500", "2008-12-31": "1306.40200", "2007-12-31": "1186.02200", "2006-12-31": "929.85210", "2005-12-31": "746.81000"}, "Other Long-Term Assets": {"2019-12-31": "92.30000", "2018-12-31": "104.80000", "2017-12-31": "38.40000", "2016-12-31": "29.60000", "2015-12-31": "36.99500", "2014-12-31": "32.52300", "2013-12-31": "37.12400", "2012-12-31": "37.00800", "2011-12-31": "32.26100", "2010-12-31": "31.42600", "2009-12-31": "26.56400", "2008-12-31": "21.32200", "2007-12-31": "18.82200", "2006-12-31": "22.49900", "2005-12-31": "9.91600"}, "Total Long-Term Assets": {"2019-12-31": "5730.40000", "2018-12-31": "5708.20000", "2017-12-31": "6174.90000", "2016-12-31": "6206.50000", "2015-12-31": "6303.33500", "2014-12-31": "3821.40800", "2013-12-31": "3347.70800", "2012-12-31": "3105.45200", "2011-12-31": "2786.49400", "2010-12-31": "2270.33500", "2009-12-31": "1936.26300", "2008-12-31": "1534.86800", "2007-12-31": "1397.88300", "2006-12-31": "1109.30400", "2005-12-31": "903.61800"}, "Total Assets": {"2019-12-31": "6437.00000", "2018-12-31": "6455.50000", "2017-12-31": "6988.30000", "2016-12-31": "6980.10000", "2015-12-31": "7065.16300", "2014-12-31": "4373.30200", "2013-12-31": "3887.97300", "2012-12-31": "3546.73800", "2011-12-31": "3177.09000", "2010-12-31": "2639.02300", "2009-12-31": "2182.80300", "2008-12-31": "1759.29800", "2007-12-31": "1608.15900", "2006-12-31": "1327.90600", "2005-12-31": "1047.66000"}, "Total Current Liabilities": {"2019-12-31": "756.90000", "2018-12-31": "733.20000", "2017-12-31": "969.40000", "2016-12-31": "542.90000", "2015-12-31": "587.34900", "2014-12-31": "460.90700", "2013-12-31": "416.18400", "2012-12-31": "331.06000", "2011-12-31": "326.91400", "2010-12-31": "308.48900", "2009-12-31": "232.81400", "2008-12-31": "179.64200", "2007-12-31": "149.71800", "2006-12-31": "142.03100", "2005-12-31": "98.76000"}, "Long Term Debt": {"2019-12-31": "2559.30000", "2018-12-31": "2663.90000", "2017-12-31": "2615.30000", "2016-12-31": "2877.30000", "2015-12-31": "3040.35200", "2014-12-31": "1527.24600", "2013-12-31": "1280.66300", "2012-12-31": "1268.30300", "2011-12-31": "1284.11300", "2010-12-31": "1014.22200", "2009-12-31": "910.82500", "2008-12-31": "753.84600", "2007-12-31": "613.78100", "2006-12-31": "443.11500", "2005-12-31": "348.84100"}, "Other Non-Current Liabilities": {"2019-12-31": "134.90000", "2018-12-31": "154.00000", "2017-12-31": "123.90000", "2016-12-31": "98.10000", "2015-12-31": "81.35200", "2014-12-31": "64.11700", "2013-12-31": "27.46900", "2012-12-31": "30.27200", "2011-12-31": "25.07900", "2010-12-31": "13.31500", "2009-12-31": "10.24700", "2008-12-31": "7.88500", "2007-12-31": "5.54400", "2006-12-31": "12.15800", "2005-12-31": "6.87600"}, "Total Long Term Liabilities": {"2019-12-31": "3345.40000", "2018-12-31": "3125.20000", "2017-12-31": "3110.30000", "2016-12-31": "3620.80000", "2015-12-31": "3729.97600", "2014-12-31": "1995.21000", "2013-12-31": "1704.25100", "2012-12-31": "1658.35500", "2011-12-31": "1622.92500", "2010-12-31": "1250.18400", "2009-12-31": "1092.81600", "2008-12-31": "909.01800", "2007-12-31": "744.36600", "2006-12-31": "560.79400", "2005-12-31": "427.26600"}, "Total Liabilities": {"2019-12-31": "4102.30000", "2018-12-31": "3858.40000", "2017-12-31": "4079.70000", "2016-12-31": "4163.70000", "2015-12-31": "4317.32500", "2014-12-31": "2456.11700", "2013-12-31": "2120.43500", "2012-12-31": "1989.41500", "2011-12-31": "1949.83900", "2010-12-31": "1558.67300", "2009-12-31": "1325.63000", "2008-12-31": "1088.66000", "2007-12-31": "894.08400", "2006-12-31": "702.82500", "2005-12-31": "526.02600"}, "Common Stock Net": {"2019-12-31": "0.90000", "2018-12-31": "0.90000", "2017-12-31": "0.90000", "2016-12-31": "0.80000", "2015-12-31": "0.84900", "2014-12-31": "0.84900", "2013-12-31": "0.85500", "2012-12-31": "0.86000", "2011-12-31": "0.84700", "2010-12-31": "0.85200", "2009-12-31": "0.84700", "2008-12-31": "0.85200", "2007-12-31": "0.87400", "2006-12-31": "0.88600", "2005-12-31": "0.44200"}, "Retained Earnings (Accumulated Deficit)": {"2019-12-31": "1442.40000", "2018-12-31": "1789.20000", "2017-12-31": "2029.50000", "2016-12-31": "2006.10000", "2015-12-31": "1868.64500", "2014-12-31": "1743.37100", "2013-12-31": "1610.96400", "2012-12-31": "1463.27700", "2011-12-31": "1243.30300", "2010-12-31": "1017.49700", "2009-12-31": "809.61800", "2008-12-31": "633.92700", "2007-12-31": "485.21900", "2006-12-31": "366.84100", "2005-12-31": "261.57100"}, "Comprehensive Income": {"2019-12-31": "-318.10000", "2018-12-31": "-365.30000", "2017-12-31": "-287.00000", "2016-12-31": "-367.60000", "2015-12-31": "-282.63100", "2014-12-31": "-138.41900", "2013-12-31": "-56.46800", "2012-12-31": "-39.06400", "2011-12-31": "-45.98400", "2010-12-31": "-16.86900", "2009-12-31": "-12.29200", "2008-12-31": "-32.07500", "2007-12-31": "30.52000", "2006-12-31": "5.22900", "2005-12-31": "0.54600"}, "Other Share Holders Equity": {"2019-12-31": "", "2018-12-31": "", "2017-12-31": "", "2016-12-31": "", "2015-12-31": "", "2014-12-31": "", "2013-12-31": "", "2012-12-31": "", "2011-12-31": "", "2010-12-31": "", "2009-12-31": "", "2008-12-31": "", "2007-12-31": "", "2006-12-31": "", "2005-12-31": ""}, "Share Holder Equity": {"2019-12-31": "2334.70000", "2018-12-31": "2597.10000", "2017-12-31": "2908.60000", "2016-12-31": "2816.40000", "2015-12-31": "2747.83800", "2014-12-31": "1917.18500", "2013-12-31": "1767.53800", "2012-12-31": "1557.32300", "2011-12-31": "1227.25100", "2010-12-31": "1080.35000", "2009-12-31": "857.17300", "2008-12-31": "670.63800", "2007-12-31": "714.07500", "2006-12-31": "625.08100", "2005-12-31": "521.63400"}, "Total Liabilities And Share Holders Equity": {"2019-12-31": "6437.00000", "2018-12-31": "6455.50000", "2017-12-31": "6988.30000", "2016-12-31": "6980.10000", "2015-12-31": "7065.16300", "2014-12-31": "4373.30200", "2013-12-31": "3887.97300", "2012-12-31": "3546.73800", "2011-12-31": "3177.09000", "2010-12-31": "2639.02300", "2009-12-31": "2182.80300", "2008-12-31": "1759.29800", "2007-12-31": "1608.15900", "2006-12-31": "1327.90600", "2005-12-31": "1047.66000"}}, "balance sheet, quarterly": {"Cash On Hand": {"2020-09-30": "59.40000", "2020-06-30": "42.00000", "2020-03-31": "36.00000", "2019-12-31": "34.70000", "2019-09-30": "30.80000", "2019-06-30": "34.50000", "2019-03-31": "48.20000", "2018-12-31": "34.30000", "2018-09-30": "52.00000", "2018-06-30": "45.00000", "2018-03-31": "49.40000", "2017-12-31": "42.20000", "2017-09-30": "52.17100", "2017-06-30": "44.19100", "2017-03-31": "47.02300", "2016-12-31": "44.20000", "2016-09-30": "40.35400", "2016-06-30": "44.38400", "2016-03-31": "45.71900", "2015-12-31": "55.70300", "2015-09-30": "669.17100", "2015-06-30": "33.05900", "2015-03-31": "38.39900", "2014-12-31": "22.61600", "2014-09-30": "42.46400", "2014-06-30": "25.81400", "2014-03-31": "43.41100", "2013-12-31": "67.58000", "2013-09-30": "64.02700", "2013-06-30": "18.46100", "2013-03-31": "13.20100", "2012-12-31": "31.82700", "2012-09-30": "16.67100", "2012-06-30": "54.63100", "2012-03-31": "30.68200", "2011-12-31": "22.92700", "2011-09-30": "23.81100", "2011-06-30": "57.26200", "2011-03-31": "44.42400", "2010-12-31": "95.52400", "2010-09-30": "39.25900", "2010-06-30": "10.48500", "2010-03-31": "24.67200", "2009-12-31": "16.89800", "2009-09-30": "15.80500", "2009-06-30": "3.65900", "2009-03-31": "12.13200", "2008-12-31": "10.50300", "2008-09-30": "8.24800", "2008-06-30": "13.52300", "2008-03-31": "11.37800", "2007-12-31": "18.36400", "2007-09-30": "8.51500", "2007-06-30": "2.30700", "2007-03-31": "19.95300", "2006-12-31": "16.04000", "2006-09-30": "7.80100", "2006-06-30": "7.29200", "2006-03-31": "10.75600", "2005-12-31": "8.54500", "2005-09-30": "4.08500", "2005-06-30": "11.16700", "2005-03-31": "13.31100"}, "Receivables": {"2020-09-30": "384.90000", "2020-06-30": "376.10000", "2020-03-31": "418.00000", "2019-12-31": "544.30000", "2019-09-30": "562.80000", "2019-06-30": "613.70000", "2019-03-31": "600.90000", "2018-12-31": "599.60000", "2018-09-30": "607.40000", "2018-06-30": "629.60000", "2018-03-31": "633.50000", "2017-12-31": "624.10000", "2017-09-30": "627.90400", "2017-06-30": "639.61100", "2017-03-31": "615.34800", "2016-12-31": "634.90000", "2016-09-30": "637.92100", "2016-06-30": "627.13500", "2016-03-31": "622.70900", "2015-12-31": "614.49400", "2015-09-30": "524.50300", "2015-06-30": "524.13400", "2015-03-31": "467.09400", "2014-12-31": "465.47300", "2014-09-30": "456.46100", "2014-06-30": "451.99500", "2014-03-31": "383.30400", "2013-12-31": "388.99600", "2013-09-30": "370.07700", "2013-06-30": "361.89400", "2013-03-31": "342.43400", "2012-12-31": "322.24600", "2012-09-30": "314.57700", "2012-06-30": "294.89000", "2012-03-31": "315.14400", "2011-12-31": "290.85400", "2011-09-30": "283.71000", "2011-06-30": "252.46200", "2011-03-31": "231.17100", "2010-12-31": "214.89900", "2010-09-30": "216.50800", "2010-06-30": "194.30600", "2010-03-31": "192.29600", "2009-12-31": "179.77000", "2009-09-30": "167.94600", "2009-06-30": "163.26300", "2009-03-31": "158.69600", "2008-12-31": "168.59800", "2008-09-30": "174.87100", "2008-06-30": "173.26700", "2008-03-31": "164.04600", "2007-12-31": "157.43500", "2007-09-30": "154.76300", "2007-06-30": "154.29300", "2007-03-31": "125.42800", "2006-12-31": "130.35400", "2006-09-30": "136.41400", "2006-06-30": "130.03500", "2006-03-31": "119.43500", "2005-12-31": "103.70300", "2005-09-30": "89.98300", "2005-06-30": "86.20900", "2005-03-31": "73.48300"}, "Inventory": {"2020-09-30": "", "2020-06-30": "", "2020-03-31": "", "2019-12-31": "", "2019-09-30": "", "2019-06-30": "", "2019-03-31": "", "2018-12-31": "", "2018-09-30": "", "2018-06-30": "", "2018-03-31": "", "2017-12-31": "", "2017-09-30": "", "2017-06-30": "", "2017-03-31": "", "2016-12-31": "", "2016-09-30": "", "2016-06-30": "", "2016-03-31": "", "2015-12-31": "", "2015-09-30": "", "2015-06-30": "", "2015-03-31": "", "2014-12-31": "", "2014-09-30": "", "2014-06-30": "", "2014-03-31": "", "2013-12-31": "", "2013-09-30": "", "2013-06-30": "", "2013-03-31": "", "2012-12-31": "", "2012-09-30": "", "2012-06-30": "", "2012-03-31": "", "2011-12-31": "", "2011-09-30": "", "2011-06-30": "", "2011-03-31": "", "2010-12-31": "", "2010-09-30": "", "2010-06-30": "", "2010-03-31": "", "2009-12-31": "", "2009-09-30": "", "2009-06-30": "", "2009-03-31": "", "2008-12-31": "", "2008-09-30": "", "2008-06-30": "", "2008-03-31": "", "2007-12-31": "", "2007-09-30": "", "2007-06-30": "", "2007-03-31": "", "2006-12-31": "", "2006-09-30": "7.25500", "2006-06-30": "6.98500", "2006-03-31": "6.27300", "2005-12-31": "5.26300", "2005-09-30": "4.52500", "2005-06-30": "4.71000", "2005-03-31": "4.39500"}, "Pre-Paid Expenses": {"2020-09-30": "68.70000", "2020-06-30": "120.00000", "2020-03-31": "151.50000", "2019-12-31": "60.70000", "2019-09-30": "72.60000", "2019-06-30": "97.80000", "2019-03-31": "87.00000", "2018-12-31": "50.00000", "2018-09-30": "94.50000", "2018-06-30": "74.80000", "2018-03-31": "61.80000", "2017-12-31": "76.50000", "2017-09-30": "53.78300", "2017-06-30": "66.90700", "2017-03-31": "51.92600", "2016-12-31": "46.20000", "2016-09-30": "52.13400", "2016-06-30": "58.56600", "2016-03-31": "46.19800", "2015-12-31": "46.74000", "2015-09-30": "34.19700", "2015-06-30": "33.20200", "2015-03-31": "29.84700", "2014-12-31": "30.63200", "2014-09-30": "37.92900", "2014-06-30": "33.28800", "2014-03-31": "25.80700", "2013-12-31": "28.37900", "2013-09-30": "30.90900", "2013-06-30": "27.69100", "2013-03-31": "27.03300", "2012-12-31": "27.04200", "2012-09-30": "26.09200", "2012-06-30": "23.34700", "2012-03-31": "23.15100", "2011-12-31": "22.46600", "2011-09-30": "22.16000", "2011-06-30": "19.85300", "2011-03-31": "21.44800", "2010-12-31": "16.03800", "2010-09-30": "13.49000", "2010-06-30": "13.83600", "2010-03-31": "19.29600", "2009-12-31": "12.42100", "2009-09-30": "", "2009-06-30": "30.66000", "2009-03-31": "28.98100", "2008-12-31": "11.27300", "2008-09-30": "", "2008-06-30": "", "2008-03-31": "", "2007-12-31": "20.96700", "2007-09-30": "", "2007-06-30": "", "2007-03-31": "", "2006-12-31": "", "2006-09-30": "9.40400", "2006-06-30": "7.35000", "2006-03-31": "8.22500", "2005-12-31": "6.52300", "2005-09-30": "9.17100", "2005-06-30": "11.57800", "2005-03-31": "7.27800"}, "Other Current Assets": {"2020-09-30": "52.70000", "2020-06-30": "54.50000", "2020-03-31": "597.70000", "2019-12-31": "66.90000", "2019-09-30": "84.30000", "2019-06-30": "73.10000", "2019-03-31": "65.50000", "2018-12-31": "63.40000", "2018-09-30": "49.20000", "2018-06-30": "63.90000", "2018-03-31": "65.90000", "2017-12-31": "70.60000", "2017-09-30": "60.84800", "2017-06-30": "45.40500", "2017-03-31": "45.62700", "2016-12-31": "48.30000", "2016-09-30": "43.52900", "2016-06-30": "40.27700", "2016-03-31": "42.73200", "2015-12-31": "44.89100", "2015-09-30": "40.50000", "2015-06-30": "41.47100", "2015-03-31": "33.39200", "2014-12-31": "33.17300", "2014-09-30": "37.63800", "2014-06-30": "40.05100", "2014-03-31": "35.96300", "2013-12-31": "37.27900", "2013-09-30": "40.77800", "2013-06-30": "39.72100", "2013-03-31": "37.48600", "2012-12-31": "37.17600", "2012-09-30": "40.33300", "2012-06-30": "40.25500", "2012-03-31": "39.04600", "2011-12-31": "35.03500", "2011-09-30": "39.46500", "2011-06-30": "26.71800", "2011-03-31": "25.21200", "2010-12-31": "25.40300", "2010-09-30": "28.94900", "2010-06-30": "25.97500", "2010-03-31": "25.80400", "2009-12-31": "23.36400", "2009-09-30": "29.10100", "2009-06-30": "", "2009-03-31": "", "2008-12-31": "17.23500", "2008-09-30": "23.02800", "2008-06-30": "22.10600", "2008-03-31": "21.43600", "2007-12-31": "", "2007-09-30": "26.51400", "2007-06-30": "23.84300", "2007-03-31": "22.97500", "2006-12-31": "56.13600", "2006-09-30": "3.85700", "2006-06-30": "4.43100", "2006-03-31": "12.30800", "2005-12-31": "3.39200", "2005-09-30": "12.94600", "2005-06-30": "9.85800", "2005-03-31": "7.48700"}, "Total Current Assets": {"2020-09-30": "565.70000", "2020-06-30": "592.60000", "2020-03-31": "1203.20000", "2019-12-31": "706.60000", "2019-09-30": "750.50000", "2019-06-30": "819.10000", "2019-03-31": "801.60000", "2018-12-31": "747.30000", "2018-09-30": "803.10000", "2018-06-30": "813.30000", "2018-03-31": "810.60000", "2017-12-31": "813.40000", "2017-09-30": "794.70600", "2017-06-30": "796.11400", "2017-03-31": "759.92400", "2016-12-31": "773.60000", "2016-09-30": "773.93800", "2016-06-30": "770.36200", "2016-03-31": "757.35800", "2015-12-31": "761.82800", "2015-09-30": "1319.46500", "2015-06-30": "660.19300", "2015-03-31": "596.06300", "2014-12-31": "551.89400", "2014-09-30": "592.67700", "2014-06-30": "566.87500", "2014-03-31": "502.88600", "2013-12-31": "540.26500", "2013-09-30": "527.97200", "2013-06-30": "467.76500", "2013-03-31": "437.95500", "2012-12-31": "441.28600", "2012-09-30": "417.38500", "2012-06-30": "436.12800", "2012-03-31": "427.07800", "2011-12-31": "390.59600", "2011-09-30": "384.84200", "2011-06-30": "371.64700", "2011-03-31": "337.66300", "2010-12-31": "368.68800", "2010-09-30": "313.14100", "2010-06-30": "261.06000", "2010-03-31": "271.81400", "2009-12-31": "246.54000", "2009-09-30": "223.33400", "2009-06-30": "208.70300", "2009-03-31": "211.24500", "2008-12-31": "224.43000", "2008-09-30": "223.84100", "2008-06-30": "220.66100", "2008-03-31": "209.73300", "2007-12-31": "210.27600", "2007-09-30": "204.22300", "2007-06-30": "195.11700", "2007-03-31": "181.93500", "2006-12-31": "218.60200", "2006-09-30": "183.57200", "2006-06-30": "174.10300", "2006-03-31": "171.37000", "2005-12-31": "144.04200", "2005-09-30": "135.29500", "2005-06-30": "139.02100", "2005-03-31": "120.57600"}, "Property, Plant, And Equipment": {"2020-09-30": "696.40000", "2020-06-30": "705.60000", "2020-03-31": "727.60000", "2019-12-31": "798.50000", "2019-09-30": "785.70000", "2019-06-30": "786.20000", "2019-03-31": "760.00000", "2018-12-31": "743.50000", "2018-09-30": "755.10000", "2018-06-30": "744.40000", "2018-03-31": "748.90000", "2017-12-31": "741.00000", "2017-09-30": "729.57100", "2017-06-30": "733.77000", "2017-03-31": "725.42000", "2016-12-31": "723.90000", "2016-09-30": "727.77400", "2016-06-30": "707.06000", "2016-03-31": "677.52500", "2015-12-31": "665.60200", "2015-09-30": "464.89800", "2015-06-30": "468.96000", "2015-03-31": "446.83100", "2014-12-31": "460.40800", "2014-09-30": "498.57700", "2014-06-30": "480.41900", "2014-03-31": "359.32900", "2013-12-31": "358.96700", "2013-09-30": "352.36800", "2013-06-30": "345.74300", "2013-03-31": "336.68700", "2012-12-31": "335.87000", "2012-09-30": "328.22200", "2012-06-30": "309.44300", "2012-03-31": "301.27400", "2011-12-31": "293.91200", "2011-09-30": "290.72100", "2011-06-30": "276.77000", "2011-03-31": "272.59300", "2010-12-31": "267.97100", "2010-09-30": "262.65000", "2010-06-30": "252.39100", "2010-03-31": "253.83000", "2009-12-31": "246.15400", "2009-09-30": "227.32700", "2009-06-30": "216.97100", "2009-03-31": "207.98500", "2008-12-31": "207.14400", "2008-09-30": "208.80700", "2008-06-30": "202.77300", "2008-03-31": "193.56000", "2007-12-31": "193.03900", "2007-09-30": "185.32700", "2007-06-30": "177.18200", "2007-03-31": "166.78300", "2006-12-31": "156.95300", "2006-09-30": "154.28700", "2006-06-30": "150.73000", "2006-03-31": "147.24400", "2005-12-31": "136.22000", "2005-09-30": "126.35000", "2005-06-30": "124.81200", "2005-03-31": "136.39200"}, "Long-Term Investments": {"2020-09-30": "", "2020-06-30": "", "2020-03-31": "", "2019-12-31": "", "2019-09-30": "", "2019-06-30": "", "2019-03-31": "", "2018-12-31": "", "2018-09-30": "", "2018-06-30": "", "2018-03-31": "", "2017-12-31": "", "2017-09-30": "", "2017-06-30": "", "2017-03-31": "", "2016-12-31": "", "2016-09-30": "", "2016-06-30": "", "2016-03-31": "", "2015-12-31": "", "2015-09-30": "", "2015-06-30": "", "2015-03-31": "", "2014-12-31": "", "2014-09-30": "", "2014-06-30": "", "2014-03-31": "", "2013-12-31": "", "2013-09-30": "", "2013-06-30": "", "2013-03-31": "", "2012-12-31": "", "2012-09-30": "", "2012-06-30": "", "2012-03-31": "", "2011-12-31": "", "2011-09-30": "", "2011-06-30": "", "2011-03-31": "", "2010-12-31": "", "2010-09-30": "", "2010-06-30": "", "2010-03-31": "", "2009-12-31": "", "2009-09-30": "", "2009-06-30": "", "2009-03-31": "", "2008-12-31": "", "2008-09-30": "", "2008-06-30": "", "2008-03-31": "", "2007-12-31": "", "2007-09-30": "", "2007-06-30": "", "2007-03-31": "", "2006-12-31": "", "2006-09-30": "", "2006-06-30": "", "2006-03-31": "", "2005-12-31": "", "2005-09-30": "", "2005-06-30": "", "2005-03-31": ""}, "Goodwill And Intangible Assets": {"2020-09-30": "3924.20000", "2020-06-30": "3946.40000", "2020-03-31": "3970.80000", "2019-12-31": "4404.60000", "2019-09-30": "4645.20000", "2019-06-30": "4757.90000", "2019-03-31": "4797.20000", "2018-12-31": "4859.90000", "2018-09-30": "5284.40000", "2018-06-30": "5297.10000", "2018-03-31": "5396.40000", "2017-12-31": "5395.50000", "2017-09-30": "5456.65200", "2017-06-30": "5476.61600", "2017-03-31": "5480.00200", "2016-12-31": "5453.00000", "2016-09-30": "5524.00800", "2016-06-30": "5636.51700", "2016-03-31": "5630.86000", "2015-12-31": "5600.73800", "2015-09-30": "3356.95700", "2015-06-30": "3362.26800", "2015-03-31": "3308.64400", "2014-12-31": "3328.47700", "2014-09-30": "3326.13800", "2014-06-30": "3347.88600", "2014-03-31": "2965.57500", "2013-12-31": "2951.61700", "2013-09-30": "2928.65600", "2013-06-30": "2767.68100", "2013-03-31": "2730.52700", "2012-12-31": "2732.57400", "2012-09-30": "2629.11600", "2012-06-30": "2558.97700", "2012-03-31": "2506.70700", "2011-12-31": "2460.32100", "2011-09-30": "2449.21600", "2011-06-30": "2285.97600", "2011-03-31": "2005.31600", "2010-12-31": "1970.93800", "2010-09-30": "1825.53100", "2010-06-30": "1761.61300", "2010-03-31": "1733.13100", "2009-12-31": "1663.54500", "2009-09-30": "1449.74300", "2009-06-30": "1392.94100", "2009-03-31": "1308.04600", "2008-12-31": "1306.40200", "2008-09-30": "1268.40600", "2008-06-30": "1249.19400", "2008-03-31": "1204.50600", "2007-12-31": "1186.02200", "2007-09-30": "1064.51200", "2007-06-30": "1021.53900", "2007-03-31": "953.26400", "2006-12-31": "929.85210", "2006-09-30": "909.99100", "2006-06-30": "890.30500", "2006-03-31": "872.67400", "2005-12-31": "746.81000", "2005-09-30": "660.68600", "2005-06-30": "634.78700", "2005-03-31": "566.33910"}, "Other Long-Term Assets": {"2020-09-30": "68.70000", "2020-06-30": "64.70000", "2020-03-31": "66.50000", "2019-12-31": "92.30000", "2019-09-30": "103.40000", "2019-06-30": "113.30000", "2019-03-31": "106.30000", "2018-12-31": "104.80000", "2018-09-30": "60.30000", "2018-06-30": "59.80000", "2018-03-31": "59.80000", "2017-12-31": "38.40000", "2017-09-30": "35.43300", "2017-06-30": "30.99700", "2017-03-31": "31.51000", "2016-12-31": "29.60000", "2016-09-30": "31.54400", "2016-06-30": "32.42900", "2016-03-31": "46.80100", "2015-12-31": "36.99500", "2015-09-30": "35.13700", "2015-06-30": "35.52300", "2015-03-31": "31.97600", "2014-12-31": "32.52300", "2014-09-30": "28.24200", "2014-06-30": "42.10100", "2014-03-31": "37.78900", "2013-12-31": "37.12400", "2013-09-30": "36.13300", "2013-06-30": "37.23600", "2013-03-31": "37.04200", "2012-12-31": "37.00800", "2012-09-30": "36.87300", "2012-06-30": "37.10600", "2012-03-31": "40.17500", "2011-12-31": "32.26100", "2011-09-30": "30.72900", "2011-06-30": "31.20300", "2011-03-31": "28.06500", "2010-12-31": "31.42600", "2010-09-30": "32.96400", "2010-06-30": "25.92400", "2010-03-31": "28.23600", "2009-12-31": "26.56400", "2009-09-30": "29.06300", "2009-06-30": "23.06700", "2009-03-31": "21.93700", "2008-12-31": "21.32200", "2008-09-30": "20.57400", "2008-06-30": "19.27200", "2008-03-31": "18.53900", "2007-12-31": "18.82200", "2007-09-30": "7.33400", "2007-06-30": "6.01500", "2007-03-31": "9.21800", "2006-12-31": "22.49900", "2006-09-30": "9.58000", "2006-06-30": "8.46000", "2006-03-31": "9.55500", "2005-12-31": "9.91600", "2005-09-30": "2.96100", "2005-06-30": "2.40900", "2005-03-31": "6.05600"}, "Total Long-Term Assets": {"2020-09-30": "5067.50000", "2020-06-30": "5092.70000", "2020-03-31": "5150.00000", "2019-12-31": "5730.40000", "2019-09-30": "5925.80000", "2019-06-30": "6050.60100", "2019-03-31": "6049.10000", "2018-12-31": "5708.20000", "2018-09-30": "6099.80000", "2018-06-30": "6101.29900", "2018-03-31": "6205.10000", "2017-12-31": "6174.90000", "2017-09-30": "6221.65600", "2017-06-30": "6241.38300", "2017-03-31": "6236.93200", "2016-12-31": "6206.50000", "2016-09-30": "6283.32600", "2016-06-30": "6376.00600", "2016-03-31": "6355.18600", "2015-12-31": "6303.33500", "2015-09-30": "3856.99200", "2015-06-30": "3866.75100", "2015-03-31": "3787.45100", "2014-12-31": "3821.40800", "2014-09-30": "3852.95700", "2014-06-30": "3870.40600", "2014-03-31": "3362.69300", "2013-12-31": "3347.70800", "2013-09-30": "3317.15700", "2013-06-30": "3150.66000", "2013-03-31": "3104.25600", "2012-12-31": "3105.45200", "2012-09-30": "2994.21100", "2012-06-30": "2905.52600", "2012-03-31": "2848.15600", "2011-12-31": "2786.49400", "2011-09-30": "2770.66600", "2011-06-30": "2593.94900", "2011-03-31": "2305.97400", "2010-12-31": "2270.33500", "2010-09-30": "2121.14500", "2010-06-30": "2039.92800", "2010-03-31": "2015.19700", "2009-12-31": "1936.26300", "2009-09-30": "1706.13300", "2009-06-30": "1632.97900", "2009-03-31": "1537.96800", "2008-12-31": "1534.86800", "2008-09-30": "1497.78700", "2008-06-30": "1471.23900", "2008-03-31": "1416.60500", "2007-12-31": "1397.88300", "2007-09-30": "1270.07400", "2007-06-30": "1220.06300", "2007-03-31": "1143.37400", "2006-12-31": "1109.30400", "2006-09-30": "1086.45400", "2006-06-30": "1061.30200", "2006-03-31": "1041.04100", "2005-12-31": "903.61800", "2005-09-30": "799.51400", "2005-06-30": "771.52500", "2005-03-31": "718.30410"}, "Total Assets": {"2020-09-30": "5633.20000", "2020-06-30": "5685.30000", "2020-03-31": "6353.20000", "2019-12-31": "6437.00000", "2019-09-30": "6676.30000", "2019-06-30": "6869.70000", "2019-03-31": "6850.70000", "2018-12-31": "6455.50000", "2018-09-30": "6902.90000", "2018-06-30": "6914.60000", "2018-03-31": "7015.70000", "2017-12-31": "6988.30000", "2017-09-30": "7016.36200", "2017-06-30": "7037.49700", "2017-03-31": "6996.85600", "2016-12-31": "6980.10000", "2016-09-30": "7057.26400", "2016-06-30": "7146.36800", "2016-03-31": "7112.54400", "2015-12-31": "7065.16300", "2015-09-30": "5176.45700", "2015-06-30": "4526.94400", "2015-03-31": "4383.51400", "2014-12-31": "4373.30200", "2014-09-30": "4445.63400", "2014-06-30": "4437.28100", "2014-03-31": "3865.57900", "2013-12-31": "3887.97300", "2013-09-30": "3845.12900", "2013-06-30": "3618.42500", "2013-03-31": "3542.21100", "2012-12-31": "3546.73800", "2012-09-30": "3411.59600", "2012-06-30": "3341.65400", "2012-03-31": "3275.23400", "2011-12-31": "3177.09000", "2011-09-30": "3155.50800", "2011-06-30": "2965.59600", "2011-03-31": "2643.63700", "2010-12-31": "2639.02300", "2010-09-30": "2434.28600", "2010-06-30": "2300.98800", "2010-03-31": "2287.01100", "2009-12-31": "2182.80300", "2009-09-30": "1929.46700", "2009-06-30": "1841.68200", "2009-03-31": "1749.21300", "2008-12-31": "1759.29800", "2008-09-30": "1721.62800", "2008-06-30": "1691.90000", "2008-03-31": "1626.33800", "2007-12-31": "1608.15900", "2007-09-30": "1474.29700", "2007-06-30": "1415.18000", "2007-03-31": "1325.30900", "2006-12-31": "1327.90600", "2006-09-30": "1270.02600", "2006-06-30": "1235.40500", "2006-03-31": "1212.41100", "2005-12-31": "1047.66000", "2005-09-30": "934.80900", "2005-06-30": "910.54600", "2005-03-31": "838.88000"}, "Total Current Liabilities": {"2020-09-30": "686.90000", "2020-06-30": "660.30000", "2020-03-31": "818.50000", "2019-12-31": "756.90000", "2019-09-30": "795.70000", "2019-06-30": "784.20000", "2019-03-31": "786.00000", "2018-12-31": "733.20000", "2018-09-30": "749.30000", "2018-06-30": "1001.40000", "2018-03-31": "999.90000", "2017-12-31": "969.40000", "2017-09-30": "972.66700", "2017-06-30": "915.23300", "2017-03-31": "579.56100", "2016-12-31": "542.90000", "2016-09-30": "537.72700", "2016-06-30": "517.10400", "2016-03-31": "552.51300", "2015-12-31": "587.34900", "2015-09-30": "533.93400", "2015-06-30": "509.73500", "2015-03-31": "482.40000", "2014-12-31": "460.90700", "2014-09-30": "515.30500", "2014-06-30": "488.83900", "2014-03-31": "403.18100", "2013-12-31": "416.18400", "2013-09-30": "411.60400", "2013-06-30": "313.96000", "2013-03-31": "320.29800", "2012-12-31": "331.06000", "2012-09-30": "521.32300", "2012-06-30": "301.98200", "2012-03-31": "333.81700", "2011-12-31": "326.91400", "2011-09-30": "329.91300", "2011-06-30": "268.33500", "2011-03-31": "292.24500", "2010-12-31": "308.48900", "2010-09-30": "269.98900", "2010-06-30": "252.31800", "2010-03-31": "243.80300", "2009-12-31": "232.81400", "2009-09-30": "205.07900", "2009-06-30": "165.69100", "2009-03-31": "174.75500", "2008-12-31": "179.64200", "2008-09-30": "171.43900", "2008-06-30": "168.23200", "2008-03-31": "164.21500", "2007-12-31": "149.71800", "2007-09-30": "140.60800", "2007-06-30": "129.59100", "2007-03-31": "138.96800", "2006-12-31": "142.03100", "2006-09-30": "150.80300", "2006-06-30": "116.69000", "2006-03-31": "111.56400", "2005-12-31": "98.76000", "2005-09-30": "94.91000", "2005-06-30": "85.03400", "2005-03-31": "96.88900"}, "Long Term Debt": {"2020-09-30": "1878.70000", "2020-06-30": "1998.70000", "2020-03-31": "2518.80000", "2019-12-31": "2559.30000", "2019-09-30": "2617.00000", "2019-06-30": "2697.20000", "2019-03-31": "2702.40000", "2018-12-31": "2663.90000", "2018-09-30": "2720.80000", "2018-06-30": "2535.70000", "2018-03-31": "2586.20000", "2017-12-31": "2615.30000", "2017-09-30": "2633.73200", "2017-06-30": "2749.81800", "2017-03-31": "2767.03500", "2016-12-31": "2877.30000", "2016-09-30": "2921.77000", "2016-06-30": "3008.58800", "2016-03-31": "3038.08300", "2015-12-31": "3040.35200", "2015-09-30": "1409.68700", "2015-06-30": "1538.73600", "2015-03-31": "1462.17700", "2014-12-31": "1527.24600", "2014-09-30": "1512.33300", "2014-06-30": "1563.91300", "2014-03-31": "1246.07100", "2013-12-31": "1280.66300", "2013-09-30": "1295.59200", "2013-06-30": "1246.20300", "2013-03-31": "1193.11100", "2012-12-31": "1268.30300", "2012-09-30": "1010.51400", "2012-06-30": "1282.46200", "2012-03-31": "1250.76900", "2011-12-31": "1284.11300", "2011-09-30": "1304.62800", "2011-06-30": "1165.39500", "2011-03-31": "921.55400", "2010-12-31": "1014.22200", "2010-09-30": "880.45200", "2010-06-30": "859.42900", "2010-03-31": "929.03900", "2009-12-31": "910.82500", "2009-09-30": "768.04100", "2009-06-30": "741.64100", "2009-03-31": "723.99900", "2008-12-31": "753.84600", "2008-09-30": "701.67900", "2008-06-30": "706.85300", "2008-03-31": "649.88900", "2007-12-31": "613.78100", "2007-09-30": "545.14600", "2007-06-30": "508.74600", "2007-03-31": "448.54700", "2006-12-31": "443.11500", "2006-09-30": "422.52600", "2006-06-30": "456.82500", "2006-03-31": "473.93000", "2005-12-31": "348.84100", "2005-09-30": "235.28200", "2005-06-30": "245.84300", "2005-03-31": "187.60400"}, "Other Non-Current Liabilities": {"2020-09-30": "105.20000", "2020-06-30": "101.00000", "2020-03-31": "81.40000", "2019-12-31": "134.90000", "2019-09-30": "135.10000", "2019-06-30": "148.70000", "2019-03-31": "146.60000", "2018-12-31": "154.00000", "2018-09-30": "119.60000", "2018-06-30": "118.50000", "2018-03-31": "120.10000", "2017-12-31": "123.90000", "2017-09-30": "89.59500", "2017-06-30": "97.68100", "2017-03-31": "99.91400", "2016-12-31": "98.10000", "2016-09-30": "84.48300", "2016-06-30": "85.72400", "2016-03-31": "86.44800", "2015-12-31": "81.35200", "2015-09-30": "68.19100", "2015-06-30": "68.06000", "2015-03-31": "65.95900", "2014-12-31": "64.11700", "2014-09-30": "67.42600", "2014-06-30": "70.00600", "2014-03-31": "31.87100", "2013-12-31": "27.46900", "2013-09-30": "31.09000", "2013-06-30": "37.35200", "2013-03-31": "38.10600", "2012-12-31": "30.27200", "2012-09-30": "30.70500", "2012-06-30": "26.52300", "2012-03-31": "26.99700", "2011-12-31": "25.07900", "2011-09-30": "8.12700", "2011-06-30": "11.61600", "2011-03-31": "10.73500", "2010-12-31": "13.31500", "2010-09-30": "12.81100", "2010-06-30": "13.77700", "2010-03-31": "14.48200", "2009-12-31": "10.24700", "2009-09-30": "4.17900", "2009-06-30": "6.03300", "2009-03-31": "9.39100", "2008-12-31": "7.88500", "2008-09-30": "3.41700", "2008-06-30": "4.70600", "2008-03-31": "4.69900", "2007-12-31": "5.54400", "2007-09-30": "13.46800", "2007-06-30": "12.63700", "2007-03-31": "13.50300", "2006-12-31": "12.15800", "2006-09-30": "9.11600", "2006-06-30": "9.38700", "2006-03-31": "7.81600", "2005-12-31": "6.87600", "2005-09-30": "5.38200", "2005-06-30": "6.64400", "2005-03-31": "6.81200"}, "Total Long Term Liabilities": {"2020-09-30": "2607.80000", "2020-06-30": "2728.90000", "2020-03-31": "3254.50000", "2019-12-31": "3345.40000", "2019-09-30": "3403.30000", "2019-06-30": "3523.30000", "2019-03-31": "3494.20000", "2018-12-31": "3125.20000", "2018-09-30": "3221.00000", "2018-06-30": "3011.60000", "2018-03-31": "3063.70000", "2017-12-31": "3110.30000", "2017-09-30": "3224.97400", "2017-06-30": "3361.44800", "2017-03-31": "3524.81400", "2016-12-31": "3620.80000", "2016-09-30": "3660.74800", "2016-06-30": "3800.18500", "2016-03-31": "3741.54200", "2015-12-31": "3729.97600", "2015-09-30": "1908.08100", "2015-06-30": "2035.18800", "2015-03-31": "1951.10700", "2014-12-31": "1995.21000", "2014-09-30": "2050.14200", "2014-06-30": "2096.09900", "2014-03-31": "1676.85100", "2013-12-31": "1704.25100", "2013-09-30": "1710.79200", "2013-06-30": "1655.02200", "2013-03-31": "1596.44500", "2012-12-31": "1658.35500", "2012-09-30": "1397.41500", "2012-06-30": "1650.49600", "2012-03-31": "1613.67900", "2011-12-31": "1622.92500", "2011-09-30": "1613.87000", "2011-06-30": "1446.22900", "2011-03-31": "1173.38500", "2010-12-31": "1250.18400", "2010-09-30": "1107.31300", "2010-06-30": "1069.26700", "2010-03-31": "1131.31800", "2009-12-31": "1092.81600", "2009-09-30": "937.59300", "2009-06-30": "909.37200", "2009-03-31": "885.88400", "2008-12-31": "909.01800", "2008-09-30": "856.70000", "2008-06-30": "849.11600", "2008-03-31": "790.97890", "2007-12-31": "744.36600", "2007-09-30": "677.62300", "2007-06-30": "636.31500", "2007-03-31": "572.52100", "2006-12-31": "560.79400", "2006-09-30": "513.95000", "2006-06-30": "544.30710", "2006-03-31": "557.02900", "2005-12-31": "427.26600", "2005-09-30": "307.90400", "2005-06-30": "316.82600", "2005-03-31": "255.69700"}, "Total Liabilities": {"2020-09-30": "3294.70000", "2020-06-30": "3389.20000", "2020-03-31": "4073.00000", "2019-12-31": "4102.30000", "2019-09-30": "4199.00000", "2019-06-30": "4307.50000", "2019-03-31": "4280.20000", "2018-12-31": "3858.40000", "2018-09-30": "3970.30000", "2018-06-30": "4013.00000", "2018-03-31": "4063.60000", "2017-12-31": "4079.70000", "2017-09-30": "4197.64100", "2017-06-30": "4276.68100", "2017-03-31": "4104.37500", "2016-12-31": "4163.70000", "2016-09-30": "4198.47500", "2016-06-30": "4317.28900", "2016-03-31": "4294.05500", "2015-12-31": "4317.32500", "2015-09-30": "2442.01500", "2015-06-30": "2544.92300", "2015-03-31": "2433.50700", "2014-12-31": "2456.11700", "2014-09-30": "2565.44700", "2014-06-30": "2584.93800", "2014-03-31": "2080.03200", "2013-12-31": "2120.43500", "2013-09-30": "2122.39600", "2013-06-30": "1968.98200", "2013-03-31": "1916.74300", "2012-12-31": "1989.41500", "2012-09-30": "1918.73800", "2012-06-30": "1952.47800", "2012-03-31": "1947.49600", "2011-12-31": "1949.83900", "2011-09-30": "1943.78300", "2011-06-30": "1714.56400", "2011-03-31": "1465.63000", "2010-12-31": "1558.67300", "2010-09-30": "1377.30200", "2010-06-30": "1321.58500", "2010-03-31": "1375.12100", "2009-12-31": "1325.63000", "2009-09-30": "1142.67200", "2009-06-30": "1075.06300", "2009-03-31": "1060.63900", "2008-12-31": "1088.66000", "2008-09-30": "1028.13900", "2008-06-30": "1017.34800", "2008-03-31": "955.19400", "2007-12-31": "894.08400", "2007-09-30": "818.23100", "2007-06-30": "765.90600", "2007-03-31": "711.48900", "2006-12-31": "702.82500", "2006-09-30": "664.75300", "2006-06-30": "660.99700", "2006-03-31": "668.59300", "2005-12-31": "526.02600", "2005-09-30": "402.81400", "2005-06-30": "401.86000", "2005-03-31": "352.58600"}, "Common Stock Net": {"2020-09-30": "0.90000", "2020-06-30": "0.90000", "2020-03-31": "0.90000", "2019-12-31": "0.90000", "2019-09-30": "0.90000", "2019-06-30": "0.90000", "2019-03-31": "0.90000", "2018-12-31": "0.90000", "2018-09-30": "0.90000", "2018-06-30": "0.90000", "2018-03-31": "0.90000", "2017-12-31": "0.90000", "2017-09-30": "0.85400", "2017-06-30": "0.85300", "2017-03-31": "0.85300", "2016-12-31": "0.80000", "2016-09-30": "0.85100", "2016-06-30": "0.85000", "2016-03-31": "0.84800", "2015-12-31": "0.84900", "2015-09-30": "0.84900", "2015-06-30": "0.84800", "2015-03-31": "0.85200", "2014-12-31": "0.84900", "2014-09-30": "0.84800", "2014-06-30": "0.84800", "2014-03-31": "0.85000", "2013-12-31": "0.85500", "2013-09-30": "0.85700", "2013-06-30": "0.85900", "2013-03-31": "0.86200", "2012-12-31": "0.86000", "2012-09-30": "0.85900", "2012-06-30": "0.85500", "2012-03-31": "0.85000", "2011-12-31": "0.84700", "2011-09-30": "0.85200", "2011-06-30": "0.86000", "2011-03-31": "0.85700", "2010-12-31": "0.85200", "2010-09-30": "0.85500", "2010-06-30": "0.85400", "2010-03-31": "0.84700", "2009-12-31": "0.84700", "2009-09-30": "0.84300", "2009-06-30": "0.85000", "2009-03-31": "0.84900", "2008-12-31": "0.85200", "2008-09-30": "0.85600", "2008-06-30": "0.85500", "2008-03-31": "0.86100", "2007-12-31": "0.87400", "2007-09-30": "0.87000", "2007-06-30": "0.87600", "2007-03-31": "0.43800", "2006-12-31": "0.88600", "2006-09-30": "0.44400", "2006-06-30": "0.44200", "2006-03-31": "0.44300", "2005-12-31": "0.44200", "2005-09-30": "0.44400", "2005-06-30": "0.44300", "2005-03-31": "0.44200"}, "Retained Earnings (Accumulated Deficit)": {"2020-09-30": "1334.10000", "2020-06-30": "1415.30000", "2020-03-31": "1419.80000", "2019-12-31": "1442.40000", "2019-09-30": "1661.70000", "2019-06-30": "1720.90000", "2019-03-31": "1751.40000", "2018-12-31": "1789.20000", "2018-09-30": "2107.60000", "2018-06-30": "2090.10000", "2018-03-31": "2063.50000", "2017-12-31": "2029.50000", "2017-09-30": "1946.13300", "2017-06-30": "1910.68400", "2017-03-31": "2059.45200", "2016-12-31": "2006.10000", "2016-09-30": "1993.34300", "2016-06-30": "1931.80700", "2016-03-31": "1897.63600", "2015-12-31": "1868.64500", "2015-09-30": "1826.83500", "2015-06-30": "1788.12300", "2015-03-31": "1805.05900", "2014-12-31": "1743.37100", "2014-09-30": "1694.54900", "2014-06-30": "1634.87500", "2014-03-31": "1611.78000", "2013-12-31": "1610.96400", "2013-09-30": "1581.96400", "2013-06-30": "1549.76900", "2013-03-31": "1530.73500", "2012-12-31": "1463.27700", "2012-09-30": "1434.37300", "2012-06-30": "1372.80800", "2012-03-31": "1305.21500", "2011-12-31": "1243.30300", "2011-09-30": "1187.96000", "2011-06-30": "1128.71300", "2011-03-31": "1073.17100", "2010-12-31": "1017.49700", "2010-09-30": "967.51700", "2010-06-30": "910.83100", "2010-03-31": "857.73700", "2009-12-31": "809.61800", "2009-09-30": "765.01000", "2009-06-30": "718.48400", "2009-03-31": "674.58200", "2008-12-31": "633.92700", "2008-09-30": "594.79500", "2008-06-30": "555.56800", "2008-03-31": "516.88300", "2007-12-31": "485.21900", "2007-09-30": "461.12100", "2007-06-30": "428.22500", "2007-03-31": "396.22700", "2006-12-31": "366.84100", "2006-09-30": "337.79500", "2006-06-30": "310.26300", "2006-03-31": "285.09600", "2005-12-31": "261.57100", "2005-09-30": "262.59700", "2005-06-30": "239.21400", "2005-03-31": "216.23200"}, "Comprehensive Income": {"2020-09-30": "-229.60000", "2020-06-30": "-347.00000", "2020-03-31": "-357.20000", "2019-12-31": "-318.10000", "2019-09-30": "-385.40000", "2019-06-30": "-356.60000", "2019-03-31": "-356.90000", "2018-12-31": "-365.30000", "2018-09-30": "-342.50000", "2018-06-30": "-345.80000", "2018-03-31": "-270.70000", "2017-12-31": "-287.00000", "2017-09-30": "-286.69300", "2017-06-30": "-316.73700", "2017-03-31": "-341.11900", "2016-12-31": "-367.60000", "2016-09-30": "-314.50000", "2016-06-30": "-297.55800", "2016-03-31": "-265.01800", "2015-12-31": "-282.63100", "2015-09-30": "-237.24600", "2015-06-30": "-180.90700", "2015-03-31": "-206.43400", "2014-12-31": "-138.41900", "2014-09-30": "-95.35100", "2014-06-30": "-45.55400", "2014-03-31": "-57.12800", "2013-12-31": "-56.46800", "2013-09-30": "-54.99800", "2013-06-30": "-78.56400", "2013-03-31": "-62.06900", "2012-12-31": "-39.06400", "2012-09-30": "-41.60200", "2012-06-30": "-57.73600", "2012-03-31": "-29.53800", "2011-12-31": "-45.98400", "2011-09-30": "-32.87000", "2011-06-30": "-0.28700", "2011-03-31": "-3.93100", "2010-12-31": "-16.86900", "2010-09-30": "-14.44800", "2010-06-30": "-31.89200", "2010-03-31": "-22.56200", "2009-12-31": "-12.29200", "2009-09-30": "-13.69600", "2009-06-30": "-10.80700", "2009-03-31": "-37.04500", "2008-12-31": "-32.07500", "2008-09-30": "9.71000", "2008-06-30": "30.24000", "2008-03-31": "28.65000", "2007-12-31": "30.52000", "2007-09-30": "14.03300", "2007-06-30": "9.34300", "2007-03-31": "4.55200", "2006-12-31": "5.22900", "2006-09-30": "4.43900", "2006-06-30": "3.03900", "2006-03-31": "0.04700", "2005-12-31": "0.54600", "2005-09-30": "1.01700", "2005-06-30": "0.37700", "2005-03-31": "1.96400"}, "Other Share Holders Equity": {"2020-09-30": "", "2020-06-30": "", "2020-03-31": "", "2019-12-31": "", "2019-09-30": "", "2019-06-30": "", "2019-03-31": "", "2018-12-31": "", "2018-09-30": "", "2018-06-30": "", "2018-03-31": "", "2017-12-31": "", "2017-09-30": "", "2017-06-30": "", "2017-03-31": "", "2016-12-31": "", "2016-09-30": "", "2016-06-30": "", "2016-03-31": "", "2015-12-31": "", "2015-09-30": "", "2015-06-30": "", "2015-03-31": "", "2014-12-31": "", "2014-09-30": "", "2014-06-30": "", "2014-03-31": "", "2013-12-31": "", "2013-09-30": "", "2013-06-30": "", "2013-03-31": "", "2012-12-31": "", "2012-09-30": "", "2012-06-30": "", "2012-03-31": "", "2011-12-31": "", "2011-09-30": "", "2011-06-30": "", "2011-03-31": "", "2010-12-31": "", "2010-09-30": "", "2010-06-30": "", "2010-03-31": "", "2009-12-31": "", "2009-09-30": "", "2009-06-30": "", "2009-03-31": "", "2008-12-31": "", "2008-09-30": "", "2008-06-30": "", "2008-03-31": "", "2007-12-31": "", "2007-09-30": "", "2007-06-30": "", "2007-03-31": "", "2006-12-31": "", "2006-09-30": "", "2006-06-30": "", "2006-03-31": "", "2005-12-31": "", "2005-09-30": "", "2005-06-30": "", "2005-03-31": ""}, "Share Holder Equity": {"2020-09-30": "2338.50000", "2020-06-30": "2296.10000", "2020-03-31": "2280.20000", "2019-12-31": "2334.70000", "2019-09-30": "2477.30000", "2019-06-30": "2562.20000", "2019-03-31": "2570.50000", "2018-12-31": "2597.10000", "2018-09-30": "2932.60000", "2018-06-30": "2901.60000", "2018-03-31": "2952.10000", "2017-12-31": "2908.60000", "2017-09-30": "2818.72100", "2017-06-30": "2760.81600", "2017-03-31": "2892.48100", "2016-12-31": "2816.40000", "2016-09-30": "2858.78900", "2016-06-30": "2829.07900", "2016-03-31": "2818.48900", "2015-12-31": "2747.83800", "2015-09-30": "2734.44200", "2015-06-30": "1982.02100", "2015-03-31": "1950.00700", "2014-12-31": "1917.18500", "2014-09-30": "1880.18700", "2014-06-30": "1852.34300", "2014-03-31": "1785.54700", "2013-12-31": "1767.53800", "2013-09-30": "1722.73300", "2013-06-30": "1649.44300", "2013-03-31": "1625.46800", "2012-12-31": "1557.32300", "2012-09-30": "1492.85800", "2012-06-30": "1389.17600", "2012-03-31": "1327.73800", "2011-12-31": "1227.25100", "2011-09-30": "1211.72500", "2011-06-30": "1251.03200", "2011-03-31": "1178.00700", "2010-12-31": "1080.35000", "2010-09-30": "1056.98400", "2010-06-30": "979.40300", "2010-03-31": "911.89000", "2009-12-31": "857.17300", "2009-09-30": "786.79500", "2009-06-30": "766.61900", "2009-03-31": "688.57400", "2008-12-31": "670.63800", "2008-09-30": "693.48900", "2008-06-30": "674.55200", "2008-03-31": "671.14400", "2007-12-31": "714.07500", "2007-09-30": "656.06600", "2007-06-30": "649.27400", "2007-03-31": "613.82000", "2006-12-31": "625.08100", "2006-09-30": "605.27300", "2006-06-30": "574.40800", "2006-03-31": "543.81800", "2005-12-31": "521.63400", "2005-09-30": "531.99500", "2005-06-30": "508.68600", "2005-03-31": "486.29400"}, "Total Liabilities And Share Holders Equity": {"2020-09-30": "5633.20000", "2020-06-30": "5685.30000", "2020-03-31": "6353.20000", "2019-12-31": "6437.00000", "2019-09-30": "6676.30000", "2019-06-30": "6869.70000", "2019-03-31": "6850.70000", "2018-12-31": "6455.50000", "2018-09-30": "6902.90000", "2018-06-30": "6914.60000", "2018-03-31": "7015.70000", "2017-12-31": "6988.30000", "2017-09-30": "7016.36200", "2017-06-30": "7037.49700", "2017-03-31": "6996.85600", "2016-12-31": "6980.10000", "2016-09-30": "7057.26400", "2016-06-30": "7146.36800", "2016-03-31": "7112.54400", "2015-12-31": "7065.16300", "2015-09-30": "5176.45700", "2015-06-30": "4526.94400", "2015-03-31": "4383.51400", "2014-12-31": "4373.30200", "2014-09-30": "4445.63400", "2014-06-30": "4437.28100", "2014-03-31": "3865.57900", "2013-12-31": "3887.97300", "2013-09-30": "3845.12900", "2013-06-30": "3618.42500", "2013-03-31": "3542.21100", "2012-12-31": "3546.73800", "2012-09-30": "3411.59600", "2012-06-30": "3341.65400", "2012-03-31": "3275.23400", "2011-12-31": "3177.09000", "2011-09-30": "3155.50800", "2011-06-30": "2965.59600", "2011-03-31": "2643.63700", "2010-12-31": "2639.02300", "2010-09-30": "2434.28600", "2010-06-30": "2300.98800", "2010-03-31": "2287.01100", "2009-12-31": "2182.80300", "2009-09-30": "1929.46700", "2009-06-30": "1841.68200", "2009-03-31": "1749.21300", "2008-12-31": "1759.29800", "2008-09-30": "1721.62800", "2008-06-30": "1691.90000", "2008-03-31": "1626.33800", "2007-12-31": "1608.15900", "2007-09-30": "1474.29700", "2007-06-30": "1415.18000", "2007-03-31": "1325.30900", "2006-12-31": "1327.90600", "2006-09-30": "1270.02600", "2006-06-30": "1235.40500", "2006-03-31": "1212.41100", "2005-12-31": "1047.66000", "2005-09-30": "934.80900", "2005-06-30": "910.54600", "2005-03-31": "838.88000"}}, "cash flow statement": {"Net Income/Loss": {"2019-12-31": "-346.00000", "2018-12-31": "-245.60000", "2017-12-31": "43.00000", "2016-12-31": "207.90000", "2015-12-31": "268.00000", "2014-12-31": "328.14600", "2013-12-31": "313.08400", "2012-12-31": "269.94100", "2011-12-31": "237.34300", "2010-12-31": "210.45700", "2009-12-31": "176.38900", "2008-12-31": "148.77100", "2007-12-31": "118.65300", "2006-12-31": "105.27000", "2005-12-31": "67.15400"}, "Total Depreciation And Amortization - Cash Flow": {"2019-12-31": "501.10000", "2018-12-31": "614.60000", "2017-12-31": "314.50000", "2016-12-31": "252.50000", "2015-12-31": "127.40000", "2014-12-31": "104.61600", "2013-12-31": "88.40800", "2012-12-31": "76.28300", "2011-12-31": "66.04600", "2010-12-31": "53.88500", "2009-12-31": "39.99000", "2008-12-31": "34.14800", "2007-12-31": "31.13700", "2006-12-31": "27.03600", "2005-12-31": "21.43100"}, "Other Non-Cash Items": {"2019-12-31": "143.30000", "2018-12-31": "54.00000", "2017-12-31": "-228.40000", "2016-12-31": "57.10000", "2015-12-31": "4.70000", "2014-12-31": "25.34900", "2013-12-31": "32.33700", "2012-12-31": "16.15200", "2011-12-31": "27.84500", "2010-12-31": "19.53900", "2009-12-31": "27.59500", "2008-12-31": "30.22800", "2007-12-31": "24.28600", "2006-12-31": "16.42000", "2005-12-31": "26.21800"}, "Total Non-Cash Items": {"2019-12-31": "644.40000", "2018-12-31": "668.60000", "2017-12-31": "86.10000", "2016-12-31": "309.60000", "2015-12-31": "132.10000", "2014-12-31": "129.96500", "2013-12-31": "120.74500", "2012-12-31": "92.43500", "2011-12-31": "93.89100", "2010-12-31": "73.42400", "2009-12-31": "67.58500", "2008-12-31": "64.37600", "2007-12-31": "55.42300", "2006-12-31": "43.45600", "2005-12-31": "47.64900"}, "Change In Accounts Receivable": {"2019-12-31": "24.50000", "2018-12-31": "3.60000", "2017-12-31": "17.10000", "2016-12-31": "-43.10000", "2015-12-31": "-55.90000", "2014-12-31": "-34.11600", "2013-12-31": "-54.76700", "2012-12-31": "-4.32900", "2011-12-31": "-31.82100", "2010-12-31": "-20.27000", "2009-12-31": "12.56700", "2008-12-31": "-12.99800", "2007-12-31": "-11.40000", "2006-12-31": "-14.74200", "2005-12-31": "-19.67900"}, "Change In Inventories": {"2019-12-31": "", "2018-12-31": "", "2017-12-31": "", "2016-12-31": "", "2015-12-31": "", "2014-12-31": "", "2013-12-31": "", "2012-12-31": "", "2011-12-31": "", "2010-12-31": "", "2009-12-31": "", "2008-12-31": "", "2007-12-31": "", "2006-12-31": "", "2005-12-31": ""}, "Change In Accounts Payable": {"2019-12-31": "-4.60000", "2018-12-31": "9.30000", "2017-12-31": "22.90000", "2016-12-31": "5.20000", "2015-12-31": "28.20000", "2014-12-31": "-5.71200", "2013-12-31": "0.00700", "2012-12-31": "0.40600", "2011-12-31": "-9.13200", "2010-12-31": "-0.16500", "2009-12-31": "2.42000", "2008-12-31": "-7.04100", "2007-12-31": "6.98700", "2006-12-31": "-6.00300", "2005-12-31": "7.39300"}, "Change In Assets/Liabilities": {"2019-12-31": "-36.90000", "2018-12-31": "-31.70000", "2017-12-31": "-23.50000", "2016-12-31": "52.70000", "2015-12-31": "-12.40000", "2014-12-31": "8.93800", "2013-12-31": "21.69100", "2012-12-31": "7.79400", "2011-12-31": "-20.46600", "2010-12-31": "5.64600", "2009-12-31": "-3.17900", "2008-12-31": "-2.07000", "2007-12-31": "2.81300", "2006-12-31": "4.07400", "2005-12-31": "-0.13400"}, "Total Change In Assets/Liabilities": {"2019-12-31": "-50.40000", "2018-12-31": "-257.30000", "2017-12-31": "379.50000", "2016-12-31": "43.30000", "2015-12-31": "-14.00000", "2014-12-31": "-9.61100", "2013-12-31": "-28.52200", "2012-12-31": "28.40800", "2011-12-31": "-25.13000", "2010-12-31": "41.78900", "2009-12-31": "33.27200", "2008-12-31": "-2.59200", "2007-12-31": "-0.03400", "2006-12-31": "11.43600", "2005-12-31": "-20.47600"}, "Cash Flow From Operating Activities": {"2019-12-31": "248.00000", "2018-12-31": "165.70000", "2017-12-31": "508.60000", "2016-12-31": "560.80000", "2015-12-31": "386.10000", "2014-12-31": "448.50000", "2013-12-31": "405.30700", "2012-12-31": "390.78400", "2011-12-31": "306.10400", "2010-12-31": "325.67000", "2009-12-31": "277.24600", "2008-12-31": "210.55500", "2007-12-31": "174.04200", "2006-12-31": "160.16200", "2005-12-31": "94.32700"}, "Net Change In Property, Plant, And Equipment": {"2019-12-31": "-194.20000", "2018-12-31": "-130.80000", "2017-12-31": "-143.00000", "2016-12-31": "-136.20000", "2015-12-31": "-114.80000", "2014-12-31": "-86.49600", "2013-12-31": "-73.10900", "2012-12-31": "-65.23600", "2011-12-31": "-53.30100", "2010-12-31": "-48.32000", "2009-12-31": "-39.91000", "2008-12-31": "-47.52000", "2007-12-31": "-48.39700", "2006-12-31": "-35.58200", "2005-12-31": "-26.01200"}, "Net Change In Intangible Assets": {"2019-12-31": "", "2018-12-31": "", "2017-12-31": "", "2016-12-31": "", "2015-12-31": "", "2014-12-31": "", "2013-12-31": "", "2012-12-31": "", "2011-12-31": "", "2010-12-31": "", "2009-12-31": "", "2008-12-31": "", "2007-12-31": "", "2006-12-31": "", "2005-12-31": ""}, "Net Acquisitions/Divestitures": {"2019-12-31": "86.40000", "2018-12-31": "-19.50000", "2017-12-31": "-51.30000", "2016-12-31": "-61.80000", "2015-12-31": "-2419.40000", "2014-12-31": "-374.32100", "2013-12-31": "-161.93600", "2012-12-31": "-223.60300", "2011-12-31": "-466.83800", "2010-12-31": "-182.43000", "2009-12-31": "-310.66400", "2008-12-31": "-84.94700", "2007-12-31": "-114.78100", "2006-12-31": "-164.01500", "2005-12-31": "-139.69600"}, "Net Change In Short-term Investments": {"2019-12-31": "", "2018-12-31": "", "2017-12-31": "", "2016-12-31": "", "2015-12-31": "", "2014-12-31": "-1.95700", "2013-12-31": "0.07300", "2012-12-31": "-0.08900", "2011-12-31": "15.94200", "2010-12-31": "-14.73200", "2009-12-31": "0.38500", "2008-12-31": "-0.46300", "2007-12-31": "1.30100", "2006-12-31": "-1.82800", "2005-12-31": "-0.62100"}, "Net Change In Long-Term Investments": {"2019-12-31": "", "2018-12-31": "", "2017-12-31": "", "2016-12-31": "", "2015-12-31": "", "2014-12-31": "", "2013-12-31": "", "2012-12-31": "", "2011-12-31": "", "2010-12-31": "", "2009-12-31": "", "2008-12-31": "", "2007-12-31": "", "2006-12-31": "", "2005-12-31": ""}, "Net Change In Investments - Total": {"2019-12-31": "", "2018-12-31": "", "2017-12-31": "", "2016-12-31": "", "2015-12-31": "", "2014-12-31": "-1.95700", "2013-12-31": "0.07300", "2012-12-31": "-0.08900", "2011-12-31": "15.94200", "2010-12-31": "-14.73200", "2009-12-31": "0.38500", "2008-12-31": "-0.46300", "2007-12-31": "1.30100", "2006-12-31": "-1.82800", "2005-12-31": "-0.62100"}, "Investing Activities - Other": {"2019-12-31": "3.80000", "2018-12-31": "2.80000", "2017-12-31": "1.30000", "2016-12-31": "2.40000", "2015-12-31": "0.30000", "2014-12-31": "", "2013-12-31": "", "2012-12-31": "", "2011-12-31": "", "2010-12-31": "", "2009-12-31": "", "2008-12-31": "", "2007-12-31": "26.61600", "2006-12-31": "", "2005-12-31": "10.32800"}, "Cash Flow From Investing Activities": {"2019-12-31": "-104.00000", "2018-12-31": "-147.50000", "2017-12-31": "-193.00000", "2016-12-31": "-195.60000", "2015-12-31": "-2533.90000", "2014-12-31": "-462.77400", "2013-12-31": "-234.97200", "2012-12-31": "-288.92800", "2011-12-31": "-504.19700", "2010-12-31": "-245.48200", "2009-12-31": "-350.18900", "2008-12-31": "-132.93000", "2007-12-31": "-135.26100", "2006-12-31": "-201.42500", "2005-12-31": "-156.00100"}, "Net Long-Term Debt": {"2019-12-31": "-152.00000", "2018-12-31": "-1.00000", "2017-12-31": "-257.50000", "2016-12-31": "-294.40000", "2015-12-31": "1522.30000", "2014-12-31": "101.73990", "2013-12-31": "-30.79100", "2012-12-31": "-994.55300", "2011-12-31": "-1415.50000", "2010-12-31": "-995.86800", "2009-12-31": "-827.79500", "2008-12-31": "85.60700", "2007-12-31": "47.02700", "2006-12-31": "64.91300", "2005-12-31": "106.67600"}, "Net Current Debt": {"2019-12-31": "", "2018-12-31": "", "2017-12-31": "", "2016-12-31": "", "2015-12-31": "4.30000", "2014-12-31": "", "2013-12-31": "", "2012-12-31": "863.28600", "2011-12-31": "1643.45800", "2010-12-31": "1007.80100", "2009-12-31": "963.06100", "2008-12-31": "-23.07300", "2007-12-31": "", "2006-12-31": "5.95300", "2005-12-31": "0.73500"}, "Debt Issuance/Retirement Net - Total": {"2019-12-31": "-152.00000", "2018-12-31": "-1.00000", "2017-12-31": "-257.50000", "2016-12-31": "-294.40000", "2015-12-31": "1526.60000", "2014-12-31": "101.73990", "2013-12-31": "-30.79100", "2012-12-31": "-131.26700", "2011-12-31": "227.95800", "2010-12-31": "11.93300", "2009-12-31": "135.26590", "2008-12-31": "62.53400", "2007-12-31": "47.02700", "2006-12-31": "70.86600", "2005-12-31": "107.41100"}, "Net Common Equity Issued/Repurchased": {"2019-12-31": "19.90000", "2018-12-31": "20.10000", "2017-12-31": "10.20000", "2016-12-31": "-3.30000", "2015-12-31": "-70.50000", "2014-12-31": "-142.21400", "2013-12-31": "-121.35500", "2012-12-31": "16.43300", "2011-12-31": "-92.77000", "2010-12-31": "-44.42800", "2009-12-31": "-60.76400", "2008-12-31": "-149.49900", "2007-12-31": "-87.11000", "2006-12-31": "-26.29300", "2005-12-31": "-46.42700"}, "Net Total Equity Issued/Repurchased": {"2019-12-31": "19.90000", "2018-12-31": "2.90000", "2017-12-31": "-24.00000", "2016-12-31": "-34.20000", "2015-12-31": "676.40000", "2014-12-31": "-142.21400", "2013-12-31": "-121.35500", "2012-12-31": "16.43300", "2011-12-31": "-92.77000", "2010-12-31": "-44.42800", "2009-12-31": "-60.76400", "2008-12-31": "-149.49900", "2007-12-31": "-87.11000", "2006-12-31": "-26.29300", "2005-12-31": "-46.42700"}, "Total Common And Preferred Stock Dividends Paid": {"2019-12-31": "", "2018-12-31": "-25.50000", "2017-12-31": "-36.30000", "2016-12-31": "-39.40000", "2015-12-31": "-10.10000", "2014-12-31": "", "2013-12-31": "", "2012-12-31": "", "2011-12-31": "", "2010-12-31": "", "2009-12-31": "", "2008-12-31": "", "2007-12-31": "", "2006-12-31": "", "2005-12-31": ""}, "Financial Activities - Other": {"2019-12-31": "-9.50000", "2018-12-31": "-2.10000", "2017-12-31": "-3.40000", "2016-12-31": "-8.80000", "2015-12-31": "-7.50000", "2014-12-31": "10.42500", "2013-12-31": "16.12700", "2012-12-31": "23.30800", "2011-12-31": "2.68400", "2010-12-31": "18.93000", "2009-12-31": "7.27000", "2008-12-31": "9.08300", "2007-12-31": "7.44800", "2006-12-31": "7.97400", "2005-12-31": "-1.48400"}, "Cash Flow From Financial Activities": {"2019-12-31": "-141.60000", "2018-12-31": "-25.70000", "2017-12-31": "-321.20000", "2016-12-31": "-376.80000", "2015-12-31": "2185.40000", "2014-12-31": "-30.04900", "2013-12-31": "-136.01900", "2012-12-31": "-91.52600", "2011-12-31": "137.87200", "2010-12-31": "-13.56500", "2009-12-31": "81.77200", "2008-12-31": "-77.88200", "2007-12-31": "-32.63500", "2006-12-31": "52.54700", "2005-12-31": "59.50000"}, "Net Cash Flow": {"2019-12-31": "0.40000", "2018-12-31": "-7.90000", "2017-12-31": "-2.00000", "2016-12-31": "-11.40000", "2015-12-31": "33.40000", "2014-12-31": "-44.93100", "2013-12-31": "32.50700", "2012-12-31": "12.14900", "2011-12-31": "-56.76500", "2010-12-31": "63.50900", "2009-12-31": "6.67200", "2008-12-31": "-8.01300", "2007-12-31": "3.61600", "2006-12-31": "5.66700", "2005-12-31": "-0.02500"}, "Stock-Based Compensation": {"2019-12-31": "17.10000", "2018-12-31": "24.10000", "2017-12-31": "21.30000", "2016-12-31": "20.50000", "2015-12-31": "21.70000", "2014-12-31": "17.77300", "2013-12-31": "17.45700", "2012-12-31": "16.33900", "2011-12-31": "15.36700", "2010-12-31": "15.29800", "2009-12-31": "14.63800", "2008-12-31": "11.75500", "2007-12-31": "10.71400", "2006-12-31": "10.61000", "2005-12-31": "0.02700"}, "Common Stock Dividends Paid": {"2019-12-31": "", "2018-12-31": "", "2017-12-31": "", "2016-12-31": "", "2015-12-31": "", "2014-12-31": "", "2013-12-31": "", "2012-12-31": "", "2011-12-31": "", "2010-12-31": "", "2009-12-31": "", "2008-12-31": "", "2007-12-31": "", "2006-12-31": "", "2005-12-31": ""}}, "cash flow statement, quarterly": {"Net Income/Loss": {"2020-09-30": -80.9, "2020-06-30": -4.1, "2020-03-31": "-19.90000", "2019-12-31": -219.2, "2019-09-30": -59, "2019-06-30": -30.2, "2019-03-31": "-37.60000", "2018-12-31": -319.2, "2018-09-30": 23.5, "2018-06-30": 27.6, "2018-03-31": "22.50000", "2017-12-31": 89.6, "2017-09-30": 39, "2017-06-30": -144.2, "2017-03-31": "58.60000", "2016-12-31": 18.902, "2016-09-30": 65.173, "2016-06-30": 46.23, "2016-03-31": "77.59500", "2015-12-31": 80.525, "2015-09-30": 69.906, "2015-06-30": 88.277, "2015-03-31": "29.29200", "2014-12-31": 82.658, "2014-09-30": 83.041, "2014-06-30": 82.677, "2014-03-31": "79.77000", "2013-12-31": 78.587, "2013-09-30": 80.832, "2013-06-30": 78.443, "2013-03-31": "75.22200", "2012-12-31": 70.508, "2012-09-30": 65.746, "2012-06-30": 68.372, "2012-03-31": "65.31500", "2011-12-31": 65.123, "2011-09-30": 59.744, "2011-06-30": 55.89, "2011-03-31": "56.58600", "2010-12-31": 50.757, "2010-09-30": 57.3, "2010-06-30": 53.766, "2010-03-31": "48.63400", "2009-12-31": 45.158, "2009-09-30": 46.563, "2009-06-30": 43.994, "2009-03-31": "40.67400", "2008-12-31": 39.195, "2008-09-30": 39.227, "2008-06-30": 38.685, "2008-03-31": "31.66400", "2007-12-31": 24.373, "2007-09-30": 32.895, "2007-06-30": 31.998, "2007-03-31": "29.38700", "2006-12-31": 29.045, "2006-09-30": 27.532, "2006-06-30": 25.168, "2006-03-31": "23.52500", "2005-12-31": -1.026, "2005-09-30": 23.383, "2005-06-30": 22.982, "2005-03-31": "21.81500"}, "Total Depreciation And Amortization - Cash Flow": {"2020-09-30": 57.7, "2020-06-30": 60.2, "2020-03-31": "59.90000", "2019-12-31": 273.1, "2019-09-30": 67.7, "2019-06-30": 69.8, "2019-03-31": "90.50000", "2018-12-31": 422.4, "2018-09-30": 63.9, "2018-06-30": 65.6, "2018-03-31": "62.70000", "2017-12-31": 137.3, "2017-09-30": 60.3, "2017-06-30": 58.7, "2017-03-31": "58.20000", "2016-12-31": 56.11, "2016-09-30": 65.356, "2016-06-30": 82.62, "2016-03-31": "48.41400", "2015-12-31": 44.967, "2015-09-30": 27.49, "2015-06-30": 27.38, "2015-03-31": "27.56300", "2014-12-31": 25.014, "2014-09-30": 28.765, "2014-06-30": 27.481, "2014-03-31": "23.35600", "2013-12-31": 23.295, "2013-09-30": 21.85, "2013-06-30": 21.775, "2013-03-31": "21.48800", "2012-12-31": 21.094, "2012-09-30": 19.445, "2012-06-30": 18.026, "2012-03-31": "17.71800", "2011-12-31": 16.818, "2011-09-30": 16.933, "2011-06-30": 17.192, "2011-03-31": "15.10300", "2010-12-31": 15.375, "2010-09-30": 13.504, "2010-06-30": 12.617, "2010-03-31": "12.38900", "2009-12-31": 11.527, "2009-09-30": 9.959, "2009-06-30": 9.66, "2009-03-31": "8.84400", "2008-12-31": 8.86, "2008-09-30": 8.651, "2008-06-30": 8.292, "2008-03-31": "8.34500", "2007-12-31": 8.483, "2007-09-30": 7.808, "2007-06-30": 7.708, "2007-03-31": "7.13800", "2006-12-31": 6.927, "2006-09-30": 7.101, "2006-06-30": 6.713, "2006-03-31": "6.29500", "2005-12-31": 5.696, "2005-09-30": 5.365, "2005-06-30": 5.142, "2005-03-31": "5.22800"}, "Other Non-Cash Items": {"2020-09-30": 109.8, "2020-06-30": 21.6, "2020-03-31": "67.00000", "2019-12-31": -3.4, "2019-09-30": 93.7, "2019-06-30": 43.8, "2019-03-31": "9.20000", "2018-12-31": 1.1, "2018-09-30": 36.3, "2018-06-30": 18.3, "2018-03-31": "-1.70000", "2017-12-31": -118.8, "2017-09-30": 2.7, "2017-06-30": -130, "2017-03-31": "17.70000", "2016-12-31": 18.869, "2016-09-30": 22.793, "2016-06-30": 5.045, "2016-03-31": "10.39300", "2015-12-31": 13.557, "2015-09-30": -6.158, "2015-06-30": 24.662, "2015-03-31": "-27.36100", "2014-12-31": 8.566, "2014-09-30": 1.857, "2014-06-30": 3.024, "2014-03-31": "11.90200", "2013-12-31": 17.287, "2013-09-30": 2.501, "2013-06-30": 2.298, "2013-03-31": "10.25100", "2012-12-31": -6.12, "2012-09-30": 10.43, "2012-06-30": -0.307, "2012-03-31": "12.14900", "2011-12-31": 7.028, "2011-09-30": 11.054, "2011-06-30": 0.081, "2011-03-31": "9.68200", "2010-12-31": 8.697, "2010-09-30": 7.376, "2010-06-30": -13.029, "2010-03-31": "16.49500", "2009-12-31": -3.627, "2009-09-30": 12.705, "2009-06-30": 7.462, "2009-03-31": "11.05500", "2008-12-31": 7.986, "2008-09-30": 8.758, "2008-06-30": 0.683, "2008-03-31": "12.80100", "2007-12-31": 8.296, "2007-09-30": 5.58, "2007-06-30": 2.533, "2007-03-31": "7.87700", "2006-12-31": 7.162, "2006-09-30": 2.109, "2006-06-30": 1.506, "2006-03-31": "5.64300", "2005-12-31": 7.861, "2005-09-30": 7.419, "2005-06-30": 3.85, "2005-03-31": "7.08800"}, "Total Non-Cash Items": {"2020-09-30": 167.5, "2020-06-30": 81.8, "2020-03-31": "126.90000", "2019-12-31": 269.7, "2019-09-30": 161.4, "2019-06-30": 113.6, "2019-03-31": "99.70000", "2018-12-31": 423.5, "2018-09-30": 100.2, "2018-06-30": 83.9, "2018-03-31": "61.00000", "2017-12-31": 18.5, "2017-09-30": 63, "2017-06-30": -71.3, "2017-03-31": "75.90000", "2016-12-31": 74.979, "2016-09-30": 88.149, "2016-06-30": 87.665, "2016-03-31": "58.80700", "2015-12-31": 58.524, "2015-09-30": 21.332, "2015-06-30": 52.042, "2015-03-31": "0.20200", "2014-12-31": 33.58, "2014-09-30": 30.622, "2014-06-30": 30.505, "2014-03-31": "35.25800", "2013-12-31": 40.582, "2013-09-30": 24.351, "2013-06-30": 24.073, "2013-03-31": "31.73900", "2012-12-31": 14.974, "2012-09-30": 29.875, "2012-06-30": 17.719, "2012-03-31": "29.86700", "2011-12-31": 23.846, "2011-09-30": 27.987, "2011-06-30": 17.273, "2011-03-31": "24.78500", "2010-12-31": 24.072, "2010-09-30": 20.88, "2010-06-30": -0.412, "2010-03-31": "28.88400", "2009-12-31": 7.9, "2009-09-30": 22.664, "2009-06-30": 17.122, "2009-03-31": "19.89900", "2008-12-31": 16.846, "2008-09-30": 17.409, "2008-06-30": 8.975, "2008-03-31": "21.14600", "2007-12-31": 16.779, "2007-09-30": 13.388, "2007-06-30": 10.241, "2007-03-31": "15.01500", "2006-12-31": 14.089, "2006-09-30": 9.21, "2006-06-30": 8.219, "2006-03-31": "11.93800", "2005-12-31": 13.557, "2005-09-30": 12.784, "2005-06-30": 8.992, "2005-03-31": "12.31600"}, "Change In Accounts Receivable": {"2020-09-30": -9.6, "2020-06-30": 43.7, "2020-03-31": "-1.20000", "2019-12-31": 18.2, "2019-09-30": 20.3, "2019-06-30": -11.8, "2019-03-31": "-2.20000", "2018-12-31": 5.4, "2018-09-30": 21.7, "2018-06-30": -16.7, "2018-03-31": "-6.80000", "2017-12-31": 0, "2017-09-30": 11.9, "2017-06-30": -20.3, "2017-03-31": "25.50000", "2016-12-31": -16.275, "2016-09-30": -13.937, "2016-06-30": -8.97, "2016-03-31": "-3.91800", "2015-12-31": 10.452, "2015-09-30": -15.311, "2015-06-30": -36.55, "2015-03-31": "-14.49100", "2014-12-31": -8.696, "2014-09-30": -15.814, "2014-06-30": -14.135, "2014-03-31": "4.52900", "2013-12-31": -10.951, "2013-09-30": -0.945, "2013-06-30": -23.102, "2013-03-31": "-19.76900", "2012-12-31": 0.328, "2012-09-30": -10.025, "2012-06-30": 19.861, "2012-03-31": "-14.49300", "2011-12-31": -11.533, "2011-09-30": 2.296, "2011-06-30": -10.969, "2011-03-31": "-11.61500", "2010-12-31": 6.096, "2010-09-30": -14.678, "2010-06-30": -3.756, "2010-03-31": "-7.93200", "2009-12-31": 4.363, "2009-09-30": -4.098, "2009-06-30": 4.42, "2009-03-31": "7.88200", "2008-12-31": 0.978, "2008-09-30": -4.672, "2008-06-30": -6.957, "2008-03-31": "-2.34700", "2007-12-31": 2.531, "2007-09-30": 4.682, "2007-06-30": -24.033, "2007-03-31": "5.42000", "2006-12-31": 3.389, "2006-09-30": -5.95, "2006-06-30": -10.167, "2006-03-31": "-2.01400", "2005-12-31": -7.43, "2005-09-30": -3.753, "2005-06-30": -9.901, "2005-03-31": "1.40500"}, "Change In Inventories": {"2020-09-30": 0, "2020-06-30": 0, "2020-03-31": "", "2019-12-31": 0, "2019-09-30": 0, "2019-06-30": 0, "2019-03-31": "", "2018-12-31": 0, "2018-09-30": 0, "2018-06-30": 0, "2018-03-31": "", "2017-12-31": 0, "2017-09-30": 0, "2017-06-30": 0, "2017-03-31": "", "2016-12-31": 0, "2016-09-30": 0, "2016-06-30": 0, "2016-03-31": "", "2015-12-31": 0, "2015-09-30": 0, "2015-06-30": 0, "2015-03-31": "", "2014-12-31": 0, "2014-09-30": 0, "2014-06-30": 0, "2014-03-31": "", "2013-12-31": 0, "2013-09-30": 0, "2013-06-30": 0, "2013-03-31": "", "2012-12-31": 0, "2012-09-30": 0, "2012-06-30": 0, "2012-03-31": "", "2011-12-31": 0, "2011-09-30": 0, "2011-06-30": 0, "2011-03-31": "", "2010-12-31": 0, "2010-09-30": 0, "2010-06-30": 0, "2010-03-31": "", "2009-12-31": 0, "2009-09-30": 0, "2009-06-30": 0, "2009-03-31": "", "2008-12-31": 0, "2008-09-30": 0, "2008-06-30": 0, "2008-03-31": "", "2007-12-31": 0, "2007-09-30": 0, "2007-06-30": 0, "2007-03-31": "", "2006-12-31": 0, "2006-09-30": 0, "2006-06-30": 0, "2006-03-31": "", "2005-12-31": 0.234, "2005-09-30": 0.185, "2005-06-30": -0.283, "2005-03-31": "-0.13600"}, "Change In Accounts Payable": {"2020-09-30": 8.4, "2020-06-30": -30.7, "2020-03-31": "9.30000", "2019-12-31": -9, "2019-09-30": 0.8, "2019-06-30": 4.8, "2019-03-31": "-1.20000", "2018-12-31": -8.5, "2018-09-30": 4, "2018-06-30": 33.2, "2018-03-31": "-19.40000", "2017-12-31": 26.2, "2017-09-30": -1.6, "2017-06-30": 8.3, "2017-03-31": "-10.00000", "2016-12-31": 4.519, "2016-09-30": 2.177, "2016-06-30": 13.707, "2016-03-31": "-15.20300", "2015-12-31": -0.97, "2015-09-30": 8.151, "2015-06-30": 15.576, "2015-03-31": "5.44300", "2014-12-31": -19.095, "2014-09-30": 2.737, "2014-06-30": 5.367, "2014-03-31": "5.27900", "2013-12-31": -3.251, "2013-09-30": -6.928, "2013-06-30": 9.017, "2013-03-31": "1.16900", "2012-12-31": -6.84, "2012-09-30": -0.006, "2012-06-30": 5.151, "2012-03-31": "2.10100", "2011-12-31": 2.107, "2011-09-30": -5.708, "2011-06-30": -5.098, "2011-03-31": "-0.43300", "2010-12-31": 3.312, "2010-09-30": 1.959, "2010-06-30": -1.914, "2010-03-31": "-3.52200", "2009-12-31": 6.922, "2009-09-30": 3.304, "2009-06-30": -4.091, "2009-03-31": "-3.71500", "2008-12-31": 3.164, "2008-09-30": -0.63, "2008-06-30": 4.734, "2008-03-31": "-14.30900", "2007-12-31": 0.943, "2007-09-30": 1.289, "2007-06-30": 6.39, "2007-03-31": "-1.63500", "2006-12-31": 0.463, "2006-09-30": -1.467, "2006-06-30": -0.677, "2006-03-31": "-4.32200", "2005-12-31": 0.779, "2005-09-30": 5.44, "2005-06-30": 1.648, "2005-03-31": "-0.47400"}, "Change In Assets/Liabilities": {"2020-09-30": 61.3, "2020-06-30": 28.1, "2020-03-31": "-25.30000", "2019-12-31": -10, "2019-09-30": -13.4, "2019-06-30": -9.4, "2019-03-31": "-4.10000", "2018-12-31": -13.1, "2018-09-30": -25.1, "2018-06-30": -14.7, "2018-03-31": "21.20000", "2017-12-31": -16.6, "2017-09-30": 10.5, "2017-06-30": -13.8, "2017-03-31": "-3.60000", "2016-12-31": 38.548, "2016-09-30": 11.322, "2016-06-30": -15.687, "2016-03-31": "18.51700", "2015-12-31": -4.002, "2015-09-30": 3.804, "2015-06-30": -14.886, "2015-03-31": "2.68400", "2014-12-31": 11.442, "2014-09-30": -18.411, "2014-06-30": 9.083, "2014-03-31": "6.82400", "2013-12-31": -18.876, "2013-09-30": 38.212, "2013-06-30": -0.042, "2013-03-31": "2.39700", "2012-12-31": -4.815, "2012-09-30": 11.295, "2012-06-30": -2.834, "2012-03-31": "4.14800", "2011-12-31": -8.21, "2011-09-30": -10.518, "2011-06-30": 2.799, "2011-03-31": "-4.53700", "2010-12-31": -1.357, "2010-09-30": 0.488, "2010-06-30": 7.125, "2010-03-31": "-0.61000", "2009-12-31": -2.036, "2009-09-30": -2.78, "2009-06-30": 3.628, "2009-03-31": "-1.99100", "2008-12-31": -0.971, "2008-09-30": -3.395, "2008-06-30": -2.359, "2008-03-31": "4.65500", "2007-12-31": -0.738, "2007-09-30": -0.721, "2007-06-30": -0.676, "2007-03-31": "4.94800", "2006-12-31": 4.782, "2006-09-30": -3.847, "2006-06-30": 5.544, "2006-03-31": "-2.40500", "2005-12-31": 4.076, "2005-09-30": -1.881, "2005-06-30": -1.718, "2005-03-31": "-0.61100"}, "Total Change In Assets/Liabilities": {"2020-09-30": 71.3, "2020-06-30": 47.5, "2020-03-31": "-24.90000", "2019-12-31": -3.7, "2019-09-30": 27.8, "2019-06-30": -48.6, "2019-03-31": "-25.90000", "2018-12-31": -28.5, "2018-09-30": -264.8, "2018-06-30": 9.1, "2018-03-31": "26.90000", "2017-12-31": 8.5, "2017-09-30": 51.1, "2017-06-30": 286.1, "2017-03-31": "33.80000", "2016-12-31": 49.151, "2016-09-30": 19.006, "2016-06-30": -45.404, "2016-03-31": "20.54700", "2015-12-31": -46.24, "2015-09-30": 23.393, "2015-06-30": -94.213, "2015-03-31": "103.06000", "2014-12-31": -12.71, "2014-09-30": -7.039, "2014-06-30": -20.683, "2014-03-31": "30.82100", "2013-12-31": -49.951, "2013-09-30": 54.325, "2013-06-30": -24.105, "2013-03-31": "-8.79100", "2012-12-31": 28.155, "2012-09-30": -7.272, "2012-06-30": 3.146, "2012-03-31": "4.37900", "2011-12-31": 1.959, "2011-09-30": 7.751, "2011-06-30": -19.054, "2011-03-31": "-15.78600", "2010-12-31": 45.415, "2010-09-30": -2.059, "2010-06-30": -5.104, "2010-03-31": "3.53700", "2009-12-31": 10.261, "2009-09-30": 18.498, "2009-06-30": -11.19, "2009-03-31": "15.70300", "2008-12-31": -1.763, "2008-09-30": 5.006, "2008-06-30": -16.627, "2008-03-31": "10.79200", "2007-12-31": 4.747, "2007-09-30": 11.389, "2007-06-30": -24.658, "2007-03-31": "8.48800", "2006-12-31": 2.311, "2006-09-30": 13.626, "2006-06-30": -0.22, "2006-03-31": "-4.28100", "2005-12-31": -9.125, "2005-09-30": -2.374, "2005-06-30": -11.06, "2005-03-31": "2.08300"}, "Cash Flow From Operating Activities": {"2020-09-30": 157.9, "2020-06-30": 125.2, "2020-03-31": "82.10000", "2019-12-31": 46.8, "2019-09-30": 130.2, "2019-06-30": 34.8, "2019-03-31": "36.20000", "2018-12-31": 75.8, "2018-09-30": -141.1, "2018-06-30": 120.6, "2018-03-31": "110.40000", "2017-12-31": 116.6, "2017-09-30": 153.1, "2017-06-30": 70.6, "2017-03-31": "168.30000", "2016-12-31": 143.032, "2016-09-30": 172.328, "2016-06-30": 88.491, "2016-03-31": "156.94900", "2015-12-31": 92.809, "2015-09-30": 114.631, "2015-06-30": 46.106, "2015-03-31": "132.55400", "2014-12-31": 103.528, "2014-09-30": 106.624, "2014-06-30": 92.499, "2014-03-31": "145.84900", "2013-12-31": 69.218, "2013-09-30": 159.508, "2013-06-30": 78.411, "2013-03-31": "98.17000", "2012-12-31": 113.637, "2012-09-30": 88.349, "2012-06-30": 89.237, "2012-03-31": "99.56100", "2011-12-31": 90.928, "2011-09-30": 95.482, "2011-06-30": 54.109, "2011-03-31": "65.58500", "2010-12-31": 120.244, "2010-09-30": 76.121, "2010-06-30": 48.25, "2010-03-31": "81.05500", "2009-12-31": 63.319, "2009-09-30": 87.725, "2009-06-30": 49.926, "2009-03-31": "76.27600", "2008-12-31": 54.278, "2008-09-30": 61.642, "2008-06-30": 31.033, "2008-03-31": "63.60200", "2007-12-31": 45.899, "2007-09-30": 57.672, "2007-06-30": 17.581, "2007-03-31": "52.89000", "2006-12-31": 45.445, "2006-09-30": 50.368, "2006-06-30": 33.167, "2006-03-31": "31.18200", "2005-12-31": 3.406, "2005-09-30": 33.793, "2005-06-30": 20.914, "2005-03-31": "36.21400"}, "Net Change In Property, Plant, And Equipment": {"2020-09-30": -20.1, "2020-06-30": -35, "2020-03-31": "-39.60000", "2019-12-31": -33, "2019-09-30": -53, "2019-06-30": -42.1, "2019-03-31": "-66.10000", "2018-12-31": -33.9, "2018-09-30": -32.9, "2018-06-30": -35.5, "2018-03-31": "-28.50000", "2017-12-31": -51.3, "2017-09-30": -28.6, "2017-06-30": -30, "2017-03-31": "-33.10000", "2016-12-31": -36.535, "2016-09-30": -33.887, "2016-06-30": -32.359, "2016-03-31": "-33.41900", "2015-12-31": -42.234, "2015-09-30": -25.772, "2015-06-30": -25.438, "2015-03-31": "-21.35600", "2014-12-31": -20.234, "2014-09-30": -22.594, "2014-06-30": -27.248, "2014-03-31": "-16.42000", "2013-12-31": -18.78, "2013-09-30": -16.888, "2013-06-30": -20.961, "2013-03-31": "-16.48000", "2012-12-31": -13.578, "2012-09-30": -17.839, "2012-06-30": -16.77, "2012-03-31": "-17.04900", "2011-12-31": -16.32, "2011-09-30": -13.329, "2011-06-30": -11.96, "2011-03-31": "-11.69200", "2010-12-31": -12.383, "2010-09-30": -10.92, "2010-06-30": -12.213, "2010-03-31": "-12.80400", "2009-12-31": -10.266, "2009-09-30": -11.74, "2009-06-30": -9.759, "2009-03-31": "-8.14500", "2008-12-31": -11.791, "2008-09-30": -12.752, "2008-06-30": -11.678, "2008-03-31": "-11.29900", "2007-12-31": -10.795, "2007-09-30": -14.695, "2007-06-30": -12.656, "2007-03-31": "-10.25100", "2006-12-31": -10.627, "2006-09-30": -9.45, "2006-06-30": -7.999, "2006-03-31": "-7.50600", "2005-12-31": -6.078, "2005-09-30": -6.197, "2005-06-30": -7.441, "2005-03-31": "-6.29600"}, "Net Change In Intangible Assets": {"2020-09-30": 0, "2020-06-30": 0, "2020-03-31": "", "2019-12-31": 0, "2019-09-30": 0, "2019-06-30": 0, "2019-03-31": "", "2018-12-31": 0, "2018-09-30": 0, "2018-06-30": 0, "2018-03-31": "", "2017-12-31": 0, "2017-09-30": 0, "2017-06-30": 0, "2017-03-31": "", "2016-12-31": 0, "2016-09-30": 0, "2016-06-30": 0, "2016-03-31": "", "2015-12-31": 0, "2015-09-30": 0, "2015-06-30": 0, "2015-03-31": "", "2014-12-31": 0, "2014-09-30": 0, "2014-06-30": 0, "2014-03-31": "", "2013-12-31": 0, "2013-09-30": 0, "2013-06-30": 0, "2013-03-31": "", "2012-12-31": 0, "2012-09-30": 0, "2012-06-30": 0, "2012-03-31": "", "2011-12-31": 0, "2011-09-30": 0, "2011-06-30": 0, "2011-03-31": "", "2010-12-31": 0, "2010-09-30": 0, "2010-06-30": 0, "2010-03-31": "", "2009-12-31": 0, "2009-09-30": 0, "2009-06-30": 0, "2009-03-31": "", "2008-12-31": 0, "2008-09-30": 0, "2008-06-30": 0, "2008-03-31": "", "2007-12-31": 0, "2007-09-30": 0, "2007-06-30": 0, "2007-03-31": "", "2006-12-31": 0, "2006-09-30": 0, "2006-06-30": 0, "2006-03-31": "", "2005-12-31": 0, "2005-09-30": 0, "2005-06-30": 0, "2005-03-31": ""}, "Net Acquisitions/Divestitures": {"2020-09-30": -6.5, "2020-06-30": 427.7, "2020-03-31": "", "2019-12-31": 68.8, "2019-09-30": 4.3, "2019-06-30": 0, "2019-03-31": "13.30000", "2018-12-31": -5.1, "2018-09-30": 6.4, "2018-06-30": -4.9, "2018-03-31": "-15.90000", "2017-12-31": -28.7, "2017-09-30": -1.5, "2017-06-30": -4.2, "2017-03-31": "-16.90000", "2016-12-31": -10.603, "2016-09-30": -9.1, "2016-06-30": -17.213, "2016-03-31": "-24.88400", "2015-12-31": -2322.302, "2015-09-30": -35.332, "2015-06-30": -27.556, "2015-03-31": "-34.21000", "2014-12-31": -45.51, "2014-09-30": -23.979, "2014-06-30": -292.57, "2014-03-31": "-12.26200", "2013-12-31": -30.034, "2013-09-30": -68.501, "2013-06-30": -44.502, "2013-03-31": "-18.89900", "2012-12-31": -76.294, "2012-09-30": -35.593, "2012-06-30": -83.534, "2012-03-31": "-28.18200", "2011-12-31": -1.779, "2011-09-30": -184.625, "2011-06-30": -261.28, "2011-03-31": "-19.15400", "2010-12-31": -86.815, "2010-09-30": -27.789, "2010-06-30": -17.367, "2010-03-31": "-50.45900", "2009-12-31": -203.585, "2009-09-30": -46.56, "2009-06-30": -44.223, "2009-03-31": "-16.29600", "2008-12-31": -38.383, "2008-09-30": -13.165, "2008-06-30": -25.623, "2008-03-31": "-7.77600", "2007-12-31": -35.815, "2007-09-30": -27.437, "2007-06-30": -36.884, "2007-03-31": "-14.64500", "2006-12-31": -21.093, "2006-09-30": -16.831, "2006-06-30": -5.266, "2006-03-31": "-120.82500", "2005-12-31": -92.808, "2005-09-30": -12.498, "2005-06-30": -33.683, "2005-03-31": "-0.70700"}, "Net Change In Short-term Investments": {"2020-09-30": 0, "2020-06-30": 0, "2020-03-31": "", "2019-12-31": 0, "2019-09-30": 0, "2019-06-30": 0, "2019-03-31": "", "2018-12-31": 0, "2018-09-30": 0, "2018-06-30": 0, "2018-03-31": "", "2017-12-31": 0, "2017-09-30": 0, "2017-06-30": 0, "2017-03-31": "", "2016-12-31": 0, "2016-09-30": 0, "2016-06-30": 0, "2016-03-31": "", "2015-12-31": 635.919, "2015-09-30": -636.19, "2015-06-30": 0.014, "2015-03-31": "0.25700", "2014-12-31": 0.094, "2014-09-30": 0.001, "2014-06-30": -0.105, "2014-03-31": "-1.94700", "2013-12-31": 0.028, "2013-09-30": 0.012, "2013-06-30": 0.013, "2013-03-31": "0.02000", "2012-12-31": -0.04, "2012-09-30": -0.047, "2012-06-30": 0, "2012-03-31": "-0.00200", "2011-12-31": 0.001, "2011-09-30": 16.344, "2011-06-30": 0.837, "2011-03-31": "-1.24000", "2010-12-31": 2.44, "2010-09-30": -16.261, "2010-06-30": -0.488, "2010-03-31": "-0.42300", "2009-12-31": 0.443, "2009-09-30": -0.571, "2009-06-30": 2.177, "2009-03-31": "-1.66400", "2008-12-31": -0.5, "2008-09-30": -0.092, "2008-06-30": -0.949, "2008-03-31": "1.07800", "2007-12-31": -0.462, "2007-09-30": -0.185, "2007-06-30": 1.259, "2007-03-31": "0.68900", "2006-12-31": 1.073, "2006-09-30": -0.937, "2006-06-30": 3.736, "2006-03-31": "-5.70000", "2005-12-31": -0.43, "2005-09-30": 0.084, "2005-06-30": -0.221, "2005-03-31": "-0.05400"}, "Net Change In Long-Term Investments": {"2020-09-30": 0, "2020-06-30": 0, "2020-03-31": "", "2019-12-31": 0, "2019-09-30": 0, "2019-06-30": 0, "2019-03-31": "", "2018-12-31": 0, "2018-09-30": 0, "2018-06-30": 0, "2018-03-31": "", "2017-12-31": 0, "2017-09-30": 0, "2017-06-30": 0, "2017-03-31": "", "2016-12-31": 0, "2016-09-30": 0, "2016-06-30": 0, "2016-03-31": "", "2015-12-31": 0, "2015-09-30": 0, "2015-06-30": 0, "2015-03-31": "", "2014-12-31": 0, "2014-09-30": 0, "2014-06-30": 0, "2014-03-31": "", "2013-12-31": 0, "2013-09-30": 0, "2013-06-30": 0, "2013-03-31": "", "2012-12-31": 0, "2012-09-30": 0, "2012-06-30": 0, "2012-03-31": "", "2011-12-31": 0, "2011-09-30": 0, "2011-06-30": 0, "2011-03-31": "", "2010-12-31": 0, "2010-09-30": 0, "2010-06-30": 0, "2010-03-31": "", "2009-12-31": 0, "2009-09-30": 0, "2009-06-30": 0, "2009-03-31": "", "2008-12-31": 0, "2008-09-30": 0, "2008-06-30": 0, "2008-03-31": "", "2007-12-31": 0, "2007-09-30": 0, "2007-06-30": 0, "2007-03-31": "", "2006-12-31": 0, "2006-09-30": 0, "2006-06-30": 0, "2006-03-31": "", "2005-12-31": 0, "2005-09-30": 0, "2005-06-30": 0, "2005-03-31": ""}, "Net Change In Investments - Total": {"2020-09-30": 0, "2020-06-30": 0, "2020-03-31": "", "2019-12-31": 0, "2019-09-30": 0, "2019-06-30": 0, "2019-03-31": "", "2018-12-31": 0, "2018-09-30": 0, "2018-06-30": 0, "2018-03-31": "", "2017-12-31": 0, "2017-09-30": 0, "2017-06-30": 0, "2017-03-31": "", "2016-12-31": 0, "2016-09-30": 0, "2016-06-30": 0, "2016-03-31": "", "2015-12-31": 635.919, "2015-09-30": -636.19, "2015-06-30": 0.014, "2015-03-31": "0.25700", "2014-12-31": 0.094, "2014-09-30": 0.001, "2014-06-30": -0.105, "2014-03-31": "-1.94700", "2013-12-31": 0.028, "2013-09-30": 0.012, "2013-06-30": 0.013, "2013-03-31": "0.02000", "2012-12-31": -0.04, "2012-09-30": -0.047, "2012-06-30": 0, "2012-03-31": "-0.00200", "2011-12-31": 0.001, "2011-09-30": 16.344, "2011-06-30": 0.837, "2011-03-31": "-1.24000", "2010-12-31": 2.44, "2010-09-30": -16.261, "2010-06-30": -0.488, "2010-03-31": "-0.42300", "2009-12-31": 0.443, "2009-09-30": -0.571, "2009-06-30": 2.177, "2009-03-31": "-1.66400", "2008-12-31": -0.5, "2008-09-30": -0.092, "2008-06-30": -0.949, "2008-03-31": "1.07800", "2007-12-31": -0.462, "2007-09-30": -0.185, "2007-06-30": 1.259, "2007-03-31": "0.68900", "2006-12-31": 1.073, "2006-09-30": -0.937, "2006-06-30": 3.736, "2006-03-31": "-5.70000", "2005-12-31": -0.43, "2005-09-30": 0.084, "2005-06-30": -0.221, "2005-03-31": "-0.05400"}, "Investing Activities - Other": {"2020-09-30": 2.5, "2020-06-30": -0.3, "2020-03-31": "-0.50000", "2019-12-31": 1.5, "2019-09-30": 0.5, "2019-06-30": 1.3, "2019-03-31": "0.50000", "2018-12-31": 0.9, "2018-09-30": 0.5, "2018-06-30": 1.1, "2018-03-31": "0.30000", "2017-12-31": 0.7, "2017-09-30": 0.2, "2017-06-30": 0.2, "2017-03-31": "0.20000", "2016-12-31": 0.035, "2016-09-30": 2.358, "2016-06-30": 0, "2016-03-31": "0.00700", "2015-12-31": 0.3, "2015-09-30": 0, "2015-06-30": 0, "2015-03-31": "", "2014-12-31": 0, "2014-09-30": 0, "2014-06-30": 0, "2014-03-31": "", "2013-12-31": 0, "2013-09-30": 0, "2013-06-30": 0, "2013-03-31": "", "2012-12-31": 0, "2012-09-30": 0, "2012-06-30": 0, "2012-03-31": "", "2011-12-31": 0, "2011-09-30": 0, "2011-06-30": 0, "2011-03-31": "", "2010-12-31": -8, "2010-09-30": 0, "2010-06-30": 8, "2010-03-31": "", "2009-12-31": -0.64, "2009-09-30": 0.192, "2009-06-30": 0.448, "2009-03-31": "", "2008-12-31": 0, "2008-09-30": 0, "2008-06-30": 0, "2008-03-31": "", "2007-12-31": 0.163, "2007-09-30": 0, "2007-06-30": 0, "2007-03-31": "26.45300", "2006-12-31": 0, "2006-09-30": 0, "2006-06-30": 0, "2006-03-31": "", "2005-12-31": 10.328, "2005-09-30": 0, "2005-06-30": 0, "2005-03-31": ""}, "Cash Flow From Investing Activities": {"2020-09-30": -24.1, "2020-06-30": 392.4, "2020-03-31": "-40.10000", "2019-12-31": 37.3, "2019-09-30": -48.2, "2019-06-30": -40.8, "2019-03-31": "-52.30000", "2018-12-31": -38.1, "2018-09-30": -26, "2018-06-30": -39.3, "2018-03-31": "-44.10000", "2017-12-31": -79.3, "2017-09-30": -29.9, "2017-06-30": -34, "2017-03-31": "-49.80000", "2016-12-31": -47.103, "2016-09-30": -40.629, "2016-06-30": -49.572, "2016-03-31": "-58.29600", "2015-12-31": -1728.317, "2015-09-30": -697.294, "2015-06-30": -52.98, "2015-03-31": "-55.30900", "2014-12-31": -65.65, "2014-09-30": -46.572, "2014-06-30": -319.923, "2014-03-31": "-30.62900", "2013-12-31": -48.786, "2013-09-30": -85.377, "2013-06-30": -65.45, "2013-03-31": "-35.35900", "2012-12-31": -89.912, "2012-09-30": -53.479, "2012-06-30": -100.304, "2012-03-31": "-45.23300", "2011-12-31": -18.098, "2011-09-30": -181.61, "2011-06-30": -272.403, "2011-03-31": "-32.08600", "2010-12-31": -104.758, "2010-09-30": -54.97, "2010-06-30": -22.068, "2010-03-31": "-63.68600", "2009-12-31": -214.048, "2009-09-30": -58.679, "2009-06-30": -51.357, "2009-03-31": "-26.10500", "2008-12-31": -50.674, "2008-09-30": -26.009, "2008-06-30": -38.25, "2008-03-31": "-17.99700", "2007-12-31": -46.909, "2007-09-30": -42.317, "2007-06-30": -48.281, "2007-03-31": "2.24600", "2006-12-31": -30.647, "2006-09-30": -27.218, "2006-06-30": -9.529, "2006-03-31": "-134.03100", "2005-12-31": -88.988, "2005-09-30": -18.611, "2005-06-30": -41.345, "2005-03-31": "-7.05700"}, "Net Long-Term Debt": {"2020-09-30": -120.4999, "2020-06-30": -509.9, "2020-03-31": "-37.00000", "2019-12-31": -95.1001, "2019-09-30": -87.1998, "2019-06-30": -0.7001, "2019-03-31": "31.00000", "2018-12-31": -54.3001, "2018-09-30": 173.6, "2018-06-30": -64.6999, "2018-03-31": "-55.60000", "2017-12-31": -24.7001, "2017-09-30": -112.5999, "2017-06-30": -11.6, "2017-03-31": "-108.60000", "2016-12-31": -74.2329, "2016-09-30": -113.6031, "2016-06-30": -382.149, "2016-03-31": "275.58500", "2015-12-31": 1697.5982, "2015-09-30": -164.9071, "2015-06-30": 59.9349, "2015-03-31": "-70.32600", "2014-12-31": -39.836, "2014-09-30": -41.104, "2014-06-30": 250.8799, "2014-03-31": "-68.20000", "2013-12-31": 14.887, "2013-09-30": 536.125, "2013-06-30": -198.911, "2013-03-31": "-382.89200", "2012-12-31": -318.776, "2012-09-30": -343.721, "2012-06-30": -322.845, "2012-03-31": "-9.21100", "2011-12-31": -231.89, "2011-09-30": -357.144, "2011-06-30": -715.859, "2011-03-31": "-110.60700", "2010-12-31": -269.4, "2010-09-30": -245.573, "2010-06-30": -453.362, "2010-03-31": "-27.53300", "2009-12-31": -1032.097, "2009-09-30": 165.807, "2009-06-30": 41.403, "2009-03-31": "-2.90800", "2008-12-31": -6.395, "2008-09-30": -4.039, "2008-06-30": 96.381, "2008-03-31": "-0.34000", "2007-12-31": 79.45, "2007-09-30": 0.774, "2007-06-30": -16.886, "2007-03-31": "-16.31100", "2006-12-31": 79.518, "2006-09-30": -1.404, "2006-06-30": -114.011, "2006-03-31": "100.81000", "2005-12-31": 101.152, "2005-09-30": -19.812, "2005-06-30": 23.377, "2005-03-31": "1.95900"}, "Net Current Debt": {"2020-09-30": 3, "2020-06-30": -1.6, "2020-03-31": "", "2019-12-31": 9.8, "2019-09-30": 2.3, "2019-06-30": -12.1, "2019-03-31": "", "2018-12-31": -0.9, "2018-09-30": 0.7, "2018-06-30": -5.3, "2018-03-31": "5.50000", "2017-12-31": -18.2, "2017-09-30": 20, "2017-06-30": -8.8, "2017-03-31": "7.00000", "2016-12-31": 0, "2016-09-30": 0, "2016-06-30": 353.52, "2016-03-31": "-353.52000", "2015-12-31": 4.3, "2015-09-30": 0, "2015-06-30": 0, "2015-03-31": "", "2014-12-31": 0, "2014-09-30": 0, "2014-06-30": 0, "2014-03-31": "", "2013-12-31": 0, "2013-09-30": -527.469, "2013-06-30": 236.337, "2013-03-31": "291.13200", "2012-12-31": 330.585, "2012-09-30": 250.32, "2012-06-30": 335.237, "2012-03-31": "-52.85600", "2011-12-31": 210.053, "2011-09-30": 499.889, "2011-06-30": 933.516, "2011-03-31": "", "2010-12-31": 341.869, "2010-09-30": 249.241, "2010-06-30": 391.818, "2010-03-31": "24.87300", "2009-12-31": 1176.088, "2009-09-30": -141.265, "2009-06-30": -46.65, "2009-03-31": "-25.11200", "2008-12-31": 29.111, "2008-09-30": -22.484, "2008-06-30": -59.026, "2008-03-31": "29.32600", "2007-12-31": -68.623, "2007-09-30": 19.481, "2007-06-30": 38.263, "2007-03-31": "10.87900", "2006-12-31": -69.592, "2006-09-30": -18.147, "2006-06-30": 89.11, "2006-03-31": "4.58200", "2005-12-31": 0, "2005-09-30": 0.093, "2005-06-30": 0, "2005-03-31": "0.64200"}, "Debt Issuance/Retirement Net - Total": {"2020-09-30": -117.4999, "2020-06-30": -511.5, "2020-03-31": "-37.00000", "2019-12-31": -85.3001, "2019-09-30": -84.8998, "2019-06-30": -12.8001, "2019-03-31": "31.00000", "2018-12-31": -55.2001, "2018-09-30": 174.3, "2018-06-30": -69.9999, "2018-03-31": "-50.10000", "2017-12-31": -42.9001, "2017-09-30": -92.5999, "2017-06-30": -20.4, "2017-03-31": "-101.60000", "2016-12-31": -74.2329, "2016-09-30": -113.6031, "2016-06-30": -28.629, "2016-03-31": "-77.93500", "2015-12-31": 1701.8982, "2015-09-30": -164.9071, "2015-06-30": 59.9349, "2015-03-31": "-70.32600", "2014-12-31": -39.836, "2014-09-30": -41.104, "2014-06-30": 250.8799, "2014-03-31": "-68.20000", "2013-12-31": 14.887, "2013-09-30": 8.656, "2013-06-30": 37.426, "2013-03-31": "-91.76000", "2012-12-31": 11.809, "2012-09-30": -93.401, "2012-06-30": 12.392, "2012-03-31": "-62.06700", "2011-12-31": -21.837, "2011-09-30": 142.745, "2011-06-30": 217.657, "2011-03-31": "-110.60700", "2010-12-31": 72.469, "2010-09-30": 3.668, "2010-06-30": -61.544, "2010-03-31": "-2.66000", "2009-12-31": 143.9909, "2009-09-30": 24.542, "2009-06-30": -5.247, "2009-03-31": "-28.02000", "2008-12-31": 22.716, "2008-09-30": -26.523, "2008-06-30": 37.355, "2008-03-31": "28.98600", "2007-12-31": 10.827, "2007-09-30": 20.255, "2007-06-30": 21.377, "2007-03-31": "-5.43200", "2006-12-31": 9.926, "2006-09-30": -19.551, "2006-06-30": -24.901, "2006-03-31": "105.39200", "2005-12-31": 101.152, "2005-09-30": -19.719, "2005-06-30": 23.377, "2005-03-31": "2.60100"}, "Net Common Equity Issued/Repurchased": {"2020-09-30": 0.2, "2020-06-30": 0.1, "2020-03-31": "-1.20000", "2019-12-31": 3.7, "2019-09-30": 2.3, "2019-06-30": 13.6, "2019-03-31": "0.30000", "2018-12-31": 0, "2018-09-30": 11.3, "2018-06-30": 5.1, "2018-03-31": "3.70000", "2017-12-31": 5.2, "2017-09-30": 0.6, "2017-06-30": 0.9, "2017-03-31": "3.50000", "2016-12-31": 1.787, "2016-09-30": 5.419, "2016-06-30": 4.877, "2016-03-31": "-15.38300", "2015-12-31": -21, "2015-09-30": -3.559, "2015-06-30": -61.877, "2015-03-31": "15.93600", "2014-12-31": -19.114, "2014-09-30": -7.109, "2014-06-30": -47.732, "2014-03-31": "-68.25900", "2013-12-31": -40.651, "2013-09-30": -38.196, "2013-06-30": -49.263, "2013-03-31": "6.75500", "2012-12-31": -25.501, "2012-09-30": 16.429, "2012-06-30": 15.956, "2012-03-31": "9.54900", "2011-12-31": -42.056, "2011-09-30": -73.481, "2011-06-30": 7.956, "2011-03-31": "14.81100", "2010-12-31": -39.063, "2010-09-30": -6.439, "2010-06-30": 7.495, "2010-03-31": "-6.42100", "2009-12-31": -2.504, "2009-09-30": -37.448, "2009-06-30": 3.441, "2009-03-31": "-24.25300", "2008-12-31": -23.881, "2008-09-30": -14.16, "2008-06-30": -34.471, "2008-03-31": "-76.98700", "2007-12-31": -3.377, "2007-09-30": -34.545, "2007-06-30": -6.192, "2007-03-31": "-42.99600", "2006-12-31": -13.355, "2006-09-30": -6.997, "2006-06-30": -0.254, "2006-03-31": "-5.68700", "2005-12-31": -10.198, "2005-09-30": -3.521, "2005-06-30": -5.407, "2005-03-31": "-27.30100"}, "Net Total Equity Issued/Repurchased": {"2020-09-30": 0.2, "2020-06-30": 0.1, "2020-03-31": "-1.20000", "2019-12-31": 3.7, "2019-09-30": 2.3, "2019-06-30": 13.6, "2019-03-31": "0.30000", "2018-12-31": 0, "2018-09-30": 8.9, "2018-06-30": -2.3, "2018-03-31": "-3.70000", "2017-12-31": 1.8, "2017-09-30": -8.1, "2017-06-30": -11.6, "2017-03-31": "-6.10000", "2016-12-31": -4.85, "2016-09-30": -13.819, "2016-06-30": -0.148, "2016-03-31": "-15.38300", "2015-12-31": -21, "2015-09-30": 743.341, "2015-06-30": -61.877, "2015-03-31": "15.93600", "2014-12-31": -19.114, "2014-09-30": -7.109, "2014-06-30": -47.732, "2014-03-31": "-68.25900", "2013-12-31": -40.651, "2013-09-30": -38.196, "2013-06-30": -49.263, "2013-03-31": "6.75500", "2012-12-31": -25.501, "2012-09-30": 16.429, "2012-06-30": 15.956, "2012-03-31": "9.54900", "2011-12-31": -42.056, "2011-09-30": -73.481, "2011-06-30": 7.956, "2011-03-31": "14.81100", "2010-12-31": -39.063, "2010-09-30": -6.439, "2010-06-30": 7.495, "2010-03-31": "-6.42100", "2009-12-31": -2.504, "2009-09-30": -37.448, "2009-06-30": 3.441, "2009-03-31": "-24.25300", "2008-12-31": -23.881, "2008-09-30": -14.16, "2008-06-30": -34.471, "2008-03-31": "-76.98700", "2007-12-31": -3.377, "2007-09-30": -34.545, "2007-06-30": -6.192, "2007-03-31": "-42.99600", "2006-12-31": -13.355, "2006-09-30": -6.997, "2006-06-30": -0.254, "2006-03-31": "-5.68700", "2005-12-31": -10.198, "2005-09-30": -3.521, "2005-06-30": -5.407, "2005-03-31": "-27.30100"}, "Total Common And Preferred Stock Dividends Paid": {"2020-09-30": 0, "2020-06-30": 0, "2020-03-31": "", "2019-12-31": 0, "2019-09-30": 0, "2019-06-30": 0, "2019-03-31": "", "2018-12-31": 0, "2018-09-30": -8.4, "2018-06-30": -8.3, "2018-03-31": "-8.80000", "2017-12-31": -8.8, "2017-09-30": -8.9, "2017-06-30": -9.2, "2017-03-31": "-9.40000", "2016-12-31": -9.547, "2016-09-30": -9.726, "2016-06-30": -10.021, "2016-03-31": "-10.10600", "2015-12-31": -10.1, "2015-09-30": 0, "2015-06-30": 0, "2015-03-31": "", "2014-12-31": 0, "2014-09-30": 0, "2014-06-30": 0, "2014-03-31": "", "2013-12-31": 0, "2013-09-30": 0, "2013-06-30": 0, "2013-03-31": "", "2012-12-31": 0.398, "2012-09-30": -0.398, "2012-06-30": 0, "2012-03-31": "", "2011-12-31": 0, "2011-09-30": 0, "2011-06-30": 0, "2011-03-31": "", "2010-12-31": 0, "2010-09-30": 0, "2010-06-30": 0, "2010-03-31": "", "2009-12-31": 0, "2009-09-30": 0, "2009-06-30": 0, "2009-03-31": "", "2008-12-31": 0, "2008-09-30": 0, "2008-06-30": 0, "2008-03-31": "", "2007-12-31": 0, "2007-09-30": 0, "2007-06-30": 0, "2007-03-31": "", "2006-12-31": 0, "2006-09-30": 0, "2006-06-30": 0, "2006-03-31": "", "2005-12-31": 0, "2005-09-30": 0, "2005-06-30": 0, "2005-03-31": ""}, "Financial Activities - Other": {"2020-09-30": 0, "2020-06-30": 0, "2020-03-31": "-1.40000", "2019-12-31": 0, "2019-09-30": -0.7, "2019-06-30": -8.8, "2019-03-31": "", "2018-12-31": -1.9, "2018-09-30": -0.2, "2018-06-30": 0, "2018-03-31": "", "2017-12-31": 0, "2017-09-30": -2.7, "2017-06-30": -0.7, "2017-03-31": "", "2016-12-31": -1.234, "2016-09-30": -0.605, "2016-06-30": -1.964, "2016-03-31": "-4.99700", "2015-12-31": -8.914, "2015-09-30": 1.951, "2015-06-30": 2.677, "2015-03-31": "-3.21400", "2014-12-31": 2.69, "2014-09-30": 3.667, "2014-06-30": 0.431, "2014-03-31": "3.63700", "2013-12-31": 4.791, "2013-09-30": 2.963, "2013-06-30": 4.17, "2013-03-31": "4.20300", "2012-12-31": 7.779, "2012-09-30": 4.164, "2012-06-30": 6.304, "2012-03-31": "5.06100", "2011-12-31": -10.19, "2011-09-30": -1.675, "2011-06-30": 6.457, "2011-03-31": "8.09200", "2010-12-31": 6.736, "2010-09-30": -1.236, "2010-06-30": 12.267, "2010-03-31": "1.16300", "2009-12-31": 10.533, "2009-09-30": -2.926, "2009-06-30": -0.601, "2009-03-31": "0.26400", "2008-12-31": 3.154, "2008-09-30": 1.642, "2008-06-30": 4.31, "2008-03-31": "-0.02300", "2007-12-31": 4.034, "2007-09-30": 0.97, "2007-06-30": 1.868, "2007-03-31": "0.57600", "2006-12-31": 0.644, "2006-09-30": 4.189, "2006-06-30": 0.885, "2006-03-31": "2.25600", "2005-12-31": -1.387, "2005-09-30": 0, "2005-06-30": -0.097, "2005-03-31": ""}, "Cash Flow From Financial Activities": {"2020-09-30": -117.3, "2020-06-30": -511.4, "2020-03-31": "-39.60000", "2019-12-31": -81.6, "2019-09-30": -83.3, "2019-06-30": -8, "2019-03-31": "31.30000", "2018-12-31": -57.1, "2018-09-30": 174.6, "2018-06-30": -80.6, "2018-03-31": "-62.60000", "2017-12-31": -49.9, "2017-09-30": -112.3, "2017-06-30": -41.9, "2017-03-31": "-117.10000", "2016-12-31": -89.864, "2016-09-30": -137.753, "2016-06-30": -40.762, "2016-03-31": "-108.42100", "2015-12-31": 1661.884, "2015-09-30": 580.385, "2015-06-30": 0.735, "2015-03-31": "-57.60400", "2014-12-31": -56.26, "2014-09-30": -44.546, "2014-06-30": 203.579, "2014-03-31": "-132.82200", "2013-12-31": -20.973, "2013-09-30": -26.577, "2013-06-30": -7.667, "2013-03-31": "-80.80200", "2012-12-31": -5.515, "2012-09-30": -73.206, "2012-06-30": 34.652, "2012-03-31": "-47.45700", "2011-12-31": -74.083, "2011-09-30": 67.589, "2011-06-30": 232.07, "2011-03-31": "-87.70400", "2010-12-31": 40.142, "2010-09-30": -4.007, "2010-06-30": -41.782, "2010-03-31": "-7.91800", "2009-12-31": 152.02, "2009-09-30": -15.832, "2009-06-30": -2.407, "2009-03-31": "-52.00900", "2008-12-31": 1.989, "2008-09-30": -39.041, "2008-06-30": 7.194, "2008-03-31": "-48.02400", "2007-12-31": 11.484, "2007-09-30": -13.32, "2007-06-30": 17.053, "2007-03-31": "-47.85200", "2006-12-31": -2.785, "2006-09-30": -22.359, "2006-06-30": -24.27, "2006-03-31": "101.96100", "2005-12-31": 89.567, "2005-09-30": -23.24, "2005-06-30": 17.873, "2005-03-31": "-24.70000"}, "Net Cash Flow": {"2020-09-30": 17.4, "2020-06-30": 6, "2020-03-31": "1.30000", "2019-12-31": 3.9, "2019-09-30": -3.7, "2019-06-30": -13.7, "2019-03-31": "13.90000", "2018-12-31": -17.7, "2018-09-30": 7, "2018-06-30": -4.4, "2018-03-31": "7.20000", "2017-12-31": -10, "2017-09-30": 8, "2017-06-30": -2.8, "2017-03-31": "2.80000", "2016-12-31": 3.943, "2016-09-30": -4.029, "2016-06-30": -1.335, "2016-03-31": "-9.97900", "2015-12-31": 22.753, "2015-09-30": -0.073, "2015-06-30": -5.327, "2015-03-31": "16.04700", "2014-12-31": -19.749, "2014-09-30": 16.659, "2014-06-30": -24.282, "2014-03-31": "-17.55900", "2013-12-31": -0.555, "2013-09-30": 46.287, "2013-06-30": 5.377, "2013-03-31": "-18.60200", "2012-12-31": 18.455, "2012-09-30": -38.008, "2012-06-30": 23.951, "2012-03-31": "7.75100", "2011-12-31": -0.884, "2011-09-30": -17.027, "2011-06-30": 13.543, "2011-03-31": "-52.39700", "2010-12-31": 58.649, "2010-09-30": 12.376, "2010-06-30": -14.635, "2010-03-31": "7.11900", "2009-12-31": 1.481, "2009-09-30": 11.604, "2009-06-30": -6.414, "2009-03-31": "0.00100", "2008-12-31": 2.052, "2008-09-30": -5.352, "2008-06-30": 1.19, "2008-03-31": "-5.90300", "2007-12-31": 9.405, "2007-09-30": 5.996, "2007-06-30": -16.387, "2007-03-31": "4.60200", "2006-12-31": 9.312, "2006-09-30": -0.428, "2006-06-30": -3.153, "2006-03-31": "-0.06400", "2005-12-31": 4.03, "2005-09-30": -6.998, "2005-06-30": -2.365, "2005-03-31": "5.30800"}, "Stock-Based Compensation": {"2020-09-30": 7.4, "2020-06-30": 7.8, "2020-03-31": "5.10000", "2019-12-31": 3.4, "2019-09-30": 3.7, "2019-06-30": 5.7, "2019-03-31": "4.30000", "2018-12-31": 4.6, "2018-09-30": 6.7, "2018-06-30": 5.7, "2018-03-31": "7.10000", "2017-12-31": 4, "2017-09-30": 5.4, "2017-06-30": 5.9, "2017-03-31": "6.00000", "2016-12-31": 3.829, "2016-09-30": 5.114, "2016-06-30": 5.452, "2016-03-31": "6.10500", "2015-12-31": 5.542, "2015-09-30": 5.254, "2015-06-30": 5.417, "2015-03-31": "5.48700", "2014-12-31": 4.408, "2014-09-30": 4.241, "2014-06-30": 4.452, "2014-03-31": "4.67200", "2013-12-31": 5.369, "2013-09-30": 4.145, "2013-06-30": 3.896, "2013-03-31": "4.04700", "2012-12-31": 3.993, "2012-09-30": 4.129, "2012-06-30": 4.132, "2012-03-31": "4.08500", "2011-12-31": 3.804, "2011-09-30": 3.845, "2011-06-30": 3.855, "2011-03-31": "3.86300", "2010-12-31": 3.857, "2010-09-30": 3.7, "2010-06-30": 3.867, "2010-03-31": "3.87400", "2009-12-31": 3.777, "2009-09-30": 3.769, "2009-06-30": 3.631, "2009-03-31": "3.46100", "2008-12-31": 2.875, "2008-09-30": 2.893, "2008-06-30": 2.923, "2008-03-31": "3.06400", "2007-12-31": 2.859, "2007-09-30": 2.781, "2007-06-30": 2.624, "2007-03-31": "2.45000", "2006-12-31": 2.683, "2006-09-30": 2.653, "2006-06-30": 2.685, "2006-03-31": "2.58900", "2005-12-31": 0.009, "2005-09-30": 0, "2005-06-30": 0, "2005-03-31": "0.01800"}, "Common Stock Dividends Paid": {"2020-09-30": 0, "2020-06-30": 0, "2020-03-31": "", "2019-12-31": 0, "2019-09-30": 0, "2019-06-30": 0, "2019-03-31": "", "2018-12-31": 0, "2018-09-30": 0, "2018-06-30": 0, "2018-03-31": "", "2017-12-31": 0, "2017-09-30": 0, "2017-06-30": 0, "2017-03-31": "", "2016-12-31": 0, "2016-09-30": 0, "2016-06-30": 0, "2016-03-31": "", "2015-12-31": 0, "2015-09-30": 0, "2015-06-30": 0, "2015-03-31": "", "2014-12-31": 0, "2014-09-30": 0, "2014-06-30": 0, "2014-03-31": "", "2013-12-31": 0, "2013-09-30": 0, "2013-06-30": 0, "2013-03-31": "", "2012-12-31": 0.398, "2012-09-30": -0.398, "2012-06-30": 0, "2012-03-31": "", "2011-12-31": 0, "2011-09-30": 0, "2011-06-30": 0, "2011-03-31": "", "2010-12-31": 0, "2010-09-30": 0, "2010-06-30": 0, "2010-03-31": "", "2009-12-31": 0, "2009-09-30": 0, "2009-06-30": 0, "2009-03-31": "", "2008-12-31": 0, "2008-09-30": 0, "2008-06-30": 0, "2008-03-31": "", "2007-12-31": 0, "2007-09-30": 0, "2007-06-30": 0, "2007-03-31": "", "2006-12-31": 0, "2006-09-30": 0, "2006-06-30": 0, "2006-03-31": "", "2005-12-31": 0, "2005-09-30": 0, "2005-06-30": 0, "2005-03-31": ""}}, "financial ratios": {"Current Ratio": {"2019-12-31": "0.93350", "2018-12-31": "1.01920", "2017-12-31": "0.83910", "2016-12-31": "1.42490", "2015-12-31": "1.29710", "2014-12-31": "1.19740", "2013-12-31": "1.29810", "2012-12-31": "1.33290", "2011-12-31": "1.19480", "2010-12-31": "1.19510", "2009-12-31": "1.05900", "2008-12-31": "1.24930", "2007-12-31": "1.40450", "2006-12-31": "1.53910", "2005-12-31": "1.45850"}, "Long-term Debt / Capital": {"2019-12-31": "0.52290", "2018-12-31": "0.50630", "2017-12-31": "0.47350", "2016-12-31": "0.50530", "2015-12-31": "0.52530", "2014-12-31": "0.44340", "2013-12-31": "0.42010", "2012-12-31": "0.44890", "2011-12-31": "0.51130", "2010-12-31": "0.48420", "2009-12-31": "0.51520", "2008-12-31": "0.52920", "2007-12-31": "0.46220", "2006-12-31": "0.41480", "2005-12-31": "0.40070"}, "Debt/Equity Ratio": {"2019-12-31": "1.14120", "2018-12-31": "1.07160", "2017-12-31": "0.94270", "2016-12-31": "1.04900", "2015-12-31": "1.16520", "2014-12-31": "0.86540", "2013-12-31": "0.80960", "2012-12-31": "0.87080", "2011-12-31": "1.12820", "2010-12-31": "1.02340", "2009-12-31": "1.15360", "2008-12-31": "1.18200", "2007-12-31": "0.89040", "2006-12-31": "0.74520", "2005-12-31": "0.69180"}, "Gross Margin": {"2019-12-31": "35.49520", "2018-12-31": "39.47330", "2017-12-31": "40.84400", "2016-12-31": "41.73990", "2015-12-31": "42.02420", "2014-12-31": "42.82400", "2013-12-31": "45.01730", "2012-12-31": "44.81120", "2011-12-31": "45.38920", "2010-12-31": "46.36880", "2009-12-31": "46.90320", "2008-12-31": "44.75760", "2007-12-31": "44.80440", "2006-12-31": "44.30730", "2005-12-31": "43.97960"}, "Operating Margin": {"2019-12-31": "-6.40390", "2018-12-31": "-4.62150", "2017-12-31": "-0.21220", "2016-12-31": "12.17750", "2015-12-31": "16.33010", "2014-12-31": "21.76930", "2013-12-31": "24.99610", "2012-12-31": "24.50600", "2011-12-31": "25.31620", "2010-12-31": "25.75280", "2009-12-31": "26.76230", "2008-12-31": "25.30630", "2007-12-31": "24.07290", "2006-12-31": "25.55120", "2005-12-31": "27.32460"}, "EBIT Margin": {"2019-12-31": "-6.40390", "2018-12-31": "-4.62150", "2017-12-31": "-0.21220", "2016-12-31": "12.17750", "2015-12-31": "16.33010", "2014-12-31": "21.76930", "2013-12-31": "24.99610", "2012-12-31": "24.50600", "2011-12-31": "25.31620", "2010-12-31": "25.75280", "2009-12-31": "26.76230", "2008-12-31": "25.30630", "2007-12-31": "24.07290", "2006-12-31": "25.55120", "2005-12-31": "27.32460"}, "EBITDA Margin": {"2019-12-31": "8.74010", "2018-12-31": "13.00960", "2017-12-31": "8.57100", "2016-12-31": "19.26560", "2015-12-31": "20.59680", "2014-12-31": "25.86290", "2013-12-31": "29.12190", "2012-12-31": "28.49330", "2011-12-31": "29.25670", "2010-12-31": "29.49640", "2009-12-31": "30.15780", "2008-12-31": "28.45740", "2007-12-31": "27.41100", "2006-12-31": "28.97510", "2005-12-31": "30.84110"}, "Pre-Tax Profit Margin": {"2019-12-31": "-10.96440", "2018-12-31": "-7.90040", "2017-12-31": "-3.01340", "2016-12-31": "9.21030", "2015-12-31": "13.76130", "2014-12-31": "19.07840", "2013-12-31": "22.29530", "2012-12-31": "21.80680", "2011-12-31": "22.21440", "2010-12-31": "23.05520", "2009-12-31": "23.57810", "2008-12-31": "22.06070", "2007-12-31": "20.53190", "2006-12-31": "21.85490", "2005-12-31": "18.37370"}, "Net Profit Margin": {"2019-12-31": "-10.48080", "2018-12-31": "-7.26640", "2017-12-31": "0.65350", "2016-12-31": "5.00240", "2015-12-31": "8.60380", "2014-12-31": "12.77410", "2013-12-31": "14.53100", "2012-12-31": "14.00810", "2011-12-31": "14.00620", "2010-12-31": "14.44220", "2009-12-31": "14.91770", "2008-12-31": "13.72250", "2007-12-31": "12.69110", "2006-12-31": "13.33140", "2005-12-31": "11.01870"}, "Asset Turnover": {"2019-12-31": "0.51400", "2018-12-31": "0.54000", "2017-12-31": "0.51240", "2016-12-31": "0.51040", "2015-12-31": "0.42260", "2014-12-31": "0.58440", "2013-12-31": "0.55110", "2012-12-31": "0.53940", "2011-12-31": "0.52750", "2010-12-31": "0.54540", "2009-12-31": "0.53960", "2008-12-31": "0.61600", "2007-12-31": "0.58000", "2006-12-31": "0.59460", "2005-12-31": "0.58170"}, "Inventory Turnover Ratio": {"2019-12-31": "", "2018-12-31": "", "2017-12-31": "", "2016-12-31": "", "2015-12-31": "", "2014-12-31": "", "2013-12-31": "", "2012-12-31": "", "2011-12-31": "", "2010-12-31": "", "2009-12-31": "", "2008-12-31": "", "2007-12-31": "", "2006-12-31": "", "2005-12-31": "64.87180"}, "Receiveable Turnover": {"2019-12-31": "6.07920", "2018-12-31": "5.81370", "2017-12-31": "5.73740", "2016-12-31": "5.61080", "2015-12-31": "4.85910", "2014-12-31": "5.49030", "2013-12-31": "5.50860", "2012-12-31": "5.93690", "2011-12-31": "5.76250", "2010-12-31": "6.69800", "2009-12-31": "6.55130", "2008-12-31": "6.42760", "2007-12-31": "5.92480", "2006-12-31": "6.05760", "2005-12-31": "5.87690"}, "Days Sales In Receivables": {"2019-12-31": "60.04100", "2018-12-31": "62.78260", "2017-12-31": "63.61790", "2016-12-31": "65.05310", "2015-12-31": "75.11650", "2014-12-31": "66.48050", "2013-12-31": "66.26050", "2012-12-31": "61.47970", "2011-12-31": "63.34050", "2010-12-31": "54.49410", "2009-12-31": "55.71370", "2008-12-31": "56.78650", "2007-12-31": "61.60570", "2006-12-31": "60.25450", "2005-12-31": "62.10710"}, "ROE - Return On Equity": {"2019-12-31": "-14.81990", "2018-12-31": "-9.45670", "2017-12-31": "1.47840", "2016-12-31": "7.38180", "2015-12-31": "9.75320", "2014-12-31": "17.11600", "2013-12-31": "17.71300", "2012-12-31": "17.33370", "2011-12-31": "19.33940", "2010-12-31": "19.48040", "2009-12-31": "20.57800", "2008-12-31": "22.18350", "2007-12-31": "16.61630", "2006-12-31": "16.84100", "2005-12-31": "12.87380"}, "Return On Tangible Equity": {"2019-12-31": "16.71580", "2018-12-31": "10.85380", "2017-12-31": "-1.72910", "2016-12-31": "-7.88520", "2015-12-31": "-9.39400", "2014-12-31": "-23.25150", "2013-12-31": "-26.44110", "2012-12-31": "-22.96880", "2011-12-31": "-19.24810", "2010-12-31": "-23.63120", "2009-12-31": "-21.87440", "2008-12-31": "-23.40040", "2007-12-31": "-25.14120", "2006-12-31": "-34.54070", "2005-12-31": "-29.82290"}, "ROA - Return On Assets": {"2019-12-31": "-5.37520", "2018-12-31": "-3.80450", "2017-12-31": "0.61530", "2016-12-31": "2.97850", "2015-12-31": "3.79330", "2014-12-31": "7.50340", "2013-12-31": "8.05260", "2012-12-31": "7.61100", "2011-12-31": "7.47050", "2010-12-31": "7.97480", "2009-12-31": "8.08080", "2008-12-31": "8.45630", "2007-12-31": "7.37820", "2006-12-31": "7.92750", "2005-12-31": "6.40990"}, "ROI - Return On Investment": {"2019-12-31": "-7.06990", "2018-12-31": "-4.66830", "2017-12-31": "0.77840", "2016-12-31": "3.65140", "2015-12-31": "4.63010", "2014-12-31": "9.52690", "2013-12-31": "10.27110", "2012-12-31": "9.55330", "2011-12-31": "9.45080", "2010-12-31": "10.04770", "2009-12-31": "9.97680", "2008-12-31": "10.44390", "2007-12-31": "8.93570", "2006-12-31": "9.85490", "2005-12-31": "7.71460"}, "Book Value Per Share": {"2019-12-31": "25.59980", "2018-12-31": "28.63400", "2017-12-31": "34.01870", "2016-12-31": "33.05630", "2015-12-31": "32.38350", "2014-12-31": "22.58590", "2013-12-31": "20.67300", "2012-12-31": "18.11090", "2011-12-31": "14.49010", "2010-12-31": "12.67390", "2009-12-31": "10.11830", "2008-12-31": "7.86640", "2007-12-31": "8.16920", "2006-12-31": "7.06270", "2005-12-31": "5.90750"}, "Operating Cash Flow Per Share": {"2019-12-31": 0.8229, "2018-12-31": -4.0392, "2017-12-31": -0.6098, "2016-12-31": 2.0723, "2015-12-31": -0.7219, "2014-12-31": 0.5632, "2013-12-31": 0.147, "2012-12-31": 0.9872, "2011-12-31": -0.2413, "2010-12-31": 0.5488, "2009-12-31": 0.8125, "2008-12-31": 0.4484, "2007-12-31": 0.166, "2006-12-31": 0.7283, "2005-12-31": 1.0409}, "Free Cash Flow Per Share": {"2019-12-31": 0.1905, "2018-12-31": -3.8703, "2017-12-31": -0.6893, "2016-12-31": 1.813, "2015-12-31": -1.0506, "2014-12-31": 0.3967, "2013-12-31": 0.06, "2012-12-31": 0.8477, "2011-12-31": -0.2958, "2010-12-31": 0.4532, "2009-12-31": 0.8905, "2008-12-31": 0.4485, "2007-12-31": 0.021, "2006-12-31": 0.6222, "2005-12-31": 0.7539}}, "financial ratios, quarterly": {"Current Ratio": {"2020-09-30": "0.82360", "2020-06-30": "0.89750", "2020-03-31": "1.47000", "2019-12-31": "0.93350", "2019-09-30": "0.94320", "2019-06-30": "1.04450", "2019-03-31": "1.01980", "2018-12-31": "1.01920", "2018-09-30": "1.07180", "2018-06-30": "0.81220", "2018-03-31": "0.81070", "2017-12-31": "0.83910", "2017-09-30": "0.81700", "2017-06-30": "0.86980", "2017-03-31": "1.31120", "2016-12-31": "1.42490", "2016-09-30": "1.43930", "2016-06-30": "1.48980", "2016-03-31": "1.37080", "2015-12-31": "1.29710", "2015-09-30": "2.47120", "2015-06-30": "1.29520", "2015-03-31": "1.23560", "2014-12-31": "1.19740", "2014-09-30": "1.15010", "2014-06-30": "1.15960", "2014-03-31": "1.24730", "2013-12-31": "1.29810", "2013-09-30": "1.28270", "2013-06-30": "1.48990", "2013-03-31": "1.36730", "2012-12-31": "1.33290", "2012-09-30": "0.80060", "2012-06-30": "1.44420", "2012-03-31": "1.27940", "2011-12-31": "1.19480", "2011-09-30": "1.16650", "2011-06-30": "1.38500", "2011-03-31": "1.15540", "2010-12-31": "1.19510", "2010-09-30": "1.15980", "2010-06-30": "1.03460", "2010-03-31": "1.11490", "2009-12-31": "1.05900", "2009-09-30": "1.08900", "2009-06-30": "1.25960", "2009-03-31": "1.20880", "2008-12-31": "1.24930", "2008-09-30": "1.30570", "2008-06-30": "1.31160", "2008-03-31": "1.27720", "2007-12-31": "1.40450", "2007-09-30": "1.45240", "2007-06-30": "1.50560", "2007-03-31": "1.30920", "2006-12-31": "1.53910", "2006-09-30": "1.21730", "2006-06-30": "1.49200", "2006-03-31": "1.53610", "2005-12-31": "1.45850", "2005-09-30": "1.42550", "2005-06-30": "1.63490", "2005-03-31": "1.24450"}, "Long-term Debt / Capital": {"2020-09-30": "0.44550", "2020-06-30": "0.46540", "2020-03-31": "0.52490", "2019-12-31": "0.52290", "2019-09-30": "0.51370", "2019-06-30": "0.51280", "2019-03-31": "0.51250", "2018-12-31": "0.50630", "2018-09-30": "0.48130", "2018-06-30": "0.46640", "2018-03-31": "0.46700", "2017-12-31": "0.47350", "2017-09-30": "0.48300", "2017-06-30": "0.49900", "2017-03-31": "0.48890", "2016-12-31": "0.50530", "2016-09-30": "0.50540", "2016-06-30": "0.51540", "2016-03-31": "0.51870", "2015-12-31": "0.52530", "2015-09-30": "0.34020", "2015-06-30": "0.43700", "2015-03-31": "0.42850", "2014-12-31": "0.44340", "2014-09-30": "0.44580", "2014-06-30": "0.45780", "2014-03-31": "0.41100", "2013-12-31": "0.42010", "2013-09-30": "0.42920", "2013-06-30": "0.43040", "2013-03-31": "0.42330", "2012-12-31": "0.44890", "2012-09-30": "0.40370", "2012-06-30": "0.48000", "2012-03-31": "0.48510", "2011-12-31": "0.51130", "2011-09-30": "0.51850", "2011-06-30": "0.48230", "2011-03-31": "0.43890", "2010-12-31": "0.48420", "2010-09-30": "0.45440", "2010-06-30": "0.46740", "2010-03-31": "0.50470", "2009-12-31": "0.51520", "2009-09-30": "0.49400", "2009-06-30": "0.49170", "2009-03-31": "0.51250", "2008-12-31": "0.52920", "2008-09-30": "0.50290", "2008-06-30": "0.51170", "2008-03-31": "0.49200", "2007-12-31": "0.46220", "2007-09-30": "0.45380", "2007-06-30": "0.43930", "2007-03-31": "0.42220", "2006-12-31": "0.41480", "2006-09-30": "0.41110", "2006-06-30": "0.44300", "2006-03-31": "0.46570", "2005-12-31": "0.40070", "2005-09-30": "0.30660", "2005-06-30": "0.32580", "2005-03-31": "0.27840"}, "Debt/Equity Ratio": {"2020-09-30": "0.85490", "2020-06-30": "0.92040", "2020-03-31": "1.15030", "2019-12-31": "1.14120", "2019-09-30": "1.10320", "2019-06-30": "1.09930", "2019-03-31": "1.09380", "2018-12-31": "1.07160", "2018-09-30": "0.96770", "2018-06-30": "0.91480", "2018-03-31": "0.92160", "2017-12-31": "0.94270", "2017-09-30": "0.98570", "2017-06-30": "1.03640", "2017-03-31": "0.98990", "2016-12-31": "1.04900", "2016-09-30": "1.05390", "2016-06-30": "1.10230", "2016-03-31": "1.11840", "2015-12-31": "1.16520", "2015-09-30": "0.55440", "2015-06-30": "0.84160", "2015-03-31": "0.80790", "2014-12-31": "0.86540", "2014-09-30": "0.89210", "2014-06-30": "0.92600", "2014-03-31": "0.76750", "2013-12-31": "0.80960", "2013-09-30": "0.81450", "2013-06-30": "0.79940", "2013-03-31": "0.78300", "2012-12-31": "0.87080", "2012-09-30": "0.86890", "2012-06-30": "0.98230", "2012-03-31": "1.01060", "2011-12-31": "1.12820", "2011-09-30": "1.15520", "2011-06-30": "0.98580", "2011-03-31": "0.85320", "2010-12-31": "1.02340", "2010-09-30": "0.92470", "2010-06-30": "0.97190", "2010-03-31": "1.09300", "2009-12-31": "1.15360", "2009-09-30": "1.04990", "2009-06-30": "1.02470", "2009-03-31": "1.10890", "2008-12-31": "1.18200", "2008-09-30": "1.06120", "2008-06-30": "1.09110", "2008-03-31": "1.00170", "2007-12-31": "0.89040", "2007-09-30": "0.85600", "2007-06-30": "0.80550", "2007-03-31": "0.76900", "2006-12-31": "0.74520", "2006-09-30": "0.74610", "2006-06-30": "0.81960", "2006-03-31": "0.89850", "2005-12-31": "0.69180", "2005-09-30": "0.46490", "2005-06-30": "0.49960", "2005-03-31": "0.42420"}, "Gross Margin": {"2020-09-30": "42.00190", "2020-06-30": "38.39850", "2020-03-31": "36.50960", "2019-12-31": "34.94190", "2019-09-30": "35.44590", "2019-06-30": "35.77680", "2019-03-31": "35.79090", "2018-12-31": "38.54820", "2018-09-30": "39.24440", "2018-06-30": "39.99770", "2018-03-31": "40.05590", "2017-12-31": "38.74750", "2017-09-30": "41.69690", "2017-06-30": "41.59310", "2017-03-31": "41.31560", "2016-12-31": "40.46140", "2016-09-30": "42.23540", "2016-06-30": "42.35440", "2016-03-31": "41.93410", "2015-12-31": "41.53680", "2015-09-30": "41.70290", "2015-06-30": "42.59170", "2015-03-31": "42.41260", "2014-12-31": "42.09620", "2014-09-30": "41.72460", "2014-06-30": "42.96110", "2014-03-31": "44.82270", "2013-12-31": "44.60040", "2013-09-30": "45.15760", "2013-06-30": "45.17390", "2013-03-31": "45.17170", "2012-12-31": "45.06330", "2012-09-30": "44.86190", "2012-06-30": "44.67170", "2012-03-31": "44.62450", "2011-12-31": "45.12710", "2011-09-30": "45.15190", "2011-06-30": "45.49770", "2011-03-31": "45.82220", "2010-12-31": "39.17590", "2010-09-30": "48.89230", "2010-06-30": "49.23130", "2010-03-31": "49.11050", "2009-12-31": "40.40480", "2009-09-30": "49.54540", "2009-06-30": "49.65980", "2009-03-31": "48.53880", "2008-12-31": "38.93460", "2008-09-30": "46.65820", "2008-06-30": "46.57970", "2008-03-31": "46.96650", "2007-12-31": "38.04370", "2007-09-30": "47.41390", "2007-06-30": "47.35680", "2007-03-31": "47.11230", "2006-12-31": "37.54390", "2006-09-30": "47.01550", "2006-06-30": "46.63800", "2006-03-31": "46.53080", "2005-12-31": "37.21950", "2005-09-30": "46.78470", "2005-06-30": "46.45390", "2005-03-31": "46.30740"}, "Operating Margin": {"2020-09-30": "-8.76810", "2020-06-30": "4.16250", "2020-03-31": "-3.87260", "2019-12-31": "-24.81560", "2019-09-30": "-4.14120", "2019-06-30": "2.99120", "2019-03-31": "-0.50600", "2018-12-31": "-40.56520", "2018-09-30": "7.98920", "2018-06-30": "7.06440", "2018-03-31": "6.04470", "2017-12-31": "-2.63570", "2017-09-30": "10.60260", "2017-06-30": "-20.95460", "2017-03-31": "12.83060", "2016-12-31": "7.57450", "2016-09-30": "13.98840", "2016-06-30": "11.18280", "2016-03-31": "16.12060", "2015-12-31": "16.94560", "2015-09-30": "17.91770", "2015-06-30": "21.62450", "2015-03-31": "8.07350", "2014-12-31": "20.49830", "2014-09-30": "20.89250", "2014-06-30": "22.68620", "2014-03-31": "23.27530", "2013-12-31": "23.79060", "2013-09-30": "25.32740", "2013-06-30": "25.35870", "2013-03-31": "25.61230", "2012-12-31": "23.88620", "2012-09-30": "23.83990", "2012-06-30": "25.10440", "2012-03-31": "25.27010", "2011-12-31": "25.83860", "2011-09-30": "24.84200", "2011-06-30": "24.83870", "2011-03-31": "25.72380", "2010-12-31": "23.86700", "2010-09-30": "26.45790", "2010-06-30": "26.91660", "2010-03-31": "25.99580", "2009-12-31": "26.12600", "2009-09-30": "26.70360", "2009-06-30": "27.49700", "2009-03-31": "26.77830", "2008-12-31": "26.39200", "2008-09-30": "25.80600", "2008-06-30": "25.53260", "2008-03-31": "23.34840", "2007-12-31": "18.77840", "2007-09-30": "26.06570", "2007-06-30": "25.76740", "2007-03-31": "26.27300", "2006-12-31": "25.88440", "2006-09-30": "26.09130", "2006-06-30": "25.17890", "2006-03-31": "24.96300", "2005-12-31": "26.11870", "2005-09-30": "27.38810", "2005-06-30": "28.14860", "2005-03-31": "27.81020"}, "EBIT Margin": {"2020-09-30": "-8.76810", "2020-06-30": "4.16250", "2020-03-31": "-3.87260", "2019-12-31": "-24.81560", "2019-09-30": "-4.14120", "2019-06-30": "2.99120", "2019-03-31": "-0.50600", "2018-12-31": "-40.56520", "2018-09-30": "7.98920", "2018-06-30": "7.06440", "2018-03-31": "6.04470", "2017-12-31": "-2.63570", "2017-09-30": "10.60260", "2017-06-30": "-20.95460", "2017-03-31": "12.83060", "2016-12-31": "7.57450", "2016-09-30": "13.98840", "2016-06-30": "11.18280", "2016-03-31": "16.12060", "2015-12-31": "16.94560", "2015-09-30": "17.91770", "2015-06-30": "21.62450", "2015-03-31": "8.07350", "2014-12-31": "20.49830", "2014-09-30": "20.89250", "2014-06-30": "22.68620", "2014-03-31": "23.27530", "2013-12-31": "23.79060", "2013-09-30": "25.32740", "2013-06-30": "25.35870", "2013-03-31": "25.61230", "2012-12-31": "23.88620", "2012-09-30": "23.83990", "2012-06-30": "25.10440", "2012-03-31": "25.27010", "2011-12-31": "25.83860", "2011-09-30": "24.84200", "2011-06-30": "24.83870", "2011-03-31": "25.72380", "2010-12-31": "23.86700", "2010-09-30": "26.45790", "2010-06-30": "26.91660", "2010-03-31": "25.99580", "2009-12-31": "26.12600", "2009-09-30": "26.70360", "2009-06-30": "27.49700", "2009-03-31": "26.77830", "2008-12-31": "26.39200", "2008-09-30": "25.80600", "2008-06-30": "25.53260", "2008-03-31": "23.34840", "2007-12-31": "18.77840", "2007-09-30": "26.06570", "2007-06-30": "25.76740", "2007-03-31": "26.27300", "2006-12-31": "25.88440", "2006-09-30": "26.09130", "2006-06-30": "25.17890", "2006-03-31": "24.96300", "2005-12-31": "26.11870", "2005-09-30": "27.38810", "2005-06-30": "28.14860", "2005-03-31": "27.81020"}, "EBITDA Margin": {"2020-09-30": "", "2020-06-30": "", "2020-03-31": "", "2019-12-31": "", "2019-09-30": "", "2019-06-30": "", "2019-03-31": "", "2018-12-31": "", "2018-09-30": "", "2018-06-30": "", "2018-03-31": "", "2017-12-31": "", "2017-09-30": "", "2017-06-30": "", "2017-03-31": "", "2016-12-31": "", "2016-09-30": "", "2016-06-30": "", "2016-03-31": "", "2015-12-31": "", "2015-09-30": "", "2015-06-30": "", "2015-03-31": "", "2014-12-31": "", "2014-09-30": "", "2014-06-30": "", "2014-03-31": "", "2013-12-31": "", "2013-09-30": "", "2013-06-30": "", "2013-03-31": "", "2012-12-31": "", "2012-09-30": "", "2012-06-30": "", "2012-03-31": "", "2011-12-31": "", "2011-09-30": "", "2011-06-30": "", "2011-03-31": "", "2010-12-31": "", "2010-09-30": "", "2010-06-30": "", "2010-03-31": "", "2009-12-31": "", "2009-09-30": "", "2009-06-30": "", "2009-03-31": "", "2008-12-31": "", "2008-09-30": "", "2008-06-30": "", "2008-03-31": "", "2007-12-31": "", "2007-09-30": "", "2007-06-30": "", "2007-03-31": "", "2006-12-31": "", "2006-09-30": "", "2006-06-30": "", "2006-03-31": "", "2005-12-31": "", "2005-09-30": "", "2005-06-30": "", "2005-03-31": ""}, "Pre-Tax Profit Margin": {"2020-09-30": "-11.69080", "2020-06-30": "0.76900", "2020-03-31": "-7.42680", "2019-12-31": "-28.50360", "2019-09-30": "-8.11430", "2019-06-30": "-3.92530", "2019-03-31": "-4.09590", "2018-12-31": "-44.10700", "2018-09-30": "4.02390", "2018-06-30": "4.21150", "2018-03-31": "3.25140", "2017-12-31": "-5.26020", "2017-09-30": "7.56680", "2017-06-30": "-23.72240", "2017-03-31": "10.05160", "2016-12-31": "4.02470", "2016-09-30": "11.54410", "2016-06-30": "8.21340", "2016-03-31": "13.22740", "2015-12-31": "14.65150", "2015-09-30": "15.25530", "2015-06-30": "19.11030", "2015-03-31": "5.17960", "2014-12-31": "17.64500", "2014-09-30": "18.33300", "2014-06-30": "20.07080", "2014-03-31": "20.53860", "2013-12-31": "21.08490", "2013-09-30": "22.58560", "2013-06-30": "22.80270", "2013-03-31": "22.81120", "2012-12-31": "21.34090", "2012-09-30": "21.04710", "2012-06-30": "22.50940", "2012-03-31": "22.39410", "2011-12-31": "22.61410", "2011-09-30": "21.90230", "2011-06-30": "21.48540", "2011-03-31": "22.84750", "2010-12-31": "21.04100", "2010-09-30": "24.22810", "2010-06-30": "24.11840", "2010-03-31": "23.04630", "2009-12-31": "22.95350", "2009-09-30": "23.39310", "2009-06-30": "24.39300", "2009-03-31": "23.63310", "2008-12-31": "22.93490", "2008-09-30": "22.54730", "2008-06-30": "22.47270", "2008-03-31": "20.14220", "2007-12-31": "15.23870", "2007-09-30": "22.35600", "2007-06-30": "22.34490", "2007-03-31": "22.78950", "2006-12-31": "22.81490", "2006-09-30": "22.20480", "2006-06-30": "20.79340", "2006-03-31": "21.51530", "2005-12-31": "-0.08230", "2005-09-30": "25.09530", "2005-06-30": "25.31450", "2005-03-31": "25.55240"}, "Net Profit Margin": {"2020-09-30": "-12.75930", "2020-06-30": "-0.75230", "2020-03-31": "-2.56050", "2019-12-31": "-27.41590", "2019-09-30": "-7.10600", "2019-06-30": "-3.60610", "2019-03-31": "-4.55370", "2018-12-31": "-37.34020", "2018-09-30": "2.04700", "2018-06-30": "3.01140", "2018-03-31": "2.34640", "2017-12-31": "9.38270", "2017-09-30": "4.02130", "2017-06-30": "-16.21450", "2017-03-31": "5.98390", "2016-12-31": "1.40020", "2016-09-30": "6.91300", "2016-06-30": "4.18260", "2016-03-31": "7.62770", "2015-12-31": "7.95690", "2015-09-30": "9.66450", "2015-06-30": "12.27210", "2015-03-31": "4.36290", "2014-12-31": "12.19090", "2014-09-30": "12.40420", "2014-06-30": "12.78610", "2014-03-31": "13.88690", "2013-12-31": "13.76370", "2013-09-30": "15.06740", "2013-06-30": "14.82250", "2013-03-31": "14.52250", "2012-12-31": "13.91260", "2012-09-30": "13.62730", "2012-06-30": "14.41370", "2012-03-31": "14.09700", "2011-12-31": "14.39640", "2011-09-30": "14.07550", "2011-06-30": "13.53230", "2011-03-31": "13.98400", "2010-12-31": "12.70180", "2010-09-30": "15.61650", "2010-06-30": "15.26860", "2010-03-31": "14.35630", "2009-12-31": "14.22710", "2009-09-30": "15.62140", "2009-06-30": "15.17690", "2009-03-31": "14.67210", "2008-12-31": "14.28120", "2008-09-30": "14.15640", "2008-06-30": "13.92620", "2008-03-31": "12.42780", "2007-12-31": "9.57980", "2007-09-30": "13.86090", "2007-06-30": "13.74220", "2007-03-31": "13.92430", "2006-12-31": "13.91730", "2006-09-30": "13.54480", "2006-06-30": "12.68400", "2006-03-31": "13.12420", "2005-12-31": "-0.61600", "2005-09-30": "15.26550", "2005-06-30": "15.40890", "2005-03-31": "15.51810"}, "Asset Turnover": {"2020-09-30": "0.11300", "2020-06-30": "0.10520", "2020-03-31": "0.12360", "2019-12-31": "0.12430", "2019-09-30": "0.12480", "2019-06-30": "0.12310", "2019-03-31": "0.12120", "2018-12-31": "0.13210", "2018-09-30": "0.12380", "2018-06-30": "0.12770", "2018-03-31": "0.12760", "2017-12-31": "0.12700", "2017-09-30": "0.12580", "2017-06-30": "0.13040", "2017-03-31": "0.12750", "2016-12-31": "0.12980", "2016-09-30": "0.12610", "2016-06-30": "0.12480", "2016-03-31": "0.12290", "2015-12-31": "0.12570", "2015-09-30": "0.13880", "2015-06-30": "0.15810", "2015-03-31": "0.15130", "2014-12-31": "0.15480", "2014-09-30": "0.15020", "2014-06-30": "0.14440", "2014-03-31": "0.14740", "2013-12-31": "0.14610", "2013-09-30": "0.13900", "2013-06-30": "0.14550", "2013-03-31": "0.14510", "2012-12-31": "0.14200", "2012-09-30": "0.14080", "2012-06-30": "0.14030", "2012-03-31": "0.14050", "2011-12-31": "0.14060", "2011-09-30": "0.13340", "2011-06-30": "0.13840", "2011-03-31": "0.15060", "2010-12-31": "0.14910", "2010-09-30": "0.14910", "2010-06-30": "0.15110", "2010-03-31": "0.14660", "2009-12-31": "0.14360", "2009-09-30": "0.15440", "2009-06-30": "0.15710", "2009-03-31": "0.15840", "2008-12-31": "0.15580", "2008-09-30": "0.16100", "2008-06-30": "0.16420", "2008-03-31": "0.15670", "2007-12-31": "0.15640", "2007-09-30": "0.16100", "2007-06-30": "0.16450", "2007-03-31": "0.15920", "2006-12-31": "0.15720", "2006-09-30": "0.16000", "2006-06-30": "0.16060", "2006-03-31": "0.14780", "2005-12-31": "0.15900", "2005-09-30": "0.16390", "2005-06-30": "0.16380", "2005-03-31": "0.16760"}, "Inventory Turnover Ratio": {"2020-09-30": "", "2020-06-30": "", "2020-03-31": "", "2019-12-31": "", "2019-09-30": "", "2019-06-30": "", "2019-03-31": "", "2018-12-31": "", "2018-09-30": "", "2018-06-30": "", "2018-03-31": "", "2017-12-31": "", "2017-09-30": "", "2017-06-30": "", "2017-03-31": "", "2016-12-31": "", "2016-09-30": "", "2016-06-30": "", "2016-03-31": "", "2015-12-31": "", "2015-09-30": "", "2015-06-30": "", "2015-03-31": "", "2014-12-31": "", "2014-09-30": "", "2014-06-30": "", "2014-03-31": "", "2013-12-31": "", "2013-09-30": "", "2013-06-30": "", "2013-03-31": "", "2012-12-31": "", "2012-09-30": "", "2012-06-30": "", "2012-03-31": "", "2011-12-31": "", "2011-09-30": "", "2011-06-30": "", "2011-03-31": "", "2010-12-31": "", "2010-09-30": "", "2010-06-30": "", "2010-03-31": "", "2009-12-31": "", "2009-09-30": "", "2009-06-30": "", "2009-03-31": "", "2008-12-31": "", "2008-09-30": "", "2008-06-30": "", "2008-03-31": "", "2007-12-31": "", "2007-09-30": "", "2007-06-30": "", "2007-03-31": "", "2006-12-31": "", "2006-09-30": "14.84490", "2006-06-30": "15.15860", "2006-03-31": "15.27870", "2005-12-31": "19.86780", "2005-09-30": "18.01390", "2005-06-30": "16.95610", "2005-03-31": "17.17410"}, "Receiveable Turnover": {"2020-09-30": "1.65340", "2020-06-30": "1.59050", "2020-03-31": "1.87800", "2019-12-31": "1.46960", "2019-09-30": "1.48030", "2019-06-30": "1.37820", "2019-03-31": "1.38140", "2018-12-31": "1.42210", "2018-09-30": "1.40750", "2018-06-30": "1.40300", "2018-03-31": "1.41280", "2017-12-31": "1.42250", "2017-09-30": "1.40590", "2017-06-30": "1.43480", "2017-03-31": "1.45020", "2016-12-31": "1.42760", "2016-09-30": "1.39540", "2016-06-30": "1.42170", "2016-03-31": "1.40380", "2015-12-31": "1.44560", "2015-09-30": "1.37010", "2015-06-30": "1.36550", "2015-03-31": "1.42010", "2014-12-31": "1.45430", "2014-09-30": "1.46320", "2014-06-30": "1.41780", "2014-03-31": "1.48700", "2013-12-31": "1.45990", "2013-09-30": "1.44450", "2013-06-30": "1.45490", "2013-03-31": "1.50040", "2012-12-31": "1.56290", "2012-09-30": "1.52740", "2012-06-30": "1.59030", "2012-03-31": "1.45990", "2011-12-31": "1.53530", "2011-09-30": "1.48360", "2011-06-30": "1.62580", "2011-03-31": "1.72220", "2010-12-31": "1.83100", "2010-09-30": "1.67660", "2010-06-30": "1.78960", "2010-03-31": "1.74300", "2009-12-31": "1.74410", "2009-09-30": "1.77340", "2009-06-30": "1.77180", "2009-03-31": "1.74600", "2008-12-31": "1.62520", "2008-09-30": "1.58460", "2008-06-30": "1.60320", "2008-03-31": "1.55310", "2007-12-31": "1.59780", "2007-09-30": "1.53350", "2007-06-30": "1.50910", "2007-03-31": "1.68260", "2006-12-31": "1.60100", "2006-09-30": "1.49010", "2006-06-30": "1.52590", "2006-03-31": "1.50080", "2005-12-31": "1.60610", "2005-09-30": "1.70230", "2005-06-30": "1.73010", "2005-03-31": "1.91310"}, "Days Sales In Receivables": {"2020-09-30": "54.43280", "2020-06-30": "56.58480", "2020-03-31": "47.92360", "2019-12-31": "61.24140", "2019-09-30": "60.79940", "2019-06-30": "65.30270", "2019-03-31": "65.15000", "2018-12-31": "63.28600", "2018-09-30": "63.94430", "2018-06-30": "64.15030", "2018-03-31": "63.70390", "2017-12-31": "63.26760", "2017-09-30": "64.01380", "2017-06-30": "62.72750", "2017-03-31": "62.05890", "2016-12-31": "63.04490", "2016-09-30": "64.49840", "2016-06-30": "63.30290", "2016-03-31": "64.11010", "2015-12-31": "62.25900", "2015-09-30": "65.69100", "2015-06-30": "65.91140", "2015-03-31": "63.37590", "2014-12-31": "61.88460", "2014-09-30": "61.51060", "2014-06-30": "63.48030", "2014-03-31": "60.52650", "2013-12-31": "61.64770", "2013-09-30": "62.30500", "2013-06-30": "61.85930", "2013-03-31": "59.98210", "2012-12-31": "57.58530", "2012-09-30": "58.92380", "2012-06-30": "56.59470", "2012-03-31": "61.64830", "2011-12-31": "58.61930", "2011-09-30": "60.66150", "2011-06-30": "55.35890", "2011-03-31": "52.25830", "2010-12-31": "49.15240", "2010-09-30": "53.68140", "2010-06-30": "50.29000", "2010-03-31": "51.63430", "2009-12-31": "51.60170", "2009-09-30": "50.74990", "2009-06-30": "50.79600", "2009-03-31": "51.54510", "2008-12-31": "55.37670", "2008-09-30": "56.79720", "2008-06-30": "56.13680", "2008-03-31": "57.94770", "2007-12-31": "56.32740", "2007-09-30": "58.69080", "2007-06-30": "59.63780", "2007-03-31": "53.48770", "2006-12-31": "56.21480", "2006-09-30": "60.39970", "2006-06-30": "58.98050", "2006-03-31": "59.96770", "2005-12-31": "56.03720", "2005-09-30": "52.87040", "2005-06-30": "52.02090", "2005-03-31": "47.04490"}, "ROE - Return On Equity": {"2020-09-30": "-3.45950", "2020-06-30": "-0.17860", "2020-03-31": "-0.87270", "2019-12-31": "-9.38880", "2019-09-30": "-2.38160", "2019-06-30": "-1.17870", "2019-03-31": "-1.46280", "2018-12-31": "-12.29060", "2018-09-30": "0.80130", "2018-06-30": "0.95120", "2018-03-31": "0.76220", "2017-12-31": "3.08050", "2017-09-30": "1.38360", "2017-06-30": "-5.22310", "2017-03-31": "2.02590", "2016-12-31": "0.67110", "2016-09-30": "2.27970", "2016-06-30": "1.63410", "2016-03-31": "2.75310", "2015-12-31": "2.93050", "2015-09-30": "2.55650", "2015-06-30": "4.45390", "2015-03-31": "1.50210", "2014-12-31": "4.31140", "2014-09-30": "4.41660", "2014-06-30": "4.46340", "2014-03-31": "4.46750", "2013-12-31": "4.44610", "2013-09-30": "4.69210", "2013-06-30": "4.75570", "2013-03-31": "4.62770", "2012-12-31": "4.52750", "2012-09-30": "4.40400", "2012-06-30": "4.92180", "2012-03-31": "4.91930", "2011-12-31": "5.30640", "2011-09-30": "4.93050", "2011-06-30": "4.46750", "2011-03-31": "4.80350", "2010-12-31": "4.69820", "2010-09-30": "5.42110", "2010-06-30": "5.48970", "2010-03-31": "5.33330", "2009-12-31": "5.26820", "2009-09-30": "5.91810", "2009-06-30": "5.73870", "2009-03-31": "5.90700", "2008-12-31": "5.84230", "2008-09-30": "5.65850", "2008-06-30": "5.73490", "2008-03-31": "4.71790", "2007-12-31": "3.41320", "2007-09-30": "5.01400", "2007-06-30": "4.92830", "2007-03-31": "4.78760", "2006-12-31": "4.64660", "2006-09-30": "4.54870", "2006-06-30": "4.38160", "2006-03-31": "4.32590", "2005-12-31": "-0.19670", "2005-09-30": "4.39530", "2005-06-30": "4.51790", "2005-03-31": "4.48600"}, "Return On Tangible Equity": {"2020-09-30": "5.10180", "2020-06-30": "0.24840", "2020-03-31": "1.17710", "2019-12-31": "10.58990", "2019-09-30": "2.72150", "2019-06-30": "1.37540", "2019-03-31": "1.68860", "2018-12-31": "14.10640", "2018-09-30": "-0.99920", "2018-06-30": "-1.15220", "2018-03-31": "-0.92050", "2017-12-31": "-3.60290", "2017-09-30": "-1.47840", "2017-06-30": "5.30970", "2017-03-31": "-2.26470", "2016-12-31": "-0.71690", "2016-09-30": "-2.44530", "2016-06-30": "-1.64670", "2016-03-31": "-2.75910", "2015-12-31": "-2.82260", "2015-09-30": "-11.22960", "2015-06-30": "-6.39570", "2015-03-31": "-2.15600", "2014-12-31": "-5.85690", "2014-09-30": "-5.74300", "2014-06-30": "-5.52820", "2014-03-31": "-6.76000", "2013-12-31": "-6.63700", "2013-09-30": "-6.70290", "2013-06-30": "-7.01490", "2013-03-31": "-6.80710", "2012-12-31": "-5.99940", "2012-09-30": "-5.78620", "2012-06-30": "-5.84480", "2012-03-31": "-5.54000", "2011-12-31": "-5.28140", "2011-09-30": "-4.82780", "2011-06-30": "-5.40030", "2011-03-31": "-6.83980", "2010-12-31": "-5.69930", "2010-09-30": "-7.45560", "2010-06-30": "-6.87360", "2010-03-31": "-5.92200", "2009-12-31": "-5.60010", "2009-09-30": "-7.02360", "2009-06-30": "-7.02420", "2009-03-31": "-6.56590", "2008-12-31": "-6.16280", "2008-09-30": "-6.82550", "2008-06-30": "-6.73200", "2008-03-31": "-5.93670", "2007-12-31": "-5.16440", "2007-09-30": "-8.05370", "2007-06-30": "-8.59550", "2007-03-31": "-8.65740", "2006-12-31": "-9.53010", "2006-09-30": "-9.03520", "2006-06-30": "-7.96720", "2006-03-31": "-7.15360", "2005-12-31": "0.45560", "2005-09-30": "-18.16990", "2005-06-30": "-18.22510", "2005-03-31": "-27.25340"}, "ROA - Return On Assets": {"2020-09-30": "-1.43610", "2020-06-30": "-0.07210", "2020-03-31": "-0.31320", "2019-12-31": "-3.40530", "2019-09-30": "-0.88370", "2019-06-30": "-0.43960", "2019-03-31": "-0.54880", "2018-12-31": "-4.94460", "2018-09-30": "0.34040", "2018-06-30": "0.39920", "2018-03-31": "0.32070", "2017-12-31": "1.28210", "2017-09-30": "0.55580", "2017-06-30": "-2.04900", "2017-03-31": "0.83750", "2016-12-31": "0.27080", "2016-09-30": "0.92350", "2016-06-30": "0.64690", "2016-03-31": "1.09100", "2015-12-31": "1.13970", "2015-09-30": "1.35050", "2015-06-30": "1.95000", "2015-03-31": "0.66820", "2014-12-31": "1.89010", "2014-09-30": "1.86790", "2014-06-30": "1.86320", "2014-03-31": "2.06360", "2013-12-31": "2.02130", "2013-09-30": "2.10220", "2013-06-30": "2.16790", "2013-03-31": "2.12360", "2012-12-31": "1.98800", "2012-09-30": "1.92710", "2012-06-30": "2.04610", "2012-03-31": "1.99420", "2011-12-31": "2.04980", "2011-09-30": "1.89330", "2011-06-30": "1.88460", "2011-03-31": "2.14050", "2010-12-31": "1.92330", "2010-09-30": "2.35390", "2010-06-30": "2.33660", "2010-03-31": "2.12650", "2009-12-31": "2.06880", "2009-09-30": "2.41330", "2009-06-30": "2.38880", "2009-03-31": "2.32530", "2008-12-31": "2.22710", "2008-09-30": "2.27930", "2008-06-30": "2.28650", "2008-03-31": "1.94700", "2007-12-31": "1.51560", "2007-09-30": "2.23120", "2007-06-30": "2.26110", "2007-03-31": "2.21740", "2006-12-31": "2.18730", "2006-09-30": "2.16780", "2006-06-30": "2.03720", "2006-03-31": "1.94030", "2005-12-31": "-0.09790", "2005-09-30": "2.50140", "2005-06-30": "2.52400", "2005-03-31": "2.60050"}, "ROI - Return On Investment": {"2020-09-30": "-1.91830", "2020-06-30": "-0.09550", "2020-03-31": "-0.41470", "2019-12-31": "-4.47900", "2019-09-30": "-1.15820", "2019-06-30": "-0.57420", "2019-03-31": "-0.71310", "2018-12-31": "-6.06730", "2018-09-30": "0.41570", "2018-06-30": "0.50760", "2018-03-31": "0.40630", "2017-12-31": "1.62200", "2017-09-30": "0.71530", "2017-06-30": "-2.61680", "2017-03-31": "1.03540", "2016-12-31": "0.33200", "2016-09-30": "1.12750", "2016-06-30": "0.79190", "2016-03-31": "1.32490", "2015-12-31": "1.39120", "2015-09-30": "1.68690", "2015-06-30": "2.50730", "2015-03-31": "0.85850", "2014-12-31": "2.39980", "2014-09-30": "2.44780", "2014-06-30": "2.42010", "2014-03-31": "2.63130", "2013-12-31": "2.57810", "2013-09-30": "2.67800", "2013-06-30": "2.70900", "2013-03-31": "2.66880", "2012-12-31": "2.49530", "2012-09-30": "2.62630", "2012-06-30": "2.55920", "2012-03-31": "2.53310", "2011-12-31": "2.59310", "2011-09-30": "2.37420", "2011-06-30": "2.31290", "2011-03-31": "2.69510", "2010-12-31": "2.42330", "2010-09-30": "2.95750", "2010-06-30": "2.92390", "2010-03-31": "2.64180", "2009-12-31": "2.55420", "2009-09-30": "2.99470", "2009-06-30": "2.91690", "2009-03-31": "2.87940", "2008-12-31": "2.75050", "2008-09-30": "2.81260", "2008-06-30": "2.80040", "2008-03-31": "2.39690", "2007-12-31": "1.83550", "2007-09-30": "2.73850", "2007-06-30": "2.76320", "2007-03-31": "2.76620", "2006-12-31": "2.71910", "2006-09-30": "2.67870", "2006-06-30": "2.44060", "2006-03-31": "2.31150", "2005-12-31": "-0.11790", "2005-09-30": "3.04750", "2005-06-30": "3.04590", "2005-03-31": "3.23710"}, "Book Value Per Share": {"2020-09-30": "25.55740", "2020-06-30": "25.09400", "2020-03-31": "24.94750", "2019-12-31": "25.62790", "2019-09-30": "27.19320", "2019-06-30": "28.12510", "2019-03-31": "28.30950", "2018-12-31": "28.63400", "2018-09-30": "32.36870", "2018-06-30": "33.85770", "2018-03-31": "34.48720", "2017-12-31": "34.01870", "2017-09-30": "33.02470", "2017-06-30": "32.35190", "2017-03-31": "33.92460", "2016-12-31": "33.05630", "2016-09-30": "33.60870", "2016-06-30": "33.29700", "2016-03-31": "33.22510", "2015-12-31": "32.38350", "2015-09-30": "32.19190", "2015-06-30": "23.36660", "2015-03-31": "22.88530", "2014-12-31": "22.58590", "2014-09-30": "22.17880", "2014-06-30": "21.85580", "2014-03-31": "21.00420", "2013-12-31": "20.67300", "2013-09-30": "20.10350", "2013-06-30": "19.19720", "2013-03-31": "18.85300", "2012-12-31": "18.11090", "2012-09-30": "17.37400", "2012-06-30": "16.25170", "2012-03-31": "15.62160", "2011-12-31": "14.49010", "2011-09-30": "14.22280", "2011-06-30": "14.53880", "2011-03-31": "13.74540", "2010-12-31": "12.67390", "2010-09-30": "12.36700", "2010-06-30": "11.47110", "2010-03-31": "10.77220", "2009-12-31": "10.11830", "2009-09-30": "9.33350", "2009-06-30": "9.01540", "2009-03-31": "8.11430", "2008-12-31": "7.86640", "2008-09-30": "8.10530", "2008-06-30": "7.88640", "2008-03-31": "7.79130", "2007-12-31": "8.16920", "2007-09-30": "7.54350", "2007-06-30": "7.41740", "2007-03-31": "7.01280", "2006-12-31": "7.06270", "2006-09-30": "6.81540", "2006-06-30": "6.49330", "2006-03-31": "6.14720", "2005-12-31": "5.90750", "2005-09-30": "6.00700", "2005-06-30": "5.75310", "2005-03-31": "5.50820"}, "Operating Cash Flow Per Share": {"2020-09-30": 1.7232, "2020-06-30": 1.3689, "2020-03-31": "0.89920", "2019-12-31": 0.5167, "2019-09-30": 1.4284, "2019-06-30": 0.3811, "2019-03-31": "0.39910", "2018-12-31": 0.8667, "2018-09-30": -1.6566, "2018-06-30": 1.4056, "2018-03-31": "1.28670", "2017-12-31": 1.3622, "2017-09-30": 1.7787, "2017-06-30": 0.8346, "2017-03-31": "1.96610", "2016-12-31": 1.6693, "2016-09-30": 2.0202, "2016-06-30": 1.0336, "2016-03-31": "1.82830", "2015-12-31": 1.0735, "2015-09-30": 1.3335, "2015-06-30": 0.5371, "2015-03-31": "1.53500", "2014-12-31": 1.1951, "2014-09-30": 1.2339, "2014-06-30": 1.0881, "2014-03-31": "1.68390", "2013-12-31": 0.7925, "2013-09-30": 1.8299, "2013-06-30": 0.8929, "2013-03-31": "1.12250", "2012-12-31": 1.3164, "2012-09-30": 1.0002, "2012-06-30": 1.0244, "2012-03-31": "1.14980", "2011-12-31": 1.0412, "2011-09-30": 1.1012, "2011-06-30": 0.6119, "2011-03-31": "0.74930", "2010-12-31": 1.3885, "2010-09-30": 0.8649, "2010-06-30": 0.5552, "2010-03-31": "0.93630", "2009-12-31": 0.7313, "2009-09-30": 1.0116, "2009-06-30": 0.5749, "2009-03-31": "0.87830", "2008-12-31": 0.605, "2008-09-30": 0.7091, "2008-06-30": 0.358, "2008-03-31": "0.71150", "2007-12-31": 0.5081, "2007-09-30": 0.6437, "2007-06-30": 0.1986, "2007-03-31": "0.58480", "2006-12-31": 0.5015, "2006-09-30": 0.5576, "2006-06-30": 0.3648, "2006-03-31": "0.34530", "2005-12-31": 0.0396, "2005-09-30": 0.3674, "2005-06-30": 0.236, "2005-03-31": "0.39790"}, "Free Cash Flow Per Share": {"2020-09-30": 1.5044, "2020-06-30": 0.9864, "2020-03-31": "0.46550", "2019-12-31": 0.1521, "2019-09-30": 0.8479, "2019-06-30": -0.0791, "2019-03-31": "-0.32970", "2018-12-31": 0.4813, "2018-09-30": -2.027, "2018-06-30": 0.9919, "2018-03-31": "0.95450", "2017-12-31": 0.7628, "2017-09-30": 1.4472, "2017-06-30": 0.4816, "2017-03-31": "1.57940", "2016-12-31": 1.2429, "2016-09-30": 1.6225, "2016-06-30": 0.6559, "2016-03-31": "1.43900", "2015-12-31": 0.5843, "2015-09-30": 1.0336, "2015-06-30": 0.2417, "2015-03-31": "1.28770", "2014-12-31": 0.9615, "2014-09-30": 0.9722, "2014-06-30": 0.7699, "2014-03-31": "1.49430", "2013-12-31": 0.5775, "2013-09-30": 1.6356, "2013-06-30": 0.6541, "2013-03-31": "0.93400", "2012-12-31": 1.1585, "2012-09-30": 0.798, "2012-06-30": 0.8318, "2012-03-31": "0.95290", "2011-12-31": 0.8543, "2011-09-30": 0.947, "2011-06-30": 0.4765, "2011-03-31": "0.61570", "2010-12-31": 1.2452, "2010-09-30": 0.7412, "2010-06-30": 0.4145, "2010-03-31": "0.78840", "2009-12-31": 0.6129, "2009-09-30": 0.8761, "2009-06-30": 0.4626, "2009-03-31": "0.78450", "2008-12-31": 0.4736, "2008-09-30": 0.5622, "2008-06-30": 0.2247, "2008-03-31": "0.58510", "2007-12-31": 0.3888, "2007-09-30": 0.4796, "2007-06-30": 0.0572, "2007-03-31": "0.47150", "2006-12-31": 0.3842, "2006-09-30": 0.4529, "2006-06-30": 0.2768, "2006-03-31": "0.26220", "2005-12-31": -0.0279, "2005-09-30": 0.3004, "2005-06-30": 0.1527, "2005-03-31": "0.32870"}}, "revenue": {"Stericycle Annual Revenue (Millions of US $)": {"2019": "$3,309", "2018": "$3,486", "2017": "$3,581", "2016": "$3,562", "2015": "$2,986", "2014": "$2,556", "2013": "$2,143", "2012": "$1,913", "2011": "$1,676", "2010": "$1,439", "2009": "$1,178", "2008": "$1,084", "2007": "$933", "2006": "$790", "2005": "$609"}, "Stericycle Quarterly Revenue (Millions of US $)": {"2020-09-30": "$636", "2020-06-30": "$598", "2020-03-31": "$785", "2019-12-31": "$800", "2019-09-30": "$833", "2019-06-30": "$846", "2019-03-31": "$830", "2018-12-31": "$853", "2018-09-30": "$855", "2018-06-30": "$883", "2018-03-31": "$895", "2017-12-31": "$888", "2017-09-30": "$883", "2017-06-30": "$918", "2017-03-31": "$892", "2016-12-31": "$906", "2016-09-30": "$890", "2016-06-30": "$892", "2016-03-31": "$874", "2015-12-31": "$888", "2015-09-30": "$719", "2015-06-30": "$716", "2015-03-31": "$663", "2014-12-31": "$677", "2014-09-30": "$668", "2014-06-30": "$641", "2014-03-31": "$570", "2013-12-31": "$568", "2013-09-30": "$535", "2013-06-30": "$527", "2013-03-31": "$514", "2012-12-31": "$504", "2012-09-30": "$480", "2012-06-30": "$469", "2012-03-31": "$460", "2011-12-31": "$447", "2011-09-30": "$421", "2011-06-30": "$410", "2011-03-31": "$398", "2010-12-31": "$393", "2010-09-30": "$363", "2010-06-30": "$348", "2010-03-31": "$335", "2009-12-31": "$314", "2009-09-30": "$298", "2009-06-30": "$289", "2009-03-31": "$277", "2008-12-31": "$274", "2008-09-30": "$277", "2008-06-30": "$278", "2008-03-31": "$255", "2007-12-31": "$252", "2007-09-30": "$237", "2007-06-30": "$233", "2007-03-31": "$211", "2006-12-31": "$209", "2006-09-30": "$203", "2006-06-30": "$198", "2006-03-31": "$179", "2005-12-31": "$167", "2005-09-30": "$153", "2005-06-30": "$149", "2005-03-31": "$141"}}, "gross-profit": {"Stericycle Annual Gross Profit (Millions of US $)": {"2019": "$1,175", "2018": "$1,376", "2017": "$1,463", "2016": "$1,487", "2015": "$1,255", "2014": "$1,094", "2013": "$965", "2012": "$857", "2011": "$761", "2010": "$667", "2009": "$552", "2008": "$485", "2007": "$418", "2006": "$350", "2005": "$268"}, "Stericycle Quarterly Gross Profit (Millions of US $)": {"2020-09-30": "$267", "2020-06-30": "$230", "2020-03-31": "$287", "2019-12-31": "$280", "2019-09-30": "$295", "2019-06-30": "$303", "2019-03-31": "$297", "2018-12-31": "$329", "2018-09-30": "$336", "2018-06-30": "$353", "2018-03-31": "$359", "2017-12-31": "$344", "2017-09-30": "$368", "2017-06-30": "$382", "2017-03-31": "$369", "2016-12-31": "$367", "2016-09-30": "$376", "2016-06-30": "$378", "2016-03-31": "$367", "2015-12-31": "$369", "2015-09-30": "$300", "2015-06-30": "$305", "2015-03-31": "$281", "2014-12-31": "$285", "2014-09-30": "$279", "2014-06-30": "$275", "2014-03-31": "$255", "2013-12-31": "$253", "2013-09-30": "$241", "2013-06-30": "$238", "2013-03-31": "$232", "2012-12-31": "$227", "2012-09-30": "$216", "2012-06-30": "$209", "2012-03-31": "$205", "2011-12-31": "$202", "2011-09-30": "$190", "2011-06-30": "$187", "2011-03-31": "$182", "2010-12-31": "$154", "2010-09-30": "$177", "2010-06-30": "$171", "2010-03-31": "$165", "2009-12-31": "$127", "2009-09-30": "$148", "2009-06-30": "$144", "2009-03-31": "$134", "2008-12-31": "$107", "2008-09-30": "$129", "2008-06-30": "$129", "2008-03-31": "$120", "2007-12-31": "$96", "2007-09-30": "$113", "2007-06-30": "$110", "2007-03-31": "$99", "2006-12-31": "$78", "2006-09-30": "$96", "2006-06-30": "$93", "2006-03-31": "$83", "2005-12-31": "$62", "2005-09-30": "$72", "2005-06-30": "$69", "2005-03-31": "$65"}}, "operating-income": {"Stericycle Annual Operating Income (Millions of US $)": {"2019": "$-212", "2018": "$-161", "2017": "$-8", "2016": "$434", "2015": "$488", "2014": "$556", "2013": "$536", "2012": "$469", "2011": "$424", "2010": "$371", "2009": "$315", "2008": "$274", "2007": "$225", "2006": "$202", "2005": "$167"}, "Stericycle Quarterly Operating Income (Millions of US $)": {"2020-09-30": "$-56", "2020-06-30": "$25", "2020-03-31": "$-30", "2019-12-31": "$-199", "2019-09-30": "$-35", "2019-06-30": "$25", "2019-03-31": "$-4", "2018-12-31": "$-346", "2018-09-30": "$68", "2018-06-30": "$62", "2018-03-31": "$54", "2017-12-31": "$-23", "2017-09-30": "$94", "2017-06-30": "$-192", "2017-03-31": "$115", "2016-12-31": "$69", "2016-09-30": "$125", "2016-06-30": "$100", "2016-03-31": "$141", "2015-12-31": "$151", "2015-09-30": "$129", "2015-06-30": "$155", "2015-03-31": "$54", "2014-12-31": "$139", "2014-09-30": "$140", "2014-06-30": "$145", "2014-03-31": "$133", "2013-12-31": "$135", "2013-09-30": "$135", "2013-06-30": "$134", "2013-03-31": "$132", "2012-12-31": "$120", "2012-09-30": "$115", "2012-06-30": "$118", "2012-03-31": "$116", "2011-12-31": "$115", "2011-09-30": "$105", "2011-06-30": "$102", "2011-03-31": "$102", "2010-12-31": "$94", "2010-09-30": "$96", "2010-06-30": "$94", "2010-03-31": "$87", "2009-12-31": "$82", "2009-09-30": "$80", "2009-06-30": "$80", "2009-03-31": "$74", "2008-12-31": "$72", "2008-09-30": "$72", "2008-06-30": "$71", "2008-03-31": "$59", "2007-12-31": "$47", "2007-09-30": "$62", "2007-06-30": "$60", "2007-03-31": "$55", "2006-12-31": "$54", "2006-09-30": "$53", "2006-06-30": "$50", "2006-03-31": "$45", "2005-12-31": "$44", "2005-09-30": "$42", "2005-06-30": "$42", "2005-03-31": "$39"}}, "ebitda": {"Stericycle Annual EBITDA (Millions of US $)": {"2019": "$289", "2018": "$454", "2017": "$307", "2016": "$686", "2015": "$615", "2014": "$661", "2013": "$624", "2012": "$545", "2011": "$490", "2010": "$425", "2009": "$355", "2008": "$308", "2007": "$256", "2006": "$229", "2005": "$188"}, "Stericycle Quarterly EBITDA (Millions of US $)": {"2020-09-30": "$2", "2020-06-30": "$85", "2020-03-31": "$30", "2019-12-31": "$75", "2019-09-30": "$33", "2019-06-30": "$95", "2019-03-31": "$86", "2018-12-31": "$77", "2018-09-30": "$132", "2018-06-30": "$128", "2018-03-31": "$117", "2017-12-31": "$114", "2017-09-30": "$154", "2017-06-30": "$-134", "2017-03-31": "$173", "2016-12-31": "$125", "2016-09-30": "$190", "2016-06-30": "$182", "2016-03-31": "$189", "2015-12-31": "$195", "2015-09-30": "$156", "2015-06-30": "$182", "2015-03-31": "$81", "2014-12-31": "$164", "2014-09-30": "$168", "2014-06-30": "$173", "2014-03-31": "$156", "2013-12-31": "$158", "2013-09-30": "$157", "2013-06-30": "$155", "2013-03-31": "$153", "2012-12-31": "$141", "2012-09-30": "$134", "2012-06-30": "$136", "2012-03-31": "$134", "2011-12-31": "$132", "2011-09-30": "$121", "2011-06-30": "$119", "2011-03-31": "$118", "2010-12-31": "$109", "2010-09-30": "$110", "2010-06-30": "$106", "2010-03-31": "$100", "2009-12-31": "$93", "2009-09-30": "$89", "2009-06-30": "$89", "2009-03-31": "$83", "2008-12-31": "$81", "2008-09-30": "$80", "2008-06-30": "$79", "2008-03-31": "$68", "2007-12-31": "$56", "2007-09-30": "$70", "2007-06-30": "$68", "2007-03-31": "$63", "2006-12-31": "$61", "2006-09-30": "$60", "2006-06-30": "$57", "2006-03-31": "$51", "2005-12-31": "$49", "2005-09-30": "$47", "2005-06-30": "$47", "2005-03-31": "$44"}}, "net-income": {"Stericycle Annual Net Income (Millions of US $)": {"2019": "$-347", "2018": "$-253", "2017": "$23", "2016": "$178", "2015": "$257", "2014": "$326", "2013": "$311", "2012": "$268", "2011": "$235", "2010": "$208", "2009": "$176", "2008": "$149", "2007": "$118", "2006": "$105", "2005": "$67"}, "Stericycle Quarterly Net Income (Millions of US $)": {"2020-09-30": "$-81", "2020-06-30": "$-5", "2020-03-31": "$-20", "2019-12-31": "$-219", "2019-09-30": "$-59", "2019-06-30": "$-31", "2019-03-31": "$-38", "2018-12-31": "$-318", "2018-09-30": "$18", "2018-06-30": "$27", "2018-03-31": "$21", "2017-12-31": "$83", "2017-09-30": "$36", "2017-06-30": "$-149", "2017-03-31": "$53", "2016-12-31": "$13", "2016-09-30": "$62", "2016-06-30": "$37", "2016-03-31": "$67", "2015-12-31": "$71", "2015-09-30": "$69", "2015-06-30": "$88", "2015-03-31": "$29", "2014-12-31": "$83", "2014-09-30": "$83", "2014-06-30": "$82", "2014-03-31": "$79", "2013-12-31": "$78", "2013-09-30": "$81", "2013-06-30": "$78", "2013-03-31": "$75", "2012-12-31": "$70", "2012-09-30": "$65", "2012-06-30": "$68", "2012-03-31": "$65", "2011-12-31": "$64", "2011-09-30": "$59", "2011-06-30": "$56", "2011-03-31": "$56", "2010-12-31": "$50", "2010-09-30": "$57", "2010-06-30": "$53", "2010-03-31": "$48", "2009-12-31": "$45", "2009-09-30": "$47", "2009-06-30": "$44", "2009-03-31": "$41", "2008-12-31": "$39", "2008-09-30": "$39", "2008-06-30": "$39", "2008-03-31": "$32", "2007-12-31": "$24", "2007-09-30": "$33", "2007-06-30": "$32", "2007-03-31": "$29", "2006-12-31": "$29", "2006-09-30": "$28", "2006-06-30": "$25", "2006-03-31": "$24", "2005-12-31": "$-1", "2005-09-30": "$23", "2005-06-30": "$23", "2005-03-31": "$22"}}, "eps-earnings-per-share-diluted": {"Stericycle Annual EPS": {"2019": "$-3.81", "2018": "$-2.91", "2017": "$0.27", "2016": "$2.08", "2015": "$2.98", "2014": "$3.79", "2013": "$3.56", "2012": "$3.08", "2011": "$2.69", "2010": "$2.39", "2009": "$2.03", "2008": "$1.68", "2007": "$1.32", "2006": "$1.16", "2005": "$0.74"}, "Stericycle Quarterly EPS": {"2020-09-30": "$-0.89", "2020-06-30": "$-0.05", "2020-03-31": "$-0.22", "2019-12-31": "$-2.41", "2019-09-30": "$-0.65", "2019-06-30": "$-0.33", "2019-03-31": "$-0.42", "2018-12-31": "$-3.67", "2018-09-30": "$0.20", "2018-06-30": "$0.31", "2018-03-31": "$0.25", "2017-12-31": "$0.98", "2017-09-30": "$0.41", "2017-06-30": "$-1.74", "2017-03-31": "$0.62", "2016-12-31": "$0.15", "2016-09-30": "$0.72", "2016-06-30": "$0.43", "2016-03-31": "$0.78", "2015-12-31": "$0.81", "2015-09-30": "$0.81", "2015-06-30": "$1.02", "2015-03-31": "$0.34", "2014-12-31": "$0.97", "2014-09-30": "$0.96", "2014-06-30": "$0.95", "2014-03-31": "$0.91", "2013-12-31": "$0.90", "2013-09-30": "$0.92", "2013-06-30": "$0.89", "2013-03-31": "$0.85", "2012-12-31": "$0.80", "2012-09-30": "$0.75", "2012-06-30": "$0.78", "2012-03-31": "$0.75", "2011-12-31": "$0.74", "2011-09-30": "$0.68", "2011-06-30": "$0.63", "2011-03-31": "$0.64", "2010-12-31": "$0.57", "2010-09-30": "$0.65", "2010-06-30": "$0.61", "2010-03-31": "$0.56", "2009-12-31": "$0.51", "2009-09-30": "$0.54", "2009-06-30": "$0.51", "2009-03-31": "$0.47", "2008-12-31": "$0.44", "2008-09-30": "$0.45", "2008-06-30": "$0.44", "2008-03-31": "$0.35", "2007-12-31": "$0.27", "2007-09-30": "$0.37", "2007-06-30": "$0.36", "2007-03-31": "$0.32", "2006-12-31": "$0.32", "2006-09-30": "$0.30", "2006-06-30": "$0.28", "2006-03-31": "$0.26", "2005-12-31": "$-0.02", "2005-09-30": "$0.26", "2005-06-30": "$0.26", "2005-03-31": "$0.24"}}, "shares-outstanding": {"Stericycle Annual Shares Outstanding (Millions of Shares)": {"2019": "91", "2018": "87", "2017": "86", "2016": "86", "2015": "86", "2014": "86", "2013": "87", "2012": "87", "2011": "87", "2010": "87", "2009": "87", "2008": "88", "2007": "90", "2006": "91", "2005": "91"}, "Stericycle Quarterly Shares Outstanding (Millions of Shares)": {"2020-09-30": "92", "2020-06-30": "91", "2020-03-31": "91", "2019-12-31": "91", "2019-09-30": "91", "2019-06-30": "91", "2019-03-31": "91", "2018-12-31": "87", "2018-09-30": "87", "2018-06-30": "86", "2018-03-31": "86", "2017-12-31": "86", "2017-09-30": "86", "2017-06-30": "85", "2017-03-31": "86", "2016-12-31": "86", "2016-09-30": "86", "2016-06-30": "86", "2016-03-31": "86", "2015-12-31": "86", "2015-09-30": "86", "2015-06-30": "86", "2015-03-31": "86", "2014-12-31": "86", "2014-09-30": "86", "2014-06-30": "86", "2014-03-31": "87", "2013-12-31": "87", "2013-09-30": "87", "2013-06-30": "88", "2013-03-31": "87", "2012-12-31": "87", "2012-09-30": "87", "2012-06-30": "87", "2012-03-31": "87", "2011-12-31": "87", "2011-09-30": "87", "2011-06-30": "88", "2011-03-31": "88", "2010-12-31": "87", "2010-09-30": "87", "2010-06-30": "87", "2010-03-31": "87", "2009-12-31": "87", "2009-09-30": "87", "2009-06-30": "87", "2009-03-31": "87", "2008-12-31": "88", "2008-09-30": "88", "2008-06-30": "88", "2008-03-31": "89", "2007-12-31": "90", "2007-09-30": "90", "2007-06-30": "90", "2007-03-31": "90", "2006-12-31": "91", "2006-09-30": "90", "2006-06-30": "91", "2006-03-31": "90", "2005-12-31": "91", "2005-09-30": "91", "2005-06-30": "90", "2005-03-31": "91"}}, "total-assets": {"Stericycle Annual Total Assets (Millions of US $)": {"2019": "$6,437", "2018": "$6,456", "2017": "$6,988", "2016": "$6,980", "2015": "$7,065", "2014": "$4,373", "2013": "$3,888", "2012": "$3,547", "2011": "$3,177", "2010": "$2,639", "2009": "$2,183", "2008": "$1,759", "2007": "$1,608", "2006": "$1,328", "2005": "$1,048"}, "Stericycle Quarterly Total Assets (Millions of US $)": {"2020-09-30": "$5,633", "2020-06-30": "$5,685", "2020-03-31": "$6,353", "2019-12-31": "$6,437", "2019-09-30": "$6,676", "2019-06-30": "$6,870", "2019-03-31": "$6,851", "2018-12-31": "$6,456", "2018-09-30": "$6,903", "2018-06-30": "$6,915", "2018-03-31": "$7,016", "2017-12-31": "$6,988", "2017-09-30": "$7,016", "2017-06-30": "$7,037", "2017-03-31": "$6,997", "2016-12-31": "$6,980", "2016-09-30": "$7,057", "2016-06-30": "$7,146", "2016-03-31": "$7,113", "2015-12-31": "$7,065", "2015-09-30": "$5,176", "2015-06-30": "$4,527", "2015-03-31": "$4,384", "2014-12-31": "$4,373", "2014-09-30": "$4,446", "2014-06-30": "$4,437", "2014-03-31": "$3,866", "2013-12-31": "$3,888", "2013-09-30": "$3,845", "2013-06-30": "$3,618", "2013-03-31": "$3,542", "2012-12-31": "$3,547", "2012-09-30": "$3,412", "2012-06-30": "$3,342", "2012-03-31": "$3,275", "2011-12-31": "$3,177", "2011-09-30": "$3,156", "2011-06-30": "$2,966", "2011-03-31": "$2,644", "2010-12-31": "$2,639", "2010-09-30": "$2,434", "2010-06-30": "$2,301", "2010-03-31": "$2,287", "2009-12-31": "$2,183", "2009-09-30": "$1,929", "2009-06-30": "$1,842", "2009-03-31": "$1,749", "2008-12-31": "$1,759", "2008-09-30": "$1,722", "2008-06-30": "$1,692", "2008-03-31": "$1,626", "2007-12-31": "$1,608", "2007-09-30": "$1,474", "2007-06-30": "$1,415", "2007-03-31": "$1,325", "2006-12-31": "$1,328", "2006-09-30": "$1,270", "2006-06-30": "$1,235", "2006-03-31": "$1,212", "2005-12-31": "$1,048", "2005-09-30": "$935", "2005-06-30": "$911", "2005-03-31": "$839"}}, "cash-on-hand": {"Stericycle Annual Cash on Hand (Millions of US $)": {"2019": "$35", "2018": "$34", "2017": "$42", "2016": "$44", "2015": "$56", "2014": "$23", "2013": "$68", "2012": "$32", "2011": "$23", "2010": "$96", "2009": "$17", "2008": "$11", "2007": "$18", "2006": "$16", "2005": "$9"}, "Stericycle Quarterly Cash on Hand (Millions of US $)": {"2020-09-30": "$59", "2020-06-30": "$42", "2020-03-31": "$36", "2019-12-31": "$35", "2019-09-30": "$31", "2019-06-30": "$35", "2019-03-31": "$48", "2018-12-31": "$34", "2018-09-30": "$52", "2018-06-30": "$45", "2018-03-31": "$49", "2017-12-31": "$42", "2017-09-30": "$52", "2017-06-30": "$44", "2017-03-31": "$47", "2016-12-31": "$44", "2016-09-30": "$40", "2016-06-30": "$44", "2016-03-31": "$46", "2015-12-31": "$56", "2015-09-30": "$669", "2015-06-30": "$33", "2015-03-31": "$38", "2014-12-31": "$23", "2014-09-30": "$42", "2014-06-30": "$26", "2014-03-31": "$43", "2013-12-31": "$68", "2013-09-30": "$64", "2013-06-30": "$18", "2013-03-31": "$13", "2012-12-31": "$32", "2012-09-30": "$17", "2012-06-30": "$55", "2012-03-31": "$31", "2011-12-31": "$23", "2011-09-30": "$24", "2011-06-30": "$57", "2011-03-31": "$44", "2010-12-31": "$96", "2010-09-30": "$39", "2010-06-30": "$10", "2010-03-31": "$25", "2009-12-31": "$17", "2009-09-30": "$16", "2009-06-30": "$4", "2009-03-31": "$12", "2008-12-31": "$11", "2008-09-30": "$8", "2008-06-30": "$14", "2008-03-31": "$11", "2007-12-31": "$18", "2007-09-30": "$9", "2007-06-30": "$2", "2007-03-31": "$20", "2006-12-31": "$16", "2006-09-30": "$8", "2006-06-30": "$7", "2006-03-31": "$11", "2005-12-31": "$9", "2005-09-30": "$4", "2005-06-30": "$11", "2005-03-31": "$13"}}, "long-term-debt": {"Stericycle Annual Long Term Debt (Millions of US $)": {"2019": "$2,559", "2018": "$2,664", "2017": "$2,615", "2016": "$2,877", "2015": "$3,040", "2014": "$1,527", "2013": "$1,281", "2012": "$1,268", "2011": "$1,284", "2010": "$1,014", "2009": "$911", "2008": "$754", "2007": "$614", "2006": "$443", "2005": "$349"}, "Stericycle Quarterly Long Term Debt (Millions of US $)": {"2020-09-30": "$1,879", "2020-06-30": "$1,999", "2020-03-31": "$2,519", "2019-12-31": "$2,559", "2019-09-30": "$2,617", "2019-06-30": "$2,697", "2019-03-31": "$2,702", "2018-12-31": "$2,664", "2018-09-30": "$2,721", "2018-06-30": "$2,536", "2018-03-31": "$2,586", "2017-12-31": "$2,615", "2017-09-30": "$2,634", "2017-06-30": "$2,750", "2017-03-31": "$2,767", "2016-12-31": "$2,877", "2016-09-30": "$2,922", "2016-06-30": "$3,009", "2016-03-31": "$3,038", "2015-12-31": "$3,040", "2015-09-30": "$1,410", "2015-06-30": "$1,539", "2015-03-31": "$1,462", "2014-12-31": "$1,527", "2014-09-30": "$1,512", "2014-06-30": "$1,564", "2014-03-31": "$1,246", "2013-12-31": "$1,281", "2013-09-30": "$1,296", "2013-06-30": "$1,246", "2013-03-31": "$1,193", "2012-12-31": "$1,268", "2012-09-30": "$1,011", "2012-06-30": "$1,282", "2012-03-31": "$1,251", "2011-12-31": "$1,284", "2011-09-30": "$1,305", "2011-06-30": "$1,165", "2011-03-31": "$922", "2010-12-31": "$1,014", "2010-09-30": "$880", "2010-06-30": "$859", "2010-03-31": "$929", "2009-12-31": "$911", "2009-09-30": "$768", "2009-06-30": "$742", "2009-03-31": "$724", "2008-12-31": "$754", "2008-09-30": "$702", "2008-06-30": "$707", "2008-03-31": "$650", "2007-12-31": "$614", "2007-09-30": "$545", "2007-06-30": "$509", "2007-03-31": "$449", "2006-12-31": "$443", "2006-09-30": "$423", "2006-06-30": "$457", "2006-03-31": "$474", "2005-12-31": "$349", "2005-09-30": "$235", "2005-06-30": "$246", "2005-03-31": "$188"}}, "total-liabilities": {"Stericycle Annual Total Liabilities (Millions of US $)": {"2019": "$4,102", "2018": "$3,858", "2017": "$4,080", "2016": "$4,164", "2015": "$4,317", "2014": "$2,456", "2013": "$2,120", "2012": "$1,989", "2011": "$1,950", "2010": "$1,559", "2009": "$1,326", "2008": "$1,089", "2007": "$894", "2006": "$703", "2005": "$526"}, "Stericycle Quarterly Total Liabilities (Millions of US $)": {"2020-09-30": "$3,295", "2020-06-30": "$3,389", "2020-03-31": "$4,073", "2019-12-31": "$4,102", "2019-09-30": "$4,199", "2019-06-30": "$4,308", "2019-03-31": "$4,280", "2018-12-31": "$3,858", "2018-09-30": "$3,970", "2018-06-30": "$4,013", "2018-03-31": "$4,064", "2017-12-31": "$4,080", "2017-09-30": "$4,198", "2017-06-30": "$4,277", "2017-03-31": "$4,104", "2016-12-31": "$4,164", "2016-09-30": "$4,198", "2016-06-30": "$4,317", "2016-03-31": "$4,294", "2015-12-31": "$4,317", "2015-09-30": "$2,442", "2015-06-30": "$2,545", "2015-03-31": "$2,434", "2014-12-31": "$2,456", "2014-09-30": "$2,565", "2014-06-30": "$2,585", "2014-03-31": "$2,080", "2013-12-31": "$2,120", "2013-09-30": "$2,122", "2013-06-30": "$1,969", "2013-03-31": "$1,917", "2012-12-31": "$1,989", "2012-09-30": "$1,919", "2012-06-30": "$1,952", "2012-03-31": "$1,947", "2011-12-31": "$1,950", "2011-09-30": "$1,944", "2011-06-30": "$1,715", "2011-03-31": "$1,466", "2010-12-31": "$1,559", "2010-09-30": "$1,377", "2010-06-30": "$1,322", "2010-03-31": "$1,375", "2009-12-31": "$1,326", "2009-09-30": "$1,143", "2009-06-30": "$1,075", "2009-03-31": "$1,061", "2008-12-31": "$1,089", "2008-09-30": "$1,028", "2008-06-30": "$1,017", "2008-03-31": "$955", "2007-12-31": "$894", "2007-09-30": "$818", "2007-06-30": "$766", "2007-03-31": "$711", "2006-12-31": "$703", "2006-09-30": "$665", "2006-06-30": "$661", "2006-03-31": "$669", "2005-12-31": "$526", "2005-09-30": "$403", "2005-06-30": "$402", "2005-03-31": "$353"}}, "total-share-holder-equity": {"Stericycle Annual Share Holder Equity (Millions of US $)": {"2019": "$2,335", "2018": "$2,597", "2017": "$2,909", "2016": "$2,816", "2015": "$2,748", "2014": "$1,917", "2013": "$1,768", "2012": "$1,557", "2011": "$1,227", "2010": "$1,080", "2009": "$857", "2008": "$671", "2007": "$714", "2006": "$625", "2005": "$522"}, "Stericycle Quarterly Share Holder Equity (Millions of US $)": {"2020-09-30": "$2,339", "2020-06-30": "$2,296", "2020-03-31": "$2,280", "2019-12-31": "$2,335", "2019-09-30": "$2,477", "2019-06-30": "$2,562", "2019-03-31": "$2,571", "2018-12-31": "$2,597", "2018-09-30": "$2,933", "2018-06-30": "$2,902", "2018-03-31": "$2,952", "2017-12-31": "$2,909", "2017-09-30": "$2,819", "2017-06-30": "$2,761", "2017-03-31": "$2,892", "2016-12-31": "$2,816", "2016-09-30": "$2,859", "2016-06-30": "$2,829", "2016-03-31": "$2,818", "2015-12-31": "$2,748", "2015-09-30": "$2,734", "2015-06-30": "$1,982", "2015-03-31": "$1,950", "2014-12-31": "$1,917", "2014-09-30": "$1,880", "2014-06-30": "$1,852", "2014-03-31": "$1,786", "2013-12-31": "$1,768", "2013-09-30": "$1,723", "2013-06-30": "$1,649", "2013-03-31": "$1,625", "2012-12-31": "$1,557", "2012-09-30": "$1,493", "2012-06-30": "$1,389", "2012-03-31": "$1,328", "2011-12-31": "$1,227", "2011-09-30": "$1,212", "2011-06-30": "$1,251", "2011-03-31": "$1,178", "2010-12-31": "$1,080", "2010-09-30": "$1,057", "2010-06-30": "$979", "2010-03-31": "$912", "2009-12-31": "$857", "2009-09-30": "$787", "2009-06-30": "$767", "2009-03-31": "$689", "2008-12-31": "$671", "2008-09-30": "$693", "2008-06-30": "$675", "2008-03-31": "$671", "2007-12-31": "$714", "2007-09-30": "$656", "2007-06-30": "$649", "2007-03-31": "$614", "2006-12-31": "$625", "2006-09-30": "$605", "2006-06-30": "$574", "2006-03-31": "$544", "2005-12-31": "$522", "2005-09-30": "$532", "2005-06-30": "$509", "2005-03-31": "$486"}}, "profit-margins": {"current": "-11.53%"}, "gross margin": {"2020-09-30": "37.71%", "2020-06-30": "36.17%", "2020-03-31": "35.66%", "2019-12-31": "35.48%", "2019-09-30": "36.41%", "2019-06-30": "37.38%", "2019-03-31": "38.44%", "2018-12-31": "39.50%", "2018-09-30": "39.53%", "2018-06-30": "40.12%", "2018-03-31": "40.54%", "2017-12-31": "40.85%", "2017-09-30": "41.29%", "2017-06-30": "41.43%", "2017-03-31": "41.62%", "2016-12-31": "41.77%", "2016-09-30": "42.04%", "2016-06-30": "41.92%", "2016-03-31": "41.95%", "2015-12-31": "42.03%", "2015-09-30": "42.20%", "2015-06-30": "42.22%", "2015-03-31": "42.28%", "2014-12-31": "42.80%", "2014-09-30": "43.40%", "2014-06-30": "44.25%", "2014-03-31": "44.86%", "2013-12-31": "44.96%", "2013-09-30": "45.10%", "2013-06-30": "45.09%", "2013-03-31": "44.94%", "2012-12-31": "44.80%", "2012-09-30": "44.83%", "2012-06-30": "44.85%", "2012-03-31": "45.11%", "2011-12-31": "45.41%", "2011-09-30": "43.96%", "2011-06-30": "44.76%", "2011-03-31": "45.54%", "2010-12-31": "46.35%", "2010-09-30": "47.06%", "2010-06-30": "47.18%", "2010-03-31": "47.25%", "2009-12-31": "46.94%", "2009-09-30": "46.84%", "2009-06-30": "46.02%", "2009-03-31": "45.12%", "2008-12-31": "44.74%", "2008-09-30": "44.63%", "2008-06-30": "44.81%", "2008-03-31": "44.93%", "2007-12-31": "44.80%", "2007-09-30": "44.94%", "2007-06-30": "44.74%", "2007-03-31": "44.58%", "2006-12-31": "44.36%", "2006-09-30": "44.71%", "2006-06-30": "44.48%", "2006-03-31": "44.14%", "2005-12-31": "43.93%"}, "operating margin": {"2020-09-30": "-9.19%", "2020-06-30": "-7.89%", "2020-03-31": "-7.29%", "2019-12-31": "-6.41%", "2019-09-30": "-10.71%", "2019-06-30": "-7.59%", "2019-03-31": "-6.43%", "2018-12-31": "-4.65%", "2018-09-30": "4.57%", "2018-06-30": "5.27%", "2018-03-31": "-1.87%", "2017-12-31": "-0.17%", "2017-09-30": "2.39%", "2017-06-30": "3.24%", "2017-03-31": "11.42%", "2016-12-31": "12.21%", "2016-09-30": "14.59%", "2016-06-30": "15.45%", "2016-03-31": "18.02%", "2015-12-31": "16.38%", "2015-09-30": "17.19%", "2015-06-30": "17.91%", "2015-03-31": "18.04%", "2014-12-31": "21.79%", "2014-09-30": "22.60%", "2014-06-30": "23.68%", "2014-03-31": "24.41%", "2013-12-31": "25.00%", "2013-09-30": "25.05%", "2013-06-30": "24.74%", "2013-03-31": "24.66%", "2012-12-31": "24.52%", "2012-09-30": "25.00%", "2012-06-30": "25.26%", "2012-03-31": "25.20%", "2011-12-31": "25.30%", "2011-09-30": "24.85%", "2011-06-30": "25.19%", "2011-03-31": "25.70%", "2010-12-31": "25.78%", "2010-09-30": "26.40%", "2010-06-30": "26.49%", "2010-03-31": "26.62%", "2009-12-31": "26.83%", "2009-09-30": "26.89%", "2009-06-30": "26.68%", "2009-03-31": "26.13%", "2008-12-31": "25.28%", "2008-09-30": "23.45%", "2008-06-30": "23.39%", "2008-03-31": "23.34%", "2007-12-31": "24.01%", "2007-09-30": "25.96%", "2007-06-30": "25.93%", "2007-03-31": "25.82%", "2006-12-31": "25.60%", "2006-09-30": "25.70%", "2006-06-30": "25.97%", "2006-03-31": "26.70%", "2005-12-31": "27.38%"}, "ebitda margin": {"2020-09-30": "6.81%", "2020-06-30": "7.39%", "2020-03-31": "7.14%", "2019-12-31": "8.73%", "2019-09-30": "8.66%", "2019-06-30": "11.52%", "2019-03-31": "12.36%", "2018-12-31": "13.02%", "2018-09-30": "13.94%", "2018-06-30": "14.45%", "2018-03-31": "7.00%", "2017-12-31": "8.57%", "2017-09-30": "8.84%", "2017-06-30": "9.82%", "2017-03-31": "18.72%", "2016-12-31": "19.26%", "2016-09-30": "21.33%", "2016-06-30": "21.41%", "2016-03-31": "22.58%", "2015-12-31": "20.56%", "2015-09-30": "21.01%", "2015-06-30": "21.84%", "2015-03-31": "22.12%", "2014-12-31": "25.86%", "2014-09-30": "26.77%", "2014-06-30": "27.83%", "2014-03-31": "28.45%", "2013-12-31": "29.06%", "2013-09-30": "29.13%", "2013-06-30": "28.79%", "2013-03-31": "28.67%", "2012-12-31": "28.49%", "2012-09-30": "28.88%", "2012-06-30": "29.10%", "2012-03-31": "29.11%", "2011-12-31": "29.24%", "2011-09-30": "28.79%", "2011-06-30": "29.16%", "2011-03-31": "29.49%", "2010-12-31": "29.53%", "2010-09-30": "30.07%", "2010-06-30": "29.96%", "2010-03-31": "30.02%", "2009-12-31": "30.05%", "2009-09-30": "30.05%", "2009-06-30": "29.81%", "2009-03-31": "29.20%", "2008-12-31": "28.41%", "2008-09-30": "26.65%", "2008-06-30": "26.71%", "2008-03-31": "26.82%", "2007-12-31": "27.55%", "2007-09-30": "29.44%", "2007-06-30": "29.44%", "2007-03-31": "29.35%", "2006-12-31": "29.02%", "2006-09-30": "29.05%", "2006-06-30": "29.27%", "2006-03-31": "29.94%", "2005-12-31": "30.66%"}, "pre tax profit margin": {"2020-09-30": "-12.59%", "2020-06-30": "-11.57%", "2020-03-31": "-11.86%", "2019-12-31": "-10.97%", "2019-09-30": "-15.20%", "2019-06-30": "-12.09%", "2019-03-31": "-9.91%", "2018-12-31": "-7.92%", "2018-09-30": "1.51%", "2018-06-30": "2.42%", "2018-03-31": "-4.72%", "2017-12-31": "-3.02%", "2017-09-30": "-0.69%", "2017-06-30": "0.31%", "2017-03-31": "8.44%", "2016-12-31": "9.21%", "2016-09-30": "11.91%", "2016-06-30": "12.72%", "2016-03-31": "15.42%", "2015-12-31": "13.76%", "2015-09-30": "14.41%", "2015-06-30": "15.12%", "2015-03-31": "15.25%", "2014-12-31": "19.05%", "2014-09-30": "19.94%", "2014-06-30": "21.05%", "2014-03-31": "21.73%", "2013-12-31": "22.29%", "2013-09-30": "22.36%", "2013-06-30": "21.98%", "2013-03-31": "21.91%", "2012-12-31": "21.80%", "2012-09-30": "22.14%", "2012-06-30": "22.37%", "2012-03-31": "22.09%", "2011-12-31": "22.20%", "2011-09-30": "21.82%", "2011-06-30": "22.38%", "2011-03-31": "23.04%", "2010-12-31": "23.07%", "2010-09-30": "23.60%", "2010-06-30": "23.40%", "2010-03-31": "23.46%", "2009-12-31": "23.60%", "2009-09-30": "23.64%", "2009-06-30": "23.37%", "2009-03-31": "22.78%", "2008-12-31": "21.96%", "2008-09-30": "20.06%", "2008-06-30": "19.96%", "2008-03-31": "19.86%", "2007-12-31": "20.47%", "2007-09-30": "22.58%", "2007-06-30": "22.55%", "2007-03-31": "22.17%", "2006-12-31": "21.93%", "2006-09-30": "16.73%", "2006-06-30": "16.93%", "2006-03-31": "17.75%", "2005-12-31": "18.36%"}, "net profit margin": {"2020-09-30": "-11.53%", "2020-06-30": "-10.05%", "2020-03-31": "-10.08%", "2019-12-31": "-10.49%", "2019-09-30": "-13.27%", "2019-06-30": "-10.90%", "2019-03-31": "-9.09%", "2018-12-31": "-7.23%", "2018-09-30": "4.23%", "2018-06-30": "4.71%", "2018-03-31": "-0.25%", "2017-12-31": "0.64%", "2017-09-30": "-1.31%", "2017-06-30": "-0.58%", "2017-03-31": "4.61%", "2016-12-31": "5.03%", "2016-09-30": "6.69%", "2016-06-30": "7.23%", "2016-03-31": "9.23%", "2015-12-31": "8.61%", "2015-09-30": "9.69%", "2015-06-30": "10.39%", "2015-03-31": "10.46%", "2014-12-31": "12.79%", "2014-09-30": "13.16%", "2014-06-30": "13.83%", "2014-03-31": "14.36%", "2013-12-31": "14.55%", "2013-09-30": "14.62%", "2013-06-30": "14.22%", "2013-03-31": "14.13%", "2012-12-31": "14.01%", "2012-09-30": "14.12%", "2012-06-30": "14.25%", "2012-03-31": "14.04%", "2011-12-31": "14.02%", "2011-09-30": "13.63%", "2011-06-30": "14.00%", "2011-03-31": "14.38%", "2010-12-31": "14.45%", "2010-09-30": "14.93%", "2010-06-30": "14.90%", "2010-03-31": "14.89%", "2009-12-31": "15.03%", "2009-09-30": "15.03%", "2009-06-30": "14.59%", "2009-03-31": "14.29%", "2008-12-31": "13.75%", "2008-09-30": "12.62%", "2008-06-30": "12.52%", "2008-03-31": "12.38%", "2007-12-31": "12.65%", "2007-09-30": "13.82%", "2007-06-30": "13.79%", "2007-03-31": "13.52%", "2006-12-31": "13.43%", "2006-09-30": "10.17%", "2006-06-30": "10.19%", "2006-03-31": "10.65%", "2005-12-31": "10.98%"}, "pe ratio": {"current": "28.97", "2021-02-05": "0.00", "2020-09-30": "0.00", "2020-06-30": "0.00", "2020-03-31": "0.00", "2019-12-31": "0.00", "2019-09-30": "0.00", "2019-06-30": "0.00", "2019-03-31": "0.00", "2018-12-31": "0.00", "2018-09-30": "33.92", "2018-06-30": "33.65", "2018-03-31": "0.00", "2017-12-31": "261.50", "2017-09-30": "0.00", "2017-06-30": "0.00", "2017-03-31": "43.40", "2016-12-31": "37.22", "2016-09-30": "29.36", "2016-06-30": "41.98", "2016-03-31": "45.89", "2015-12-31": "42.46", "2015-09-30": "46.42", "2015-06-30": "38.37", "2015-03-31": "37.55", "2014-12-31": "34.68", "2014-09-30": "31.33", "2014-06-30": "32.18", "2014-03-31": "31.39", "2013-12-31": "32.63", "2013-09-30": "33.35", "2013-06-30": "33.57", "2013-03-31": "33.39", "2012-12-31": "30.29", "2012-09-30": "29.96", "2012-06-30": "31.07", "2012-03-31": "29.87", "2011-12-31": "28.97", "2011-09-30": "32.03", "2011-06-30": "35.79", "2011-03-31": "35.90", "2010-12-31": "33.86", "2010-09-30": "29.69", "2010-06-30": "29.41", "2010-03-31": "25.59", "2009-12-31": "27.04", "2009-09-30": "24.59", "2009-06-30": "27.41", "2009-03-31": "26.37", "2008-12-31": "30.82", "2008-09-30": "39.01", "2008-06-30": "36.15", "2008-03-31": "38.15", "2007-12-31": "44.83", "2007-09-30": "41.57", "2007-06-30": "33.94", "2007-03-31": "33.13", "2006-12-31": "32.40"}, "price sales": {"2021-02-05": "2.23", "2020-09-30": "2.04", "2020-06-30": "1.69", "2020-03-31": "1.36", "2019-12-31": "1.75", "2019-09-30": "1.36", "2019-06-30": "1.25", "2019-03-31": "1.39", "2018-12-31": "0.91", "2018-09-30": "1.43", "2018-06-30": "1.58", "2018-03-31": "1.40", "2017-12-31": "1.62", "2017-09-30": "1.70", "2017-06-30": "1.81", "2017-03-31": "1.98", "2016-12-31": "1.85", "2016-09-30": "1.94", "2016-06-30": "2.65", "2016-03-31": "3.40", "2015-12-31": "3.48", "2015-09-30": "4.33", "2015-06-30": "4.24", "2015-03-31": "4.57", "2014-12-31": "4.42", "2014-09-30": "4.12", "2014-06-30": "4.44", "2014-03-31": "4.51", "2013-12-31": "4.74", "2013-09-30": "4.85", "2013-06-30": "4.76", "2013-03-31": "4.71", "2012-12-31": "4.24", "2012-09-30": "4.24", "2012-06-30": "4.44", "2012-03-31": "4.20", "2011-12-31": "4.07", "2011-09-30": "4.35", "2011-06-30": "4.98", "2011-03-31": "5.14", "2010-12-31": "4.88", "2010-09-30": "4.44", "2010-06-30": "4.39", "2010-03-31": "3.82", "2009-12-31": "4.07", "2009-09-30": "3.71", "2009-06-30": "4.03", "2009-03-31": "3.79", "2008-12-31": "4.25", "2008-09-30": "4.93", "2008-06-30": "4.52", "2008-03-31": "4.73", "2007-12-31": "5.73", "2007-09-30": "5.79", "2007-06-30": "4.69", "2007-03-31": "4.49", "2006-12-31": "4.33"}, "price book": {"current": "2.70", "2021-02-05": "2.70", "2020-09-30": "2.47", "2020-06-30": "2.23", "2020-03-31": "1.95", "2019-12-31": "2.49", "2019-09-30": "1.87", "2019-06-30": "1.70", "2019-03-31": "1.92", "2018-12-31": "1.28", "2018-09-30": "1.81", "2018-06-30": "1.93", "2018-03-31": "1.70", "2017-12-31": "2.00", "2017-09-30": "2.17", "2017-06-30": "2.36", "2017-03-31": "2.44", "2016-12-31": "2.33", "2016-09-30": "2.38", "2016-06-30": "3.13", "2016-03-31": "3.80", "2015-12-31": "3.72", "2015-09-30": "4.33", "2015-06-30": "5.73", "2015-03-31": "6.14", "2014-12-31": "5.80", "2014-09-30": "5.26", "2014-06-30": "5.42", "2014-03-31": "5.41", "2013-12-31": "5.62", "2013-09-30": "5.74", "2013-06-30": "5.75", "2013-03-31": "5.63", "2012-12-31": "5.15", "2012-09-30": "5.21", "2012-06-30": "5.64", "2012-03-31": "5.35", "2011-12-31": "5.38", "2011-09-30": "5.68", "2011-06-30": "6.13", "2011-03-31": "6.45", "2010-12-31": "6.38", "2010-09-30": "5.62", "2010-06-30": "5.72", "2010-03-31": "5.06", "2009-12-31": "5.45", "2009-09-30": "5.19", "2009-06-30": "5.72", "2009-03-31": "5.88", "2008-12-31": "6.62", "2008-09-30": "7.27", "2008-06-30": "6.56", "2008-03-31": "6.61", "2007-12-31": "7.27", "2007-09-30": "7.58", "2007-06-30": "5.99", "2007-03-31": "5.81", "2006-12-31": "5.34", "2006-09-30": "5.12", "2006-06-30": "5.01", "2006-03-31": "5.50"}, "price fcf": {"2021-02-05": "", "2020-09-30": "$3.11", "2020-06-30": "$2.45", "2020-03-31": "$1.39", "2019-12-31": "$0.59", "2019-09-30": "$0.92", "2019-06-30": "$-1.95", "2019-03-31": "$-0.88", "2018-12-31": "$0.40", "2018-09-30": "$0.68", "2018-06-30": "$4.16", "2018-03-31": "$3.65", "2017-12-31": "$4.27", "2017-09-30": "$4.75", "2017-06-30": "$4.93", "2017-03-31": "$5.10", "2016-12-31": "$4.96", "2016-09-30": "$4.30", "2016-06-30": "$3.71", "2016-03-31": "$3.30", "2015-12-31": "$3.15", "2015-09-30": "$3.52", "2015-06-30": "$3.46", "2015-03-31": "$3.99", "2014-12-31": "$4.20", "2014-09-30": "$3.81", "2014-06-30": "$4.48", "2014-03-31": "$4.36", "2013-12-31": "$3.80", "2013-09-30": "$4.38", "2013-06-30": "$3.54", "2013-03-31": "$3.72", "2012-12-31": "$3.74", "2012-09-30": "$3.44", "2012-06-30": "$3.59", "2012-03-31": "$3.23", "2011-12-31": "$2.89", "2011-09-30": "$3.28", "2011-06-30": "$3.08", "2011-03-31": "$3.02", "2010-12-31": "$3.19", "2010-09-30": "$2.56", "2010-06-30": "$2.69", "2010-03-31": "$2.74", "2009-12-31": "$2.74", "2009-09-30": "$2.60", "2009-06-30": "$2.28", "2009-03-31": "$2.05", "2008-12-31": "$1.85", "2008-09-30": "$1.76", "2008-06-30": "$1.68", "2008-03-31": "$1.51", "2007-12-31": "$1.40", "2007-09-30": "$1.39", "2007-06-30": "$1.37", "2007-03-31": "$1.59", "2006-12-31": "$1.38"}, "net worth": {"value": "$6.31B"}, "current ratio": {"current": "0.82", "2020-09-30": "0.82", "2020-06-30": "0.90", "2020-03-31": "1.47", "2019-12-31": "0.93", "2019-09-30": "0.94", "2019-06-30": "1.05", "2019-03-31": "1.02", "2018-12-31": "1.02", "2018-09-30": "1.07", "2018-06-30": "0.81", "2018-03-31": "0.81", "2017-12-31": "0.84", "2017-09-30": "0.82", "2017-06-30": "0.87", "2017-03-31": "1.31", "2016-12-31": "1.43", "2016-09-30": "1.44", "2016-06-30": "1.49", "2016-03-31": "1.37", "2015-12-31": "1.30", "2015-09-30": "2.47", "2015-06-30": "1.30", "2015-03-31": "1.24", "2014-12-31": "1.20", "2014-09-30": "1.15", "2014-06-30": "1.16", "2014-03-31": "1.25", "2013-12-31": "1.30", "2013-09-30": "1.28", "2013-06-30": "1.49", "2013-03-31": "1.37", "2012-12-31": "1.33", "2012-09-30": "0.80", "2012-06-30": "1.44", "2012-03-31": "1.28", "2011-12-31": "1.20", "2011-09-30": "1.17", "2011-06-30": "1.39", "2011-03-31": "1.16", "2010-12-31": "1.20", "2010-09-30": "1.16", "2010-06-30": "1.04", "2010-03-31": "1.12", "2009-12-31": "1.06", "2009-09-30": "1.09", "2009-06-30": "1.26", "2009-03-31": "1.21", "2008-12-31": "1.25", "2008-09-30": "1.31", "2008-06-30": "1.31", "2008-03-31": "1.28", "2007-12-31": "1.40", "2007-09-30": "1.45", "2007-06-30": "1.51", "2007-03-31": "1.31", "2006-12-31": "1.54", "2006-09-30": "1.22", "2006-06-30": "1.49", "2006-03-31": "1.54", "2005-12-31": "1.46", "2005-09-30": "1.43", "2005-06-30": "1.64", "2005-03-31": "1.24"}, "quick ratio": {"2020-09-30": "0.00", "2020-06-30": "0.00", "2020-03-31": "0.00", "2019-12-31": "0.00", "2019-09-30": "0.00", "2019-06-30": "0.00", "2019-03-31": "0.00", "2018-12-31": "0.00", "2018-09-30": "0.00", "2018-06-30": "0.00", "2018-03-31": "0.00", "2017-12-31": "0.00", "2017-09-30": "0.00", "2017-06-30": "0.00", "2017-03-31": "0.00", "2016-12-31": "0.00", "2016-09-30": "0.00", "2016-06-30": "0.00", "2016-03-31": "0.00", "2015-12-31": "0.00", "2015-09-30": "0.00", "2015-06-30": "0.00", "2015-03-31": "0.00", "2014-12-31": "0.00", "2014-09-30": "0.00", "2014-06-30": "0.00", "2014-03-31": "0.00", "2013-12-31": "0.00", "2013-09-30": "0.00", "2013-06-30": "0.00", "2013-03-31": "0.00", "2012-12-31": "0.00", "2012-09-30": "0.00", "2012-06-30": "0.00", "2012-03-31": "0.00", "2011-12-31": "0.00", "2011-09-30": "0.00", "2011-06-30": "0.00", "2011-03-31": "0.00", "2010-12-31": "0.00", "2010-09-30": "0.00", "2010-06-30": "0.00", "2010-03-31": "0.00", "2009-12-31": "0.00", "2009-09-30": "0.00", "2009-06-30": "0.00", "2009-03-31": "0.00", "2008-12-31": "0.00", "2008-09-30": "0.00", "2008-06-30": "0.00", "2008-03-31": "0.00", "2007-12-31": "0.00", "2007-09-30": "0.00", "2007-06-30": "0.00", "2007-03-31": "0.00", "2006-12-31": "0.00", "2006-09-30": "1.17", "2006-06-30": "1.43", "2006-03-31": "1.48", "2005-12-31": "1.41", "2005-09-30": "1.38", "2005-06-30": "1.58", "2005-03-31": "1.20"}, "debt equity ratio": {"current": "0.80", "2020-09-30": "1.41", "2020-06-30": "1.48", "2020-03-31": "1.79", "2019-12-31": "1.76", "2019-09-30": "1.70", "2019-06-30": "1.68", "2019-03-31": "1.67", "2018-12-31": "1.49", "2018-09-30": "1.35", "2018-06-30": "1.38", "2018-03-31": "1.38", "2017-12-31": "1.40", "2017-09-30": "1.49", "2017-06-30": "1.55", "2017-03-31": "1.42", "2016-12-31": "1.48", "2016-09-30": "1.47", "2016-06-30": "1.53", "2016-03-31": "1.52", "2015-12-31": "1.57", "2015-09-30": "0.89", "2015-06-30": "1.28", "2015-03-31": "1.25", "2014-12-31": "1.28", "2014-09-30": "1.36", "2014-06-30": "1.40", "2014-03-31": "1.17", "2013-12-31": "1.20", "2013-09-30": "1.23", "2013-06-30": "1.19", "2013-03-31": "1.18", "2012-12-31": "1.28", "2012-09-30": "1.29", "2012-06-30": "1.41", "2012-03-31": "1.47", "2011-12-31": "1.59", "2011-09-30": "1.60", "2011-06-30": "1.37", "2011-03-31": "1.24", "2010-12-31": "1.44", "2010-09-30": "1.30", "2010-06-30": "1.35", "2010-03-31": "1.51", "2009-12-31": "1.55", "2009-09-30": "1.45", "2009-06-30": "1.40", "2009-03-31": "1.54", "2008-12-31": "1.62", "2008-09-30": "1.48", "2008-06-30": "1.51", "2008-03-31": "1.42", "2007-12-31": "1.25", "2007-09-30": "1.25", "2007-06-30": "1.18", "2007-03-31": "1.16", "2006-12-31": "1.12", "2006-09-30": "1.10", "2006-06-30": "1.15", "2006-03-31": "1.23", "2005-12-31": "1.01", "2005-09-30": "0.76", "2005-06-30": "0.79", "2005-03-31": "0.73"}, "return on equity": {"2020-09-30": "-14.05%", "2020-06-30": "-12.91%", "2020-03-31": "-13.63%", "2019-12-31": "-13.96%", "2019-09-30": "-17.48%", "2019-06-30": "-13.84%", "2019-03-31": "-11.31%", "2018-12-31": "-8.85%", "2018-09-30": "5.10%", "2018-06-30": "5.77%", "2018-03-31": "-0.31%", "2017-12-31": "0.81%", "2017-09-30": "-1.67%", "2017-06-30": "-0.74%", "2017-03-31": "5.79%", "2016-12-31": "6.32%", "2016-09-30": "8.42%", "2016-06-30": "8.77%", "2016-03-31": "11.48%", "2015-12-31": "10.92%", "2015-09-30": "12.54%", "2015-06-30": "14.65%", "2015-03-31": "14.58%", "2014-12-31": "17.59%", "2014-09-30": "17.68%", "2014-06-30": "17.95%", "2014-03-31": "18.25%", "2013-12-31": "18.45%", "2013-09-30": "18.55%", "2013-06-30": "18.22%", "2013-03-31": "18.34%", "2012-12-31": "18.59%", "2012-09-30": "19.28%", "2012-06-30": "19.86%", "2012-03-31": "19.45%", "2011-12-31": "19.31%", "2011-09-30": "18.72%", "2011-06-30": "19.19%", "2011-03-31": "20.12%", "2010-12-31": "20.66%", "2010-09-30": "21.34%", "2010-06-30": "21.84%", "2010-03-31": "22.15%", "2009-12-31": "22.84%", "2009-09-30": "23.47%", "2009-06-30": "23.12%", "2009-03-31": "23.17%", "2008-12-31": "21.99%", "2008-09-30": "19.47%", "2008-06-30": "18.85%", "2008-03-31": "17.99%", "2007-12-31": "17.93%", "2007-09-30": "19.34%", "2007-06-30": "18.93%", "2007-03-31": "18.36%", "2006-12-31": "18.06%", "2006-09-30": "13.54%", "2006-06-30": "13.08%", "2006-03-31": "13.10%", "2005-12-31": "13.08%"}, "return on assets": {"2020-09-30": "-5.39%", "2020-06-30": "-4.82%", "2020-03-31": "-5.00%", "2019-12-31": "-5.17%", "2019-09-30": "-6.64%", "2019-06-30": "-5.45%", "2019-03-31": "-4.59%", "2018-12-31": "-3.69%", "2018-09-30": "2.14%", "2018-06-30": "2.39%", "2018-03-31": "-0.13%", "2017-12-31": "0.33%", "2017-09-30": "-0.67%", "2017-06-30": "-0.30%", "2017-03-31": "2.34%", "2016-12-31": "2.53%", "2016-09-30": "3.34%", "2016-06-30": "3.68%", "2016-03-31": "4.94%", "2015-12-31": "4.86%", "2015-09-30": "5.83%", "2015-06-30": "6.38%", "2015-03-31": "6.28%", "2014-12-31": "7.64%", "2014-09-30": "7.74%", "2014-06-30": "7.98%", "2014-03-31": "8.31%", "2013-12-31": "8.38%", "2013-09-30": "8.36%", "2013-06-30": "8.16%", "2013-03-31": "8.03%", "2012-12-31": "7.90%", "2012-09-30": "7.94%", "2012-06-30": "7.91%", "2012-03-31": "7.76%", "2011-12-31": "7.87%", "2011-09-30": "7.75%", "2011-06-30": "8.20%", "2011-03-31": "8.62%", "2010-12-31": "8.61%", "2010-09-30": "8.82%", "2010-06-30": "8.87%", "2010-03-31": "8.93%", "2009-12-31": "9.19%", "2009-09-30": "9.40%", "2009-06-30": "9.22%", "2009-03-31": "9.13%", "2008-12-31": "8.77%", "2008-09-30": "8.06%", "2008-06-30": "8.00%", "2008-03-31": "7.90%", "2007-12-31": "8.11%", "2007-09-30": "8.88%", "2007-06-30": "8.84%", "2007-03-31": "8.61%", "2006-12-31": "8.40%", "2006-09-30": "6.38%", "2006-06-30": "6.41%", "2006-03-31": "6.72%", "2005-12-31": "7.18%"}, "return on investments": {"2020-09-30": "-5.69%", "2020-06-30": "-4.99%", "2020-03-31": "-4.75%", "2019-12-31": "-4.13%", "2019-09-30": "-6.89%", "2019-06-30": "-4.79%", "2019-03-31": "-4.07%", "2018-12-31": "-2.96%", "2018-09-30": "2.91%", "2018-06-30": "3.41%", "2018-03-31": "-1.22%", "2017-12-31": "-0.11%", "2017-09-30": "1.54%", "2017-06-30": "2.07%", "2017-03-31": "7.12%", "2016-12-31": "7.51%", "2016-09-30": "8.89%", "2016-06-30": "9.64%", "2016-03-31": "11.93%", "2015-12-31": "11.60%", "2015-09-30": "13.14%", "2015-06-30": "14.18%", "2015-03-31": "13.99%", "2014-12-31": "16.77%", "2014-09-30": "17.16%", "2014-06-30": "17.52%", "2014-03-31": "17.91%", "2013-12-31": "18.20%", "2013-09-30": "18.03%", "2013-06-30": "18.15%", "2013-03-31": "17.93%", "2012-12-31": "17.73%", "2012-09-30": "18.08%", "2012-06-30": "17.67%", "2012-03-31": "17.48%", "2011-12-31": "17.77%", "2011-09-30": "17.66%", "2011-06-30": "18.44%", "2011-03-31": "19.37%", "2010-12-31": "19.24%", "2010-09-30": "19.44%", "2010-06-30": "19.59%", "2010-03-31": "19.72%", "2009-12-31": "20.24%", "2009-09-30": "20.75%", "2009-06-30": "20.77%", "2009-03-31": "20.60%", "2008-12-31": "19.85%", "2008-09-30": "18.36%", "2008-06-30": "18.28%", "2008-03-31": "18.21%", "2007-12-31": "18.87%", "2007-09-30": "20.58%", "2007-06-30": "20.57%", "2007-03-31": "20.24%", "2006-12-31": "19.49%", "2006-09-30": "19.46%", "2006-06-30": "19.64%", "2006-03-31": "20.29%", "2005-12-31": "21.79%"}, "return on tangible equity": {"2020-09-30": "18.58%", "2020-06-30": "15.99%", "2020-03-31": "16.20%", "2019-12-31": "16.03%", "2019-09-30": "20.15%", "2019-06-30": "16.33%", "2019-03-31": "13.47%", "2018-12-31": "10.66%", "2018-09-30": "-6.16%", "2018-06-30": "-6.70%", "2018-03-31": "0.35%", "2017-12-31": "-0.88%", "2017-09-30": "1.78%", "2017-06-30": "0.79%", "2017-03-31": "-6.17%", "2016-12-31": "-6.56%", "2016-09-30": "-8.51%", "2016-06-30": "-10.73%", "2016-03-31": "-15.39%", "2015-12-31": "-16.54%", "2015-09-30": "-22.54%", "2015-06-30": "-20.23%", "2015-03-31": "-19.40%", "2014-12-31": "-23.64%", "2014-09-30": "-24.27%", "2014-06-30": "-25.27%", "2014-03-31": "-26.96%", "2013-12-31": "-27.05%", "2013-09-30": "-26.41%", "2013-06-30": "-25.41%", "2013-03-31": "-24.25%", "2012-12-31": "-23.00%", "2012-09-30": "-22.21%", "2012-06-30": "-21.25%", "2012-03-31": "-20.84%", "2011-12-31": "-21.70%", "2011-09-30": "-22.16%", "2011-06-30": "-24.87%", "2011-03-31": "-26.43%", "2010-12-31": "-25.50%", "2010-09-30": "-25.55%", "2010-06-30": "-25.13%", "2010-03-31": "-25.24%", "2009-12-31": "-26.09%", "2009-09-30": "-26.89%", "2009-06-30": "-26.55%", "2009-03-31": "-26.28%", "2008-12-31": "-25.70%", "2008-09-30": "-24.87%", "2008-06-30": "-25.75%", "2008-03-31": "-27.11%", "2007-12-31": "-29.67%", "2007-09-30": "-34.55%", "2007-06-30": "-35.73%", "2007-03-31": "-35.10%", "2006-12-31": "-33.78%", "2006-09-30": "-25.87%", "2006-06-30": "-28.43%", "2006-03-31": "-34.12%", "2005-12-31": "-47.86%"}, "dividend yield history": {"last payout": "$0.00", "last yield": "0.00%"}}