{"ticker": "STL", "price": {"title": "Sterling Bancorp Historical Annual Stock Price Data", "value": 19.92, "historical": {"2021": {"Average Stock Price": "19.7479", "Year Open": "17.8300", "Year High": "21.0800", "Year Low": "17.8300", "Year Close": "19.9200", "Annual % Change": "10.79%"}, "2020": {"Average Stock Price": "13.7500", "Year Open": "21.1900", "Year High": "21.1900", "Year Low": "7.4800", "Year Close": "17.9800", "Annual % Change": "-14.71%"}, "2019": {"Average Stock Price": "20.0836", "Year Open": "16.8500", "Year High": "21.9900", "Year Low": "16.6600", "Year Close": "21.0800", "Annual % Change": "27.68%"}, "2018": {"Average Stock Price": "22.4209", "Year Open": "24.4000", "Year High": "26.2500", "Year Low": "15.7300", "Year Close": "16.5100", "Annual % Change": "-32.89%"}, "2017": {"Average Stock Price": "23.6287", "Year Open": "23.4000", "Year High": "26.0500", "Year Low": "21.1500", "Year Close": "24.6000", "Annual % Change": "5.13%"}, "2016": {"Average Stock Price": "17.2378", "Year Open": "15.7900", "Year High": "24.4000", "Year Low": "13.5700", "Year Close": "23.4000", "Annual % Change": "44.27%"}, "2015": {"Average Stock Price": "14.4771", "Year Open": "14.0800", "Year High": "17.6100", "Year Low": "12.9700", "Year Close": "16.2200", "Annual % Change": "12.80%"}, "2014": {"Average Stock Price": "12.6271", "Year Open": "13.1500", "Year High": "14.4900", "Year Low": "11.0500", "Year Close": "14.3800", "Annual % Change": "7.55%"}, "2013": {"Average Stock Price": "10.2674", "Year Open": "9.5400", "Year High": "13.4700", "Year Low": "8.7000", "Year Close": "13.3700", "Annual % Change": "43.61%"}, "2012": {"Average Stock Price": "8.4258", "Year Open": "6.7400", "Year High": "9.6600", "Year Low": "6.7000", "Year Close": "9.3100", "Annual % Change": "40.21%"}, "2011": {"Average Stock Price": "8.0820", "Year Open": "10.9300", "Year High": "10.9300", "Year Low": "5.5100", "Year Close": "6.6400", "Annual % Change": "-36.70%"}, "2010": {"Average Stock Price": "9.0936", "Year Open": "8.6200", "Year High": "10.6400", "Year Low": "7.9200", "Year Close": "10.4900", "Annual % Change": "24.29%"}, "2009": {"Average Stock Price": "9.0105", "Year Open": "11.9100", "Year High": "11.9100", "Year Low": "7.3100", "Year Close": "8.4400", "Annual % Change": "-31.94%"}, "2008": {"Average Stock Price": "12.6449", "Year Open": "12.5800", "Year High": "14.6500", "Year Low": "9.5400", "Year Close": "12.4000", "Annual % Change": "-4.02%"}, "2007": {"Average Stock Price": "13.5686", "Year Open": "14.9500", "Year High": "15.2100", "Year Low": "11.5100", "Year Close": "12.9200", "Annual % Change": "-13.75%"}, "2006": {"Average Stock Price": "13.2270", "Year Open": "10.9900", "Year High": "15.8300", "Year Low": "10.9300", "Year Close": "14.9800", "Annual % Change": "36.06%"}, "2005": {"Average Stock Price": "11.8438", "Year Open": "13.1200", "Year High": "13.2100", "Year Low": "10.1300", "Year Close": "11.0100", "Annual % Change": "-16.53%"}, "2004": {"Average Stock Price": "11.5571", "Year Open": "10.6385", "Year High": "13.7600", "Year Low": "10.2500", "Year Close": "13.1900", "Annual % Change": "24.38%"}, "2003": {"Average Stock Price": "8.3145", "Year Open": "7.0081", "Year High": "10.8709", "Year Low": "6.7690", "Year Close": "10.6047", "Annual % Change": "51.37%"}, "2002": {"Average Stock Price": "6.4133", "Year Open": "6.5208", "Year High": "7.1074", "Year Low": "5.9792", "Year Close": "7.0059", "Annual % Change": "6.34%"}, "2001": {"Average Stock Price": "4.5363", "Year Open": "3.6236", "Year High": "6.6877", "Year Low": "3.5966", "Year Close": "6.5884", "Annual % Change": "81.14%"}, "2000": {"Average Stock Price": "3.4912", "Year Open": "3.5108", "Year High": "3.7094", "Year Low": "3.1882", "Year Close": "3.6372", "Annual % Change": "3.60%"}}}, "market cap": {"value": "$3.87B"}, "income statement": {"Revenue": {"2020-12-31": "1149.58300", "2019-12-31": "1333.40500", "2018-12-31": "1311.67000", "2017-12-31": "746.65100", "2016-12-31": "532.53800", "2015-12-31": "410.89200", "2014-12-31": "", "2014-09-30": "294.27600", "2013-09-30": "159.75300", "2012-09-30": "147.18900", "2011-09-30": "142.56500", "2010-09-30": "146.97500", "2009-09-30": "171.54300", "2008-09-30": "170.02400", "2007-09-30": "171.47100", "2006-09-30": "152.76800", "2005-09-30": "133.17800"}, "Cost Of Goods Sold": {"2020-12-31": "149.10000", "2019-12-31": "283.61700", "2018-12-31": "241.07000", "2017-12-31": "106.30600", "2016-12-31": "57.28200", "2015-12-31": "36.92500", "2014-12-31": "", "2014-09-30": "28.91800", "2013-09-30": "19.89400", "2012-09-30": "18.57300", "2011-09-30": "21.32400", "2010-09-30": "26.44000", "2009-09-30": "37.72000", "2008-09-30": "53.64200", "2007-09-30": "66.88800", "2006-09-30": "50.85900", "2005-09-30": "29.40000"}, "Gross Profit": {"2020-12-31": "1000.48300", "2019-12-31": "1049.78800", "2018-12-31": "1070.60000", "2017-12-31": "640.34500", "2016-12-31": "475.25600", "2015-12-31": "373.96700", "2014-12-31": "", "2014-09-30": "265.35800", "2013-09-30": "139.85900", "2012-09-30": "128.61600", "2011-09-30": "121.24100", "2010-09-30": "120.53500", "2009-09-30": "133.82300", "2008-09-30": "116.38200", "2007-09-30": "104.58300", "2006-09-30": "101.90900", "2005-09-30": "103.77800"}, "Research And Development Expenses": {"2020-12-31": "", "2019-12-31": "", "2018-12-31": "", "2017-12-31": "", "2016-12-31": "", "2015-12-31": "", "2014-12-31": "", "2014-09-30": "", "2013-09-30": "", "2012-09-30": "", "2011-09-30": "", "2010-09-30": "", "2009-09-30": "", "2008-09-30": "", "2007-09-30": "", "2006-09-30": "", "2005-09-30": ""}, "SG&A Expenses": {"2020-12-31": "714.70400", "2019-12-31": "467.76600", "2018-12-31": "467.59200", "2017-12-31": "302.02500", "2016-12-31": "250.73600", "2015-12-31": "219.85000", "2014-12-31": "", "2014-09-30": "208.66500", "2013-09-30": "99.12300", "2012-09-30": "95.39900", "2011-09-30": "105.01400", "2010-09-30": "91.32100", "2009-09-30": "95.60200", "2008-09-30": "80.10100", "2007-09-30": "73.35100", "2006-09-30": "69.16800", "2005-09-30": "66.26900"}, "Other Operating Income Or Expenses": {"2020-12-31": "", "2019-12-31": "", "2018-12-31": "", "2017-12-31": "", "2016-12-31": "", "2015-12-31": "", "2014-12-31": "", "2014-09-30": "", "2013-09-30": "", "2012-09-30": "", "2011-09-30": "", "2010-09-30": "", "2009-09-30": "", "2008-09-30": "", "2007-09-30": "", "2006-09-30": "", "2005-09-30": ""}, "Operating Expenses": {"2020-12-31": "880.60410", "2019-12-31": "770.56400", "2018-12-31": "732.30800", "2017-12-31": "421.33900", "2016-12-31": "320.43400", "2015-12-31": "266.81800", "2014-12-31": "", "2014-09-30": "246.99100", "2013-09-30": "120.31300", "2012-09-30": "115.21700", "2011-09-30": "127.76400", "2010-09-30": "119.61000", "2009-09-30": "135.50700", "2008-09-30": "136.34200", "2007-09-30": "143.27800", "2006-09-30": "123.31500", "2005-09-30": "99.60800"}, "Operating Income": {"2020-12-31": "268.97890", "2019-12-31": "562.84100", "2018-12-31": "579.36210", "2017-12-31": "325.31200", "2016-12-31": "212.10390", "2015-12-31": "144.07400", "2014-12-31": "", "2014-09-30": "47.28500", "2013-09-30": "39.44000", "2012-09-30": "31.97200", "2011-09-30": "14.80100", "2010-09-30": "27.36500", "2009-09-30": "36.03600", "2008-09-30": "33.68200", "2007-09-30": "28.19300", "2006-09-30": "29.45300", "2005-09-30": "33.57000"}, "Total Non-Operating Income/Expense": {"2020-12-31": "-13.31100", "2019-12-31": "-22.87500", "2018-12-31": "-13.13200", "2017-12-31": "-144.34200", "2016-12-31": "-4.75000", "2015-12-31": "-46.12500", "2014-12-31": "", "2014-09-30": "-9.45500", "2013-09-30": "-2.77200", "2012-09-30": "-5.92500", "2011-09-30": "-0.25500", "2010-09-30": "", "2009-09-30": "", "2008-09-30": "", "2007-09-30": "", "2006-09-30": "", "2005-09-30": "-1.12400"}, "Pre-Tax Income": {"2020-12-31": "255.66800", "2019-12-31": "539.96600", "2018-12-31": "566.23000", "2017-12-31": "180.97000", "2016-12-31": "207.35400", "2015-12-31": "97.94900", "2014-12-31": "", "2014-09-30": "37.83000", "2013-09-30": "36.66800", "2012-09-30": "26.04700", "2011-09-30": "14.54600", "2010-09-30": "27.36500", "2009-09-30": "36.03600", "2008-09-30": "33.68200", "2007-09-30": "28.19300", "2006-09-30": "29.45300", "2005-09-30": "32.44600"}, "Income Taxes": {"2020-12-31": "29.89900", "2019-12-31": "112.92500", "2018-12-31": "118.97600", "2017-12-31": "87.93900", "2016-12-31": "67.38200", "2015-12-31": "31.83500", "2014-12-31": "", "2014-09-30": "10.15200", "2013-09-30": "11.41400", "2012-09-30": "6.15900", "2011-09-30": "2.80700", "2010-09-30": "6.87300", "2009-09-30": "10.17500", "2008-09-30": "9.90400", "2007-09-30": "8.56600", "2006-09-30": "9.25800", "2005-09-30": "11.20400"}, "Income After Taxes": {"2020-12-31": "225.76900", "2019-12-31": "427.04100", "2018-12-31": "447.25400", "2017-12-31": "93.03100", "2016-12-31": "139.97200", "2015-12-31": "66.11400", "2014-12-31": "", "2014-09-30": "27.67800", "2013-09-30": "25.25400", "2012-09-30": "19.88800", "2011-09-30": "11.73900", "2010-09-30": "20.49200", "2009-09-30": "25.86100", "2008-09-30": "23.77800", "2007-09-30": "19.62700", "2006-09-30": "20.19500", "2005-09-30": "21.24200"}, "Other Income": {"2020-12-31": "", "2019-12-31": "", "2018-12-31": "", "2017-12-31": "", "2016-12-31": "", "2015-12-31": "", "2014-12-31": "", "2014-09-30": "", "2013-09-30": "", "2012-09-30": "", "2011-09-30": "", "2010-09-30": "", "2009-09-30": "", "2008-09-30": "", "2007-09-30": "", "2006-09-30": "", "2005-09-30": ""}, "Income From Continuous Operations": {"2020-12-31": "225.76900", "2019-12-31": "427.04100", "2018-12-31": "447.25400", "2017-12-31": "93.03100", "2016-12-31": "139.97200", "2015-12-31": "66.11400", "2014-12-31": "", "2014-09-30": "27.67800", "2013-09-30": "25.25400", "2012-09-30": "19.88800", "2011-09-30": "11.73900", "2010-09-30": "20.49200", "2009-09-30": "25.86100", "2008-09-30": "23.77800", "2007-09-30": "19.62700", "2006-09-30": "20.19500", "2005-09-30": "21.24200"}, "Income From Discontinued Operations": {"2020-12-31": "", "2019-12-31": "", "2018-12-31": "", "2017-12-31": "", "2016-12-31": "", "2015-12-31": "", "2014-12-31": "", "2014-09-30": "", "2013-09-30": "", "2012-09-30": "", "2011-09-30": "", "2010-09-30": "", "2009-09-30": "", "2008-09-30": "", "2007-09-30": "", "2006-09-30": "", "2005-09-30": ""}, "Net Income": {"2020-12-31": "217.88600", "2019-12-31": "419.10800", "2018-12-31": "439.27600", "2017-12-31": "91.02900", "2016-12-31": "139.97200", "2015-12-31": "66.11400", "2014-12-31": "", "2014-09-30": "27.67800", "2013-09-30": "25.25400", "2012-09-30": "19.88800", "2011-09-30": "11.73900", "2010-09-30": "20.49200", "2009-09-30": "25.86100", "2008-09-30": "23.77800", "2007-09-30": "19.62700", "2006-09-30": "20.19500", "2005-09-30": "21.24200"}, "EBITDA": {"2020-12-31": "", "2019-12-31": "", "2018-12-31": "", "2017-12-31": "", "2016-12-31": "", "2015-12-31": "", "2014-12-31": "", "2014-09-30": "", "2013-09-30": "", "2012-09-30": "", "2011-09-30": "", "2010-09-30": "", "2009-09-30": "", "2008-09-30": "", "2007-09-30": "", "2006-09-30": "", "2005-09-30": ""}, "EBIT": {"2020-12-31": "", "2019-12-31": "", "2018-12-31": "", "2017-12-31": "", "2016-12-31": "", "2015-12-31": "", "2014-12-31": "", "2014-09-30": "", "2013-09-30": "", "2012-09-30": "", "2011-09-30": "", "2010-09-30": "", "2009-09-30": "", "2008-09-30": "", "2007-09-30": "", "2006-09-30": "", "2005-09-30": ""}, "Basic Shares Outstanding": {"2020-12-31": "194.08400", "2019-12-31": "205.68000", "2018-12-31": "224.29900", "2017-12-31": "157.51400", "2016-12-31": "130.60800", "2015-12-31": "109.90800", "2014-12-31": "", "2014-09-30": "80.26900", "2013-09-30": "43.73400", "2012-09-30": "38.22800", "2011-09-30": "37.45300", "2010-09-30": "38.16100", "2009-09-30": "38.53800", "2008-09-30": "38.90700", "2007-09-30": "40.78300", "2006-09-30": "40.95300", "2005-09-30": "43.03300"}, "Shares Outstanding": {"2020-12-31": "194.39300", "2019-12-31": "206.13200", "2018-12-31": "224.81700", "2017-12-31": "158.12400", "2016-12-31": "131.23400", "2015-12-31": "110.32900", "2014-12-31": "", "2014-09-30": "80.53400", "2013-09-30": "43.78300", "2012-09-30": "38.24800", "2011-09-30": "37.45400", "2010-09-30": "38.18500", "2009-09-30": "38.70600", "2008-09-30": "39.22700", "2007-09-30": "41.26700", "2006-09-30": "41.44200", "2005-09-30": "43.70300"}, "Basic EPS": {"2020-12-31": "1.12000", "2019-12-31": "2.04000", "2018-12-31": "1.96000", "2017-12-31": "0.58000", "2016-12-31": "1.07000", "2015-12-31": "0.60000", "2014-12-31": "", "2014-09-30": "0.34000", "2013-09-30": "0.58000", "2012-09-30": "0.52000", "2011-09-30": "0.31000", "2010-09-30": "0.54000", "2009-09-30": "0.67000", "2008-09-30": "0.61000", "2007-09-30": "0.48000", "2006-09-30": "0.49000", "2005-09-30": "0.49000"}, "EPS - Earnings Per Share": {"2020-12-31": "1.12000", "2019-12-31": "2.03000", "2018-12-31": "1.95000", "2017-12-31": "0.58000", "2016-12-31": "1.07000", "2015-12-31": "0.60000", "2014-12-31": "0.00000", "2014-09-30": "0.34000", "2013-09-30": "0.58000", "2012-09-30": "0.52000", "2011-09-30": "0.31000", "2010-09-30": "0.54000", "2009-09-30": "0.67000", "2008-09-30": "0.61000", "2007-09-30": "0.48000", "2006-09-30": "0.49000", "2005-09-30": "0.49000"}}, "income statement, quarterly": {"Revenue": {"2020-12-31": "276.53100", "2020-09-30": "272.88300", "2020-06-30": "279.31600", "2020-03-31": "320.85300", "2019-12-31": "327.85400", "2019-09-30": "347.03900", "2019-06-30": "329.51500", "2019-03-31": "328.99700", "2018-12-31": "335.67310", "2018-09-30": "333.17000", "2018-06-30": "342.77400", "2018-03-31": "300.05300", "2017-12-31": "300.25400", "2017-09-30": "159.68000", "2017-06-30": "147.88100", "2017-03-31": "138.83600", "2016-12-31": "139.15100", "2016-09-30": "137.20000", "2016-06-30": "134.75100", "2016-03-31": "121.43600", "2015-12-31": "122.30600", "2015-09-30": "122.10000", "2015-06-30": "85.80400", "2015-03-31": "80.68200", "2014-12-31": "", "2014-09-30": "79.39500", "2014-06-30": "79.23200", "2014-03-31": "73.74000", "2013-12-31": "", "2013-09-30": "", "2013-06-30": "39.17400", "2013-03-31": "39.27200", "2012-12-31": "", "2012-09-30": "", "2012-06-30": "36.32400", "2012-03-31": "36.38200", "2011-12-31": "", "2011-09-30": "", "2011-06-30": "33.15100", "2011-03-31": "33.59800", "2010-12-31": "", "2010-09-30": "", "2010-06-30": "35.68900", "2010-03-31": "35.74000", "2009-12-31": "", "2009-09-30": "", "2009-06-30": "46.90600", "2009-03-31": "44.70900", "2008-12-31": "", "2008-09-30": "", "2008-06-30": "41.09000", "2008-03-31": "43.11800", "2007-12-31": "", "2007-09-30": "", "2007-06-30": "42.97400", "2007-03-31": "42.17000", "2006-12-31": "", "2006-09-30": "", "2006-06-30": "39.30700", "2006-03-31": "36.70700", "2005-12-31": "", "2005-09-30": "", "2005-06-30": "34.34400", "2005-03-31": "32.12500"}, "Cost Of Goods Sold": {"2020-12-31": "20.58400", "2020-09-30": "26.83400", "2020-06-30": "39.92700", "2020-03-31": "61.75500", "2019-12-31": "67.21700", "2019-09-30": "71.88800", "2019-06-30": "70.61800", "2019-03-31": "73.89400", "2018-12-31": "70.32800", "2018-09-30": "65.07600", "2018-06-30": "58.69000", "2018-03-31": "46.97600", "2017-12-31": "42.47200", "2017-09-30": "25.61900", "2017-06-30": "21.00500", "2017-03-31": "17.21000", "2016-12-31": "15.82600", "2016-09-30": "15.03100", "2016-06-30": "13.92900", "2016-03-31": "12.49600", "2015-12-31": "10.80300", "2015-09-30": "9.94400", "2015-06-30": "8.37300", "2015-03-31": "7.80500", "2014-12-31": "", "2014-09-30": "7.47600", "2014-06-30": "7.31000", "2014-03-31": "7.29700", "2013-12-31": "6.83500", "2013-09-30": "", "2013-06-30": "4.27600", "2013-03-31": "4.60100", "2012-12-31": "5.22200", "2012-09-30": "", "2012-06-30": "4.26300", "2012-03-31": "4.50600", "2011-12-31": "4.93000", "2011-09-30": "", "2011-06-30": "5.13000", "2011-03-31": "5.29200", "2010-12-31": "5.87600", "2010-09-30": "", "2010-06-30": "6.21000", "2010-03-31": "6.69300", "2009-12-31": "7.53200", "2009-09-30": "", "2009-06-30": "8.92500", "2009-03-31": "9.95100", "2008-12-31": "10.82500", "2008-09-30": "", "2008-06-30": "11.87800", "2008-03-31": "14.12400", "2007-12-31": "16.47100", "2007-09-30": "", "2007-06-30": "15.65500", "2007-03-31": "16.79700", "2006-12-31": "17.64400", "2006-09-30": "", "2006-06-30": "13.26200", "2006-03-31": "11.73900", "2005-12-31": "10.05400", "2005-09-30": "", "2005-06-30": "7.64300", "2005-03-31": "6.86300"}, "Gross Profit": {"2020-12-31": "255.94700", "2020-09-30": "246.04900", "2020-06-30": "239.38900", "2020-03-31": "259.09800", "2019-12-31": "260.63700", "2019-09-30": "275.15100", "2019-06-30": "258.89700", "2019-03-31": "255.10300", "2018-12-31": "265.34500", "2018-09-30": "268.09400", "2018-06-30": "284.08400", "2018-03-31": "253.07700", "2017-12-31": "257.78200", "2017-09-30": "134.06100", "2017-06-30": "126.87600", "2017-03-31": "121.62600", "2016-12-31": "123.32500", "2016-09-30": "122.16900", "2016-06-30": "120.82200", "2016-03-31": "108.94000", "2015-12-31": "111.50300", "2015-09-30": "112.15600", "2015-06-30": "77.43100", "2015-03-31": "72.87700", "2014-12-31": "", "2014-09-30": "71.91900", "2014-06-30": "71.92200", "2014-03-31": "66.44300", "2013-12-31": "-6.83500", "2013-09-30": "", "2013-06-30": "34.89800", "2013-03-31": "34.67100", "2012-12-31": "-5.22200", "2012-09-30": "", "2012-06-30": "32.06100", "2012-03-31": "31.87600", "2011-12-31": "-4.93000", "2011-09-30": "", "2011-06-30": "28.02100", "2011-03-31": "28.30600", "2010-12-31": "-5.87600", "2010-09-30": "", "2010-06-30": "29.47900", "2010-03-31": "29.04700", "2009-12-31": "-7.53200", "2009-09-30": "", "2009-06-30": "37.98100", "2009-03-31": "34.75800", "2008-12-31": "-10.82500", "2008-09-30": "", "2008-06-30": "29.21200", "2008-03-31": "28.99400", "2007-12-31": "-16.47100", "2007-09-30": "", "2007-06-30": "27.31900", "2007-03-31": "25.37300", "2006-12-31": "-17.64400", "2006-09-30": "", "2006-06-30": "26.04500", "2006-03-31": "24.96800", "2005-12-31": "-10.05400", "2005-09-30": "", "2005-06-30": "26.70100", "2005-03-31": "25.26200"}, "Research And Development Expenses": {"2020-12-31": "", "2020-09-30": "", "2020-06-30": "", "2020-03-31": "", "2019-12-31": "", "2019-09-30": "", "2019-06-30": "", "2019-03-31": "", "2018-12-31": "", "2018-09-30": "", "2018-06-30": "", "2018-03-31": "", "2017-12-31": "", "2017-09-30": "", "2017-06-30": "", "2017-03-31": "", "2016-12-31": "", "2016-09-30": "", "2016-06-30": "", "2016-03-31": "", "2015-12-31": "", "2015-09-30": "", "2015-06-30": "", "2015-03-31": "", "2014-12-31": "", "2014-09-30": "", "2014-06-30": "", "2014-03-31": "", "2013-12-31": "", "2013-09-30": "", "2013-06-30": "", "2013-03-31": "", "2012-12-31": "", "2012-09-30": "", "2012-06-30": "", "2012-03-31": "", "2011-12-31": "", "2011-09-30": "", "2011-06-30": "", "2011-03-31": "", "2010-12-31": "", "2010-09-30": "", "2010-06-30": "", "2010-03-31": "", "2009-12-31": "", "2009-09-30": "", "2009-06-30": "", "2009-03-31": "", "2008-12-31": "", "2008-09-30": "", "2008-06-30": "", "2008-03-31": "", "2007-12-31": "", "2007-09-30": "", "2007-06-30": "", "2007-03-31": "", "2006-12-31": "", "2006-09-30": "", "2006-06-30": "", "2006-03-31": "", "2005-12-31": "", "2005-09-30": "", "2005-06-30": "", "2005-03-31": ""}, "SG&A Expenses": {"2020-12-31": "143.46200", "2020-09-30": "145.16200", "2020-06-30": "177.28700", "2020-03-31": "248.79300", "2019-12-31": "116.11700", "2019-09-30": "115.37000", "2019-06-30": "119.25700", "2019-03-31": "117.02200", "2018-12-31": "114.55600", "2018-09-30": "115.40800", "2018-06-30": "118.93100", "2018-03-31": "118.69700", "2017-12-31": "121.58800", "2017-09-30": "61.34200", "2017-06-30": "59.60100", "2017-03-31": "59.49400", "2016-12-31": "59.69400", "2016-09-30": "62.51500", "2016-06-30": "61.39900", "2016-03-31": "67.12800", "2015-12-31": "30.44500", "2015-09-30": "72.88400", "2015-06-30": "72.35400", "2015-03-31": "44.16700", "2014-12-31": "", "2014-09-30": "46.61900", "2014-06-30": "48.34300", "2014-03-31": "48.62400", "2013-12-31": "18.32000", "2013-09-30": "", "2013-06-30": "23.83600", "2013-03-31": "25.00900", "2012-12-31": "12.43600", "2012-09-30": "", "2012-06-30": "23.02300", "2012-03-31": "23.84100", "2011-12-31": "10.85800", "2011-09-30": "", "2011-06-30": "25.96400", "2011-03-31": "23.52000", "2010-12-31": "10.49700", "2010-09-30": "", "2010-06-30": "23.03900", "2010-03-31": "23.20100", "2009-12-31": "10.44300", "2009-09-30": "", "2009-06-30": "24.48600", "2009-03-31": "26.61900", "2008-12-31": "9.75700", "2008-09-30": "", "2008-06-30": "19.71900", "2008-03-31": "21.26200", "2007-12-31": "7.63900", "2007-09-30": "", "2007-06-30": "18.70400", "2007-03-31": "18.19700", "2006-12-31": "7.45300", "2006-09-30": "", "2006-06-30": "17.53300", "2006-03-31": "17.63400", "2005-12-31": "6.92800", "2005-09-30": "", "2005-06-30": "17.18800", "2005-03-31": "15.88700"}, "Other Operating Income Or Expenses": {"2020-12-31": "", "2020-09-30": "", "2020-06-30": "", "2020-03-31": "", "2019-12-31": "", "2019-09-30": "", "2019-06-30": "", "2019-03-31": "", "2018-12-31": "", "2018-09-30": "", "2018-06-30": "", "2018-03-31": "", "2017-12-31": "", "2017-09-30": "", "2017-06-30": "", "2017-03-31": "", "2016-12-31": "", "2016-09-30": "", "2016-06-30": "", "2016-03-31": "", "2015-12-31": "", "2015-09-30": "", "2015-06-30": "", "2015-03-31": "", "2014-12-31": "", "2014-09-30": "", "2014-06-30": "", "2014-03-31": "", "2013-12-31": "", "2013-09-30": "", "2013-06-30": "", "2013-03-31": "", "2012-12-31": "", "2012-09-30": "", "2012-06-30": "", "2012-03-31": "", "2011-12-31": "", "2011-09-30": "", "2011-06-30": "", "2011-03-31": "", "2010-12-31": "", "2010-09-30": "", "2010-06-30": "", "2010-03-31": "", "2009-12-31": "", "2009-09-30": "", "2009-06-30": "", "2009-03-31": "", "2008-12-31": "", "2008-09-30": "", "2008-06-30": "", "2008-03-31": "", "2007-12-31": "", "2007-09-30": "", "2007-06-30": "", "2007-03-31": "", "2006-12-31": "", "2006-09-30": "", "2006-06-30": "", "2006-03-31": "", "2005-12-31": "", "2005-09-30": "", "2005-06-30": "", "2005-03-31": ""}, "Operating Expenses": {"2020-12-31": "168.24600", "2020-09-30": "176.19600", "2020-06-30": "221.41400", "2020-03-31": "314.74800", "2019-12-31": "188.11900", "2019-09-30": "192.04300", "2019-06-30": "194.66000", "2019-03-31": "195.74200", "2018-12-31": "190.74800", "2018-09-30": "186.34900", "2018-06-30": "183.48600", "2018-03-31": "171.72500", "2017-12-31": "170.48600", "2017-09-30": "89.12700", "2017-06-30": "82.79300", "2017-03-31": "78.93300", "2016-12-31": "78.40100", "2016-09-30": "80.78700", "2016-06-30": "78.56900", "2016-03-31": "82.67700", "2015-12-31": "44.68100", "2015-09-30": "86.25900", "2015-06-30": "82.50700", "2015-03-31": "53.37100", "2014-12-31": "", "2014-09-30": "56.60600", "2014-06-30": "58.16400", "2014-03-31": "58.43200", "2013-12-31": "25.15500", "2013-09-30": "", "2013-06-30": "28.44900", "2013-03-31": "29.99800", "2012-12-31": "17.65800", "2012-09-30": "", "2012-06-30": "27.28600", "2012-03-31": "28.34700", "2011-12-31": "15.78800", "2011-09-30": "", "2011-06-30": "31.39900", "2011-03-31": "29.18300", "2010-12-31": "16.37300", "2010-09-30": "", "2010-06-30": "29.70100", "2010-03-31": "30.36600", "2009-12-31": "17.97500", "2009-09-30": "", "2009-06-30": "33.94200", "2009-03-31": "37.12700", "2008-12-31": "20.58200", "2008-09-30": "", "2008-06-30": "32.23300", "2008-03-31": "36.04800", "2007-12-31": "24.11000", "2007-09-30": "", "2007-06-30": "35.10500", "2007-03-31": "35.76800", "2006-12-31": "25.09700", "2006-09-30": "", "2006-06-30": "31.60300", "2006-03-31": "30.18400", "2005-12-31": "16.98200", "2005-09-30": "", "2005-06-30": "25.76000", "2005-03-31": "23.74000"}, "Operating Income": {"2020-12-31": "108.28500", "2020-09-30": "96.68700", "2020-06-30": "57.90200", "2020-03-31": "6.10500", "2019-12-31": "139.73500", "2019-09-30": "154.99600", "2019-06-30": "134.85500", "2019-03-31": "133.25500", "2018-12-31": "144.92500", "2018-09-30": "146.82100", "2018-06-30": "159.28800", "2018-03-31": "128.32800", "2017-12-31": "129.76800", "2017-09-30": "70.55300", "2017-06-30": "65.08800", "2017-03-31": "59.90300", "2016-12-31": "60.75000", "2016-09-30": "56.41300", "2016-06-30": "56.18200", "2016-03-31": "38.75900", "2015-12-31": "77.62500", "2015-09-30": "35.84100", "2015-06-30": "3.29700", "2015-03-31": "27.31100", "2014-12-31": "", "2014-09-30": "22.78900", "2014-06-30": "21.06800", "2014-03-31": "15.30800", "2013-12-31": "-25.15500", "2013-09-30": "", "2013-06-30": "10.72500", "2013-03-31": "9.27400", "2012-12-31": "-17.65800", "2012-09-30": "", "2012-06-30": "9.03800", "2012-03-31": "8.03500", "2011-12-31": "-15.78800", "2011-09-30": "", "2011-06-30": "1.75200", "2011-03-31": "4.41500", "2010-12-31": "-16.37300", "2010-09-30": "", "2010-06-30": "5.98800", "2010-03-31": "5.37400", "2009-12-31": "-17.97500", "2009-09-30": "", "2009-06-30": "12.96400", "2009-03-31": "7.58200", "2008-12-31": "-20.58200", "2008-09-30": "", "2008-06-30": "8.85700", "2008-03-31": "7.07000", "2007-12-31": "-24.11000", "2007-09-30": "", "2007-06-30": "7.86900", "2007-03-31": "6.40200", "2006-12-31": "-25.09700", "2006-09-30": "", "2006-06-30": "7.70400", "2006-03-31": "6.52300", "2005-12-31": "-16.98200", "2005-09-30": "", "2005-06-30": "8.58400", "2005-03-31": "8.38500"}, "Total Non-Operating Income/Expense": {"2020-12-31": "-13.31100", "2020-09-30": "", "2020-06-30": "", "2020-03-31": "", "2019-12-31": "-5.13300", "2019-09-30": "", "2019-06-30": "-14.39800", "2019-03-31": "-3.34400", "2018-12-31": "", "2018-09-30": "", "2018-06-30": "-13.13200", "2018-03-31": "", "2017-12-31": "-134.73700", "2017-09-30": "-4.10900", "2017-06-30": "-2.36900", "2017-03-31": "-3.12700", "2016-12-31": "0.00000", "2016-09-30": "-2.00000", "2016-06-30": "", "2016-03-31": "-2.75000", "2015-12-31": "0.00100", "2015-09-30": "", "2015-06-30": "-14.62500", "2015-03-31": "-2.45500", "2014-12-31": "", "2014-09-30": "", "2014-06-30": "", "2014-03-31": "-0.38800", "2013-12-31": "-31.23400", "2013-09-30": "", "2013-06-30": "-1.51600", "2013-03-31": "-0.54200", "2012-12-31": "", "2012-09-30": "", "2012-06-30": "-0.45100", "2012-03-31": "-0.29900", "2011-12-31": "", "2011-09-30": "", "2011-06-30": "", "2011-03-31": "", "2010-12-31": "", "2010-09-30": "", "2010-06-30": "", "2010-03-31": "", "2009-12-31": "", "2009-09-30": "", "2009-06-30": "", "2009-03-31": "", "2008-12-31": "", "2008-09-30": "", "2008-06-30": "", "2008-03-31": "", "2007-12-31": "", "2007-09-30": "", "2007-06-30": "", "2007-03-31": "", "2006-12-31": "", "2006-09-30": "", "2006-06-30": "", "2006-03-31": "", "2005-12-31": "", "2005-09-30": "", "2005-06-30": "-0.24900", "2005-03-31": "-0.34100"}, "Pre-Tax Income": {"2020-12-31": "94.97400", "2020-09-30": "96.68700", "2020-06-30": "57.90200", "2020-03-31": "6.10500", "2019-12-31": "134.60200", "2019-09-30": "154.99600", "2019-06-30": "120.45700", "2019-03-31": "129.91100", "2018-12-31": "144.92500", "2018-09-30": "146.82100", "2018-06-30": "146.15600", "2018-03-31": "128.32800", "2017-12-31": "-4.96900", "2017-09-30": "66.44400", "2017-06-30": "62.71900", "2017-03-31": "56.77600", "2016-12-31": "60.75000", "2016-09-30": "54.41300", "2016-06-30": "56.18200", "2016-03-31": "36.00900", "2015-12-31": "48.58000", "2015-09-30": "35.84100", "2015-06-30": "-11.32800", "2015-03-31": "24.85600", "2014-12-31": "", "2014-09-30": "22.78900", "2014-06-30": "21.06800", "2014-03-31": "14.92000", "2013-12-31": "-20.95000", "2013-09-30": "", "2013-06-30": "9.20900", "2013-03-31": "8.73200", "2012-12-31": "10.08600", "2012-09-30": "", "2012-06-30": "8.58700", "2012-03-31": "7.73600", "2011-12-31": "7.74300", "2011-09-30": "", "2011-06-30": "1.75200", "2011-03-31": "4.41500", "2010-12-31": "9.69800", "2010-09-30": "", "2010-06-30": "5.98800", "2010-03-31": "5.37400", "2009-12-31": "8.58500", "2009-09-30": "", "2009-06-30": "12.96400", "2009-03-31": "7.58200", "2008-12-31": "9.08200", "2008-09-30": "", "2008-06-30": "8.85700", "2008-03-31": "7.07000", "2007-12-31": "8.51100", "2007-09-30": "", "2007-06-30": "7.86900", "2007-03-31": "6.40200", "2006-12-31": "6.40600", "2006-09-30": "", "2006-06-30": "7.70400", "2006-03-31": "6.52300", "2005-12-31": "7.70500", "2005-09-30": "", "2005-06-30": "8.33500", "2005-03-31": "8.04400"}, "Income Taxes": {"2020-12-31": "18.55100", "2020-09-30": "12.28000", "2020-06-30": "7.11000", "2020-03-31": "-8.04200", "2019-12-31": "27.90500", "2019-09-30": "32.54900", "2019-06-30": "23.99700", "2019-03-31": "28.47400", "2018-12-31": "30.43400", "2018-09-30": "27.17100", "2018-06-30": "31.91500", "2018-03-31": "29.45600", "2017-12-31": "28.31900", "2017-09-30": "21.59200", "2017-06-30": "20.31900", "2017-03-31": "17.70900", "2016-12-31": "19.73600", "2016-09-30": "16.99100", "2016-06-30": "18.41200", "2016-03-31": "12.24300", "2015-12-31": "15.79100", "2015-09-30": "11.64800", "2015-06-30": "-3.68200", "2015-03-31": "8.07800", "2014-12-31": "", "2014-09-30": "6.45200", "2014-06-30": "6.05700", "2014-03-31": "4.58800", "2013-12-31": "-6.94800", "2013-09-30": "", "2013-06-30": "2.83300", "2013-03-31": "2.20300", "2012-12-31": "3.06600", "2012-09-30": "", "2012-06-30": "2.37800", "2012-03-31": "2.03500", "2011-12-31": "2.02600", "2011-09-30": "", "2011-06-30": "-0.18700", "2011-03-31": "0.84200", "2010-12-31": "2.97800", "2010-09-30": "", "2010-06-30": "1.23200", "2010-03-31": "1.20700", "2009-12-31": "2.41900", "2009-09-30": "", "2009-06-30": "4.01400", "2009-03-31": "2.03800", "2008-12-31": "2.79100", "2008-09-30": "", "2008-06-30": "2.55100", "2008-03-31": "1.98700", "2007-12-31": "2.61700", "2007-09-30": "", "2007-06-30": "2.43300", "2007-03-31": "1.97000", "2006-12-31": "1.79500", "2006-09-30": "", "2006-06-30": "2.14300", "2006-03-31": "2.11800", "2005-12-31": "2.54500", "2005-09-30": "", "2005-06-30": "2.67600", "2005-03-31": "2.86400"}, "Income After Taxes": {"2020-12-31": "76.42300", "2020-09-30": "84.40700", "2020-06-30": "50.79200", "2020-03-31": "14.14700", "2019-12-31": "106.69700", "2019-09-30": "122.44700", "2019-06-30": "96.46000", "2019-03-31": "101.43700", "2018-12-31": "114.49100", "2018-09-30": "119.65000", "2018-06-30": "114.24100", "2018-03-31": "98.87200", "2017-12-31": "-33.28800", "2017-09-30": "44.85200", "2017-06-30": "42.40000", "2017-03-31": "39.06700", "2016-12-31": "41.01400", "2016-09-30": "37.42200", "2016-06-30": "37.77000", "2016-03-31": "23.76600", "2015-12-31": "32.78900", "2015-09-30": "24.19300", "2015-06-30": "-7.64600", "2015-03-31": "16.77800", "2014-12-31": "", "2014-09-30": "16.33700", "2014-06-30": "15.01100", "2014-03-31": "10.33200", "2013-12-31": "", "2013-09-30": "", "2013-06-30": "6.37600", "2013-03-31": "6.52900", "2012-12-31": "", "2012-09-30": "", "2012-06-30": "6.20900", "2012-03-31": "5.70100", "2011-12-31": "", "2011-09-30": "", "2011-06-30": "1.93900", "2011-03-31": "3.57300", "2010-12-31": "", "2010-09-30": "", "2010-06-30": "4.75600", "2010-03-31": "4.16700", "2009-12-31": "", "2009-09-30": "", "2009-06-30": "8.95000", "2009-03-31": "5.54400", "2008-12-31": "", "2008-09-30": "", "2008-06-30": "6.30600", "2008-03-31": "5.08300", "2007-12-31": "", "2007-09-30": "", "2007-06-30": "5.43600", "2007-03-31": "4.43200", "2006-12-31": "", "2006-09-30": "", "2006-06-30": "5.56100", "2006-03-31": "4.40500", "2005-12-31": "", "2005-09-30": "", "2005-06-30": "5.65900", "2005-03-31": "5.18000"}, "Other Income": {"2020-12-31": "", "2020-09-30": "", "2020-06-30": "", "2020-03-31": "", "2019-12-31": "", "2019-09-30": "", "2019-06-30": "", "2019-03-31": "", "2018-12-31": "", "2018-09-30": "", "2018-06-30": "", "2018-03-31": "", "2017-12-31": "", "2017-09-30": "", "2017-06-30": "", "2017-03-31": "", "2016-12-31": "", "2016-09-30": "", "2016-06-30": "", "2016-03-31": "", "2015-12-31": "", "2015-09-30": "", "2015-06-30": "", "2015-03-31": "", "2014-12-31": "", "2014-09-30": "", "2014-06-30": "", "2014-03-31": "", "2013-12-31": "", "2013-09-30": "", "2013-06-30": "", "2013-03-31": "", "2012-12-31": "", "2012-09-30": "", "2012-06-30": "", "2012-03-31": "", "2011-12-31": "", "2011-09-30": "", "2011-06-30": "", "2011-03-31": "", "2010-12-31": "", "2010-09-30": "", "2010-06-30": "", "2010-03-31": "", "2009-12-31": "", "2009-09-30": "", "2009-06-30": "", "2009-03-31": "", "2008-12-31": "", "2008-09-30": "", "2008-06-30": "", "2008-03-31": "", "2007-12-31": "", "2007-09-30": "", "2007-06-30": "", "2007-03-31": "", "2006-12-31": "", "2006-09-30": "", "2006-06-30": "", "2006-03-31": "", "2005-12-31": "", "2005-09-30": "", "2005-06-30": "", "2005-03-31": ""}, "Income From Continuous Operations": {"2020-12-31": "76.42300", "2020-09-30": "84.40700", "2020-06-30": "50.79200", "2020-03-31": "14.14700", "2019-12-31": "106.69700", "2019-09-30": "122.44700", "2019-06-30": "96.46000", "2019-03-31": "101.43700", "2018-12-31": "114.49100", "2018-09-30": "119.65000", "2018-06-30": "114.24100", "2018-03-31": "98.87200", "2017-12-31": "-33.28800", "2017-09-30": "44.85200", "2017-06-30": "42.40000", "2017-03-31": "39.06700", "2016-12-31": "41.01400", "2016-09-30": "37.42200", "2016-06-30": "37.77000", "2016-03-31": "23.76600", "2015-12-31": "32.78900", "2015-09-30": "24.19300", "2015-06-30": "-7.64600", "2015-03-31": "16.77800", "2014-12-31": "", "2014-09-30": "16.33700", "2014-06-30": "15.01100", "2014-03-31": "10.33200", "2013-12-31": "", "2013-09-30": "", "2013-06-30": "6.37600", "2013-03-31": "6.52900", "2012-12-31": "", "2012-09-30": "", "2012-06-30": "6.20900", "2012-03-31": "5.70100", "2011-12-31": "", "2011-09-30": "", "2011-06-30": "1.93900", "2011-03-31": "3.57300", "2010-12-31": "", "2010-09-30": "", "2010-06-30": "4.75600", "2010-03-31": "4.16700", "2009-12-31": "", "2009-09-30": "", "2009-06-30": "8.95000", "2009-03-31": "5.54400", "2008-12-31": "", "2008-09-30": "", "2008-06-30": "6.30600", "2008-03-31": "5.08300", "2007-12-31": "", "2007-09-30": "", "2007-06-30": "5.43600", "2007-03-31": "4.43200", "2006-12-31": "", "2006-09-30": "", "2006-06-30": "5.56100", "2006-03-31": "4.40500", "2005-12-31": "", "2005-09-30": "", "2005-06-30": "5.65900", "2005-03-31": "5.18000"}, "Income From Discontinued Operations": {"2020-12-31": "", "2020-09-30": "", "2020-06-30": "", "2020-03-31": "", "2019-12-31": "", "2019-09-30": "", "2019-06-30": "", "2019-03-31": "", "2018-12-31": "", "2018-09-30": "", "2018-06-30": "", "2018-03-31": "", "2017-12-31": "", "2017-09-30": "", "2017-06-30": "", "2017-03-31": "", "2016-12-31": "", "2016-09-30": "", "2016-06-30": "", "2016-03-31": "", "2015-12-31": "", "2015-09-30": "", "2015-06-30": "", "2015-03-31": "", "2014-12-31": "", "2014-09-30": "", "2014-06-30": "", "2014-03-31": "", "2013-12-31": "", "2013-09-30": "", "2013-06-30": "", "2013-03-31": "", "2012-12-31": "", "2012-09-30": "", "2012-06-30": "", "2012-03-31": "", "2011-12-31": "", "2011-09-30": "", "2011-06-30": "", "2011-03-31": "", "2010-12-31": "", "2010-09-30": "", "2010-06-30": "", "2010-03-31": "", "2009-12-31": "", "2009-09-30": "", "2009-06-30": "", "2009-03-31": "", "2008-12-31": "", "2008-09-30": "", "2008-06-30": "", "2008-03-31": "", "2007-12-31": "", "2007-09-30": "", "2007-06-30": "", "2007-03-31": "", "2006-12-31": "", "2006-09-30": "", "2006-06-30": "", "2006-03-31": "", "2005-12-31": "", "2005-09-30": "", "2005-06-30": "", "2005-03-31": ""}, "Net Income": {"2020-12-31": "74.45700", "2020-09-30": "82.43800", "2020-06-30": "48.82000", "2020-03-31": "12.17100", "2019-12-31": "104.72200", "2019-09-30": "120.46500", "2019-06-30": "94.47300", "2019-03-31": "99.44800", "2018-12-31": "112.50100", "2018-09-30": "117.65700", "2018-06-30": "112.24500", "2018-03-31": "96.87300", "2017-12-31": "-35.29000", "2017-09-30": "44.85200", "2017-06-30": "42.40000", "2017-03-31": "39.06700", "2016-12-31": "41.01400", "2016-09-30": "37.42200", "2016-06-30": "37.77000", "2016-03-31": "23.76600", "2015-12-31": "32.78900", "2015-09-30": "24.19300", "2015-06-30": "-7.64600", "2015-03-31": "16.77800", "2014-12-31": "", "2014-09-30": "16.33700", "2014-06-30": "15.01100", "2014-03-31": "10.33200", "2013-12-31": "-14.00200", "2013-09-30": "", "2013-06-30": "6.37600", "2013-03-31": "6.52900", "2012-12-31": "7.02000", "2012-09-30": "", "2012-06-30": "6.20900", "2012-03-31": "5.70100", "2011-12-31": "5.71700", "2011-09-30": "", "2011-06-30": "1.93900", "2011-03-31": "3.57300", "2010-12-31": "6.72000", "2010-09-30": "", "2010-06-30": "4.75600", "2010-03-31": "4.16700", "2009-12-31": "6.16600", "2009-09-30": "", "2009-06-30": "8.95000", "2009-03-31": "5.54400", "2008-12-31": "6.29100", "2008-09-30": "", "2008-06-30": "6.30600", "2008-03-31": "5.08300", "2007-12-31": "5.89400", "2007-09-30": "", "2007-06-30": "5.43600", "2007-03-31": "4.43200", "2006-12-31": "4.61100", "2006-09-30": "", "2006-06-30": "5.56100", "2006-03-31": "4.40500", "2005-12-31": "5.16000", "2005-09-30": "", "2005-06-30": "5.65900", "2005-03-31": "5.18000"}, "EBITDA": {"2020-12-31": "", "2020-09-30": "", "2020-06-30": "", "2020-03-31": "", "2019-12-31": "", "2019-09-30": "", "2019-06-30": "", "2019-03-31": "", "2018-12-31": "", "2018-09-30": "", "2018-06-30": "", "2018-03-31": "", "2017-12-31": "", "2017-09-30": "", "2017-06-30": "", "2017-03-31": "", "2016-12-31": "", "2016-09-30": "", "2016-06-30": "", "2016-03-31": "", "2015-12-31": "", "2015-09-30": "", "2015-06-30": "", "2015-03-31": "", "2014-12-31": "", "2014-09-30": "", "2014-06-30": "", "2014-03-31": "", "2013-12-31": "", "2013-09-30": "", "2013-06-30": "", "2013-03-31": "", "2012-12-31": "", "2012-09-30": "", "2012-06-30": "", "2012-03-31": "", "2011-12-31": "", "2011-09-30": "", "2011-06-30": "", "2011-03-31": "", "2010-12-31": "", "2010-09-30": "", "2010-06-30": "", "2010-03-31": "", "2009-12-31": "", "2009-09-30": "", "2009-06-30": "", "2009-03-31": "", "2008-12-31": "", "2008-09-30": "", "2008-06-30": "", "2008-03-31": "", "2007-12-31": "", "2007-09-30": "", "2007-06-30": "", "2007-03-31": "", "2006-12-31": "", "2006-09-30": "", "2006-06-30": "", "2006-03-31": "", "2005-12-31": "", "2005-09-30": "", "2005-06-30": "", "2005-03-31": ""}, "EBIT": {"2020-12-31": "", "2020-09-30": "", "2020-06-30": "", "2020-03-31": "", "2019-12-31": "", "2019-09-30": "", "2019-06-30": "", "2019-03-31": "", "2018-12-31": "", "2018-09-30": "", "2018-06-30": "", "2018-03-31": "", "2017-12-31": "", "2017-09-30": "", "2017-06-30": "", "2017-03-31": "", "2016-12-31": "", "2016-09-30": "", "2016-06-30": "", "2016-03-31": "", "2015-12-31": "", "2015-09-30": "", "2015-06-30": "", "2015-03-31": "", "2014-12-31": "", "2014-09-30": "", "2014-06-30": "", "2014-03-31": "", "2013-12-31": "", "2013-09-30": "", "2013-06-30": "", "2013-03-31": "", "2012-12-31": "", "2012-09-30": "", "2012-06-30": "", "2012-03-31": "", "2011-12-31": "", "2011-09-30": "", "2011-06-30": "", "2011-03-31": "", "2010-12-31": "", "2010-09-30": "", "2010-06-30": "", "2010-03-31": "", "2009-12-31": "", "2009-09-30": "", "2009-06-30": "", "2009-03-31": "", "2008-12-31": "", "2008-09-30": "", "2008-06-30": "", "2008-03-31": "", "2007-12-31": "", "2007-09-30": "", "2007-06-30": "", "2007-03-31": "", "2006-12-31": "", "2006-09-30": "", "2006-06-30": "", "2006-03-31": "", "2005-12-31": "", "2005-09-30": "", "2005-06-30": "", "2005-03-31": ""}, "Basic Shares Outstanding": {"2020-12-31": "193.03700", "2020-09-30": "193.49500", "2020-06-30": "193.48000", "2020-03-31": "196.34400", "2019-12-31": "205.68000", "2019-09-30": "203.09000", "2019-06-30": "206.93200", "2019-03-31": "213.15700", "2018-12-31": "224.29900", "2018-09-30": "225.08900", "2018-06-30": "225.08400", "2018-03-31": "224.73100", "2017-12-31": "157.51400", "2017-09-30": "135.34700", "2017-06-30": "135.31800", "2017-03-31": "135.16300", "2016-12-31": "130.60800", "2016-09-30": "130.23900", "2016-06-30": "130.08100", "2016-03-31": "129.97400", "2015-12-31": "109.90800", "2015-09-30": "129.17300", "2015-06-30": "91.56600", "2015-03-31": "87.83900", "2014-12-31": "", "2014-09-30": "83.10600", "2014-06-30": "83.06700", "2014-03-31": "83.49800", "2013-12-31": "70.49300", "2013-09-30": "", "2013-06-30": "43.80200", "2013-03-31": "43.74400", "2012-12-31": "43.63700", "2012-09-30": "", "2012-06-30": "37.30300", "2012-03-31": "37.28100", "2011-12-31": "37.25200", "2011-09-30": "", "2011-06-30": "37.36800", "2011-03-31": "37.49600", "2010-12-31": "37.55200", "2010-09-30": "", "2010-06-30": "38.08700", "2010-03-31": "38.18800", "2009-12-31": "38.57600", "2009-09-30": "", "2009-06-30": "38.53700", "2009-03-31": "38.62700", "2008-12-31": "38.58300", "2008-09-30": "", "2008-06-30": "38.72000", "2008-03-31": "38.84700", "2007-12-31": "39.47000", "2007-09-30": "", "2007-06-30": "40.72200", "2007-03-31": "41.14500", "2006-12-31": "41.17000", "2006-09-30": "", "2006-06-30": "40.72900", "2006-03-31": "40.93900", "2005-12-31": "41.19400", "2005-09-30": "", "2005-06-30": "42.44100", "2005-03-31": "43.86900"}, "Shares Outstanding": {"2020-12-31": "193.53100", "2020-09-30": "193.71600", "2020-06-30": "193.60400", "2020-03-31": "196.70900", "2019-12-31": "206.13200", "2019-09-30": "203.56700", "2019-06-30": "207.37600", "2019-03-31": "213.50600", "2018-12-31": "224.81700", "2018-09-30": "225.62300", "2018-06-30": "225.62200", "2018-03-31": "225.26400", "2017-12-31": "158.12400", "2017-09-30": "135.95000", "2017-06-30": "135.92300", "2017-03-31": "135.81200", "2016-12-31": "131.23400", "2016-09-30": "130.87600", "2016-06-30": "130.68900", "2016-03-31": "130.50100", "2015-12-31": "110.32900", "2015-09-30": "129.63200", "2015-06-30": "91.95100", "2015-03-31": "88.25300", "2014-12-31": "", "2014-09-30": "83.37800", "2014-06-30": "83.29300", "2014-03-31": "83.79400", "2013-12-31": "70.49300", "2013-09-30": "", "2013-06-30": "43.90600", "2013-03-31": "43.84800", "2012-12-31": "43.72100", "2012-09-30": "", "2012-06-30": "37.33000", "2012-03-31": "37.31700", "2011-12-31": "37.25200", "2011-09-30": "", "2011-06-30": "37.37000", "2011-03-31": "37.49700", "2010-12-31": "37.55200", "2010-09-30": "", "2010-06-30": "38.08700", "2010-03-31": "38.21000", "2009-12-31": "38.64900", "2009-09-30": "", "2009-06-30": "38.68300", "2009-03-31": "38.81100", "2008-12-31": "38.81800", "2008-09-30": "", "2008-06-30": "39.11000", "2008-03-31": "39.21400", "2007-12-31": "39.80500", "2007-09-30": "", "2007-06-30": "41.22400", "2007-03-31": "41.67200", "2006-12-31": "41.87000", "2006-09-30": "", "2006-06-30": "41.25500", "2006-03-31": "41.40600", "2005-12-31": "41.67000", "2005-09-30": "", "2005-06-30": "43.07300", "2005-03-31": "44.43900"}, "Basic EPS": {"2020-12-31": "0.39000", "2020-09-30": "0.43000", "2020-06-30": "0.25000", "2020-03-31": "0.06000", "2019-12-31": "0.52000", "2019-09-30": "0.59000", "2019-06-30": "0.46000", "2019-03-31": "0.47000", "2018-12-31": "0.51000", "2018-09-30": "0.52000", "2018-06-30": "0.50000", "2018-03-31": "0.43000", "2017-12-31": "-0.35000", "2017-09-30": "0.33000", "2017-06-30": "0.31000", "2017-03-31": "0.29000", "2016-12-31": "0.31000", "2016-09-30": "0.29000", "2016-06-30": "0.29000", "2016-03-31": "0.18000", "2015-12-31": "0.30000", "2015-09-30": "0.19000", "2015-06-30": "-0.08000", "2015-03-31": "0.19000", "2014-12-31": "", "2014-09-30": "0.20000", "2014-06-30": "0.18000", "2014-03-31": "0.12000", "2013-12-31": "-0.20000", "2013-09-30": "", "2013-06-30": "0.15000", "2013-03-31": "0.15000", "2012-12-31": "0.16000", "2012-09-30": "", "2012-06-30": "0.17000", "2012-03-31": "0.15000", "2011-12-31": "0.15000", "2011-09-30": "", "2011-06-30": "0.05000", "2011-03-31": "0.10000", "2010-12-31": "0.18000", "2010-09-30": "", "2010-06-30": "0.12000", "2010-03-31": "0.11000", "2009-12-31": "0.16000", "2009-09-30": "", "2009-06-30": "0.23000", "2009-03-31": "0.14000", "2008-12-31": "0.16000", "2008-09-30": "", "2008-06-30": "0.16000", "2008-03-31": "0.13000", "2007-12-31": "0.15000", "2007-09-30": "", "2007-06-30": "0.13000", "2007-03-31": "0.11000", "2006-12-31": "0.11000", "2006-09-30": "", "2006-06-30": "0.14000", "2006-03-31": "0.11000", "2005-12-31": "0.13000", "2005-09-30": "", "2005-06-30": "0.13000", "2005-03-31": "0.12000"}, "EPS - Earnings Per Share": {"2020-12-31": "0.38000", "2020-09-30": "0.43000", "2020-06-30": "0.25000", "2020-03-31": "0.06000", "2019-12-31": "0.51000", "2019-09-30": "0.59000", "2019-06-30": "0.46000", "2019-03-31": "0.47000", "2018-12-31": "0.50000", "2018-09-30": "0.52000", "2018-06-30": "0.50000", "2018-03-31": "0.43000", "2017-12-31": "-0.35000", "2017-09-30": "0.33000", "2017-06-30": "0.31000", "2017-03-31": "0.29000", "2016-12-31": "0.31000", "2016-09-30": "0.29000", "2016-06-30": "0.29000", "2016-03-31": "0.18000", "2015-12-31": "0.30000", "2015-09-30": "0.19000", "2015-06-30": "-0.08000", "2015-03-31": "0.19000", "2014-12-31": "0.00000", "2014-09-30": "0.19000", "2014-06-30": "0.18000", "2014-03-31": "0.12000", "2013-12-31": "-0.20000", "2013-09-30": "0.00000", "2013-06-30": "0.15000", "2013-03-31": "0.15000", "2012-12-31": "0.16000", "2012-09-30": "0.00000", "2012-06-30": "0.17000", "2012-03-31": "0.15000", "2011-12-31": "0.15000", "2011-09-30": "0.00000", "2011-06-30": "0.05000", "2011-03-31": "0.10000", "2010-12-31": "0.18000", "2010-09-30": "0.00000", "2010-06-30": "0.12000", "2010-03-31": "0.11000", "2009-12-31": "0.16000", "2009-09-30": "0.00000", "2009-06-30": "0.23000", "2009-03-31": "0.14000", "2008-12-31": "0.16000", "2008-09-30": "0.00000", "2008-06-30": "0.16000", "2008-03-31": "0.13000", "2007-12-31": "0.15000", "2007-09-30": "0.00000", "2007-06-30": "0.13000", "2007-03-31": "0.11000", "2006-12-31": "0.11000", "2006-09-30": "0.00000", "2006-06-30": "0.13000", "2006-03-31": "0.11000", "2005-12-31": "0.12000", "2005-09-30": "0.00000", "2005-06-30": "0.13000", "2005-03-31": "0.12000"}}, "balance sheet": {"Cash On Hand": {"2020-12-31": "305.00200", "2019-12-31": "329.15100", "2018-12-31": "438.11000", "2017-12-31": "479.90600", "2016-12-31": "293.64600", "2015-12-31": "229.51300", "2014-12-31": "121.52000", "2014-09-30": "177.61900", "2013-09-30": "113.09000", "2012-09-30": "437.98200", "2011-09-30": "281.51200", "2010-09-30": "90.87200", "2009-09-30": "160.40800", "2008-09-30": "125.81000", "2007-09-30": "47.29100", "2006-09-30": "57.29300", "2005-09-30": "64.11700"}, "Receivables": {"2020-12-31": "", "2019-12-31": "", "2018-12-31": "", "2017-12-31": "", "2016-12-31": "", "2015-12-31": "", "2014-12-31": "", "2014-09-30": "", "2013-09-30": "", "2012-09-30": "", "2011-09-30": "", "2010-09-30": "", "2009-09-30": "", "2008-09-30": "", "2007-09-30": "", "2006-09-30": "", "2005-09-30": ""}, "Inventory": {"2020-12-31": "", "2019-12-31": "", "2018-12-31": "", "2017-12-31": "", "2016-12-31": "", "2015-12-31": "", "2014-12-31": "", "2014-09-30": "", "2013-09-30": "", "2012-09-30": "", "2011-09-30": "", "2010-09-30": "", "2009-09-30": "", "2008-09-30": "", "2007-09-30": "", "2006-09-30": "", "2005-09-30": ""}, "Pre-Paid Expenses": {"2020-12-31": "", "2019-12-31": "", "2018-12-31": "", "2017-12-31": "", "2016-12-31": "", "2015-12-31": "", "2014-12-31": "", "2014-09-30": "", "2013-09-30": "", "2012-09-30": "", "2011-09-30": "", "2010-09-30": "", "2009-09-30": "", "2008-09-30": "", "2007-09-30": "", "2006-09-30": "", "2005-09-30": ""}, "Other Current Assets": {"2020-12-31": "", "2019-12-31": "", "2018-12-31": "", "2017-12-31": "", "2016-12-31": "", "2015-12-31": "", "2014-12-31": "", "2014-09-30": "", "2013-09-30": "", "2012-09-30": "", "2011-09-30": "", "2010-09-30": "", "2009-09-30": "", "2008-09-30": "", "2007-09-30": "", "2006-09-30": "", "2005-09-30": ""}, "Total Current Assets": {"2020-12-31": "21936.56000", "2019-12-31": "21771.56000", "2018-12-31": "21234.05000", "2017-12-31": "20510.33000", "2016-12-31": "9842.46300", "2015-12-31": "8104.36900", "2014-12-31": "4960.68700", "2014-09-30": "4934.95800", "2013-09-30": "2509.82000", "2012-09-30": "2536.67700", "2011-09-30": "1971.47400", "2010-09-30": "1778.52900", "2009-09-30": "1845.30000", "2008-09-30": "1845.33200", "2007-09-30": "1677.60100", "2006-09-30": "1531.17900", "2005-09-30": "1415.73700"}, "Property, Plant, And Equipment": {"2020-12-31": "202.55500", "2019-12-31": "227.07000", "2018-12-31": "264.19400", "2017-12-31": "321.72200", "2016-12-31": "57.31800", "2015-12-31": "63.36200", "2014-12-31": "46.15600", "2014-09-30": "43.28600", "2013-09-30": "36.52000", "2012-09-30": "38.48300", "2011-09-30": "40.88600", "2010-09-30": "43.59800", "2009-09-30": "40.69200", "2008-09-30": "36.71600", "2007-09-30": "30.07900", "2006-09-30": "31.73900", "2005-09-30": "32.10100"}, "Long-Term Investments": {"2020-12-31": "4205.64600", "2019-12-31": "5327.11400", "2018-12-31": "7036.87000", "2017-12-31": "6758.67300", "2016-12-31": "3253.93600", "2015-12-31": "2760.58100", "2014-12-31": "1788.62000", "2014-09-30": "1755.97300", "2013-09-30": "1232.70400", "2012-09-30": "1172.49700", "2011-09-30": "867.46800", "2010-09-30": "954.43200", "2009-09-30": "900.37400", "2008-09-30": "863.37600", "2007-09-30": "865.24400", "2006-09-30": "1046.23400", "2005-09-30": "915.23400"}, "Goodwill And Intangible Assets": {"2020-12-31": "1777.04700", "2019-12-31": "1793.84600", "2018-12-31": "1742.57800", "2017-12-31": "1733.08200", "2016-12-31": "762.95300", "2015-12-31": "748.06600", "2014-12-31": "432.25800", "2014-09-30": "434.20400", "2013-09-30": "169.00800", "2012-09-30": "170.41100", "2011-09-30": "165.49000", "2010-09-30": "164.50100", "2009-09-30": "166.35000", "2008-09-30": "168.53500", "2007-09-30": "171.42700", "2006-09-30": "174.00600", "2005-09-30": "172.26300"}, "Other Long-Term Assets": {"2020-12-31": "1698.32500", "2019-12-31": "1466.90500", "2018-12-31": "1105.61200", "2017-12-31": "1035.73800", "2016-12-31": "261.77800", "2015-12-31": "279.57400", "2014-12-31": "197.10100", "2014-09-30": "168.96600", "2013-09-30": "101.12000", "2012-09-30": "104.91400", "2011-09-30": "92.08400", "2010-09-30": "79.96500", "2009-09-30": "69.17700", "2008-09-30": "70.41200", "2007-09-30": "57.74800", "2006-09-30": "49.65300", "2005-09-30": "52.39200"}, "Total Long-Term Assets": {"2020-12-31": "7883.57300", "2019-12-31": "8814.93600", "2018-12-31": "10149.25000", "2017-12-31": "9849.21500", "2016-12-31": "4335.98500", "2015-12-31": "3851.58300", "2014-12-31": "2464.13500", "2014-09-30": "2402.42900", "2013-09-30": "1539.35200", "2012-09-30": "1486.30500", "2011-09-30": "1165.92800", "2010-09-30": "1242.49600", "2009-09-30": "1176.59300", "2008-09-30": "1139.03900", "2007-09-30": "1124.49800", "2006-09-30": "1310.15800", "2005-09-30": "1182.58600"}, "Total Assets": {"2020-12-31": "29820.14000", "2019-12-31": "30586.50000", "2018-12-31": "31383.31000", "2017-12-31": "30359.54000", "2016-12-31": "14178.45000", "2015-12-31": "11955.95000", "2014-12-31": "7424.82200", "2014-09-30": "7337.38700", "2013-09-30": "4049.17200", "2012-09-30": "4022.98200", "2011-09-30": "3137.40200", "2010-09-30": "3021.02500", "2009-09-30": "3021.89300", "2008-09-30": "2984.37100", "2007-09-30": "2802.09900", "2006-09-30": "2841.33700", "2005-09-30": "2598.32300"}, "Total Current Liabilities": {"2020-12-31": "23396.52000", "2019-12-31": "22418.66000", "2018-12-31": "21214.15000", "2017-12-31": "20538.20000", "2016-12-31": "10068.26000", "2015-12-31": "8580.00700", "2014-12-31": "5212.32500", "2014-09-30": "5298.65400", "2013-09-30": "2962.29400", "2012-09-30": "3111.15100", "2011-09-30": "2296.69500", "2010-09-30": "2142.70200", "2009-09-30": "2082.28200", "2008-09-30": "1989.19700", "2007-09-30": "1713.68400", "2006-09-30": "1729.65900", "2005-09-30": "1726.40100"}, "Long Term Debt": {"2020-12-31": "1104.40000", "2019-12-31": "2944.27400", "2018-12-31": "5287.07400", "2017-12-31": "5113.85100", "2016-12-31": "2070.18400", "2015-12-31": "1539.12200", "2014-12-31": "1115.72000", "2014-09-30": "943.56300", "2013-09-30": "573.63200", "2012-09-30": "357.09500", "2011-09-30": "384.72200", "2010-09-30": "423.44500", "2009-09-30": "490.52700", "2008-09-30": "573.28000", "2007-09-30": "667.22400", "2006-09-30": "687.35100", "2005-09-30": "446.32500"}, "Other Non-Current Liabilities": {"2020-12-31": "728.70200", "2019-12-31": "693.45200", "2018-12-31": "453.23200", "2017-12-31": "467.30800", "2016-12-31": "184.82100", "2015-12-31": "171.75000", "2014-12-31": "121.57700", "2014-09-30": "134.03200", "2013-09-30": "30.38000", "2012-09-30": "63.61400", "2011-09-30": "24.85100", "2010-09-30": "23.92300", "2009-09-30": "21.62800", "2008-09-30": "22.73600", "2007-09-30": "16.10200", "2006-09-30": "19.04100", "2005-09-30": "30.44000"}, "Total Long Term Liabilities": {"2020-12-31": "1833.10200", "2019-12-31": "3637.72600", "2018-12-31": "5740.30600", "2017-12-31": "5581.15900", "2016-12-31": "2255.00500", "2015-12-31": "1710.87200", "2014-12-31": "1237.29700", "2014-09-30": "1077.59500", "2013-09-30": "604.01200", "2012-09-30": "420.70900", "2011-09-30": "409.57300", "2010-09-30": "447.36800", "2009-09-30": "512.15500", "2008-09-30": "596.01600", "2007-09-30": "683.32600", "2006-09-30": "706.39200", "2005-09-30": "476.76500"}, "Total Liabilities": {"2020-12-31": "25229.62000", "2019-12-31": "26056.38000", "2018-12-31": "26954.45000", "2017-12-31": "26119.36000", "2016-12-31": "12323.26000", "2015-12-31": "10290.88000", "2014-12-31": "6449.62200", "2014-09-30": "6376.24900", "2013-09-30": "3566.30600", "2012-09-30": "3531.86000", "2011-09-30": "2706.26800", "2010-09-30": "2590.07000", "2009-09-30": "2594.43700", "2008-09-30": "2585.21300", "2007-09-30": "2397.01000", "2006-09-30": "2436.05100", "2005-09-30": "2203.16600"}, "Common Stock Net": {"2020-12-31": "2.29900", "2019-12-31": "2.29900", "2018-12-31": "2.29900", "2017-12-31": "2.29900", "2016-12-31": "1.41100", "2015-12-31": "1.36700", "2014-12-31": "0.91200", "2014-09-30": "0.91200", "2013-09-30": "0.52200", "2012-09-30": "0.52200", "2011-09-30": "0.45900", "2010-09-30": "0.45900", "2009-09-30": "0.45900", "2008-09-30": "0.45900", "2007-09-30": "0.45900", "2006-09-30": "0.45900", "2005-09-30": "0.45900"}, "Retained Earnings (Accumulated Deficit)": {"2020-12-31": "1291.62800", "2019-12-31": "1166.70900", "2018-12-31": "791.55000", "2017-12-31": "401.95600", "2016-12-31": "349.30800", "2015-12-31": "245.40800", "2014-12-31": "208.95800", "2014-09-30": "197.46000", "2013-09-30": "187.88900", "2012-09-30": "175.97100", "2011-09-30": "165.19900", "2010-09-30": "162.43300", "2009-09-30": "153.19300", "2008-09-30": "138.72000", "2007-09-30": "125.74300", "2006-09-30": "114.92700", "2005-09-30": "104.48400"}, "Comprehensive Income": {"2020-12-31": "84.81600", "2019-12-31": "40.21600", "2018-12-31": "-65.94500", "2017-12-31": "-26.16600", "2016-12-31": "-26.63500", "2015-12-31": "-12.12400", "2014-12-31": "-10.25100", "2014-09-30": "-11.45900", "2013-09-30": "-15.33000", "2012-09-30": "6.89900", "2011-09-30": "5.13600", "2010-09-30": "5.12400", "2009-09-30": "2.47700", "2008-09-30": "-9.58100", "2007-09-30": "-4.20400", "2006-09-30": "-7.60200", "2005-09-30": "-8.36700"}, "Other Share Holders Equity": {"2020-12-31": "", "2019-12-31": "", "2018-12-31": "", "2017-12-31": "", "2016-12-31": "", "2015-12-31": "", "2014-12-31": "", "2014-09-30": "", "2013-09-30": "", "2012-09-30": "", "2011-09-30": "", "2010-09-30": "", "2009-09-30": "", "2008-09-30": "", "2007-09-30": "", "2006-09-30": "", "2005-09-30": ""}, "Share Holder Equity": {"2020-12-31": "4590.51400", "2019-12-31": "4530.11300", "2018-12-31": "4428.85300", "2017-12-31": "4240.17800", "2016-12-31": "1855.18300", "2015-12-31": "1665.07300", "2014-12-31": "975.20000", "2014-09-30": "961.13800", "2013-09-30": "482.86600", "2012-09-30": "491.12200", "2011-09-30": "431.13400", "2010-09-30": "430.95500", "2009-09-30": "427.45600", "2008-09-30": "399.15800", "2007-09-30": "405.08900", "2006-09-30": "405.28600", "2005-09-30": "395.15700"}, "Total Liabilities And Share Holders Equity": {"2020-12-31": "29820.14000", "2019-12-31": "30586.50000", "2018-12-31": "31383.31000", "2017-12-31": "30359.54000", "2016-12-31": "14178.45000", "2015-12-31": "11955.95000", "2014-12-31": "7424.82200", "2014-09-30": "7337.38700", "2013-09-30": "4049.17200", "2012-09-30": "4022.98200", "2011-09-30": "3137.40200", "2010-09-30": "3021.02500", "2009-09-30": "3021.89300", "2008-09-30": "2984.37100", "2007-09-30": "2802.09900", "2006-09-30": "2841.33700", "2005-09-30": "2598.32300"}}, "balance sheet, quarterly": {"Cash On Hand": {"2020-12-31": "305.00200", "2020-09-30": "437.55800", "2020-06-30": "324.72900", "2020-03-31": "348.63600", "2019-12-31": "329.15100", "2019-09-30": "545.60300", "2019-06-30": "343.36800", "2019-03-31": "314.25500", "2018-12-31": "438.11000", "2018-09-30": "533.98400", "2018-06-30": "445.18900", "2018-03-31": "364.33100", "2017-12-31": "479.90600", "2017-09-30": "407.20300", "2017-06-30": "282.16700", "2017-03-31": "253.70300", "2016-12-31": "293.64600", "2016-09-30": "380.45800", "2016-06-30": "258.32600", "2016-03-31": "486.73000", "2015-12-31": "229.51300", "2015-09-30": "318.13900", "2015-06-30": "366.42700", "2015-03-31": "186.70100", "2014-12-31": "121.52000", "2014-09-30": "", "2014-06-30": "216.50900", "2014-03-31": "164.64500", "2013-12-31": "152.66200", "2013-09-30": "113.09000", "2013-06-30": "109.16600", "2013-03-31": "73.39600", "2012-12-31": "160.24100", "2012-09-30": "437.98200", "2012-06-30": "111.40000", "2012-03-31": "89.01900", "2011-12-31": "43.68700", "2011-09-30": "281.51200", "2011-06-30": "45.53000", "2011-03-31": "72.67000", "2010-12-31": "34.84400", "2010-09-30": "90.87200", "2010-06-30": "42.66000", "2010-03-31": "37.83100", "2009-12-31": "39.81900", "2009-09-30": "160.40800", "2009-06-30": "96.83600", "2009-03-31": "139.19000", "2008-12-31": "41.18600", "2008-09-30": "125.81000", "2008-06-30": "46.20800", "2008-03-31": "44.62700", "2007-12-31": "43.23100", "2007-09-30": "47.29100", "2007-06-30": "46.00600", "2007-03-31": "48.39700", "2006-12-31": "51.32700", "2006-09-30": "57.29300", "2006-06-30": "55.75800", "2006-03-31": "55.11000", "2005-12-31": "61.57900", "2005-09-30": "64.11700", "2005-06-30": "51.57800", "2005-03-31": "50.03900"}, "Receivables": {"2020-12-31": "", "2020-09-30": "", "2020-06-30": "", "2020-03-31": "", "2019-12-31": "", "2019-09-30": "", "2019-06-30": "", "2019-03-31": "", "2018-12-31": "", "2018-09-30": "", "2018-06-30": "", "2018-03-31": "", "2017-12-31": "", "2017-09-30": "", "2017-06-30": "", "2017-03-31": "", "2016-12-31": "", "2016-09-30": "", "2016-06-30": "", "2016-03-31": "", "2015-12-31": "", "2015-09-30": "", "2015-06-30": "", "2015-03-31": "", "2014-12-31": "", "2014-09-30": "", "2014-06-30": "", "2014-03-31": "", "2013-12-31": "", "2013-09-30": "", "2013-06-30": "", "2013-03-31": "", "2012-12-31": "", "2012-09-30": "", "2012-06-30": "", "2012-03-31": "", "2011-12-31": "", "2011-09-30": "", "2011-06-30": "", "2011-03-31": "", "2010-12-31": "", "2010-09-30": "", "2010-06-30": "", "2010-03-31": "", "2009-12-31": "", "2009-09-30": "", "2009-06-30": "", "2009-03-31": "", "2008-12-31": "", "2008-09-30": "", "2008-06-30": "", "2008-03-31": "", "2007-12-31": "", "2007-09-30": "", "2007-06-30": "", "2007-03-31": "", "2006-12-31": "", "2006-09-30": "", "2006-06-30": "", "2006-03-31": "", "2005-12-31": "", "2005-09-30": "", "2005-06-30": "", "2005-03-31": ""}, "Inventory": {"2020-12-31": "", "2020-09-30": "", "2020-06-30": "", "2020-03-31": "", "2019-12-31": "", "2019-09-30": "", "2019-06-30": "", "2019-03-31": "", "2018-12-31": "", "2018-09-30": "", "2018-06-30": "", "2018-03-31": "", "2017-12-31": "", "2017-09-30": "", "2017-06-30": "", "2017-03-31": "", "2016-12-31": "", "2016-09-30": "", "2016-06-30": "", "2016-03-31": "", "2015-12-31": "", "2015-09-30": "", "2015-06-30": "", "2015-03-31": "", "2014-12-31": "", "2014-09-30": "", "2014-06-30": "", "2014-03-31": "", "2013-12-31": "", "2013-09-30": "", "2013-06-30": "", "2013-03-31": "", "2012-12-31": "", "2012-09-30": "", "2012-06-30": "", "2012-03-31": "", "2011-12-31": "", "2011-09-30": "", "2011-06-30": "", "2011-03-31": "", "2010-12-31": "", "2010-09-30": "", "2010-06-30": "", "2010-03-31": "", "2009-12-31": "", "2009-09-30": "", "2009-06-30": "", "2009-03-31": "", "2008-12-31": "", "2008-09-30": "", "2008-06-30": "", "2008-03-31": "", "2007-12-31": "", "2007-09-30": "", "2007-06-30": "", "2007-03-31": "", "2006-12-31": "", "2006-09-30": "", "2006-06-30": "", "2006-03-31": "", "2005-12-31": "", "2005-09-30": "", "2005-06-30": "", "2005-03-31": ""}, "Pre-Paid Expenses": {"2020-12-31": "", "2020-09-30": "", "2020-06-30": "", "2020-03-31": "", "2019-12-31": "", "2019-09-30": "", "2019-06-30": "", "2019-03-31": "", "2018-12-31": "", "2018-09-30": "", "2018-06-30": "", "2018-03-31": "", "2017-12-31": "", "2017-09-30": "", "2017-06-30": "", "2017-03-31": "", "2016-12-31": "", "2016-09-30": "", "2016-06-30": "", "2016-03-31": "", "2015-12-31": "", "2015-09-30": "", "2015-06-30": "", "2015-03-31": "", "2014-12-31": "", "2014-09-30": "", "2014-06-30": "", "2014-03-31": "", "2013-12-31": "", "2013-09-30": "", "2013-06-30": "", "2013-03-31": "", "2012-12-31": "", "2012-09-30": "", "2012-06-30": "", "2012-03-31": "", "2011-12-31": "", "2011-09-30": "", "2011-06-30": "", "2011-03-31": "", "2010-12-31": "", "2010-09-30": "", "2010-06-30": "", "2010-03-31": "", "2009-12-31": "", "2009-09-30": "", "2009-06-30": "", "2009-03-31": "", "2008-12-31": "", "2008-09-30": "", "2008-06-30": "", "2008-03-31": "", "2007-12-31": "", "2007-09-30": "", "2007-06-30": "", "2007-03-31": "", "2006-12-31": "", "2006-09-30": "", "2006-06-30": "", "2006-03-31": "", "2005-12-31": "", "2005-09-30": "", "2005-06-30": "", "2005-03-31": ""}, "Other Current Assets": {"2020-12-31": "", "2020-09-30": "", "2020-06-30": "", "2020-03-31": "", "2019-12-31": "", "2019-09-30": "", "2019-06-30": "", "2019-03-31": "", "2018-12-31": "", "2018-09-30": "", "2018-06-30": "", "2018-03-31": "", "2017-12-31": "", "2017-09-30": "", "2017-06-30": "", "2017-03-31": "", "2016-12-31": "", "2016-09-30": "", "2016-06-30": "", "2016-03-31": "", "2015-12-31": "", "2015-09-30": "", "2015-06-30": "", "2015-03-31": "", "2014-12-31": "", "2014-09-30": "", "2014-06-30": "", "2014-03-31": "", "2013-12-31": "", "2013-09-30": "", "2013-06-30": "", "2013-03-31": "", "2012-12-31": "", "2012-09-30": "", "2012-06-30": "", "2012-03-31": "", "2011-12-31": "", "2011-09-30": "", "2011-06-30": "", "2011-03-31": "", "2010-12-31": "", "2010-09-30": "", "2010-06-30": "", "2010-03-31": "", "2009-12-31": "", "2009-09-30": "", "2009-06-30": "", "2009-03-31": "", "2008-12-31": "", "2008-09-30": "", "2008-06-30": "", "2008-03-31": "", "2007-12-31": "", "2007-09-30": "", "2007-06-30": "", "2007-03-31": "", "2006-12-31": "", "2006-09-30": "", "2006-06-30": "", "2006-03-31": "", "2005-12-31": "", "2005-09-30": "", "2005-06-30": "", "2005-03-31": ""}, "Total Current Assets": {"2020-12-31": "21936.57000", "2020-09-30": "22532.76000", "2020-06-30": "22400.24000", "2020-03-31": "21842.38000", "2019-12-31": "21771.56000", "2019-09-30": "21380.54000", "2019-06-30": "20742.55000", "2019-03-31": "20488.51000", "2018-12-31": "21234.05000", "2018-09-30": "21116.25000", "2018-06-30": "21167.38000", "2018-03-31": "20368.05000", "2017-12-31": "20510.33000", "2017-09-30": "10886.17000", "2017-06-30": "10491.88000", "2017-03-31": "10002.26000", "2016-12-31": "9842.46300", "2016-09-30": "9613.59700", "2016-06-30": "8889.11100", "2016-03-31": "8780.50900", "2015-12-31": "8104.36900", "2015-09-30": "7893.75800", "2015-06-30": "7660.23500", "2015-03-31": "5157.82700", "2014-12-31": "4960.68700", "2014-09-30": "", "2014-06-30": "4775.56800", "2014-03-31": "4416.48600", "2013-12-31": "4289.73000", "2013-09-30": "2509.82000", "2013-06-30": "2430.18500", "2013-03-31": "2263.26600", "2012-12-31": "2341.10800", "2012-09-30": "2547.19000", "2012-06-30": "1949.26800", "2012-03-31": "1872.05500", "2011-12-31": "1802.90700", "2011-09-30": "1971.47400", "2011-06-30": "1711.62900", "2011-03-31": "1738.71200", "2010-12-31": "1717.19900", "2010-09-30": "1778.52900", "2010-06-30": "1730.18700", "2010-03-31": "1688.41500", "2009-12-31": "1697.97100", "2009-09-30": "1845.30000", "2009-06-30": "1793.91300", "2009-03-31": "1862.73300", "2008-12-31": "1775.18100", "2008-09-30": "1845.33200", "2008-06-30": "1722.26700", "2008-03-31": "1688.02900", "2007-12-31": "1689.23900", "2007-09-30": "1677.60100", "2007-06-30": "1650.38800", "2007-03-31": "1601.81300", "2006-12-31": "1561.51100", "2006-09-30": "1531.17900", "2006-06-30": "1498.31000", "2006-03-31": "1453.39200", "2005-12-31": "1438.41700", "2005-09-30": "1415.73700", "2005-06-30": "1357.38300", "2005-03-31": "1336.05000"}, "Property, Plant, And Equipment": {"2020-12-31": "202.55500", "2020-09-30": "217.48100", "2020-06-30": "226.72800", "2020-03-31": "228.52600", "2019-12-31": "227.07000", "2019-09-30": "238.72300", "2019-06-30": "250.15500", "2019-03-31": "262.74400", "2018-12-31": "264.19400", "2018-09-30": "289.79400", "2018-06-30": "290.76200", "2018-03-31": "318.26700", "2017-12-31": "321.72200", "2017-09-30": "56.37800", "2017-06-30": "57.79400", "2017-03-31": "57.56700", "2016-12-31": "57.31800", "2016-09-30": "58.76100", "2016-06-30": "60.79700", "2016-03-31": "62.43200", "2015-12-31": "63.36200", "2015-09-30": "63.50800", "2015-06-30": "63.55500", "2015-03-31": "45.07600", "2014-12-31": "46.15600", "2014-09-30": "", "2014-06-30": "48.28600", "2014-03-31": "49.04100", "2013-12-31": "49.92500", "2013-09-30": "36.52000", "2013-06-30": "37.47300", "2013-03-31": "37.61700", "2012-12-31": "38.08600", "2012-09-30": "38.48300", "2012-06-30": "38.87700", "2012-03-31": "39.16200", "2011-12-31": "39.86000", "2011-09-30": "40.88600", "2011-06-30": "42.24900", "2011-03-31": "42.83000", "2010-12-31": "43.49500", "2010-09-30": "43.59800", "2010-06-30": "42.98300", "2010-03-31": "42.44600", "2009-12-31": "40.98500", "2009-09-30": "40.69200", "2009-06-30": "40.23400", "2009-03-31": "37.75900", "2008-12-31": "37.22600", "2008-09-30": "36.71600", "2008-06-30": "34.62500", "2008-03-31": "33.50400", "2007-12-31": "31.33800", "2007-09-30": "30.07900", "2007-06-30": "30.00400", "2007-03-31": "29.71800", "2006-12-31": "30.07400", "2006-09-30": "31.73900", "2006-06-30": "31.94300", "2006-03-31": "32.46100", "2005-12-31": "32.73900", "2005-09-30": "32.10100", "2005-06-30": "29.81000", "2005-03-31": "29.08100"}, "Long-Term Investments": {"2020-12-31": "4205.64600", "2020-09-30": "4368.64300", "2020-06-30": "4739.24500", "2020-03-31": "4855.23500", "2019-12-31": "5327.11400", "2019-09-30": "5323.94000", "2019-06-30": "6179.42500", "2019-03-31": "6213.50500", "2018-12-31": "7036.87000", "2018-09-30": "7037.42700", "2018-06-30": "7169.65000", "2018-03-31": "6990.11800", "2017-12-31": "6758.67300", "2017-09-30": "4706.92600", "2017-06-30": "3712.41700", "2017-03-31": "3564.42500", "2016-12-31": "3253.93600", "2016-09-30": "2905.38700", "2016-06-30": "3082.91400", "2016-03-31": "2966.07200", "2015-12-31": "2760.58100", "2015-09-30": "2617.61800", "2015-06-30": "2740.84300", "2015-03-31": "1868.90100", "2014-12-31": "1788.62000", "2014-09-30": "", "2014-06-30": "1805.05800", "2014-03-31": "1813.92100", "2013-12-31": "1683.54100", "2013-09-30": "1232.70400", "2013-06-30": "1094.09200", "2013-03-31": "1149.46400", "2012-12-31": "1150.41800", "2012-09-30": "1172.49700", "2012-06-30": "903.64000", "2012-03-31": "1044.67000", "2011-12-31": "989.32700", "2011-09-30": "867.46800", "2011-06-30": "964.03700", "2011-03-31": "879.41200", "2010-12-31": "923.69600", "2010-09-30": "954.43200", "2010-06-30": "943.41800", "2010-03-31": "955.43400", "2009-12-31": "925.32600", "2009-09-30": "900.37400", "2009-06-30": "755.52300", "2009-03-31": "813.63200", "2008-12-31": "874.73400", "2008-09-30": "863.37600", "2008-06-30": "850.42600", "2008-03-31": "870.22100", "2007-12-31": "850.23600", "2007-09-30": "865.24400", "2007-06-30": "866.19200", "2007-03-31": "927.01100", "2006-12-31": "968.70000", "2006-09-30": "1046.23400", "2006-06-30": "1011.40400", "2006-03-31": "1020.66100", "2005-12-31": "925.20500", "2005-09-30": "915.23400", "2005-06-30": "934.72100", "2005-03-31": "919.17900"}, "Goodwill And Intangible Assets": {"2020-12-31": "1777.04700", "2020-09-30": "1781.24600", "2020-06-30": "1785.44600", "2020-03-31": "1789.64600", "2019-12-31": "1793.84600", "2019-09-30": "1772.96300", "2019-06-30": "1777.74800", "2019-03-31": "1782.53300", "2018-12-31": "1742.57800", "2018-09-30": "1745.18100", "2018-06-30": "1754.41800", "2018-03-31": "1727.03000", "2017-12-31": "1733.08200", "2017-09-30": "756.29000", "2017-06-30": "758.48390", "2017-03-31": "760.69800", "2016-12-31": "762.95300", "2016-09-30": "765.85800", "2016-06-30": "769.12500", "2016-03-31": "772.39000", "2015-12-31": "748.06600", "2015-09-30": "751.52900", "2015-06-30": "753.89900", "2015-03-31": "452.69800", "2014-12-31": "432.25800", "2014-09-30": "", "2014-06-30": "435.18500", "2014-03-31": "437.72700", "2013-12-31": "440.53700", "2013-09-30": "169.00800", "2013-06-30": "169.31800", "2013-03-31": "169.65500", "2012-12-31": "170.17300", "2012-09-30": "170.41100", "2012-06-30": "164.57900", "2012-03-31": "164.86200", "2011-12-31": "165.16700", "2011-09-30": "165.49000", "2011-06-30": "165.82800", "2011-03-31": "163.71800", "2010-12-31": "164.09000", "2010-09-30": "164.50100", "2010-06-30": "164.93300", "2010-03-31": "165.38500", "2009-12-31": "165.85700", "2009-09-30": "166.35000", "2009-06-30": "166.86300", "2009-03-31": "167.39400", "2008-12-31": "167.95100", "2008-09-30": "168.53500", "2008-06-30": "169.82700", "2008-03-31": "170.84700", "2007-12-31": "171.47800", "2007-09-30": "172.19500", "2007-06-30": "172.93600", "2007-03-31": "172.36900", "2006-12-31": "173.18600", "2006-09-30": "174.00600", "2006-06-30": "174.12300", "2006-03-31": "169.64800", "2005-12-31": "170.58900", "2005-09-30": "172.26300", "2005-06-30": "172.88000", "2005-03-31": "172.03400"}, "Other Long-Term Assets": {"2020-12-31": "1698.32500", "2020-09-30": "1717.59200", "2020-06-30": "1688.23400", "2020-03-31": "1619.25500", "2019-12-31": "1466.90500", "2019-09-30": "1361.50000", "2019-06-30": "1287.66900", "2019-03-31": "1209.32100", "2018-12-31": "1105.61200", "2018-09-30": "1072.61100", "2018-06-30": "1080.87000", "2018-03-31": "1065.31200", "2017-12-31": "1035.73800", "2017-09-30": "374.33200", "2017-06-30": "356.10000", "2017-03-31": "274.38300", "2016-12-31": "261.77800", "2016-09-30": "273.62600", "2016-06-30": "263.30100", "2016-03-31": "283.95400", "2015-12-31": "279.57400", "2015-09-30": "270.98000", "2015-06-30": "347.85000", "2015-03-31": "203.01300", "2014-12-31": "197.10100", "2014-09-30": "", "2014-06-30": "186.63100", "2014-03-31": "207.24400", "2013-12-31": "203.70400", "2013-09-30": "101.12000", "2013-06-30": "93.36100", "2013-03-31": "90.43800", "2012-12-31": "89.72900", "2012-09-30": "94.40100", "2012-06-30": "93.67600", "2012-03-31": "90.12200", "2011-12-31": "86.90500", "2011-09-30": "92.08400", "2011-06-30": "92.31400", "2011-03-31": "94.61900", "2010-12-31": "92.03300", "2010-09-30": "79.96500", "2010-06-30": "82.18500", "2010-03-31": "84.27600", "2009-12-31": "87.65000", "2009-09-30": "69.17700", "2009-06-30": "67.82300", "2009-03-31": "73.18300", "2008-12-31": "66.45900", "2008-09-30": "70.41200", "2008-06-30": "60.64100", "2008-03-31": "56.96000", "2007-12-31": "50.28200", "2007-09-30": "52.65000", "2007-06-30": "51.18500", "2007-03-31": "61.64600", "2006-12-31": "49.79000", "2006-09-30": "49.65300", "2006-06-30": "47.44400", "2006-03-31": "48.63200", "2005-12-31": "62.88500", "2005-09-30": "52.39200", "2005-06-30": "64.58400", "2005-03-31": "61.76900"}, "Total Long-Term Assets": {"2020-12-31": "7883.57300", "2020-09-30": "8084.96200", "2020-06-30": "8439.65300", "2020-03-31": "8492.66200", "2019-12-31": "8814.93600", "2019-09-30": "8697.12700", "2019-06-30": "9494.99700", "2019-03-31": "9468.10400", "2018-12-31": "10149.25000", "2018-09-30": "10145.01000", "2018-06-30": "10295.70000", "2018-03-31": "10100.73000", "2017-12-31": "9849.21500", "2017-09-30": "5893.92600", "2017-06-30": "4884.79500", "2017-03-31": "4657.07300", "2016-12-31": "4335.98500", "2016-09-30": "4003.63200", "2016-06-30": "4176.13700", "2016-03-31": "4084.84800", "2015-12-31": "3851.58300", "2015-09-30": "3703.63500", "2015-06-30": "3906.14700", "2015-03-31": "2569.68800", "2014-12-31": "2464.13500", "2014-09-30": "", "2014-06-30": "2475.16000", "2014-03-31": "2507.93300", "2013-12-31": "2377.70700", "2013-09-30": "1539.35200", "2013-06-30": "1394.24400", "2013-03-31": "1447.17400", "2012-12-31": "1448.40600", "2012-09-30": "1475.79200", "2012-06-30": "1200.77200", "2012-03-31": "1338.81600", "2011-12-31": "1281.25900", "2011-09-30": "1165.92800", "2011-06-30": "1264.42800", "2011-03-31": "1180.57900", "2010-12-31": "1223.31400", "2010-09-30": "1242.49600", "2010-06-30": "1233.51900", "2010-03-31": "1247.54100", "2009-12-31": "1219.81800", "2009-09-30": "1176.59300", "2009-06-30": "1030.44300", "2009-03-31": "1091.96800", "2008-12-31": "1146.37000", "2008-09-30": "1139.03900", "2008-06-30": "1128.28700", "2008-03-31": "1135.47700", "2007-12-31": "1110.10300", "2007-09-30": "1124.49800", "2007-06-30": "1132.41300", "2007-03-31": "1199.55200", "2006-12-31": "1234.94300", "2006-09-30": "1310.15800", "2006-06-30": "1282.10900", "2006-03-31": "1292.23600", "2005-12-31": "1191.41800", "2005-09-30": "1182.58600", "2005-06-30": "1201.99500", "2005-03-31": "1182.06300"}, "Total Assets": {"2020-12-31": "29820.14000", "2020-09-30": "30617.72000", "2020-06-30": "30839.89000", "2020-03-31": "30335.04000", "2019-12-31": "30586.50000", "2019-09-30": "30077.66000", "2019-06-30": "30237.54000", "2019-03-31": "29956.61000", "2018-12-31": "31383.31000", "2018-09-30": "31261.27000", "2018-06-30": "31463.08000", "2018-03-31": "30468.78000", "2017-12-31": "30359.54000", "2017-09-30": "16780.10000", "2017-06-30": "15376.68000", "2017-03-31": "14659.34000", "2016-12-31": "14178.45000", "2016-09-30": "13617.23000", "2016-06-30": "13065.25000", "2016-03-31": "12865.36000", "2015-12-31": "11955.95000", "2015-09-30": "11597.39000", "2015-06-30": "11566.38000", "2015-03-31": "7727.51500", "2014-12-31": "7424.82200", "2014-09-30": "0.00000", "2014-06-30": "7250.72900", "2014-03-31": "6924.41900", "2013-12-31": "6667.43700", "2013-09-30": "4049.17200", "2013-06-30": "3824.42900", "2013-03-31": "3710.44000", "2012-12-31": "3789.51400", "2012-09-30": "4022.98200", "2012-06-30": "3150.04000", "2012-03-31": "3210.87100", "2011-12-31": "3084.16600", "2011-09-30": "3137.40200", "2011-06-30": "2976.05700", "2011-03-31": "2919.29100", "2010-12-31": "2940.51300", "2010-09-30": "3021.02500", "2010-06-30": "2963.70600", "2010-03-31": "2935.95600", "2009-12-31": "2917.78900", "2009-09-30": "3021.89300", "2009-06-30": "2824.35600", "2009-03-31": "2954.70100", "2008-12-31": "2921.55100", "2008-09-30": "2984.37100", "2008-06-30": "2850.55400", "2008-03-31": "2823.50600", "2007-12-31": "2799.34200", "2007-09-30": "2802.09900", "2007-06-30": "2782.80100", "2007-03-31": "2801.36500", "2006-12-31": "2796.45400", "2006-09-30": "2841.33700", "2006-06-30": "2780.41900", "2006-03-31": "2745.62800", "2005-12-31": "2629.83500", "2005-09-30": "2598.32300", "2005-06-30": "2559.37800", "2005-03-31": "2518.11300"}, "Total Current Liabilities": {"2020-12-31": "23396.52000", "2020-09-30": "24255.33000", "2020-06-30": "23600.62000", "2020-03-31": "22558.28000", "2019-12-31": "22418.66000", "2019-09-30": "21579.32000", "2019-06-30": "20948.46000", "2019-03-31": "21225.64000", "2018-12-31": "21214.15000", "2018-09-30": "21456.06000", "2018-06-30": "20965.89000", "2018-03-31": "20623.23000", "2017-12-31": "20538.20000", "2017-09-30": "11043.44000", "2017-06-30": "10502.71000", "2017-03-31": "10251.72000", "2016-12-31": "10068.26000", "2016-09-30": "10197.25000", "2016-06-30": "9785.55600", "2016-03-31": "9328.62200", "2015-12-31": "8580.00700", "2015-09-30": "8805.41100", "2015-06-30": "8836.16100", "2015-03-31": "5555.94600", "2014-12-31": "5212.32500", "2014-09-30": "", "2014-06-30": "5102.45700", "2014-03-31": "5211.72400", "2013-12-31": "4920.56400", "2013-09-30": "2962.29400", "2013-06-30": "2739.21400", "2013-03-31": "2799.65800", "2012-12-31": "2904.38400", "2012-09-30": "3111.15100", "2012-06-30": "2332.09100", "2012-03-31": "2368.98800", "2011-12-31": "2135.55500", "2011-09-30": "2296.69500", "2011-06-30": "2098.07300", "2011-03-31": "2089.90400", "2010-12-31": "1980.06800", "2010-09-30": "2142.70200", "2010-06-30": "1961.00500", "2010-03-31": "2006.95300", "2009-12-31": "1869.64300", "2009-09-30": "2082.28200", "2009-06-30": "1872.98300", "2009-03-31": "2008.76600", "2008-12-31": "1898.14200", "2008-09-30": "1989.19700", "2008-06-30": "1775.72000", "2008-03-31": "1722.10100", "2007-12-31": "1672.53800", "2007-09-30": "1713.68400", "2007-06-30": "1748.82700", "2007-03-31": "1740.30500", "2006-12-31": "1726.18600", "2006-09-30": "1729.65900", "2006-06-30": "1750.78000", "2006-03-31": "1779.28900", "2005-12-31": "1675.31600", "2005-09-30": "1726.40100", "2005-06-30": "1748.27000", "2005-03-31": "1684.27900"}, "Long Term Debt": {"2020-12-31": "1104.40000", "2020-09-30": "960.06900", "2020-06-30": "1515.59500", "2020-03-31": "2695.18900", "2019-12-31": "2944.27400", "2019-09-30": "3258.81900", "2019-06-30": "4207.16200", "2019-03-31": "3735.51600", "2018-12-31": "5287.07400", "2018-09-30": "4922.80700", "2018-06-30": "5668.16600", "2018-03-31": "5089.31800", "2017-12-31": "5113.85100", "2017-09-30": "3472.93100", "2017-06-30": "2678.26900", "2017-03-31": "2341.72900", "2016-12-31": "2070.18400", "2016-09-30": "1467.36200", "2016-06-30": "1324.23700", "2016-03-31": "1690.48000", "2015-12-31": "1539.12200", "2015-09-30": "961.91300", "2015-06-30": "927.06300", "2015-03-31": "986.78300", "2014-12-31": "1115.72000", "2014-09-30": "", "2014-06-30": "1065.75700", "2014-03-31": "643.22710", "2013-12-31": "709.73000", "2013-09-30": "573.63200", "2013-06-30": "578.72000", "2013-03-31": "385.55800", "2012-12-31": "364.98800", "2012-09-30": "357.09500", "2012-06-30": "338.37700", "2012-03-31": "329.05900", "2011-12-31": "487.14000", "2011-09-30": "384.72200", "2011-06-30": "428.14100", "2011-03-31": "393.72700", "2010-12-31": "512.87300", "2010-09-30": "423.44500", "2010-06-30": "547.40300", "2010-03-31": "486.20600", "2009-12-31": "600.65900", "2009-09-30": "490.52700", "2009-06-30": "508.40500", "2009-03-31": "502.86300", "2008-12-31": "581.69700", "2008-09-30": "573.28000", "2008-06-30": "654.31000", "2008-03-31": "675.37800", "2007-12-31": "700.05100", "2007-09-30": "667.22400", "2007-06-30": "613.23900", "2007-03-31": "628.42600", "2006-12-31": "634.68300", "2006-09-30": "687.35100", "2006-06-30": "621.39100", "2006-03-31": "556.10400", "2005-12-31": "545.29000", "2005-09-30": "446.32500", "2005-06-30": "391.18500", "2005-03-31": "403.30000"}, "Other Non-Current Liabilities": {"2020-12-31": "728.70200", "2020-09-30": "844.53500", "2020-06-30": "1239.49000", "2020-03-31": "659.14300", "2019-12-31": "693.45200", "2019-09-30": "718.55500", "2019-06-30": "622.76100", "2019-03-31": "576.22900", "2018-12-31": "453.23200", "2018-09-30": "444.09800", "2018-06-30": "476.28700", "2018-03-31": "482.47400", "2017-12-31": "467.30800", "2017-09-30": "292.24800", "2017-06-30": "264.31400", "2017-03-31": "177.27000", "2016-12-31": "184.82100", "2016-09-30": "187.45300", "2016-06-30": "219.46100", "2016-03-31": "148.12100", "2015-12-31": "171.75000", "2015-09-30": "177.86500", "2015-06-30": "180.04800", "2015-03-31": "104.24300", "2014-12-31": "121.57700", "2014-09-30": "", "2014-06-30": "129.08200", "2014-03-31": "133.00200", "2013-12-31": "112.03400", "2013-09-30": "30.38000", "2013-06-30": "26.33000", "2013-03-31": "30.51300", "2012-12-31": "26.25900", "2012-09-30": "63.61400", "2012-06-30": "34.90200", "2012-03-31": "73.12500", "2011-12-31": "23.78900", "2011-09-30": "24.85100", "2011-06-30": "20.80600", "2011-03-31": "15.39100", "2010-12-31": "27.93000", "2010-09-30": "23.92300", "2010-06-30": "26.18300", "2010-03-31": "20.42500", "2009-12-31": "27.16100", "2009-09-30": "21.62800", "2009-06-30": "22.19300", "2009-03-31": "21.66600", "2008-12-31": "24.71400", "2008-09-30": "22.73600", "2008-06-30": "19.38300", "2008-03-31": "17.86400", "2007-12-31": "24.83000", "2007-09-30": "16.10200", "2007-06-30": "18.41600", "2007-03-31": "19.99600", "2006-12-31": "24.30500", "2006-09-30": "19.04100", "2006-06-30": "16.75600", "2006-03-31": "22.94200", "2005-12-31": "16.65000", "2005-09-30": "30.44000", "2005-06-30": "20.22900", "2005-03-31": "21.76400"}, "Total Long Term Liabilities": {"2020-12-31": "1833.10200", "2020-09-30": "1804.60400", "2020-06-30": "2755.08500", "2020-03-31": "3354.33200", "2019-12-31": "3637.72600", "2019-09-30": "3977.37400", "2019-06-30": "4829.92300", "2019-03-31": "4311.74500", "2018-12-31": "5740.30600", "2018-09-30": "5366.90500", "2018-06-30": "6144.45300", "2018-03-31": "5571.79200", "2017-12-31": "5581.15900", "2017-09-30": "3765.17900", "2017-06-30": "2942.58300", "2017-03-31": "2518.99900", "2016-12-31": "2255.00500", "2016-09-30": "1654.81500", "2016-06-30": "1543.69800", "2016-03-31": "1838.60100", "2015-12-31": "1710.87200", "2015-09-30": "1139.77800", "2015-06-30": "1107.11100", "2015-03-31": "1091.02600", "2014-12-31": "1237.29700", "2014-09-30": "", "2014-06-30": "1194.83900", "2014-03-31": "776.22910", "2013-12-31": "821.76400", "2013-09-30": "604.01200", "2013-06-30": "605.05000", "2013-03-31": "416.07100", "2012-12-31": "391.24700", "2012-09-30": "420.70900", "2012-06-30": "373.27900", "2012-03-31": "402.18400", "2011-12-31": "510.92900", "2011-09-30": "409.57300", "2011-06-30": "448.94700", "2011-03-31": "409.11800", "2010-12-31": "540.80300", "2010-09-30": "447.36800", "2010-06-30": "573.58590", "2010-03-31": "506.63100", "2009-12-31": "627.82000", "2009-09-30": "512.15500", "2009-06-30": "530.59800", "2009-03-31": "524.52900", "2008-12-31": "606.41090", "2008-09-30": "596.01600", "2008-06-30": "673.69300", "2008-03-31": "693.24200", "2007-12-31": "724.88100", "2007-09-30": "683.32600", "2007-06-30": "631.65500", "2007-03-31": "648.42200", "2006-12-31": "658.98800", "2006-09-30": "706.39200", "2006-06-30": "638.14700", "2006-03-31": "579.04600", "2005-12-31": "561.94010", "2005-09-30": "476.76500", "2005-06-30": "411.41400", "2005-03-31": "425.06400"}, "Total Liabilities": {"2020-12-31": "25229.62000", "2020-09-30": "26059.94000", "2020-06-30": "26355.71000", "2020-03-31": "25912.61000", "2019-12-31": "26056.38000", "2019-09-30": "25556.70000", "2019-06-30": "25778.39000", "2019-03-31": "25537.38000", "2018-12-31": "26954.45000", "2018-09-30": "26822.96000", "2018-06-30": "27110.34000", "2018-03-31": "26195.03000", "2017-12-31": "26119.36000", "2017-09-30": "14808.62000", "2017-06-30": "13445.29000", "2017-03-31": "12770.72000", "2016-12-31": "12323.26000", "2016-09-30": "11852.07000", "2016-06-30": "11329.25000", "2016-03-31": "11167.22000", "2015-12-31": "10290.88000", "2015-09-30": "9945.18900", "2015-06-30": "9943.27200", "2015-03-31": "6646.97200", "2014-12-31": "6449.62200", "2014-09-30": "", "2014-06-30": "6297.29600", "2014-03-31": "5987.95300", "2013-12-31": "5742.32800", "2013-09-30": "3566.30600", "2013-06-30": "3344.26400", "2013-03-31": "3215.72900", "2012-12-31": "3295.63100", "2012-09-30": "3531.86000", "2012-06-30": "2705.37000", "2012-03-31": "2771.17200", "2011-12-31": "2646.48400", "2011-09-30": "2706.26800", "2011-06-30": "2547.02000", "2011-03-31": "2499.02200", "2010-12-31": "2520.87100", "2010-09-30": "2590.07000", "2010-06-30": "2534.59100", "2010-03-31": "2513.58400", "2009-12-31": "2497.46300", "2009-09-30": "2594.43700", "2009-06-30": "2403.58100", "2009-03-31": "2533.29500", "2008-12-31": "2504.55300", "2008-09-30": "2585.21300", "2008-06-30": "2449.41300", "2008-03-31": "2415.34300", "2007-12-31": "2397.41900", "2007-09-30": "2397.01000", "2007-06-30": "2380.48200", "2007-03-31": "2388.72700", "2006-12-31": "2385.17400", "2006-09-30": "2436.05100", "2006-06-30": "2388.92700", "2006-03-31": "2358.33500", "2005-12-31": "2237.25600", "2005-09-30": "2203.16600", "2005-06-30": "2159.68400", "2005-03-31": "2109.34300"}, "Common Stock Net": {"2020-12-31": "2.29900", "2020-09-30": "2.29900", "2020-06-30": "2.29900", "2020-03-31": "2.29900", "2019-12-31": "2.29900", "2019-09-30": "2.29900", "2019-06-30": "2.29900", "2019-03-31": "2.29900", "2018-12-31": "2.29900", "2018-09-30": "2.29900", "2018-06-30": "2.29900", "2018-03-31": "2.29900", "2017-12-31": "2.29900", "2017-09-30": "1.41100", "2017-06-30": "1.41100", "2017-03-31": "1.41100", "2016-12-31": "1.41100", "2016-09-30": "1.36700", "2016-06-30": "1.36700", "2016-03-31": "1.36700", "2015-12-31": "1.36700", "2015-09-30": "1.36700", "2015-06-30": "1.36700", "2015-03-31": "0.98100", "2014-12-31": "0.91200", "2014-09-30": "", "2014-06-30": "0.91200", "2014-03-31": "0.91200", "2013-12-31": "0.91200", "2013-09-30": "0.52200", "2013-06-30": "0.52200", "2013-03-31": "0.52200", "2012-12-31": "0.52200", "2012-09-30": "0.52200", "2012-06-30": "0.45900", "2012-03-31": "0.45900", "2011-12-31": "0.45900", "2011-09-30": "0.45900", "2011-06-30": "0.45900", "2011-03-31": "0.45900", "2010-12-31": "0.45900", "2010-09-30": "0.45900", "2010-06-30": "0.45900", "2010-03-31": "0.45900", "2009-12-31": "0.45900", "2009-09-30": "0.45900", "2009-06-30": "0.45900", "2009-03-31": "0.45900", "2008-12-31": "0.45900", "2008-09-30": "0.45900", "2008-06-30": "0.45900", "2008-03-31": "0.45900", "2007-12-31": "0.45900", "2007-09-30": "0.45900", "2007-06-30": "0.45900", "2007-03-31": "0.45900", "2006-12-31": "0.45900", "2006-09-30": "0.45900", "2006-06-30": "0.45900", "2006-03-31": "0.45900", "2005-12-31": "0.45900", "2005-09-30": "0.45900", "2005-06-30": "0.45900", "2005-03-31": "0.45900"}, "Retained Earnings (Accumulated Deficit)": {"2020-12-31": "1291.62800", "2020-09-30": "1229.79900", "2020-06-30": "1160.88500", "2020-03-31": "1125.70200", "2019-12-31": "1166.70900", "2019-09-30": "1075.50300", "2019-06-30": "969.12400", "2019-03-31": "888.83800", "2018-12-31": "791.55000", "2018-09-30": "694.86100", "2018-06-30": "592.95300", "2018-03-31": "496.29700", "2017-12-31": "401.95600", "2017-09-30": "452.65000", "2017-06-30": "415.61700", "2017-03-31": "382.67600", "2016-12-31": "349.30800", "2016-09-30": "317.38500", "2016-06-30": "290.02500", "2016-03-31": "261.33200", "2015-12-31": "245.40800", "2015-09-30": "221.33500", "2015-06-30": "206.07900", "2015-03-31": "220.06700", "2014-12-31": "208.95800", "2014-09-30": "", "2014-06-30": "187.13300", "2014-03-31": "178.15600", "2013-12-31": "173.88500", "2013-09-30": "187.88900", "2013-06-30": "187.88600", "2013-03-31": "184.17100", "2012-12-31": "180.33200", "2012-09-30": "175.97100", "2012-06-30": "175.99900", "2012-03-31": "172.06500", "2011-12-31": "168.63700", "2011-09-30": "165.19900", "2011-06-30": "168.09700", "2011-03-31": "168.30000", "2010-12-31": "167.01900", "2010-09-30": "162.43300", "2010-06-30": "159.34900", "2010-03-31": "156.92500", "2009-12-31": "156.27400", "2009-09-30": "153.19300", "2009-06-30": "150.91200", "2009-03-31": "145.06500", "2008-12-31": "142.54500", "2008-09-30": "138.72000", "2008-06-30": "134.69100", "2008-03-31": "131.34200", "2007-12-31": "129.28700", "2007-09-30": "125.74300", "2007-06-30": "123.03300", "2007-03-31": "120.11200", "2006-12-31": "117.82700", "2006-09-30": "114.92700", "2006-06-30": "112.53700", "2006-03-31": "109.12000", "2005-12-31": "107.14900", "2005-09-30": "104.48400", "2005-06-30": "101.30300", "2005-03-31": "97.68900"}, "Comprehensive Income": {"2020-12-31": "84.81600", "2020-09-30": "87.86600", "2020-06-30": "88.61000", "2020-03-31": "67.62100", "2019-12-31": "40.21600", "2019-09-30": "45.13400", "2019-06-30": "40.34600", "2019-03-31": "-6.61000", "2018-12-31": "-65.94500", "2018-09-30": "-118.67500", "2018-06-30": "-99.58100", "2018-03-31": "-79.04400", "2017-12-31": "-26.16600", "2017-09-30": "-13.65900", "2017-06-30": "-16.36800", "2017-03-31": "-23.72100", "2016-12-31": "-26.63500", "2016-09-30": "7.89300", "2016-06-30": "10.93000", "2016-03-31": "4.15900", "2015-12-31": "-12.12400", "2015-09-30": "-0.82500", "2015-06-30": "-13.20100", "2015-03-31": "-4.73900", "2014-12-31": "-10.25100", "2014-09-30": "", "2014-06-30": "-7.77200", "2014-03-31": "-14.28500", "2013-12-31": "-19.46500", "2013-09-30": "-15.33000", "2013-06-30": "-17.65700", "2013-03-31": "0.91900", "2012-12-31": "4.66500", "2012-09-30": "6.89900", "2012-06-30": "6.68300", "2012-03-31": "5.98500", "2011-12-31": "7.69200", "2011-09-30": "5.13600", "2011-06-30": "-0.77400", "2011-03-31": "-10.08800", "2010-12-31": "-10.32200", "2010-09-30": "5.12400", "2010-06-30": "3.60100", "2010-03-31": "-2.60600", "2009-12-31": "-4.45900", "2009-09-30": "2.47700", "2009-06-30": "-1.81200", "2009-03-31": "3.51900", "2008-12-31": "3.02400", "2008-09-30": "-9.58100", "2008-06-30": "-2.99500", "2008-03-31": "5.35000", "2007-12-31": "1.18900", "2007-09-30": "-4.20400", "2007-06-30": "-8.84300", "2007-03-31": "-4.12200", "2006-12-31": "-6.37000", "2006-09-30": "-7.60200", "2006-06-30": "-16.77000", "2006-03-31": "-13.58300", "2005-12-31": "-10.36600", "2005-09-30": "-8.36700", "2005-06-30": "-3.74800", "2005-03-31": "-8.65700"}, "Other Share Holders Equity": {"2020-12-31": "", "2020-09-30": "", "2020-06-30": "", "2020-03-31": "", "2019-12-31": "", "2019-09-30": "", "2019-06-30": "", "2019-03-31": "", "2018-12-31": "", "2018-09-30": "", "2018-06-30": "", "2018-03-31": "", "2017-12-31": "", "2017-09-30": "", "2017-06-30": "", "2017-03-31": "", "2016-12-31": "", "2016-09-30": "", "2016-06-30": "", "2016-03-31": "", "2015-12-31": "", "2015-09-30": "", "2015-06-30": "", "2015-03-31": "", "2014-12-31": "", "2014-09-30": "", "2014-06-30": "", "2014-03-31": "", "2013-12-31": "", "2013-09-30": "", "2013-06-30": "", "2013-03-31": "", "2012-12-31": "", "2012-09-30": "", "2012-06-30": "", "2012-03-31": "", "2011-12-31": "", "2011-09-30": "", "2011-06-30": "", "2011-03-31": "", "2010-12-31": "", "2010-09-30": "", "2010-06-30": "", "2010-03-31": "", "2009-12-31": "", "2009-09-30": "", "2009-06-30": "", "2009-03-31": "", "2008-12-31": "", "2008-09-30": "", "2008-06-30": "", "2008-03-31": "", "2007-12-31": "", "2007-09-30": "", "2007-06-30": "", "2007-03-31": "", "2006-12-31": "", "2006-09-30": "", "2006-06-30": "", "2006-03-31": "", "2005-12-31": "", "2005-09-30": "", "2005-06-30": "", "2005-03-31": ""}, "Share Holder Equity": {"2020-12-31": "4590.51400", "2020-09-30": "4557.78500", "2020-06-30": "4484.18700", "2020-03-31": "4422.42400", "2019-12-31": "4530.11300", "2019-09-30": "4520.96700", "2019-06-30": "4459.15800", "2019-03-31": "4419.22300", "2018-12-31": "4428.85300", "2018-09-30": "4438.30300", "2018-06-30": "4352.73500", "2018-03-31": "4273.75500", "2017-12-31": "4240.17800", "2017-09-30": "1971.48000", "2017-06-30": "1931.38300", "2017-03-31": "1888.61300", "2016-12-31": "1855.18300", "2016-09-30": "1765.16000", "2016-06-30": "1735.99400", "2016-03-31": "1698.13300", "2015-12-31": "1665.07300", "2015-09-30": "1652.20400", "2015-06-30": "1623.11000", "2015-03-31": "1080.54300", "2014-12-31": "975.20000", "2014-09-30": "", "2014-06-30": "953.43300", "2014-03-31": "936.46600", "2013-12-31": "925.10900", "2013-09-30": "482.86600", "2013-06-30": "480.16500", "2013-03-31": "494.71100", "2012-12-31": "493.88300", "2012-09-30": "491.12200", "2012-06-30": "444.67000", "2012-03-31": "439.69900", "2011-12-31": "437.68200", "2011-09-30": "431.13400", "2011-06-30": "429.03700", "2011-03-31": "420.26900", "2010-12-31": "419.64200", "2010-09-30": "430.95500", "2010-06-30": "429.11500", "2010-03-31": "422.37200", "2009-12-31": "420.32600", "2009-09-30": "427.45600", "2009-06-30": "420.77500", "2009-03-31": "421.40600", "2008-12-31": "416.99800", "2008-09-30": "399.15800", "2008-06-30": "401.14100", "2008-03-31": "408.16300", "2007-12-31": "401.92300", "2007-09-30": "405.08900", "2007-06-30": "402.31900", "2007-03-31": "412.63800", "2006-12-31": "411.28000", "2006-09-30": "405.28600", "2006-06-30": "391.49200", "2006-03-31": "387.29300", "2005-12-31": "392.57900", "2005-09-30": "395.15700", "2005-06-30": "399.69400", "2005-03-31": "408.77000"}, "Total Liabilities And Share Holders Equity": {"2020-12-31": "29820.14000", "2020-09-30": "30617.72000", "2020-06-30": "30839.89000", "2020-03-31": "30335.04000", "2019-12-31": "30586.50000", "2019-09-30": "30077.66000", "2019-06-30": "30237.54000", "2019-03-31": "29956.61000", "2018-12-31": "31383.31000", "2018-09-30": "31261.27000", "2018-06-30": "31463.08000", "2018-03-31": "30468.78000", "2017-12-31": "30359.54000", "2017-09-30": "16780.10000", "2017-06-30": "15376.68000", "2017-03-31": "14659.34000", "2016-12-31": "14178.45000", "2016-09-30": "13617.23000", "2016-06-30": "13065.25000", "2016-03-31": "12865.36000", "2015-12-31": "11955.95000", "2015-09-30": "11597.39000", "2015-06-30": "11566.38000", "2015-03-31": "7727.51500", "2014-12-31": "7424.82200", "2014-09-30": "", "2014-06-30": "7250.72900", "2014-03-31": "6924.41900", "2013-12-31": "6667.43700", "2013-09-30": "4049.17200", "2013-06-30": "3824.42900", "2013-03-31": "3710.44000", "2012-12-31": "3789.51400", "2012-09-30": "4022.98200", "2012-06-30": "3150.04000", "2012-03-31": "3210.87100", "2011-12-31": "3084.16600", "2011-09-30": "3137.40200", "2011-06-30": "2976.05700", "2011-03-31": "2919.29100", "2010-12-31": "2940.51300", "2010-09-30": "3021.02500", "2010-06-30": "2963.70600", "2010-03-31": "2935.95600", "2009-12-31": "2917.78900", "2009-09-30": "3021.89300", "2009-06-30": "2824.35600", "2009-03-31": "2954.70100", "2008-12-31": "2921.55100", "2008-09-30": "2984.37100", "2008-06-30": "2850.55400", "2008-03-31": "2823.50600", "2007-12-31": "2799.34200", "2007-09-30": "2802.09900", "2007-06-30": "2782.80100", "2007-03-31": "2801.36500", "2006-12-31": "2796.45400", "2006-09-30": "2841.33700", "2006-06-30": "2780.41900", "2006-03-31": "2745.62800", "2005-12-31": "2629.83500", "2005-09-30": "2598.32300", "2005-06-30": "2559.37800", "2005-03-31": "2518.11300"}}, "cash flow statement": {"Net Income/Loss": {"2020-12-31": "0.00000", "2019-12-31": "427.04100", "2018-12-31": "447.25400", "2017-12-31": "93.03100", "2016-12-31": "139.97200", "2015-12-31": "66.11400", "2014-12-31": "0.00000", "2014-09-30": "27.67800", "2013-09-30": "25.25400", "2012-09-30": "19.88800", "2011-09-30": "11.73900", "2010-09-30": "20.49200", "2009-09-30": "25.86100", "2008-09-30": "23.77800", "2007-09-30": "19.62700", "2006-09-30": "20.19500", "2005-09-30": "21.24200"}, "Total Depreciation And Amortization - Cash Flow": {"2020-12-31": "", "2019-12-31": "-5.43600", "2018-12-31": "-29.23300", "2017-12-31": "3.98600", "2016-12-31": "20.31100", "2015-12-31": "12.79900", "2014-12-31": "", "2014-09-30": "20.97500", "2013-09-30": "10.21000", "2012-09-30": "6.37700", "2011-09-30": "11.78700", "2010-09-30": "9.97900", "2009-09-30": "8.13500", "2008-09-30": "6.42900", "2007-09-30": "6.78100", "2006-09-30": "7.37100", "2005-09-30": "11.56400"}, "Other Non-Cash Items": {"2020-12-31": "", "2019-12-31": "24.76000", "2018-12-31": "12.36000", "2017-12-31": "116.26400", "2016-12-31": "52.22700", "2015-12-31": "5.58900", "2014-12-31": "", "2014-09-30": "68.70300", "2013-09-30": "-17.33600", "2012-09-30": "4.14000", "2011-09-30": "0.08600", "2010-09-30": "-1.07000", "2009-09-30": "-8.77800", "2008-09-30": "11.98500", "2007-09-30": "0.71300", "2006-09-30": "5.89800", "2005-09-30": "3.03300"}, "Total Non-Cash Items": {"2020-12-31": "", "2019-12-31": "19.32400", "2018-12-31": "-16.87300", "2017-12-31": "120.25000", "2016-12-31": "72.53800", "2015-12-31": "18.38800", "2014-12-31": "", "2014-09-30": "89.67800", "2013-09-30": "-7.12600", "2012-09-30": "10.51700", "2011-09-30": "11.87300", "2010-09-30": "8.90900", "2009-09-30": "-0.64300", "2008-09-30": "18.41400", "2007-09-30": "7.49400", "2006-09-30": "13.26900", "2005-09-30": "14.59700"}, "Change In Accounts Receivable": {"2020-12-31": "", "2019-12-31": "12.37400", "2018-12-31": "-19.95500", "2017-12-31": "37.14000", "2016-12-31": "-7.77900", "2015-12-31": "12.48900", "2014-12-31": "", "2014-09-30": "13.50600", "2013-09-30": "6.49400", "2012-09-30": "-3.32900", "2011-09-30": "1.71400", "2010-09-30": "-6.21300", "2009-09-30": "-2.57000", "2008-09-30": "-0.05500", "2007-09-30": "9.81400", "2006-09-30": "-7.99600", "2005-09-30": "0.06900"}, "Change In Inventories": {"2020-12-31": "", "2019-12-31": "", "2018-12-31": "", "2017-12-31": "", "2016-12-31": "", "2015-12-31": "", "2014-12-31": "", "2014-09-30": "", "2013-09-30": "", "2012-09-30": "", "2011-09-30": "", "2010-09-30": "", "2009-09-30": "", "2008-09-30": "", "2007-09-30": "", "2006-09-30": "", "2005-09-30": ""}, "Change In Accounts Payable": {"2020-12-31": "", "2019-12-31": "", "2018-12-31": "", "2017-12-31": "", "2016-12-31": "", "2015-12-31": "", "2014-12-31": "", "2014-09-30": "", "2013-09-30": "", "2012-09-30": "", "2011-09-30": "", "2010-09-30": "", "2009-09-30": "", "2008-09-30": "", "2007-09-30": "", "2006-09-30": "", "2005-09-30": ""}, "Change In Assets/Liabilities": {"2020-12-31": "", "2019-12-31": "-20.67000", "2018-12-31": "-15.65100", "2017-12-31": "-7.81600", "2016-12-31": "-5.83200", "2015-12-31": "-5.23500", "2014-12-31": "", "2014-09-30": "-3.19800", "2013-09-30": "-1.99800", "2012-09-30": "-2.05000", "2011-09-30": "-2.04900", "2010-09-30": "-1.32700", "2009-09-30": "-1.96100", "2008-09-30": "-1.83200", "2007-09-30": "-1.69300", "2006-09-30": "-1.64100", "2005-09-30": "-1.41800"}, "Total Change In Assets/Liabilities": {"2020-12-31": "", "2019-12-31": "-8.29600", "2018-12-31": "-35.60600", "2017-12-31": "29.32400", "2016-12-31": "-13.61100", "2015-12-31": "7.25400", "2014-12-31": "", "2014-09-30": "10.30800", "2013-09-30": "4.49600", "2012-09-30": "-5.37900", "2011-09-30": "2.86600", "2010-09-30": "-7.54000", "2009-09-30": "-4.53100", "2008-09-30": "-1.88700", "2007-09-30": "8.12100", "2006-09-30": "-9.63700", "2005-09-30": "-1.34900"}, "Cash Flow From Operating Activities": {"2020-12-31": "", "2019-12-31": "438.06900", "2018-12-31": "394.77500", "2017-12-31": "242.60500", "2016-12-31": "198.89900", "2015-12-31": "91.75600", "2014-12-31": "", "2014-09-30": "127.66400", "2013-09-30": "22.62400", "2012-09-30": "25.02600", "2011-09-30": "26.47800", "2010-09-30": "21.86100", "2009-09-30": "20.68700", "2008-09-30": "40.30500", "2007-09-30": "35.24200", "2006-09-30": "23.82700", "2005-09-30": "34.49000"}, "Net Change In Property, Plant, And Equipment": {"2020-12-31": "", "2019-12-31": "6.44700", "2018-12-31": "34.53600", "2017-12-31": "-8.25900", "2016-12-31": "-4.15500", "2015-12-31": "-8.04700", "2014-12-31": "", "2014-09-30": "-2.27400", "2013-09-30": "-2.35500", "2012-09-30": "-1.77800", "2011-09-30": "-3.46500", "2010-09-30": "-8.10400", "2009-09-30": "-8.13400", "2008-09-30": "-11.25300", "2007-09-30": "-2.57800", "2006-09-30": "-3.68700", "2005-09-30": "-6.09600"}, "Net Change In Intangible Assets": {"2020-12-31": "", "2019-12-31": "", "2018-12-31": "", "2017-12-31": "", "2016-12-31": "", "2015-12-31": "", "2014-12-31": "", "2014-09-30": "", "2013-09-30": "", "2012-09-30": "", "2011-09-30": "", "2010-09-30": "", "2009-09-30": "", "2008-09-30": "", "2007-09-30": "", "2006-09-30": "", "2005-09-30": ""}, "Net Acquisitions/Divestitures": {"2020-12-31": "", "2019-12-31": "-1361.80400", "2018-12-31": "-481.54400", "2017-12-31": "275.40900", "2016-12-31": "-346.69000", "2015-12-31": "854.31800", "2014-12-31": "", "2014-09-30": "277.79800", "2013-09-30": "4.73800", "2012-09-30": "126.81800", "2011-09-30": "", "2010-09-30": "", "2009-09-30": "", "2008-09-30": "", "2007-09-30": "", "2006-09-30": "-2.62200", "2005-09-30": "183.42400"}, "Net Change In Short-term Investments": {"2020-12-31": "", "2019-12-31": "", "2018-12-31": "", "2017-12-31": "", "2016-12-31": "", "2015-12-31": "", "2014-12-31": "", "2014-09-30": "", "2013-09-30": "", "2012-09-30": "", "2011-09-30": "", "2010-09-30": "", "2009-09-30": "", "2008-09-30": "", "2007-09-30": "", "2006-09-30": "-7.39200", "2005-09-30": ""}, "Net Change In Long-Term Investments": {"2020-12-31": "", "2019-12-31": "1825.09100", "2018-12-31": "-394.82500", "2017-12-31": "-426.83080", "2016-12-31": "-527.10190", "2015-12-31": "-267.79700", "2014-12-31": "", "2014-09-30": "109.10300", "2013-09-30": "-99.59600", "2012-09-30": "-193.36500", "2011-09-30": "95.16900", "2010-09-30": "-43.86900", "2009-09-30": "5.23000", "2008-09-30": "-1.42600", "2007-09-30": "186.28600", "2006-09-30": "-132.89200", "2005-09-30": "-180.43300"}, "Net Change In Investments - Total": {"2020-12-31": "", "2019-12-31": "1825.09100", "2018-12-31": "-394.82500", "2017-12-31": "-426.83080", "2016-12-31": "-527.10190", "2015-12-31": "-267.79700", "2014-12-31": "", "2014-09-30": "109.10300", "2013-09-30": "-99.59600", "2012-09-30": "-193.36500", "2011-09-30": "95.16900", "2010-09-30": "-43.86900", "2009-09-30": "5.23000", "2008-09-30": "-1.42600", "2007-09-30": "186.28600", "2006-09-30": "-140.28400", "2005-09-30": "-180.43300"}, "Investing Activities - Other": {"2020-12-31": "", "2019-12-31": "563.01600", "2018-12-31": "-220.72600", "2017-12-31": "-1249.61300", "2016-12-31": "-1332.19700", "2015-12-31": "-1215.23300", "2014-12-31": "", "2014-09-30": "-651.33400", "2013-09-30": "-305.88500", "2012-09-30": "-223.14800", "2011-09-30": "-29.07500", "2010-09-30": "-11.80200", "2009-09-30": "18.60600", "2008-09-30": "-102.98300", "2007-09-30": "-165.06500", "2006-09-30": "-112.51300", "2005-09-30": "-83.81000"}, "Cash Flow From Investing Activities": {"2020-12-31": "", "2019-12-31": "1032.75000", "2018-12-31": "-1062.55900", "2017-12-31": "-1409.29400", "2016-12-31": "-2210.14400", "2015-12-31": "-636.75900", "2014-12-31": "", "2014-09-30": "-266.70700", "2013-09-30": "-403.09800", "2012-09-30": "-291.47300", "2011-09-30": "62.62900", "2010-09-30": "-63.77500", "2009-09-30": "15.70200", "2008-09-30": "-115.66200", "2007-09-30": "18.64300", "2006-09-30": "-259.10600", "2005-09-30": "-86.91500"}, "Net Long-Term Debt": {"2020-12-31": "", "2019-12-31": "-1536.01300", "2018-12-31": "493.54490", "2017-12-31": "175.67190", "2016-12-31": "198.12400", "2015-12-31": "275.27200", "2014-12-31": "", "2014-09-30": "111.98300", "2013-09-30": "177.62400", "2012-09-30": "-57.02100", "2011-09-30": "-6.38900", "2010-09-30": "-4.15200", "2009-09-30": "70.34500", "2008-09-30": "135.90500", "2007-09-30": "-75.30700", "2006-09-30": "147.59800", "2005-09-30": "68.63600"}, "Net Current Debt": {"2020-12-31": "", "2019-12-31": "-790.66000", "2018-12-31": "-268.82400", "2017-12-31": "-175.48000", "2016-12-31": "331.07600", "2015-12-31": "108.35400", "2014-12-31": "", "2014-09-30": "75.20600", "2013-09-30": "36.63300", "2012-09-30": "-5.00000", "2011-09-30": "-34.84000", "2010-09-30": "-62.50000", "2009-09-30": "-153.79100", "2008-09-30": "-230.40000", "2007-09-30": "55.46400", "2006-09-30": "95.86100", "2005-09-30": ""}, "Debt Issuance/Retirement Net - Total": {"2020-12-31": "", "2019-12-31": "-2326.67300", "2018-12-31": "224.72090", "2017-12-31": "0.19190", "2016-12-31": "529.20000", "2015-12-31": "383.62600", "2014-12-31": "", "2014-09-30": "187.18900", "2013-09-30": "214.25700", "2012-09-30": "-62.02100", "2011-09-30": "-41.22900", "2010-09-30": "-66.65200", "2009-09-30": "-83.44600", "2008-09-30": "-94.49500", "2007-09-30": "-19.84300", "2006-09-30": "243.45900", "2005-09-30": "68.63600"}, "Net Common Equity Issued/Repurchased": {"2020-12-31": "", "2019-12-31": "-379.97400", "2018-12-31": "-159.21200", "2017-12-31": "2.57800", "2016-12-31": "94.58300", "2015-12-31": "87.82300", "2014-12-31": "", "2014-09-30": "3.04200", "2013-09-30": "0.09700", "2012-09-30": "0.10200", "2011-09-30": "-3.80600", "2010-09-30": "-12.05400", "2009-09-30": "-3.31200", "2008-09-30": "-18.96000", "2007-09-30": "-21.41300", "2006-09-30": "-13.16100", "2005-09-30": "-38.15800"}, "Net Total Equity Issued/Repurchased": {"2020-12-31": "", "2019-12-31": "-379.97400", "2018-12-31": "-159.21200", "2017-12-31": "2.57800", "2016-12-31": "94.58300", "2015-12-31": "87.82300", "2014-12-31": "", "2014-09-30": "3.04200", "2013-09-30": "0.09700", "2012-09-30": "0.10200", "2011-09-30": "-3.80600", "2010-09-30": "-12.05400", "2009-09-30": "-3.31200", "2008-09-30": "-18.96000", "2007-09-30": "-21.41300", "2006-09-30": "-13.16100", "2005-09-30": "-38.15800"}, "Total Common And Preferred Stock Dividends Paid": {"2020-12-31": "", "2019-12-31": "-66.88500", "2018-12-31": "-71.89300", "2017-12-31": "-46.22900", "2016-12-31": "-36.45100", "2015-12-31": "-30.38400", "2014-12-31": "", "2014-09-30": "-17.67700", "2013-09-30": "-10.64200", "2012-09-30": "-9.10000", "2011-09-30": "-8.97300", "2010-09-30": "-9.21600", "2009-09-30": "-9.37900", "2008-09-30": "-9.52500", "2007-09-30": "-8.27800", "2006-09-30": "-8.36300", "2005-09-30": "-7.46700"}, "Financial Activities - Other": {"2020-12-31": "", "2019-12-31": "1193.75400", "2018-12-31": "632.37200", "2017-12-31": "1396.40800", "2016-12-31": "1488.04600", "2015-12-31": "211.93100", "2014-12-31": "", "2014-09-30": "31.01800", "2013-09-30": "-148.13000", "2012-09-30": "493.93600", "2011-09-30": "155.54100", "2010-09-30": "60.30000", "2009-09-30": "94.34600", "2008-09-30": "276.85600", "2007-09-30": "-14.35300", "2006-09-30": "6.52000", "2005-09-30": "-14.04000"}, "Cash Flow From Financial Activities": {"2020-12-31": "", "2019-12-31": "-1579.77800", "2018-12-31": "625.98800", "2017-12-31": "1352.94900", "2016-12-31": "2075.37800", "2015-12-31": "652.99600", "2014-12-31": "", "2014-09-30": "203.57200", "2013-09-30": "55.58200", "2012-09-30": "422.91700", "2011-09-30": "101.53300", "2010-09-30": "-27.62200", "2009-09-30": "-1.79100", "2008-09-30": "153.87600", "2007-09-30": "-63.88700", "2006-09-30": "228.45500", "2005-09-30": "8.97100"}, "Net Cash Flow": {"2020-12-31": "", "2019-12-31": "-108.95900", "2018-12-31": "-41.79600", "2017-12-31": "186.26000", "2016-12-31": "64.13300", "2015-12-31": "107.99300", "2014-12-31": "", "2014-09-30": "64.52900", "2013-09-30": "-324.89200", "2012-09-30": "156.47000", "2011-09-30": "190.64000", "2010-09-30": "-69.53600", "2009-09-30": "34.59800", "2008-09-30": "78.51900", "2007-09-30": "-10.00200", "2006-09-30": "-6.82400", "2005-09-30": "-43.45400"}, "Stock-Based Compensation": {"2020-12-31": "", "2019-12-31": "19.47300", "2018-12-31": "12.98400", "2017-12-31": "8.11000", "2016-12-31": "6.51800", "2015-12-31": "4.58000", "2014-12-31": "", "2014-09-30": "3.70400", "2013-09-30": "2.23900", "2012-09-30": "1.18800", "2011-09-30": "1.16500", "2010-09-30": "1.54300", "2009-09-30": "2.94200", "2008-09-30": "3.79200", "2007-09-30": "5.95700", "2006-09-30": "5.90000", "2005-09-30": "2.96400"}, "Common Stock Dividends Paid": {"2020-12-31": "", "2019-12-31": "-58.11000", "2018-12-31": "-63.11800", "2017-12-31": "-44.03500", "2016-12-31": "-36.45100", "2015-12-31": "-30.38400", "2014-12-31": "", "2014-09-30": "-17.67700", "2013-09-30": "-10.64200", "2012-09-30": "-9.10000", "2011-09-30": "-8.97300", "2010-09-30": "-9.21600", "2009-09-30": "-9.37900", "2008-09-30": "-9.52500", "2007-09-30": "-8.27800", "2006-09-30": "-8.36300", "2005-09-30": "-7.46700"}}, "cash flow statement, quarterly": {"Net Income/Loss": {"2020-12-31": -149.346, "2020-09-30": 84.407, "2020-06-30": 50.792, "2020-03-31": "14.14700", "2019-12-31": 106.697, "2019-09-30": 122.447, "2019-06-30": 96.46, "2019-03-31": "101.43700", "2018-12-31": 114.491, "2018-09-30": 119.65, "2018-06-30": 114.241, "2018-03-31": "98.87200", "2017-12-31": -33.288, "2017-09-30": 44.852, "2017-06-30": 42.4, "2017-03-31": "39.06700", "2016-12-31": 41.014, "2016-09-30": 37.422, "2016-06-30": 37.77, "2016-03-31": "23.76600", "2015-12-31": 32.792, "2015-09-30": 24.192, "2015-06-30": -7.648, "2015-03-31": "16.77800", "2014-12-31": -41.68, "2014-09-30": 16.337, "2014-06-30": 15.011, "2014-03-31": "10.33200", "2013-12-31": -14.002, "2013-09-30": -19.925, "2013-06-30": 6.376, "2013-03-31": "13.54900", "2012-12-31": 7.02, "2012-09-30": -17.627, "2012-06-30": 6.209, "2012-03-31": "11.41800", "2011-12-31": 5.717, "2011-09-30": -12.232, "2011-06-30": 1.939, "2011-03-31": "10.29300", "2010-12-31": 6.72, "2010-09-30": -15.089, "2010-06-30": 4.756, "2010-03-31": "10.33300", "2009-12-31": 6.166, "2009-09-30": -20.785, "2009-06-30": 8.95, "2009-03-31": "11.83500", "2008-12-31": 6.291, "2008-09-30": -17.283, "2008-06-30": 6.306, "2008-03-31": "10.97700", "2007-12-31": 5.894, "2007-09-30": -14.478, "2007-06-30": 5.435, "2007-03-31": "9.04300", "2006-12-31": 4.611, "2006-09-30": -15.125, "2006-06-30": 5.561, "2006-03-31": "9.56400", "2005-12-31": 5.16, "2005-09-30": -15.854, "2005-06-30": 5.659, "2005-03-31": "10.19500"}, "Total Depreciation And Amortization - Cash Flow": {"2020-12-31": -44.263, "2020-09-30": 15.58, "2020-06-30": 15.291, "2020-03-31": "13.39200", "2019-12-31": -2.621, "2019-09-30": 3.365, "2019-06-30": -2.078, "2019-03-31": "-4.10200", "2018-12-31": -4.66, "2018-09-30": -5.928, "2018-06-30": -7.919, "2018-03-31": "-10.72600", "2017-12-31": -16.179, "2017-09-30": 6.731, "2017-06-30": 6.856, "2017-03-31": "6.57800", "2016-12-31": 5.454, "2016-09-30": 6.242, "2016-06-30": 5.071, "2016-03-31": "3.54400", "2015-12-31": 1.814, "2015-09-30": 3.602, "2015-06-30": 3.85, "2015-03-31": "3.53300", "2014-12-31": -15.745, "2014-09-30": 8.706, "2014-06-30": 1.335, "2014-03-31": "5.70400", "2013-12-31": 4.454, "2013-09-30": -7.346, "2013-06-30": 2.046, "2013-03-31": "5.30000", "2012-12-31": 2.482, "2012-09-30": -5.364, "2012-06-30": 0.037, "2012-03-31": "5.32700", "2011-12-31": 2.616, "2011-09-30": -8.032, "2011-06-30": -0.631, "2011-03-31": "8.66300", "2010-12-31": 5.839, "2010-09-30": -11.446, "2010-06-30": 6.006, "2010-03-31": "5.44000", "2009-12-31": 2.4, "2009-09-30": -5.33, "2009-06-30": 1.899, "2009-03-31": "3.43100", "2008-12-31": 1.758, "2008-09-30": -4.664, "2008-06-30": 1.458, "2008-03-31": "3.20600", "2007-12-31": 1.563, "2007-09-30": -5.078, "2007-06-30": 0.956, "2007-03-31": "4.12200", "2006-12-31": 2.81, "2006-09-30": -5.388, "2006-06-30": 0.01, "2006-03-31": "5.37800", "2005-12-31": 2.766, "2005-09-30": -8.709, "2005-06-30": 2.916, "2005-03-31": "5.79300"}, "Other Non-Cash Items": {"2020-12-31": -62.382, "2020-09-30": 73.607, "2020-06-30": 8.791, "2020-03-31": "-20.01600", "2019-12-31": -1.035, "2019-09-30": -10.245, "2019-06-30": 10.802, "2019-03-31": "25.23800", "2018-12-31": -4.84, "2018-09-30": 2.984, "2018-06-30": -3.051, "2018-03-31": "17.26700", "2017-12-31": 112.832, "2017-09-30": 11.566, "2017-06-30": 13.602, "2017-03-31": "-21.73600", "2016-12-31": 38.126, "2016-09-30": -40.914, "2016-06-30": 90.453, "2016-03-31": "-35.43800", "2015-12-31": -1.629, "2015-09-30": 20.972, "2015-06-30": -8.844, "2015-03-31": "-4.91000", "2014-12-31": -34.637, "2014-09-30": 20.811, "2014-06-30": 2.458, "2014-03-31": "11.36800", "2013-12-31": 12.496, "2013-09-30": 17.434, "2013-06-30": 3.877, "2013-03-31": "-21.31100", "2012-12-31": -27.385, "2012-09-30": -14.379, "2012-06-30": 11.143, "2012-03-31": "3.23600", "2011-12-31": 3.711, "2011-09-30": 2.302, "2011-06-30": 7.642, "2011-03-31": "-9.94400", "2010-12-31": 1.563, "2010-09-30": 1.552, "2010-06-30": 6.316, "2010-03-31": "-7.86800", "2009-12-31": -5.877, "2009-09-30": -13.717, "2009-06-30": 14.179, "2009-03-31": "-0.46200", "2008-12-31": 0.686, "2008-09-30": -2.533, "2008-06-30": 5.024, "2008-03-31": "-2.49100", "2007-12-31": 6.24, "2007-09-30": 0.59, "2007-06-30": -0.59, "2007-03-31": "0.00000", "2006-12-31": 0.941, "2006-09-30": 6.563, "2006-06-30": 2.308, "2006-03-31": "-8.87100", "2005-12-31": -9.519, "2005-09-30": 11.878, "2005-06-30": -1.387, "2005-03-31": "-10.49100"}, "Total Non-Cash Items": {"2020-12-31": -106.645, "2020-09-30": 89.187, "2020-06-30": 24.082, "2020-03-31": "-6.62400", "2019-12-31": -3.656, "2019-09-30": -6.88, "2019-06-30": 8.724, "2019-03-31": "21.13600", "2018-12-31": -9.5, "2018-09-30": -2.944, "2018-06-30": -10.97, "2018-03-31": "6.54100", "2017-12-31": 96.653, "2017-09-30": 18.297, "2017-06-30": 20.458, "2017-03-31": "-15.15800", "2016-12-31": 43.58, "2016-09-30": -34.672, "2016-06-30": 95.524, "2016-03-31": "-31.89400", "2015-12-31": 0.185, "2015-09-30": 24.574, "2015-06-30": -4.994, "2015-03-31": "-1.37700", "2014-12-31": -50.382, "2014-09-30": 29.517, "2014-06-30": 3.793, "2014-03-31": "17.07200", "2013-12-31": 16.95, "2013-09-30": 10.088, "2013-06-30": 5.923, "2013-03-31": "-16.01100", "2012-12-31": -24.903, "2012-09-30": -19.743, "2012-06-30": 11.18, "2012-03-31": "8.56300", "2011-12-31": 6.327, "2011-09-30": -5.73, "2011-06-30": 7.011, "2011-03-31": "-1.28100", "2010-12-31": 7.402, "2010-09-30": -9.894, "2010-06-30": 12.322, "2010-03-31": "-2.42800", "2009-12-31": -3.477, "2009-09-30": -19.047, "2009-06-30": 16.078, "2009-03-31": "2.96900", "2008-12-31": 2.444, "2008-09-30": -7.197, "2008-06-30": 6.482, "2008-03-31": "0.71500", "2007-12-31": 7.803, "2007-09-30": -4.488, "2007-06-30": 0.366, "2007-03-31": "4.12200", "2006-12-31": 3.751, "2006-09-30": 1.175, "2006-06-30": 2.318, "2006-03-31": "-3.49300", "2005-12-31": -6.753, "2005-09-30": 3.169, "2005-06-30": 1.529, "2005-03-31": "-4.69800"}, "Change In Accounts Receivable": {"2020-12-31": 36.082, "2020-09-30": 3.112, "2020-06-30": -39.195, "2020-03-31": "0.00100", "2019-12-31": -3.498, "2019-09-30": 22.594, "2019-06-30": 3.842, "2019-03-31": "-10.56400", "2018-12-31": 5.841, "2018-09-30": -0.416, "2018-06-30": 13.814, "2018-03-31": "-39.19400", "2017-12-31": -4.749, "2017-09-30": 0, "2017-06-30": 2.559, "2017-03-31": "39.33000", "2016-12-31": 39.806, "2016-09-30": -24.446, "2016-06-30": -30.012, "2016-03-31": "6.87300", "2015-12-31": 32.396, "2015-09-30": -37.003, "2015-06-30": 46.636, "2015-03-31": "-29.54000", "2014-12-31": -6.637, "2014-09-30": 2.371, "2014-06-30": 1.131, "2014-03-31": "3.13500", "2013-12-31": 6.832, "2013-09-30": -5.966, "2013-06-30": -0.499, "2013-03-31": "6.46500", "2012-12-31": 2.082, "2012-09-30": 0.612, "2012-06-30": -2.723, "2012-03-31": "2.11100", "2011-12-31": 2.82, "2011-09-30": -6.637, "2011-06-30": 1.473, "2011-03-31": "5.16400", "2010-12-31": 3.086, "2010-09-30": 1.659, "2010-06-30": 1.335, "2010-03-31": "-2.99400", "2009-12-31": 0.187, "2009-09-30": 0.372, "2009-06-30": 3.193, "2009-03-31": "-3.56500", "2008-12-31": 0.23, "2008-09-30": -0.944, "2008-06-30": 0.303, "2008-03-31": "0.64100", "2007-12-31": 1.762, "2007-09-30": -10.643, "2007-06-30": 13.292, "2007-03-31": "-2.64900", "2006-12-31": -2.362, "2006-09-30": -0.065, "2006-06-30": 1.068, "2006-03-31": "-1.00300", "2005-12-31": -0.557, "2005-09-30": 2.394, "2005-06-30": -2.36, "2005-03-31": "-0.03400"}, "Change In Inventories": {"2020-12-31": 0, "2020-09-30": 0, "2020-06-30": 0, "2020-03-31": "", "2019-12-31": 0, "2019-09-30": 0, "2019-06-30": 0, "2019-03-31": "", "2018-12-31": 0, "2018-09-30": 0, "2018-06-30": 0, "2018-03-31": "", "2017-12-31": 0, "2017-09-30": 0, "2017-06-30": 0, "2017-03-31": "", "2016-12-31": 0, "2016-09-30": 0, "2016-06-30": 0, "2016-03-31": "", "2015-12-31": 0, "2015-09-30": 0, "2015-06-30": 0, "2015-03-31": "", "2014-12-31": 0, "2014-09-30": 0, "2014-06-30": 0, "2014-03-31": "", "2013-12-31": 0, "2013-09-30": 0, "2013-06-30": 0, "2013-03-31": "", "2012-12-31": 0, "2012-09-30": 0, "2012-06-30": 0, "2012-03-31": "", "2011-12-31": 0, "2011-09-30": 0, "2011-06-30": 0, "2011-03-31": "", "2010-12-31": 0, "2010-09-30": 0, "2010-06-30": 0, "2010-03-31": "", "2009-12-31": 0, "2009-09-30": 0, "2009-06-30": 0, "2009-03-31": "", "2008-12-31": 0, "2008-09-30": 0, "2008-06-30": 0, "2008-03-31": "", "2007-12-31": 0, "2007-09-30": 0, "2007-06-30": 0, "2007-03-31": "", "2006-12-31": 0, "2006-09-30": 0, "2006-06-30": 0, "2006-03-31": "", "2005-12-31": 0, "2005-09-30": 0, "2005-06-30": 0, "2005-03-31": ""}, "Change In Accounts Payable": {"2020-12-31": 0, "2020-09-30": 0, "2020-06-30": 0, "2020-03-31": "", "2019-12-31": 0, "2019-09-30": 0, "2019-06-30": 0, "2019-03-31": "", "2018-12-31": 0, "2018-09-30": 0, "2018-06-30": 0, "2018-03-31": "", "2017-12-31": 0, "2017-09-30": 0, "2017-06-30": 0, "2017-03-31": "", "2016-12-31": 0, "2016-09-30": 0, "2016-06-30": 0, "2016-03-31": "", "2015-12-31": 0, "2015-09-30": 0, "2015-06-30": 0, "2015-03-31": "", "2014-12-31": 0, "2014-09-30": 0, "2014-06-30": 0, "2014-03-31": "", "2013-12-31": 0, "2013-09-30": 0, "2013-06-30": 0, "2013-03-31": "", "2012-12-31": 0, "2012-09-30": 0, "2012-06-30": 0, "2012-03-31": "", "2011-12-31": 0, "2011-09-30": 0, "2011-06-30": 0, "2011-03-31": "", "2010-12-31": 0, "2010-09-30": 0, "2010-06-30": 0, "2010-03-31": "", "2009-12-31": 0, "2009-09-30": 0, "2009-06-30": 0, "2009-03-31": "", "2008-12-31": 0, "2008-09-30": 0, "2008-06-30": 0, "2008-03-31": "", "2007-12-31": 0, "2007-09-30": 0, "2007-06-30": 0, "2007-03-31": "", "2006-12-31": 0, "2006-09-30": 0, "2006-06-30": 0, "2006-03-31": "", "2005-12-31": 0, "2005-09-30": 0, "2005-06-30": 0, "2005-03-31": ""}, "Change In Assets/Liabilities": {"2020-12-31": 15.331, "2020-09-30": -5.364, "2020-06-30": -4.949, "2020-03-31": "-5.01800", "2019-12-31": -4.77, "2019-09-30": -8.067, "2019-06-30": -4.192, "2019-03-31": "-3.64100", "2018-12-31": -4.06, "2018-09-30": -3.734, "2018-06-30": -4.243, "2018-03-31": "-3.61400", "2017-12-31": -3.374, "2017-09-30": -1.42, "2017-06-30": -1.652, "2017-03-31": "-1.37000", "2016-12-31": -1.333, "2016-09-30": -1.891, "2016-06-30": -1.281, "2016-03-31": "-1.32700", "2015-12-31": -1.792, "2015-09-30": -1.293, "2015-06-30": -1.074, "2015-03-31": "-1.07600", "2014-12-31": 2.456, "2014-09-30": -0.797, "2014-06-30": -1.117, "2014-03-31": "-0.54200", "2013-12-31": -0.742, "2013-09-30": 1.395, "2013-06-30": -0.496, "2013-03-31": "-0.89900", "2012-12-31": -0.509, "2012-09-30": 1.539, "2012-06-30": -0.519, "2012-03-31": "-1.02000", "2011-12-31": -0.518, "2011-09-30": 1.535, "2011-06-30": -0.488, "2011-03-31": "-1.04700", "2010-12-31": -0.495, "2010-09-30": 1.586, "2010-06-30": -1.252, "2010-03-31": "-0.33400", "2009-12-31": 0.163, "2009-09-30": 1.456, "2009-06-30": -0.452, "2009-03-31": "-1.00400", "2008-12-31": -0.513, "2008-09-30": 1.317, "2008-06-30": -0.455, "2008-03-31": "-0.86200", "2007-12-31": -0.434, "2007-09-30": 1.079, "2007-06-30": -0.433, "2007-03-31": "-0.64600", "2006-12-31": -0.24, "2006-09-30": 1.225, "2006-06-30": -0.417, "2006-03-31": "-0.80800", "2005-12-31": -0.414, "2005-09-30": 0.691, "2005-06-30": -0.691, "2005-03-31": ""}, "Total Change In Assets/Liabilities": {"2020-12-31": 51.413, "2020-09-30": -2.252, "2020-06-30": -44.144, "2020-03-31": "-5.01700", "2019-12-31": -8.268, "2019-09-30": 14.527, "2019-06-30": -0.35, "2019-03-31": "-14.20500", "2018-12-31": 1.781, "2018-09-30": -4.15, "2018-06-30": 9.571, "2018-03-31": "-42.80800", "2017-12-31": -8.123, "2017-09-30": -1.42, "2017-06-30": 0.907, "2017-03-31": "37.96000", "2016-12-31": 38.473, "2016-09-30": -26.337, "2016-06-30": -31.293, "2016-03-31": "5.54600", "2015-12-31": 30.604, "2015-09-30": -38.296, "2015-06-30": 45.562, "2015-03-31": "-30.61600", "2014-12-31": -4.181, "2014-09-30": 1.574, "2014-06-30": 0.014, "2014-03-31": "2.59300", "2013-12-31": 6.09, "2013-09-30": -4.571, "2013-06-30": -0.995, "2013-03-31": "5.56600", "2012-12-31": 1.573, "2012-09-30": 2.151, "2012-06-30": -3.242, "2012-03-31": "1.09100", "2011-12-31": 2.302, "2011-09-30": -5.102, "2011-06-30": 0.985, "2011-03-31": "4.11700", "2010-12-31": 2.591, "2010-09-30": 3.245, "2010-06-30": 0.083, "2010-03-31": "-3.32800", "2009-12-31": 0.35, "2009-09-30": 1.828, "2009-06-30": 2.741, "2009-03-31": "-4.56900", "2008-12-31": -0.283, "2008-09-30": 0.373, "2008-06-30": -0.152, "2008-03-31": "-0.22100", "2007-12-31": 1.328, "2007-09-30": -9.564, "2007-06-30": 12.859, "2007-03-31": "-3.29500", "2006-12-31": -2.602, "2006-09-30": 1.16, "2006-06-30": 0.651, "2006-03-31": "-1.81100", "2005-12-31": -0.971, "2005-09-30": 3.085, "2005-06-30": -3.051, "2005-03-31": "-0.03400"}, "Cash Flow From Operating Activities": {"2020-12-31": -204.578, "2020-09-30": 171.342, "2020-06-30": 30.73, "2020-03-31": "2.50600", "2019-12-31": 94.773, "2019-09-30": 130.094, "2019-06-30": 104.834, "2019-03-31": "108.36800", "2018-12-31": 106.772, "2018-09-30": 112.556, "2018-06-30": 112.842, "2018-03-31": "62.60500", "2017-12-31": 55.242, "2017-09-30": 61.729, "2017-06-30": 63.765, "2017-03-31": "61.86900", "2016-12-31": 123.067, "2016-09-30": -23.587, "2016-06-30": 102.001, "2016-03-31": "-2.58200", "2015-12-31": 63.581, "2015-09-30": 10.47, "2015-06-30": 32.92, "2015-03-31": "-15.21500", "2014-12-31": -96.243, "2014-09-30": 47.428, "2014-06-30": 18.818, "2014-03-31": "29.99700", "2013-12-31": 9.038, "2013-09-30": -14.408, "2013-06-30": 11.304, "2013-03-31": "3.10400", "2012-12-31": -16.31, "2012-09-30": -35.219, "2012-06-30": 14.147, "2012-03-31": "21.07200", "2011-12-31": 14.346, "2011-09-30": -23.064, "2011-06-30": 9.935, "2011-03-31": "13.12900", "2010-12-31": 16.713, "2010-09-30": -21.738, "2010-06-30": 17.161, "2010-03-31": "4.57700", "2009-12-31": 3.039, "2009-09-30": -38.004, "2009-06-30": 27.769, "2009-03-31": "10.23500", "2008-12-31": 8.452, "2008-09-30": -24.107, "2008-06-30": 12.636, "2008-03-31": "11.47100", "2007-12-31": 15.025, "2007-09-30": -28.53, "2007-06-30": 18.66, "2007-03-31": "9.87000", "2006-12-31": 5.76, "2006-09-30": -12.79, "2006-06-30": 8.53, "2006-03-31": "4.26000", "2005-12-31": -2.564, "2005-09-30": -9.6, "2005-06-30": 4.137, "2005-03-31": "5.46300"}, "Net Change In Property, Plant, And Equipment": {"2020-12-31": 5.209, "2020-09-30": 4.39, "2020-06-30": -3.109, "2020-03-31": "-6.49000", "2019-12-31": 6.534, "2019-09-30": 6.07, "2019-06-30": -2.617, "2019-03-31": "-3.54000", "2018-12-31": 15.644, "2018-09-30": -7.249, "2018-06-30": 27.768, "2018-03-31": "-1.62700", "2017-12-31": -2.56, "2017-09-30": -0.974, "2017-06-30": -2.462, "2017-03-31": "-2.26300", "2016-12-31": -1.926, "2016-09-30": -0.782, "2016-06-30": -0.451, "2016-03-31": "-0.99600", "2015-12-31": -1.998, "2015-09-30": -2.491, "2015-06-30": -3.224, "2015-03-31": "-0.33400", "2014-12-31": 1.544, "2014-09-30": 0.16, "2014-06-30": -0.786, "2014-03-31": "-0.91800", "2013-12-31": -8.572, "2013-09-30": -2.553, "2013-06-30": 4.024, "2013-03-31": "-1.47100", "2012-12-31": -0.756, "2012-09-30": 1.474, "2012-06-30": -0.693, "2012-03-31": "-0.78100", "2011-12-31": -0.229, "2011-09-30": 2.622, "2011-06-30": -0.53, "2011-03-31": "-2.09200", "2010-12-31": -1.31, "2010-09-30": 6.011, "2010-06-30": -1.671, "2010-03-31": "-4.34000", "2009-12-31": -1.555, "2009-09-30": 6.494, "2009-06-30": -3.596, "2009-03-31": "-2.89800", "2008-12-31": -1.158, "2008-09-30": 7.888, "2008-06-30": -2.075, "2008-03-31": "-5.81300", "2007-12-31": -2.434, "2007-09-30": 1.418, "2007-06-30": -1.22, "2007-03-31": "-0.19800", "2006-12-31": 0.14, "2006-09-30": 2.82, "2006-06-30": -0.433, "2006-03-31": "-2.38700", "2005-12-31": -1.617, "2005-09-30": 2.863, "2005-06-30": -1.289, "2005-03-31": "-1.57400"}, "Net Change In Intangible Assets": {"2020-12-31": 0, "2020-09-30": 0, "2020-06-30": 0, "2020-03-31": "", "2019-12-31": 0, "2019-09-30": 0, "2019-06-30": 0, "2019-03-31": "", "2018-12-31": 0, "2018-09-30": 0, "2018-06-30": 0, "2018-03-31": "", "2017-12-31": 0, "2017-09-30": 0, "2017-06-30": 0, "2017-03-31": "", "2016-12-31": 0, "2016-09-30": 0, "2016-06-30": 0, "2016-03-31": "", "2015-12-31": 0, "2015-09-30": 0, "2015-06-30": 0, "2015-03-31": "", "2014-12-31": 0, "2014-09-30": 0, "2014-06-30": 0, "2014-03-31": "", "2013-12-31": 0, "2013-09-30": 0, "2013-06-30": 0, "2013-03-31": "", "2012-12-31": 0, "2012-09-30": 0, "2012-06-30": 0, "2012-03-31": "", "2011-12-31": 0, "2011-09-30": 0, "2011-06-30": 0, "2011-03-31": "", "2010-12-31": 0, "2010-09-30": 0, "2010-06-30": 0, "2010-03-31": "", "2009-12-31": 0, "2009-09-30": 0, "2009-06-30": 0, "2009-03-31": "", "2008-12-31": 0, "2008-09-30": 0, "2008-06-30": 0, "2008-03-31": "", "2007-12-31": 0, "2007-09-30": 0, "2007-06-30": 0, "2007-03-31": "", "2006-12-31": 0, "2006-09-30": 0, "2006-06-30": 0, "2006-03-31": "", "2005-12-31": 0, "2005-09-30": 0, "2005-06-30": 0, "2005-03-31": ""}, "Net Acquisitions/Divestitures": {"2020-12-31": 0, "2020-09-30": 0, "2020-06-30": 0, "2020-03-31": "", "2019-12-31": -846.112, "2019-09-30": 0, "2019-06-30": 0, "2019-03-31": "-515.69200", "2018-12-31": 2.841, "2018-09-30": -2.841, "2018-06-30": -481.544, "2018-03-31": "", "2017-12-31": 275.409, "2017-09-30": 0, "2017-06-30": 0, "2017-03-31": "", "2016-12-31": 0, "2016-09-30": 0, "2016-06-30": 0, "2016-03-31": "-346.69000", "2015-12-31": 0, "2015-09-30": 0, "2015-06-30": 878.988, "2015-03-31": "-24.67000", "2014-12-31": 0, "2014-09-30": 0, "2014-06-30": 0, "2014-03-31": "", "2013-12-31": 277.798, "2013-09-30": 0, "2013-06-30": 0, "2013-03-31": "", "2012-12-31": 0, "2012-09-30": 0, "2012-06-30": 0, "2012-03-31": "", "2011-12-31": 0, "2011-09-30": 0, "2011-06-30": 0, "2011-03-31": "", "2010-12-31": 0, "2010-09-30": 0, "2010-06-30": 0, "2010-03-31": "", "2009-12-31": 0, "2009-09-30": 0, "2009-06-30": 0, "2009-03-31": "", "2008-12-31": 0, "2008-09-30": 0, "2008-06-30": 0, "2008-03-31": "", "2007-12-31": 0, "2007-09-30": 0, "2007-06-30": 0, "2007-03-31": "", "2006-12-31": 0, "2006-09-30": 2.622, "2006-06-30": -2.622, "2006-03-31": "", "2005-12-31": 0, "2005-09-30": -183.424, "2005-06-30": 18.938, "2005-03-31": "164.48600"}, "Net Change In Short-term Investments": {"2020-12-31": 0, "2020-09-30": 0, "2020-06-30": 0, "2020-03-31": "", "2019-12-31": 0, "2019-09-30": 0, "2019-06-30": 0, "2019-03-31": "", "2018-12-31": 0, "2018-09-30": 0, "2018-06-30": 0, "2018-03-31": "", "2017-12-31": 0, "2017-09-30": 0, "2017-06-30": 0, "2017-03-31": "", "2016-12-31": 0, "2016-09-30": 0, "2016-06-30": 0, "2016-03-31": "", "2015-12-31": 0, "2015-09-30": 0, "2015-06-30": 0, "2015-03-31": "", "2014-12-31": 0, "2014-09-30": 0, "2014-06-30": 0, "2014-03-31": "", "2013-12-31": 0, "2013-09-30": 0, "2013-06-30": 0, "2013-03-31": "", "2012-12-31": 0, "2012-09-30": 0, "2012-06-30": 0, "2012-03-31": "", "2011-12-31": 0, "2011-09-30": 0, "2011-06-30": 0, "2011-03-31": "", "2010-12-31": 0, "2010-09-30": 0, "2010-06-30": 0, "2010-03-31": "", "2009-12-31": 0, "2009-09-30": 0, "2009-06-30": 0, "2009-03-31": "", "2008-12-31": 0, "2008-09-30": 0, "2008-06-30": 0, "2008-03-31": "", "2007-12-31": 0, "2007-09-30": 0, "2007-06-30": 0, "2007-03-31": "", "2006-12-31": 0, "2006-09-30": 0, "2006-06-30": 0, "2006-03-31": "", "2005-12-31": 0, "2005-09-30": 0, "2005-06-30": 0, "2005-03-31": ""}, "Net Change In Long-Term Investments": {"2020-12-31": -1015.333, "2020-09-30": 362.774, "2020-06-30": 137.522, "2020-03-31": "515.03700", "2019-12-31": -18.376, "2019-09-30": 876.522, "2019-06-30": 89.123, "2019-03-31": "877.82200", "2018-12-31": 42.183, "2018-09-30": 94.402, "2018-06-30": -218.13, "2018-03-31": "-313.28000", "2017-12-31": 1022.4192, "2017-09-30": -995.845, "2017-06-30": -141.866, "2017-03-31": "-311.53900", "2016-12-31": -410.8858, "2016-09-30": 171.1369, "2016-06-30": -105.489, "2016-03-31": "-181.86400", "2015-12-31": -166.6271, "2015-09-30": 203.9051, "2015-06-30": -217.095, "2015-03-31": "-87.98000", "2014-12-31": 52.868, "2014-09-30": 47.522, "2014-06-30": 20.95, "2014-03-31": "-121.34000", "2013-12-31": 163.183, "2013-09-30": -38.733, "2013-06-30": 24.953, "2013-03-31": "13.78000", "2012-12-31": 18.467, "2012-09-30": 27.885, "2012-06-30": 95.682, "2012-03-31": "-123.56700", "2011-12-31": -116.85, "2011-09-30": 17.997, "2011-06-30": -66.703, "2011-03-31": "48.70600", "2010-12-31": 4.725, "2010-09-30": 43.6491, "2010-06-30": 18.5669, "2010-03-31": "-62.21600", "2009-12-31": -35.393, "2009-09-30": -119.827, "2009-06-30": 48.579, "2009-03-31": "71.24800", "2008-12-31": 9.515, "2008-09-30": -16.871, "2008-06-30": 4.74, "2008-03-31": "12.13100", "2007-12-31": 24.191, "2007-09-30": -177.229, "2007-06-30": 52.753, "2007-03-31": "124.47600", "2006-12-31": 79.207, "2006-09-30": 112.798, "2006-06-30": 3.198, "2006-03-31": "-115.99600", "2005-12-31": -14.32, "2005-09-30": 191.411, "2005-06-30": -8.423, "2005-03-31": "-182.98800"}, "Net Change In Investments - Total": {"2020-12-31": -1015.333, "2020-09-30": 362.774, "2020-06-30": 137.522, "2020-03-31": "515.03700", "2019-12-31": -18.376, "2019-09-30": 876.522, "2019-06-30": 89.123, "2019-03-31": "877.82200", "2018-12-31": 42.183, "2018-09-30": 94.402, "2018-06-30": -218.13, "2018-03-31": "-313.28000", "2017-12-31": 1022.4192, "2017-09-30": -995.845, "2017-06-30": -141.866, "2017-03-31": "-311.53900", "2016-12-31": -410.8858, "2016-09-30": 171.1369, "2016-06-30": -105.489, "2016-03-31": "-181.86400", "2015-12-31": -166.6271, "2015-09-30": 203.9051, "2015-06-30": -217.095, "2015-03-31": "-87.98000", "2014-12-31": 52.868, "2014-09-30": 47.522, "2014-06-30": 20.95, "2014-03-31": "-121.34000", "2013-12-31": 163.183, "2013-09-30": -38.733, "2013-06-30": 24.953, "2013-03-31": "13.78000", "2012-12-31": 18.467, "2012-09-30": 27.885, "2012-06-30": 95.682, "2012-03-31": "-123.56700", "2011-12-31": -116.85, "2011-09-30": 17.997, "2011-06-30": -66.703, "2011-03-31": "48.70600", "2010-12-31": 4.725, "2010-09-30": 43.6491, "2010-06-30": 18.5669, "2010-03-31": "-62.21600", "2009-12-31": -35.393, "2009-09-30": -119.827, "2009-06-30": 48.579, "2009-03-31": "71.24800", "2008-12-31": 9.515, "2008-09-30": -16.871, "2008-06-30": 4.74, "2008-03-31": "12.13100", "2007-12-31": 24.191, "2007-09-30": -177.229, "2007-06-30": 52.753, "2007-03-31": "124.47600", "2006-12-31": 79.207, "2006-09-30": 112.798, "2006-06-30": 3.198, "2006-03-31": "-115.99600", "2005-12-31": -14.32, "2005-09-30": 191.411, "2005-06-30": -8.423, "2005-03-31": "-182.98800"}, "Investing Activities - Other": {"2020-12-31": 950.294, "2020-09-30": -58.687, "2020-06-30": -605.246, "2020-03-31": "-286.36100", "2019-12-31": 118.494, "2019-09-30": -424.559, "2019-06-30": -250.172, "2019-03-31": "1119.25300", "2018-12-31": -209.758, "2018-09-30": 162.893, "2018-06-30": -265.659, "2018-03-31": "91.79800", "2017-12-31": -280.394, "2017-09-30": -265.638, "2017-06-30": -469.637, "2017-03-31": "-233.94400", "2016-12-31": -352.48, "2016-09-30": -571.099, "2016-06-30": -306.62, "2016-03-31": "-101.99800", "2015-12-31": -325.405, "2015-09-30": -255.9691, "2015-06-30": -535.1809, "2015-03-31": "-98.67800", "2014-12-31": 614.759, "2014-09-30": -204.498, "2014-06-30": -295.093, "2014-03-31": "-115.16800", "2013-12-31": -9.153, "2013-09-30": 225.619, "2013-06-30": -134.35, "2013-03-31": "-91.26900", "2012-12-31": -77.445, "2012-09-30": 157.407, "2012-06-30": -56.549, "2012-03-31": "-100.85800", "2011-12-31": -74.009, "2011-09-30": -2.034, "2011-06-30": -9.187, "2011-03-31": "11.22100", "2010-12-31": -0.094, "2010-09-30": 10.627, "2010-06-30": -40.882, "2010-03-31": "30.25500", "2009-12-31": 22.557, "2009-09-30": -9.696, "2009-06-30": 19.914, "2009-03-31": "-10.21800", "2008-12-31": -17.002, "2008-09-30": 58.281, "2008-06-30": -40.126, "2008-03-31": "-18.15500", "2007-12-31": -17.329, "2007-09-30": 140.999, "2007-06-30": -53.71, "2007-03-31": "-87.28900", "2006-12-31": -33.105, "2006-09-30": 89.381, "2006-06-30": -45.139, "2006-03-31": "-44.24200", "2005-12-31": -26.55, "2005-09-30": 36.114, "2005-06-30": -20.365, "2005-03-31": "-15.74900"}, "Cash Flow From Investing Activities": {"2020-12-31": -59.83, "2020-09-30": 308.477, "2020-06-30": -470.833, "2020-03-31": "222.18600", "2019-12-31": -739.46, "2019-09-30": 458.033, "2019-06-30": -163.666, "2019-03-31": "1477.84300", "2018-12-31": -149.09, "2018-09-30": 247.205, "2018-06-30": -937.565, "2018-03-31": "-223.10900", "2017-12-31": 1014.874, "2017-09-30": -1262.457, "2017-06-30": -613.965, "2017-03-31": "-547.74600", "2016-12-31": -765.292, "2016-09-30": -400.744, "2016-06-30": -412.56, "2016-03-31": "-631.54800", "2015-12-31": -494.03, "2015-09-30": -54.555, "2015-06-30": 123.488, "2015-03-31": "-211.66200", "2014-12-31": 669.171, "2014-09-30": -156.816, "2014-06-30": -274.929, "2014-03-31": "-237.42600", "2013-12-31": 423.256, "2013-09-30": 184.333, "2013-06-30": -105.373, "2013-03-31": "-78.96000", "2012-12-31": -59.734, "2012-09-30": 186.766, "2012-06-30": 38.44, "2012-03-31": "-225.20600", "2011-12-31": -191.088, "2011-09-30": 18.585, "2011-06-30": -76.42, "2011-03-31": "57.83500", "2010-12-31": 3.321, "2010-09-30": 60.287, "2010-06-30": -23.986, "2010-03-31": "-36.30100", "2009-12-31": -14.391, "2009-09-30": -123.029, "2009-06-30": 64.897, "2009-03-31": "58.13200", "2008-12-31": -8.645, "2008-09-30": 49.298, "2008-06-30": -37.461, "2008-03-31": "-11.83700", "2007-12-31": 4.428, "2007-09-30": -34.812, "2007-06-30": -2.177, "2007-03-31": "36.98900", "2006-12-31": 46.242, "2006-09-30": 207.621, "2006-06-30": -44.865, "2006-03-31": "-162.75600", "2005-12-31": -42.487, "2005-09-30": 46.964, "2005-06-30": -11.139, "2005-03-31": "-35.82500"}, "Net Long-Term Debt": {"2020-12-31": 1814.578, "2020-09-30": -566.205, "2020-06-30": -996.373, "2020-03-31": "-252.00000", "2019-12-31": -484.265, "2019-09-30": -119.7939, "2019-06-30": -100.0001, "2019-03-31": "-831.95400", "2018-12-31": 102.8188, "2018-09-30": -1209.2739, "2018-06-30": 775, "2018-03-31": "825.00000", "2017-12-31": -1021.0891, "2017-09-30": 246.761, "2017-06-30": 706, "2017-03-31": "244.00000", "2016-12-31": 187.875, "2016-09-30": 99.521, "2016-06-30": -232.334, "2016-03-31": "143.06200", "2015-12-31": 192.683, "2015-09-30": 287.194, "2015-06-30": -54.061, "2015-03-31": "-150.54400", "2014-12-31": -282.921, "2014-09-30": 147.686, "2014-06-30": 155.717, "2014-03-31": "-20.48200", "2013-12-31": 49.944, "2013-09-30": 10.19, "2013-06-30": -32.449, "2013-03-31": "22.25900", "2012-12-31": -0.063, "2012-09-30": 51.96, "2012-06-30": 9.94, "2012-03-31": "-61.90000", "2011-12-31": -0.338, "2011-09-30": 41.171, "2011-06-30": -67.399, "2011-03-31": "26.22800", "2010-12-31": -4.814, "2010-09-30": 55.599, "2010-06-30": -53.543, "2010-03-31": "-2.05600", "2009-12-31": 0, "2009-09-30": -71.351, "2009-06-30": 1.836, "2009-03-31": "69.51500", "2008-12-31": 11.426, "2008-09-30": -162.824, "2008-06-30": -9.91, "2008-03-31": "172.73400", "2007-12-31": 49.023, "2007-09-30": 85.924, "2007-06-30": -22.975, "2007-03-31": "-62.94900", "2006-12-31": -59.489, "2006-09-30": -167.611, "2006-06-30": 61.741, "2006-03-31": "105.87000", "2005-12-31": 93.503, "2005-09-30": -4.059, "2005-06-30": -17.205, "2005-03-31": "21.26400"}, "Net Current Debt": {"2020-12-31": 195, "2020-09-30": -3.77, "2020-06-30": -156.114, "2020-03-31": "-35.11600", "2019-12-31": 196.34, "2019-09-30": -839.563, "2019-06-30": 600.881, "2019-03-31": "-748.31800", "2018-12-31": 286.176, "2018-09-30": 498.048, "2018-06-30": -164.736, "2018-03-31": "-888.31200", "2017-12-31": -375.48, "2017-09-30": 545.046, "2017-06-30": -372.876, "2017-03-31": "27.83000", "2016-12-31": 417.076, "2016-09-30": 40.364, "2016-06-30": -133.369, "2016-03-31": "7.00500", "2015-12-31": 384.535, "2015-09-30": -254.15, "2015-06-30": -37.43, "2015-03-31": "15.39900", "2014-12-31": 40.705, "2014-09-30": -270.705, "2014-06-30": 271.587, "2014-03-31": "-41.58700", "2013-12-31": -103.378, "2013-09-30": -217, "2013-06-30": 217, "2013-03-31": "", "2012-12-31": 0, "2012-09-30": 10, "2012-06-30": -10, "2012-03-31": "", "2011-12-31": 93.499, "2011-09-30": -27.1, "2011-06-30": 89.44, "2011-03-31": "-62.34000", "2010-12-31": 85.36, "2010-09-30": -100.6, "2010-06-30": 107.7, "2010-03-31": "-7.10000", "2009-12-31": 0, "2009-09-30": 148.791, "2009-06-30": -3.637, "2009-03-31": "-145.15400", "2008-12-31": -10.795, "2008-09-30": 187.858, "2008-06-30": -18.497, "2008-03-31": "-169.36100", "2007-12-31": -23.507, "2007-09-30": 0, "2007-06-30": 0, "2007-03-31": "", "2006-12-31": 0, "2006-09-30": 0, "2006-06-30": 0, "2006-03-31": "", "2005-12-31": 0, "2005-09-30": 0, "2005-06-30": 0, "2005-03-31": ""}, "Debt Issuance/Retirement Net - Total": {"2020-12-31": 2009.578, "2020-09-30": -569.975, "2020-06-30": -1152.487, "2020-03-31": "-287.11600", "2019-12-31": -287.925, "2019-09-30": -959.357, "2019-06-30": 500.881, "2019-03-31": "-1580.27200", "2018-12-31": 388.9948, "2018-09-30": -711.2259, "2018-06-30": 610.264, "2018-03-31": "-63.31200", "2017-12-31": -1396.5691, "2017-09-30": 791.807, "2017-06-30": 333.124, "2017-03-31": "271.83000", "2016-12-31": 604.951, "2016-09-30": 139.885, "2016-06-30": -365.703, "2016-03-31": "150.06700", "2015-12-31": 577.218, "2015-09-30": 33.044, "2015-06-30": -91.491, "2015-03-31": "-135.14500", "2014-12-31": -242.216, "2014-09-30": -123.019, "2014-06-30": 427.304, "2014-03-31": "-62.06900", "2013-12-31": -53.434, "2013-09-30": -206.81, "2013-06-30": 184.551, "2013-03-31": "22.25900", "2012-12-31": -0.063, "2012-09-30": 61.96, "2012-06-30": -0.06, "2012-03-31": "-61.90000", "2011-12-31": 93.161, "2011-09-30": 14.071, "2011-06-30": 22.041, "2011-03-31": "-36.11200", "2010-12-31": 80.546, "2010-09-30": -45.001, "2010-06-30": 54.157, "2010-03-31": "-9.15600", "2009-12-31": 0, "2009-09-30": 77.44, "2009-06-30": -1.801, "2009-03-31": "-75.63900", "2008-12-31": 0.631, "2008-09-30": 25.034, "2008-06-30": -28.407, "2008-03-31": "3.37300", "2007-12-31": 25.516, "2007-09-30": 85.924, "2007-06-30": -22.975, "2007-03-31": "-62.94900", "2006-12-31": -59.489, "2006-09-30": -167.611, "2006-06-30": 61.741, "2006-03-31": "105.87000", "2005-12-31": 93.503, "2005-09-30": -4.059, "2005-06-30": -17.205, "2005-03-31": "21.26400"}, "Net Common Equity Issued/Repurchased": {"2020-12-31": 80.422, "2020-09-30": 0.095, "2020-06-30": 0.101, "2020-03-31": "-80.61800", "2019-12-31": -81.429, "2019-09-30": -53.231, "2019-06-30": -91.08, "2019-03-31": "-154.23400", "2018-12-31": -159.768, "2018-09-30": 0.154, "2018-06-30": 0.073, "2018-03-31": "0.32900", "2017-12-31": 1.385, "2017-09-30": -0.031, "2017-06-30": 0.731, "2017-03-31": "0.49300", "2016-12-31": 90.88, "2016-09-30": 2.438, "2016-06-30": 0.719, "2016-03-31": "0.54600", "2015-12-31": -0.832, "2015-09-30": 0.851, "2015-06-30": -0.013, "2015-03-31": "87.81700", "2014-12-31": -1.563, "2014-09-30": 0.115, "2014-06-30": 0.525, "2014-03-31": "0.92300", "2013-12-31": 1.448, "2013-09-30": -0.19, "2013-06-30": 0.042, "2013-03-31": "0.14800", "2012-12-31": 0.121, "2012-09-30": -0.153, "2012-06-30": 0, "2012-03-31": "0.15300", "2011-12-31": 0.154, "2011-09-30": 2.562, "2011-06-30": -0.625, "2011-03-31": "-1.93700", "2010-12-31": -0.754, "2010-09-30": 8.926, "2010-06-30": -2.082, "2010-03-31": "-6.84400", "2009-12-31": 0, "2009-09-30": 2.357, "2009-06-30": -2.543, "2009-03-31": "0.18600", "2008-12-31": 0.27, "2008-09-30": 18.529, "2008-06-30": -3.871, "2008-03-31": "-14.65800", "2007-12-31": -13.418, "2007-09-30": 14.953, "2007-06-30": -10.371, "2007-03-31": "-4.58200", "2006-12-31": 0.097, "2006-09-30": 12.785, "2006-06-30": -0.138, "2006-03-31": "-12.64700", "2005-12-31": -5.3, "2005-09-30": 33.863, "2005-06-30": -18.679, "2005-03-31": "-15.18400"}, "Net Total Equity Issued/Repurchased": {"2020-12-31": 80.422, "2020-09-30": 0.095, "2020-06-30": 0.101, "2020-03-31": "-80.61800", "2019-12-31": -81.429, "2019-09-30": -53.231, "2019-06-30": -91.08, "2019-03-31": "-154.23400", "2018-12-31": -159.768, "2018-09-30": 0.154, "2018-06-30": 0.073, "2018-03-31": "0.32900", "2017-12-31": 1.385, "2017-09-30": -0.031, "2017-06-30": 0.731, "2017-03-31": "0.49300", "2016-12-31": 90.88, "2016-09-30": 2.438, "2016-06-30": 0.719, "2016-03-31": "0.54600", "2015-12-31": -0.832, "2015-09-30": 0.851, "2015-06-30": -0.013, "2015-03-31": "87.81700", "2014-12-31": -1.563, "2014-09-30": 0.115, "2014-06-30": 0.525, "2014-03-31": "0.92300", "2013-12-31": 1.448, "2013-09-30": -0.19, "2013-06-30": 0.042, "2013-03-31": "0.14800", "2012-12-31": 0.121, "2012-09-30": -0.153, "2012-06-30": 0, "2012-03-31": "0.15300", "2011-12-31": 0.154, "2011-09-30": 2.562, "2011-06-30": -0.625, "2011-03-31": "-1.93700", "2010-12-31": -0.754, "2010-09-30": 8.926, "2010-06-30": -2.082, "2010-03-31": "-6.84400", "2009-12-31": 0, "2009-09-30": 2.357, "2009-06-30": -2.543, "2009-03-31": "0.18600", "2008-12-31": 0.27, "2008-09-30": 18.529, "2008-06-30": -3.871, "2008-03-31": "-14.65800", "2007-12-31": -13.418, "2007-09-30": 14.953, "2007-06-30": -10.371, "2007-03-31": "-4.58200", "2006-12-31": 0.097, "2006-09-30": 12.785, "2006-06-30": -0.138, "2006-03-31": "-12.64700", "2005-12-31": -5.3, "2005-09-30": 33.863, "2005-06-30": -18.679, "2005-03-31": "-15.18400"}, "Total Common And Preferred Stock Dividends Paid": {"2020-12-31": 47.542, "2020-09-30": -15.739, "2020-06-30": -15.841, "2020-03-31": "-15.96200", "2019-12-31": -16.308, "2019-09-30": -16.499, "2019-06-30": -16.805, "2019-03-31": "-17.27300", "2018-12-31": -18.141, "2018-09-30": -17.933, "2018-06-30": -17.932, "2018-03-31": "-17.88700", "2017-12-31": -17.882, "2017-09-30": -9.457, "2017-06-30": -9.454, "2017-03-31": "-9.43600", "2016-12-31": -9.16, "2016-09-30": -9.11, "2016-06-30": -9.106, "2016-03-31": "-9.07500", "2015-12-31": -9.072, "2015-09-30": -9.071, "2015-06-30": -6.368, "2015-03-31": "-5.87300", "2014-12-31": 15.016, "2014-09-30": -3.307, "2014-06-30": -5.856, "2014-03-31": "-5.85300", "2013-12-31": -2.661, "2013-09-30": 7.981, "2013-06-30": -2.661, "2013-03-31": "-5.32000", "2012-12-31": -2.659, "2012-09-30": 6.827, "2012-06-30": -2.275, "2012-03-31": "-4.55200", "2011-12-31": -2.279, "2011-09-30": 6.69, "2011-06-30": -2.264, "2011-03-31": "-4.42600", "2010-12-31": -2.134, "2010-09-30": 6.897, "2010-06-30": -2.331, "2010-03-31": "-4.56600", "2009-12-31": 0, "2009-09-30": 7.001, "2009-06-30": -2.391, "2009-03-31": "-4.61000", "2008-12-31": -2.219, "2008-09-30": 7.134, "2008-06-30": -2.406, "2008-03-31": "-4.72800", "2007-12-31": -2.32, "2007-09-30": 6.199, "2007-06-30": -2.118, "2007-03-31": "-4.08100", "2006-12-31": -1.945, "2006-09-30": 6.232, "2006-06-30": -2.121, "2006-03-31": "-4.11100", "2005-12-31": -1.967, "2005-09-30": 5.494, "2005-06-30": -2.031, "2005-03-31": "-3.46300"}, "Financial Activities - Other": {"2020-12-31": -1981.541, "2020-09-30": 218.629, "2020-06-30": 1584.423, "2020-03-31": "178.48900", "2019-12-31": 813.897, "2019-09-30": 643.195, "2019-06-30": -305.051, "2019-03-31": "41.71300", "2018-12-31": -264.642, "2018-09-30": 458.039, "2018-06-30": 313.176, "2018-03-31": "125.79900", "2017-12-31": 415.653, "2017-09-30": 543.445, "2017-06-30": 254.263, "2017-03-31": "183.04700", "2016-12-31": -131.258, "2016-09-30": 413.25, "2016-06-30": 456.245, "2016-03-31": "749.80900", "2015-12-31": -225.491, "2015-09-30": -29.027, "2015-06-30": 121.19, "2015-03-31": "345.25900", "2014-12-31": -369.122, "2014-09-30": 196.709, "2014-06-30": -113.998, "2014-03-31": "286.41100", "2013-12-31": -338.075, "2013-09-30": 357.91, "2013-06-30": -52.093, "2013-03-31": "-305.81700", "2012-12-31": -199.096, "2012-09-30": -50.069, "2012-06-30": -27.871, "2012-03-31": "77.94000", "2011-12-31": -152.119, "2011-09-30": 26.498, "2011-06-30": 20.193, "2011-03-31": "-46.69100", "2010-12-31": -153.72, "2010-09-30": 108.377, "2010-06-30": -38.09, "2010-03-31": "-70.28700", "2009-12-31": 0, "2009-09-30": 103.209, "2009-06-30": -128.285, "2009-03-31": "25.07600", "2008-12-31": -83.113, "2008-09-30": -74.805, "2008-06-30": 61.09, "2008-03-31": "13.71500", "2007-12-31": -33.291, "2007-09-30": -32.447, "2007-06-30": 16.59, "2007-03-31": "15.85700", "2006-12-31": 3.369, "2006-09-30": -37.878, "2006-06-30": -22.499, "2006-03-31": "60.37700", "2005-12-31": -43.723, "2005-09-30": -16.669, "2005-06-30": 46.456, "2005-03-31": "-29.78700"}, "Cash Flow From Financial Activities": {"2020-12-31": 156.001, "2020-09-30": -366.99, "2020-06-30": 416.196, "2020-03-31": "-205.20700", "2019-12-31": 428.235, "2019-09-30": -385.892, "2019-06-30": 87.945, "2019-03-31": "-1710.06600", "2018-12-31": -53.556, "2018-09-30": -270.966, "2018-06-30": 905.581, "2018-03-31": "44.92900", "2017-12-31": -997.413, "2017-09-30": 1325.764, "2017-06-30": 578.664, "2017-03-31": "445.93400", "2016-12-31": 555.413, "2016-09-30": 546.463, "2016-06-30": 82.155, "2016-03-31": "891.34700", "2015-12-31": 341.823, "2015-09-30": -4.203, "2015-06-30": 23.318, "2015-03-31": "292.05800", "2014-12-31": -597.885, "2014-09-30": 70.498, "2014-06-30": 307.975, "2014-03-31": "219.41200", "2013-12-31": -392.722, "2013-09-30": 158.891, "2013-06-30": 129.839, "2013-03-31": "-288.73000", "2012-12-31": -201.697, "2012-09-30": 18.565, "2012-06-30": -30.206, "2012-03-31": "11.64100", "2011-12-31": -61.083, "2011-09-30": 49.821, "2011-06-30": 39.345, "2011-03-31": "-89.16600", "2010-12-31": -76.062, "2010-09-30": 79.199, "2010-06-30": 11.654, "2010-03-31": "-90.85300", "2009-12-31": 0, "2009-09-30": 190.007, "2009-06-30": -135.02, "2009-03-31": "-54.98700", "2008-12-31": -84.431, "2008-09-30": -24.108, "2008-06-30": 26.406, "2008-03-31": "-2.29800", "2007-12-31": -23.513, "2007-09-30": 74.629, "2007-06-30": -18.874, "2007-03-31": "-55.75500", "2006-12-31": -57.968, "2006-09-30": -186.472, "2006-06-30": 36.983, "2006-03-31": "149.48900", "2005-12-31": 42.513, "2005-09-30": 18.629, "2005-06-30": 8.541, "2005-03-31": "-27.17000"}, "Net Cash Flow": {"2020-12-31": -108.407, "2020-09-30": 112.829, "2020-06-30": -23.907, "2020-03-31": "19.48500", "2019-12-31": -216.452, "2019-09-30": 202.235, "2019-06-30": 29.113, "2019-03-31": "-123.85500", "2018-12-31": -95.874, "2018-09-30": 88.795, "2018-06-30": 80.858, "2018-03-31": "-115.57500", "2017-12-31": 72.703, "2017-09-30": 125.036, "2017-06-30": 28.464, "2017-03-31": "-39.94300", "2016-12-31": -86.812, "2016-09-30": 122.132, "2016-06-30": -228.404, "2016-03-31": "257.21700", "2015-12-31": -88.626, "2015-09-30": -48.288, "2015-06-30": 179.726, "2015-03-31": "65.18100", "2014-12-31": -24.957, "2014-09-30": -38.89, "2014-06-30": 51.864, "2014-03-31": "11.98300", "2013-12-31": 39.572, "2013-09-30": 328.816, "2013-06-30": 35.77, "2013-03-31": "-364.58600", "2012-12-31": -277.741, "2012-09-30": 170.112, "2012-06-30": 22.381, "2012-03-31": "-192.49300", "2011-12-31": -237.825, "2011-09-30": 45.342, "2011-06-30": -27.14, "2011-03-31": "-18.20200", "2010-12-31": -56.028, "2010-09-30": 117.748, "2010-06-30": 4.829, "2010-03-31": "-122.57700", "2009-12-31": -11.352, "2009-09-30": 28.974, "2009-06-30": -42.354, "2009-03-31": "13.38000", "2008-12-31": -84.624, "2008-09-30": 1.083, "2008-06-30": 1.581, "2008-03-31": "-2.66400", "2007-12-31": -4.06, "2007-09-30": 11.287, "2007-06-30": -2.391, "2007-03-31": "-8.89600", "2006-12-31": -5.966, "2006-09-30": 8.359, "2006-06-30": 0.648, "2006-03-31": "-9.00700", "2005-12-31": -2.538, "2005-09-30": 55.993, "2005-06-30": 1.539, "2005-03-31": "-57.53200"}, "Stock-Based Compensation": {"2020-12-31": -17.788, "2020-09-30": 5.869, "2020-06-30": 5.913, "2020-03-31": "6.00600", "2019-12-31": 5.18, "2019-09-30": 4.565, "2019-06-30": 4.605, "2019-03-31": "5.12300", "2018-12-31": 3.68, "2018-09-30": 3.114, "2018-06-30": 3.336, "2018-03-31": "2.85400", "2017-12-31": 2.508, "2017-09-30": 1.969, "2017-06-30": 1.897, "2017-03-31": "1.73600", "2016-12-31": 1.558, "2016-09-30": 1.673, "2016-06-30": 1.747, "2016-03-31": "1.54000", "2015-12-31": 1.26, "2015-09-30": 1.084, "2015-06-30": 1.127, "2015-03-31": "1.10900", "2014-12-31": -2.713, "2014-09-30": 1.006, "2014-06-30": 0.78, "2014-03-31": "0.92700", "2013-12-31": 0.991, "2013-09-30": -1.726, "2013-06-30": 0.547, "2013-03-31": "1.17900", "2012-12-31": 0.5, "2012-09-30": -0.886, "2012-06-30": 0.327, "2012-03-31": "0.55900", "2011-12-31": 0.275, "2011-09-30": -0.859, "2011-06-30": 0.282, "2011-03-31": "0.57700", "2010-12-31": 0.279, "2010-09-30": -1.205, "2010-06-30": 0.171, "2010-03-31": "1.03400", "2009-12-31": 0.452, "2009-09-30": -2.321, "2009-06-30": 0.639, "2009-03-31": "1.68200", "2008-12-31": 0.857, "2008-09-30": -2.893, "2008-06-30": 0.973, "2008-03-31": "1.92000", "2007-12-31": 0.998, "2007-09-30": -4.286, "2007-06-30": 1.438, "2007-03-31": "2.84800", "2006-12-31": 1.366, "2006-09-30": -4.229, "2006-06-30": 1.329, "2006-03-31": "2.90000", "2005-12-31": 1.645, "2005-09-30": -2.543, "2005-06-30": 1.066, "2005-03-31": "1.47700"}, "Common Stock Dividends Paid": {"2020-12-31": 40.961, "2020-09-30": -13.545, "2020-06-30": -13.648, "2020-03-31": "-13.76800", "2019-12-31": -14.115, "2019-09-30": -14.305, "2019-06-30": -14.611, "2019-03-31": "-15.07900", "2018-12-31": -15.947, "2018-09-30": -15.739, "2018-06-30": -15.739, "2018-03-31": "-15.69300", "2017-12-31": -15.688, "2017-09-30": -9.457, "2017-06-30": -9.454, "2017-03-31": "-9.43600", "2016-12-31": -9.16, "2016-09-30": -9.11, "2016-06-30": -9.106, "2016-03-31": "-9.07500", "2015-12-31": -9.072, "2015-09-30": -9.071, "2015-06-30": -6.368, "2015-03-31": "-5.87300", "2014-12-31": 15.016, "2014-09-30": -3.307, "2014-06-30": -5.856, "2014-03-31": "-5.85300", "2013-12-31": -2.661, "2013-09-30": 7.981, "2013-06-30": -2.661, "2013-03-31": "-5.32000", "2012-12-31": -2.659, "2012-09-30": 6.827, "2012-06-30": -2.275, "2012-03-31": "-4.55200", "2011-12-31": -2.279, "2011-09-30": 6.69, "2011-06-30": -2.264, "2011-03-31": "-4.42600", "2010-12-31": -2.134, "2010-09-30": 6.897, "2010-06-30": -2.331, "2010-03-31": "-4.56600", "2009-12-31": 0, "2009-09-30": 7.001, "2009-06-30": -2.391, "2009-03-31": "-4.61000", "2008-12-31": -2.219, "2008-09-30": 7.134, "2008-06-30": -2.406, "2008-03-31": "-4.72800", "2007-12-31": -2.32, "2007-09-30": 6.199, "2007-06-30": -2.118, "2007-03-31": "-4.08100", "2006-12-31": -1.945, "2006-09-30": 6.232, "2006-06-30": -2.121, "2006-03-31": "-4.11100", "2005-12-31": -1.967, "2005-09-30": 5.494, "2005-06-30": -2.031, "2005-03-31": "-3.46300"}}, "financial ratios": {"Current Ratio": {"2019-12-31": "", "2018-12-31": "", "2017-12-31": "", "2016-12-31": "", "2015-12-31": "", "2014-12-31": "", "2014-09-30": "", "2013-09-30": "", "2012-09-30": "", "2011-09-30": "", "2010-09-30": "", "2009-09-30": "", "2008-09-30": "", "2007-09-30": "", "2006-09-30": "", "2005-09-30": ""}, "Long-term Debt / Capital": {"2019-12-31": "0.39390", "2018-12-31": "0.54420", "2017-12-31": "0.54670", "2016-12-31": "0.52740", "2015-12-31": "0.48030", "2014-12-31": "", "2014-09-30": "0.49540", "2013-09-30": "0.54300", "2012-09-30": "0.42100", "2011-09-30": "0.47160", "2010-09-30": "0.49560", "2009-09-30": "0.53440", "2008-09-30": "0.58950", "2007-09-30": "0.62220", "2006-09-30": "0.62910", "2005-09-30": "0.53040"}, "Debt/Equity Ratio": {"2019-12-31": "0.64990", "2018-12-31": "1.19380", "2017-12-31": "1.20600", "2016-12-31": "1.11590", "2015-12-31": "0.92440", "2014-12-31": "", "2014-09-30": "0.98170", "2013-09-30": "1.18800", "2012-09-30": "0.72710", "2011-09-30": "0.89230", "2010-09-30": "0.98260", "2009-09-30": "1.14760", "2008-09-30": "1.43620", "2007-09-30": "1.64710", "2006-09-30": "1.69600", "2005-09-30": "1.12950"}, "Gross Margin": {"2019-12-31": "", "2018-12-31": "", "2017-12-31": "", "2016-12-31": "", "2015-12-31": "", "2014-12-31": "", "2014-09-30": "", "2013-09-30": "", "2012-09-30": "", "2011-09-30": "", "2010-09-30": "", "2009-09-30": "", "2008-09-30": "", "2007-09-30": "", "2006-09-30": "", "2005-09-30": ""}, "Operating Margin": {"2019-12-31": "", "2018-12-31": "", "2017-12-31": "", "2016-12-31": "", "2015-12-31": "", "2014-12-31": "", "2014-09-30": "", "2013-09-30": "", "2012-09-30": "", "2011-09-30": "", "2010-09-30": "", "2009-09-30": "", "2008-09-30": "", "2007-09-30": "", "2006-09-30": "", "2005-09-30": ""}, "EBIT Margin": {"2019-12-31": "", "2018-12-31": "", "2017-12-31": "", "2016-12-31": "", "2015-12-31": "", "2014-12-31": "", "2014-09-30": "", "2013-09-30": "", "2012-09-30": "", "2011-09-30": "", "2010-09-30": "", "2009-09-30": "", "2008-09-30": "", "2007-09-30": "", "2006-09-30": "", "2005-09-30": ""}, "EBITDA Margin": {"2019-12-31": "", "2018-12-31": "", "2017-12-31": "", "2016-12-31": "", "2015-12-31": "", "2014-12-31": "", "2014-09-30": "", "2013-09-30": "", "2012-09-30": "", "2011-09-30": "", "2010-09-30": "", "2009-09-30": "", "2008-09-30": "", "2007-09-30": "", "2006-09-30": "", "2005-09-30": ""}, "Pre-Tax Profit Margin": {"2019-12-31": "53.79200", "2018-12-31": "55.26350", "2017-12-31": "29.45740", "2016-12-31": "45.54670", "2015-12-31": "27.33970", "2014-12-31": "", "2014-09-30": "15.36190", "2013-09-30": "28.71220", "2012-09-30": "22.07300", "2011-09-30": "13.89870", "2010-09-30": "24.75690", "2009-09-30": "31.00590", "2008-09-30": "30.84940", "2007-09-30": "27.42960", "2006-09-30": "29.24570", "2005-09-30": "31.49240"}, "Net Profit Margin": {"2019-12-31": "41.75200", "2018-12-31": "42.87290", "2017-12-31": "14.81720", "2016-12-31": "30.74580", "2015-12-31": "18.45380", "2014-12-31": "", "2014-09-30": "11.23940", "2013-09-30": "19.77460", "2012-09-30": "16.85370", "2011-09-30": "11.21660", "2010-09-30": "18.53890", "2009-09-30": "22.25120", "2008-09-30": "21.77830", "2007-09-30": "19.09560", "2006-09-30": "20.05280", "2005-09-30": "20.61770"}, "Asset Turnover": {"2019-12-31": "0.03280", "2018-12-31": "0.03260", "2017-12-31": "0.02020", "2016-12-31": "0.03210", "2015-12-31": "0.03000", "2014-12-31": "", "2014-09-30": "0.03360", "2013-09-30": "0.03150", "2012-09-30": "0.02930", "2011-09-30": "0.03340", "2010-09-30": "0.03660", "2009-09-30": "0.03850", "2008-09-30": "0.03660", "2007-09-30": "0.03670", "2006-09-30": "0.03540", "2005-09-30": "0.03970"}, "Inventory Turnover Ratio": {"2019-12-31": "", "2018-12-31": "", "2017-12-31": "", "2016-12-31": "", "2015-12-31": "", "2014-12-31": "", "2014-09-30": "", "2013-09-30": "", "2012-09-30": "", "2011-09-30": "", "2010-09-30": "", "2009-09-30": "", "2008-09-30": "", "2007-09-30": "", "2006-09-30": "", "2005-09-30": ""}, "Receiveable Turnover": {"2019-12-31": "", "2018-12-31": "", "2017-12-31": "", "2016-12-31": "", "2015-12-31": "", "2014-12-31": "", "2014-09-30": "", "2013-09-30": "", "2012-09-30": "", "2011-09-30": "", "2010-09-30": "", "2009-09-30": "", "2008-09-30": "", "2007-09-30": "", "2006-09-30": "", "2005-09-30": ""}, "Days Sales In Receivables": {"2019-12-31": "", "2018-12-31": "", "2017-12-31": "", "2016-12-31": "", "2015-12-31": "", "2014-12-31": "", "2014-09-30": "", "2013-09-30": "", "2012-09-30": "", "2011-09-30": "", "2010-09-30": "", "2009-09-30": "", "2008-09-30": "", "2007-09-30": "", "2006-09-30": "", "2005-09-30": ""}, "ROE - Return On Equity": {"2019-12-31": "9.72200", "2018-12-31": "10.42450", "2017-12-31": "2.26850", "2016-12-31": "7.54490", "2015-12-31": "3.97060", "2014-12-31": "", "2014-09-30": "2.87970", "2013-09-30": "5.23000", "2012-09-30": "4.04950", "2011-09-30": "2.72280", "2010-09-30": "4.75500", "2009-09-30": "6.05000", "2008-09-30": "5.95700", "2007-09-30": "4.84510", "2006-09-30": "4.98290", "2005-09-30": "5.37560"}, "Return On Tangible Equity": {"2019-12-31": "15.60670", "2018-12-31": "16.64960", "2017-12-31": "3.71070", "2016-12-31": "12.81520", "2015-12-31": "7.20980", "2014-12-31": "", "2014-09-30": "5.25260", "2013-09-30": "8.04630", "2012-09-30": "6.20120", "2011-09-30": "4.41910", "2010-09-30": "7.69060", "2009-09-30": "9.90440", "2008-09-30": "10.31030", "2007-09-30": "8.39970", "2006-09-30": "8.73180", "2005-09-30": "9.53010"}, "ROA - Return On Assets": {"2019-12-31": "1.39620", "2018-12-31": "1.42510", "2017-12-31": "0.30640", "2016-12-31": "0.98720", "2015-12-31": "0.55300", "2014-12-31": "", "2014-09-30": "0.37720", "2013-09-30": "0.62370", "2012-09-30": "0.49440", "2011-09-30": "0.37420", "2010-09-30": "0.67830", "2009-09-30": "0.85580", "2008-09-30": "0.79680", "2007-09-30": "0.70040", "2006-09-30": "0.71080", "2005-09-30": "0.81750"}, "ROI - Return On Investment": {"2019-12-31": "5.71340", "2018-12-31": "4.60330", "2017-12-31": "0.99460", "2016-12-31": "3.56580", "2015-12-31": "2.06340", "2014-12-31": "", "2014-09-30": "1.45310", "2013-09-30": "2.39040", "2012-09-30": "2.34470", "2011-09-30": "1.43890", "2010-09-30": "2.39840", "2009-09-30": "2.81720", "2008-09-30": "2.44520", "2007-09-30": "1.83030", "2006-09-30": "1.84830", "2005-09-30": "2.52440"}, "Book Value Per Share": {"2019-12-31": "22.82690", "2018-12-31": "20.48230", "2017-12-31": "18.86340", "2016-12-31": "13.71590", "2015-12-31": "12.80760", "2014-12-31": "", "2014-09-30": "11.49300", "2013-09-30": "10.88740", "2012-09-30": "11.11820", "2011-09-30": "11.38640", "2010-09-30": "11.26330", "2009-09-30": "10.80880", "2008-09-30": "10.02530", "2007-09-30": "9.82490", "2006-09-30": "9.49170", "2005-09-30": "9.08280"}, "Operating Cash Flow Per Share": {"2019-12-31": 0.3692, "2018-12-31": 0.2217, "2017-12-31": 0.0187, "2016-12-31": 0.6839, "2015-12-31": 0.8317, "2014-12-31": -1.5852, "2014-09-30": 1.0685, "2013-09-30": -0.1376, "2012-09-30": -0.0526, "2011-09-30": 0.1344, "2010-09-30": 0.038, "2009-09-30": -0.493, "2008-09-30": 0.1735, "2007-09-30": 0.2791, "2006-09-30": -0.2143, "2005-09-30": 0.7892}, "Free Cash Flow Per Share": {"2019-12-31": 0.2469, "2018-12-31": 0.4276, "2017-12-31": -0.0019, "2016-12-31": 0.7252, "2015-12-31": 0.7587, "2014-12-31": -1.557, "2014-09-30": 1.0941, "2013-09-30": -0.1449, "2012-09-30": -0.0066, "2011-09-30": 0.2541, "2010-09-30": 0.036, "2009-09-30": -0.4163, "2008-09-30": -0.0509, "2007-09-30": 0.3055, "2006-09-30": -0.1637, "2005-09-30": 0.6497}}, "financial ratios, quarterly": {"Current Ratio": {"2020-09-30": "", "2020-06-30": "", "2020-03-31": "", "2019-12-31": "", "2019-09-30": "", "2019-06-30": "", "2019-03-31": "", "2018-12-31": "", "2018-09-30": "", "2018-06-30": "", "2018-03-31": "", "2017-12-31": "", "2017-09-30": "", "2017-06-30": "", "2017-03-31": "", "2016-12-31": "", "2016-09-30": "", "2016-06-30": "", "2016-03-31": "", "2015-12-31": "", "2015-09-30": "", "2015-06-30": "", "2015-03-31": "", "2014-12-31": "", "2014-09-30": "", "2014-06-30": "", "2014-03-31": "", "2013-12-31": "", "2013-09-30": "", "2013-06-30": "", "2013-03-31": "", "2012-12-31": "", "2012-09-30": "", "2012-06-30": "", "2012-03-31": "", "2011-12-31": "", "2011-09-30": "", "2011-06-30": "", "2011-03-31": "", "2010-12-31": "", "2010-09-30": "", "2010-06-30": "", "2010-03-31": "", "2009-12-31": "", "2009-09-30": "", "2009-06-30": "", "2009-03-31": "", "2008-12-31": "", "2008-09-30": "", "2008-06-30": "", "2008-03-31": "", "2007-12-31": "", "2007-09-30": "", "2007-06-30": "", "2007-03-31": "", "2006-12-31": "", "2006-09-30": "", "2006-06-30": "", "2006-03-31": "", "2005-12-31": "", "2005-09-30": "", "2005-06-30": "", "2005-03-31": ""}, "Long-term Debt / Capital": {"2020-09-30": "0.17400", "2020-06-30": "0.25260", "2020-03-31": "0.37870", "2019-12-31": "0.39390", "2019-09-30": "0.41890", "2019-06-30": "0.48550", "2019-03-31": "0.45810", "2018-12-31": "0.54420", "2018-09-30": "0.52590", "2018-06-30": "0.56560", "2018-03-31": "0.54360", "2017-12-31": "0.54670", "2017-09-30": "0.63790", "2017-06-30": "0.58100", "2017-03-31": "0.55360", "2016-12-31": "0.52740", "2016-09-30": "0.45390", "2016-06-30": "0.43270", "2016-03-31": "0.49890", "2015-12-31": "0.48030", "2015-09-30": "0.36800", "2015-06-30": "0.36350", "2015-03-31": "0.47730", "2014-12-31": "", "2014-09-30": "", "2014-06-30": "0.52780", "2014-03-31": "0.40720", "2013-12-31": "0.43410", "2013-09-30": "", "2013-06-30": "0.54650", "2013-03-31": "0.43800", "2012-12-31": "0.42500", "2012-09-30": "", "2012-06-30": "0.43210", "2012-03-31": "0.42800", "2011-12-31": "0.52670", "2011-09-30": "", "2011-06-30": "0.49950", "2011-03-31": "0.48370", "2010-12-31": "0.55000", "2010-09-30": "", "2010-06-30": "0.56060", "2010-03-31": "0.53510", "2009-12-31": "0.58830", "2009-09-30": "", "2009-06-30": "0.54720", "2009-03-31": "0.54410", "2008-12-31": "0.58250", "2008-09-30": "", "2008-06-30": "0.61990", "2008-03-31": "0.62330", "2007-12-31": "0.63530", "2007-09-30": "", "2007-06-30": "0.60380", "2007-03-31": "0.60360", "2006-12-31": "0.60680", "2006-09-30": "", "2006-06-30": "0.61350", "2006-03-31": "0.58950", "2005-12-31": "0.58140", "2005-09-30": "", "2005-06-30": "0.49460", "2005-03-31": "0.49660"}, "Debt/Equity Ratio": {"2020-09-30": "0.21060", "2020-06-30": "0.33800", "2020-03-31": "0.60940", "2019-12-31": "0.64990", "2019-09-30": "0.72080", "2019-06-30": "0.94350", "2019-03-31": "0.84530", "2018-12-31": "1.19380", "2018-09-30": "1.10920", "2018-06-30": "1.30220", "2018-03-31": "1.19080", "2017-12-31": "1.20600", "2017-09-30": "1.76160", "2017-06-30": "1.38670", "2017-03-31": "1.23990", "2016-12-31": "1.11590", "2016-09-30": "0.83130", "2016-06-30": "0.76280", "2016-03-31": "0.99550", "2015-12-31": "0.92440", "2015-09-30": "0.58220", "2015-06-30": "0.57120", "2015-03-31": "0.91320", "2014-12-31": "", "2014-09-30": "", "2014-06-30": "1.11780", "2014-03-31": "0.68690", "2013-12-31": "0.76720", "2013-09-30": "", "2013-06-30": "1.20530", "2013-03-31": "0.77940", "2012-12-31": "0.73900", "2012-09-30": "", "2012-06-30": "0.76100", "2012-03-31": "0.74840", "2011-12-31": "1.11300", "2011-09-30": "", "2011-06-30": "0.99790", "2011-03-31": "0.93680", "2010-12-31": "1.22220", "2010-09-30": "", "2010-06-30": "1.27570", "2010-03-31": "1.15110", "2009-12-31": "1.42900", "2009-09-30": "", "2009-06-30": "1.20830", "2009-03-31": "1.19330", "2008-12-31": "1.39500", "2008-09-30": "", "2008-06-30": "1.63110", "2008-03-31": "1.65470", "2007-12-31": "1.74180", "2007-09-30": "", "2007-06-30": "1.52430", "2007-03-31": "1.52290", "2006-12-31": "1.54320", "2006-09-30": "", "2006-06-30": "1.58720", "2006-03-31": "1.43590", "2005-12-31": "1.38900", "2005-09-30": "", "2005-06-30": "0.97870", "2005-03-31": "0.98660"}, "Gross Margin": {"2020-09-30": "", "2020-06-30": "", "2020-03-31": "", "2019-12-31": "", "2019-09-30": "", "2019-06-30": "", "2019-03-31": "", "2018-12-31": "", "2018-09-30": "", "2018-06-30": "", "2018-03-31": "", "2017-12-31": "", "2017-09-30": "", "2017-06-30": "", "2017-03-31": "", "2016-12-31": "", "2016-09-30": "", "2016-06-30": "", "2016-03-31": "", "2015-12-31": "", "2015-09-30": "", "2015-06-30": "", "2015-03-31": "", "2014-12-31": "", "2014-09-30": "", "2014-06-30": "", "2014-03-31": "", "2013-12-31": "", "2013-09-30": "", "2013-06-30": "", "2013-03-31": "", "2012-12-31": "", "2012-09-30": "", "2012-06-30": "", "2012-03-31": "", "2011-12-31": "", "2011-09-30": "", "2011-06-30": "", "2011-03-31": "", "2010-12-31": "", "2010-09-30": "", "2010-06-30": "", "2010-03-31": "", "2009-12-31": "", "2009-09-30": "", "2009-06-30": "", "2009-03-31": "", "2008-12-31": "", "2008-09-30": "", "2008-06-30": "", "2008-03-31": "", "2007-12-31": "", "2007-09-30": "", "2007-06-30": "", "2007-03-31": "", "2006-12-31": "", "2006-09-30": "", "2006-06-30": "", "2006-03-31": "", "2005-12-31": "", "2005-09-30": "", "2005-06-30": "", "2005-03-31": ""}, "Operating Margin": {"2020-09-30": "", "2020-06-30": "", "2020-03-31": "", "2019-12-31": "", "2019-09-30": "", "2019-06-30": "", "2019-03-31": "", "2018-12-31": "", "2018-09-30": "", "2018-06-30": "", "2018-03-31": "", "2017-12-31": "", "2017-09-30": "", "2017-06-30": "", "2017-03-31": "", "2016-12-31": "", "2016-09-30": "", "2016-06-30": "", "2016-03-31": "", "2015-12-31": "", "2015-09-30": "", "2015-06-30": "", "2015-03-31": "", "2014-12-31": "", "2014-09-30": "", "2014-06-30": "", "2014-03-31": "", "2013-12-31": "", "2013-09-30": "", "2013-06-30": "", "2013-03-31": "", "2012-12-31": "", "2012-09-30": "", "2012-06-30": "", "2012-03-31": "", "2011-12-31": "", "2011-09-30": "", "2011-06-30": "", "2011-03-31": "", "2010-12-31": "", "2010-09-30": "", "2010-06-30": "", "2010-03-31": "", "2009-12-31": "", "2009-09-30": "", "2009-06-30": "", "2009-03-31": "", "2008-12-31": "", "2008-09-30": "", "2008-06-30": "", "2008-03-31": "", "2007-12-31": "", "2007-09-30": "", "2007-06-30": "", "2007-03-31": "", "2006-12-31": "", "2006-09-30": "", "2006-06-30": "", "2006-03-31": "", "2005-12-31": "", "2005-09-30": "", "2005-06-30": "", "2005-03-31": ""}, "EBIT Margin": {"2020-09-30": "", "2020-06-30": "", "2020-03-31": "", "2019-12-31": "", "2019-09-30": "", "2019-06-30": "", "2019-03-31": "", "2018-12-31": "", "2018-09-30": "", "2018-06-30": "", "2018-03-31": "", "2017-12-31": "", "2017-09-30": "", "2017-06-30": "", "2017-03-31": "", "2016-12-31": "", "2016-09-30": "", "2016-06-30": "", "2016-03-31": "", "2015-12-31": "", "2015-09-30": "", "2015-06-30": "", "2015-03-31": "", "2014-12-31": "", "2014-09-30": "", "2014-06-30": "", "2014-03-31": "", "2013-12-31": "", "2013-09-30": "", "2013-06-30": "", "2013-03-31": "", "2012-12-31": "", "2012-09-30": "", "2012-06-30": "", "2012-03-31": "", "2011-12-31": "", "2011-09-30": "", "2011-06-30": "", "2011-03-31": "", "2010-12-31": "", "2010-09-30": "", "2010-06-30": "", "2010-03-31": "", "2009-12-31": "", "2009-09-30": "", "2009-06-30": "", "2009-03-31": "", "2008-12-31": "", "2008-09-30": "", "2008-06-30": "", "2008-03-31": "", "2007-12-31": "", "2007-09-30": "", "2007-06-30": "", "2007-03-31": "", "2006-12-31": "", "2006-09-30": "", "2006-06-30": "", "2006-03-31": "", "2005-12-31": "", "2005-09-30": "", "2005-06-30": "", "2005-03-31": ""}, "EBITDA Margin": {"2020-09-30": "", "2020-06-30": "", "2020-03-31": "", "2019-12-31": "", "2019-09-30": "", "2019-06-30": "", "2019-03-31": "", "2018-12-31": "", "2018-09-30": "", "2018-06-30": "", "2018-03-31": "", "2017-12-31": "", "2017-09-30": "", "2017-06-30": "", "2017-03-31": "", "2016-12-31": "", "2016-09-30": "", "2016-06-30": "", "2016-03-31": "", "2015-12-31": "", "2015-09-30": "", "2015-06-30": "", "2015-03-31": "", "2014-12-31": "", "2014-09-30": "", "2014-06-30": "", "2014-03-31": "", "2013-12-31": "", "2013-09-30": "", "2013-06-30": "", "2013-03-31": "", "2012-12-31": "", "2012-09-30": "", "2012-06-30": "", "2012-03-31": "", "2011-12-31": "", "2011-09-30": "", "2011-06-30": "", "2011-03-31": "", "2010-12-31": "", "2010-09-30": "", "2010-06-30": "", "2010-03-31": "", "2009-12-31": "", "2009-09-30": "", "2009-06-30": "", "2009-03-31": "", "2008-12-31": "", "2008-09-30": "", "2008-06-30": "", "2008-03-31": "", "2007-12-31": "", "2007-09-30": "", "2007-06-30": "", "2007-03-31": "", "2006-12-31": "", "2006-09-30": "", "2006-06-30": "", "2006-03-31": "", "2005-12-31": "", "2005-09-30": "", "2005-06-30": "", "2005-03-31": ""}, "Pre-Tax Profit Margin": {"2020-09-30": "44.75240", "2020-06-30": "31.67800", "2020-03-31": "5.05310", "2019-12-31": "53.82960", "2019-09-30": "59.28300", "2019-06-30": "48.68980", "2019-03-31": "53.04590", "2018-12-31": "56.86790", "2018-09-30": "56.77670", "2018-06-30": "53.91540", "2018-03-31": "53.45290", "2017-12-31": "-2.02170", "2017-09-30": "51.48260", "2017-06-30": "51.25110", "2017-03-31": "48.47430", "2016-12-31": "51.55950", "2016-09-30": "46.63880", "2016-06-30": "48.50720", "2016-03-31": "34.31390", "2015-12-31": "45.82890", "2015-09-30": "33.44750", "2015-06-30": "-15.23990", "2015-03-31": "35.11880", "2014-12-31": "", "2014-09-30": "-31.46660", "2014-06-30": "31.93480", "2014-03-31": "24.20390", "2013-12-31": "", "2013-09-30": "", "2013-06-30": "29.70840", "2013-03-31": "27.22710", "2012-12-31": "", "2012-09-30": "", "2012-06-30": "28.86480", "2012-03-31": "26.65200", "2011-12-31": "", "2011-09-30": "", "2011-06-30": "7.17420", "2011-03-31": "16.84730", "2010-12-31": "", "2010-09-30": "", "2010-06-30": "22.40260", "2010-03-31": "20.24330", "2009-12-31": "", "2009-09-30": "", "2009-06-30": "37.59750", "2009-03-31": "27.41340", "2008-12-31": "", "2008-09-30": "", "2008-06-30": "31.84600", "2008-03-31": "27.19860", "2007-12-31": "", "2007-09-30": "", "2007-06-30": "29.23210", "2007-03-31": "25.63570", "2006-12-31": "", "2006-09-30": "", "2006-06-30": "29.92430", "2006-03-31": "26.44320", "2005-12-31": "", "2005-09-30": "", "2005-06-30": "31.48130", "2005-03-31": "32.03250"}, "Net Profit Margin": {"2020-09-30": "38.15710", "2020-06-30": "26.70930", "2020-03-31": "10.07380", "2019-12-31": "41.88010", "2019-09-30": "46.07560", "2019-06-30": "38.18680", "2019-03-31": "40.60710", "2018-12-31": "44.14490", "2018-09-30": "45.49870", "2018-06-30": "41.40600", "2018-03-31": "40.35080", "2017-12-31": "-14.35830", "2017-09-30": "34.75260", "2017-06-30": "34.64730", "2017-03-31": "33.35470", "2016-12-31": "34.80930", "2016-09-30": "32.07540", "2016-06-30": "32.61040", "2016-03-31": "22.64720", "2015-12-31": "30.93210", "2015-09-30": "22.57740", "2015-06-30": "-10.28640", "2015-03-31": "23.70540", "2014-12-31": "", "2014-09-30": "-21.03380", "2014-06-30": "22.75360", "2014-03-31": "16.76100", "2013-12-31": "", "2013-09-30": "", "2013-06-30": "20.56910", "2013-03-31": "20.35800", "2012-12-31": "", "2012-09-30": "", "2012-06-30": "20.87130", "2012-03-31": "19.64100", "2011-12-31": "", "2011-09-30": "", "2011-06-30": "7.93990", "2011-03-31": "13.63430", "2010-12-31": "", "2010-09-30": "", "2010-06-30": "17.79340", "2010-03-31": "15.69670", "2009-12-31": "", "2009-09-30": "", "2009-06-30": "25.95630", "2009-03-31": "20.04480", "2008-12-31": "", "2008-09-30": "", "2008-06-30": "22.67370", "2008-03-31": "19.55450", "2007-12-31": "", "2007-09-30": "", "2007-06-30": "20.19390", "2007-03-31": "17.74720", "2006-12-31": "", "2006-09-30": "", "2006-06-30": "21.60030", "2006-03-31": "17.85720", "2005-12-31": "", "2005-09-30": "", "2005-06-30": "21.37410", "2005-03-31": "20.62760"}, "Asset Turnover": {"2020-09-30": "0.00710", "2020-06-30": "0.00590", "2020-03-31": "0.00400", "2019-12-31": "0.00820", "2019-09-30": "0.00870", "2019-06-30": "0.00820", "2019-03-31": "0.00820", "2018-12-31": "0.00810", "2018-09-30": "0.00830", "2018-06-30": "0.00860", "2018-03-31": "0.00790", "2017-12-31": "0.00810", "2017-09-30": "0.00770", "2017-06-30": "0.00800", "2017-03-31": "0.00800", "2016-12-31": "0.00830", "2016-09-30": "0.00860", "2016-06-30": "0.00890", "2016-03-31": "0.00820", "2015-12-31": "0.00890", "2015-09-30": "0.00920", "2015-06-30": "0.00640", "2015-03-31": "0.00920", "2014-12-31": "", "2014-09-30": "", "2014-06-30": "0.00910", "2014-03-31": "0.00890", "2013-12-31": "", "2013-09-30": "", "2013-06-30": "0.00810", "2013-03-31": "0.00860", "2012-12-31": "", "2012-09-30": "", "2012-06-30": "0.00940", "2012-03-31": "0.00900", "2011-12-31": "", "2011-09-30": "", "2011-06-30": "0.00820", "2011-03-31": "0.00900", "2010-12-31": "", "2010-09-30": "", "2010-06-30": "0.00900", "2010-03-31": "0.00900", "2009-12-31": "", "2009-09-30": "", "2009-06-30": "0.01220", "2009-03-31": "0.00940", "2008-12-31": "", "2008-09-30": "", "2008-06-30": "0.00980", "2008-03-31": "0.00920", "2007-12-31": "", "2007-09-30": "", "2007-06-30": "0.00970", "2007-03-31": "0.00890", "2006-12-31": "", "2006-09-30": "", "2006-06-30": "0.00930", "2006-03-31": "0.00900", "2005-12-31": "", "2005-09-30": "", "2005-06-30": "0.01030", "2005-03-31": "0.01000"}, "Inventory Turnover Ratio": {"2020-09-30": "", "2020-06-30": "", "2020-03-31": "", "2019-12-31": "", "2019-09-30": "", "2019-06-30": "", "2019-03-31": "", "2018-12-31": "", "2018-09-30": "", "2018-06-30": "", "2018-03-31": "", "2017-12-31": "", "2017-09-30": "", "2017-06-30": "", "2017-03-31": "", "2016-12-31": "", "2016-09-30": "", "2016-06-30": "", "2016-03-31": "", "2015-12-31": "", "2015-09-30": "", "2015-06-30": "", "2015-03-31": "", "2014-12-31": "", "2014-09-30": "", "2014-06-30": "", "2014-03-31": "", "2013-12-31": "", "2013-09-30": "", "2013-06-30": "", "2013-03-31": "", "2012-12-31": "", "2012-09-30": "", "2012-06-30": "", "2012-03-31": "", "2011-12-31": "", "2011-09-30": "", "2011-06-30": "", "2011-03-31": "", "2010-12-31": "", "2010-09-30": "", "2010-06-30": "", "2010-03-31": "", "2009-12-31": "", "2009-09-30": "", "2009-06-30": "", "2009-03-31": "", "2008-12-31": "", "2008-09-30": "", "2008-06-30": "", "2008-03-31": "", "2007-12-31": "", "2007-09-30": "", "2007-06-30": "", "2007-03-31": "", "2006-12-31": "", "2006-09-30": "", "2006-06-30": "", "2006-03-31": "", "2005-12-31": "", "2005-09-30": "", "2005-06-30": "", "2005-03-31": ""}, "Receiveable Turnover": {"2020-09-30": "", "2020-06-30": "", "2020-03-31": "", "2019-12-31": "", "2019-09-30": "", "2019-06-30": "", "2019-03-31": "", "2018-12-31": "", "2018-09-30": "", "2018-06-30": "", "2018-03-31": "", "2017-12-31": "", "2017-09-30": "", "2017-06-30": "", "2017-03-31": "", "2016-12-31": "", "2016-09-30": "", "2016-06-30": "", "2016-03-31": "", "2015-12-31": "", "2015-09-30": "", "2015-06-30": "", "2015-03-31": "", "2014-12-31": "", "2014-09-30": "", "2014-06-30": "", "2014-03-31": "", "2013-12-31": "", "2013-09-30": "", "2013-06-30": "", "2013-03-31": "", "2012-12-31": "", "2012-09-30": "", "2012-06-30": "", "2012-03-31": "", "2011-12-31": "", "2011-09-30": "", "2011-06-30": "", "2011-03-31": "", "2010-12-31": "", "2010-09-30": "", "2010-06-30": "", "2010-03-31": "", "2009-12-31": "", "2009-09-30": "", "2009-06-30": "", "2009-03-31": "", "2008-12-31": "", "2008-09-30": "", "2008-06-30": "", "2008-03-31": "", "2007-12-31": "", "2007-09-30": "", "2007-06-30": "", "2007-03-31": "", "2006-12-31": "", "2006-09-30": "", "2006-06-30": "", "2006-03-31": "", "2005-12-31": "", "2005-09-30": "", "2005-06-30": "", "2005-03-31": ""}, "Days Sales In Receivables": {"2020-09-30": "", "2020-06-30": "", "2020-03-31": "", "2019-12-31": "", "2019-09-30": "", "2019-06-30": "", "2019-03-31": "", "2018-12-31": "", "2018-09-30": "", "2018-06-30": "", "2018-03-31": "", "2017-12-31": "", "2017-09-30": "", "2017-06-30": "", "2017-03-31": "", "2016-12-31": "", "2016-09-30": "", "2016-06-30": "", "2016-03-31": "", "2015-12-31": "", "2015-09-30": "", "2015-06-30": "", "2015-03-31": "", "2014-12-31": "", "2014-09-30": "", "2014-06-30": "", "2014-03-31": "", "2013-12-31": "", "2013-09-30": "", "2013-06-30": "", "2013-03-31": "", "2012-12-31": "", "2012-09-30": "", "2012-06-30": "", "2012-03-31": "", "2011-12-31": "", "2011-09-30": "", "2011-06-30": "", "2011-03-31": "", "2010-12-31": "", "2010-09-30": "", "2010-06-30": "", "2010-03-31": "", "2009-12-31": "", "2009-09-30": "", "2009-06-30": "", "2009-03-31": "", "2008-12-31": "", "2008-09-30": "", "2008-06-30": "", "2008-03-31": "", "2007-12-31": "", "2007-09-30": "", "2007-06-30": "", "2007-03-31": "", "2006-12-31": "", "2006-09-30": "", "2006-06-30": "", "2006-03-31": "", "2005-12-31": "", "2005-09-30": "", "2005-06-30": "", "2005-03-31": ""}, "ROE - Return On Equity": {"2020-09-30": "1.90930", "2020-06-30": "1.16840", "2020-03-31": "0.33010", "2019-12-31": "2.42910", "2019-09-30": "2.79360", "2019-06-30": "2.23230", "2019-03-31": "2.36950", "2018-12-31": "2.66850", "2018-09-30": "2.78280", "2018-06-30": "2.71100", "2018-03-31": "2.39130", "2017-12-31": "-0.81170", "2017-09-30": "2.27500", "2017-06-30": "2.19530", "2017-03-31": "2.06860", "2016-12-31": "2.21080", "2016-09-30": "2.12000", "2016-06-30": "2.17570", "2016-03-31": "1.39950", "2015-12-31": "1.96920", "2015-09-30": "1.46430", "2015-06-30": "-0.47110", "2015-03-31": "1.55270", "2014-12-31": "", "2014-09-30": "", "2014-06-30": "1.57440", "2014-03-31": "1.10330", "2013-12-31": "", "2013-09-30": "", "2013-06-30": "1.32790", "2013-03-31": "1.31980", "2012-12-31": "", "2012-09-30": "", "2012-06-30": "1.39630", "2012-03-31": "1.29660", "2011-12-31": "", "2011-09-30": "", "2011-06-30": "0.45190", "2011-03-31": "0.85020", "2010-12-31": "", "2010-09-30": "", "2010-06-30": "1.10830", "2010-03-31": "0.98660", "2009-12-31": "", "2009-09-30": "", "2009-06-30": "2.12700", "2009-03-31": "1.31560", "2008-12-31": "", "2008-09-30": "", "2008-06-30": "1.57200", "2008-03-31": "1.24530", "2007-12-31": "", "2007-09-30": "", "2007-06-30": "1.35120", "2007-03-31": "1.07410", "2006-12-31": "", "2006-09-30": "", "2006-06-30": "1.42050", "2006-03-31": "1.13740", "2005-12-31": "", "2005-09-30": "", "2005-06-30": "1.41580", "2005-03-31": "1.26720"}, "Return On Tangible Equity": {"2020-09-30": "3.04000", "2020-06-30": "1.88210", "2020-03-31": "0.53730", "2019-12-31": "3.89940", "2019-09-30": "4.45590", "2019-06-30": "3.59740", "2019-03-31": "3.84710", "2018-12-31": "4.26210", "2018-09-30": "4.44280", "2018-06-30": "4.39670", "2018-03-31": "3.88230", "2017-12-31": "-1.32780", "2017-09-30": "3.69090", "2017-06-30": "3.61500", "2017-03-31": "3.46360", "2016-12-31": "3.75510", "2016-09-30": "3.74480", "2016-06-30": "3.90640", "2016-03-31": "2.56720", "2015-12-31": "3.57570", "2015-09-30": "2.68610", "2015-06-30": "-0.87960", "2015-03-31": "2.67230", "2014-12-31": "", "2014-09-30": "", "2014-06-30": "2.89650", "2014-03-31": "2.07160", "2013-12-31": "", "2013-09-30": "", "2013-06-30": "2.05120", "2013-03-31": "2.00860", "2012-12-31": "", "2012-09-30": "", "2012-06-30": "2.21680", "2012-03-31": "2.07430", "2011-12-31": "", "2011-09-30": "", "2011-06-30": "0.73670", "2011-03-31": "1.39270", "2010-12-31": "", "2010-09-30": "", "2010-06-30": "1.80030", "2010-03-31": "1.62150", "2009-12-31": "", "2009-09-30": "", "2009-06-30": "3.52480", "2009-03-31": "2.18260", "2008-12-31": "", "2008-09-30": "", "2008-06-30": "2.72620", "2008-03-31": "2.14190", "2007-12-31": "", "2007-09-30": "", "2007-06-30": "2.36980", "2007-03-31": "1.84460", "2006-12-31": "", "2006-09-30": "", "2006-06-30": "2.55830", "2006-03-31": "2.02390", "2005-12-31": "", "2005-09-30": "", "2005-06-30": "2.49500", "2005-03-31": "2.18810"}, "ROA - Return On Assets": {"2020-09-30": "0.27570", "2020-06-30": "0.16470", "2020-03-31": "0.04660", "2019-12-31": "0.34880", "2019-09-30": "0.40710", "2019-06-30": "0.31900", "2019-03-31": "0.33860", "2018-12-31": "0.36480", "2018-09-30": "0.38270", "2018-06-30": "0.36310", "2018-03-31": "0.32450", "2017-12-31": "-0.10960", "2017-09-30": "0.26730", "2017-06-30": "0.27570", "2017-03-31": "0.26650", "2016-12-31": "0.28930", "2016-09-30": "0.27480", "2016-06-30": "0.28910", "2016-03-31": "0.18470", "2015-12-31": "0.27420", "2015-09-30": "0.20860", "2015-06-30": "-0.06610", "2015-03-31": "0.21710", "2014-12-31": "", "2014-09-30": "", "2014-06-30": "0.20700", "2014-03-31": "0.14920", "2013-12-31": "", "2013-09-30": "", "2013-06-30": "0.16670", "2013-03-31": "0.17600", "2012-12-31": "", "2012-09-30": "", "2012-06-30": "0.19710", "2012-03-31": "0.17760", "2011-12-31": "", "2011-09-30": "", "2011-06-30": "0.06520", "2011-03-31": "0.12240", "2010-12-31": "", "2010-09-30": "", "2010-06-30": "0.16050", "2010-03-31": "0.14190", "2009-12-31": "", "2009-09-30": "", "2009-06-30": "0.31690", "2009-03-31": "0.18760", "2008-12-31": "", "2008-09-30": "", "2008-06-30": "0.22120", "2008-03-31": "0.18000", "2007-12-31": "", "2007-09-30": "", "2007-06-30": "0.19530", "2007-03-31": "0.15820", "2006-12-31": "", "2006-09-30": "", "2006-06-30": "0.20000", "2006-03-31": "0.16040", "2005-12-31": "", "2005-09-30": "", "2005-06-30": "0.22110", "2005-03-31": "0.20570"}, "ROI - Return On Investment": {"2020-09-30": "1.52970", "2020-06-30": "0.84660", "2020-03-31": "0.19880", "2019-12-31": "1.42750", "2019-09-30": "1.57390", "2019-06-30": "1.11300", "2019-03-31": "1.24390", "2018-12-31": "1.17840", "2018-09-30": "1.27820", "2018-06-30": "1.14000", "2018-03-31": "1.05600", "2017-12-31": "-0.35590", "2017-09-30": "0.82380", "2017-06-30": "0.91980", "2017-03-31": "0.92350", "2016-12-31": "1.04480", "2016-09-30": "1.15770", "2016-06-30": "1.23420", "2016-03-31": "0.70130", "2015-12-31": "1.02330", "2015-09-30": "0.92550", "2015-06-30": "-0.29980", "2015-03-31": "0.81160", "2014-12-31": "", "2014-09-30": "", "2014-06-30": "0.74340", "2014-03-31": "0.65410", "2013-12-31": "", "2013-09-30": "", "2013-06-30": "0.60210", "2013-03-31": "0.74170", "2012-12-31": "", "2012-09-30": "", "2012-06-30": "0.79290", "2012-03-31": "0.74160", "2011-12-31": "", "2011-09-30": "", "2011-06-30": "0.22620", "2011-03-31": "0.43890", "2010-12-31": "", "2010-09-30": "", "2010-06-30": "0.48700", "2010-03-31": "0.45860", "2009-12-31": "", "2009-09-30": "", "2009-06-30": "0.96320", "2009-03-31": "0.59980", "2008-12-31": "", "2008-09-30": "", "2008-06-30": "0.59750", "2008-03-31": "0.46910", "2007-12-31": "", "2007-09-30": "", "2007-06-30": "0.53530", "2007-03-31": "0.42570", "2006-12-31": "", "2006-09-30": "", "2006-06-30": "0.54900", "2006-03-31": "0.46690", "2005-12-31": "", "2005-09-30": "", "2005-06-30": "0.71550", "2005-03-31": "0.63790"}, "Book Value Per Share": {"2020-09-30": "23.43830", "2020-06-30": "23.05980", "2020-03-31": "22.74200", "2019-12-31": "22.82690", "2019-09-30": "22.33760", "2019-06-30": "21.73220", "2019-03-31": "21.08800", "2018-12-31": "20.48230", "2018-09-30": "19.68680", "2018-06-30": "19.30520", "2018-03-31": "18.95520", "2017-12-31": "18.86340", "2017-09-30": "14.51670", "2017-06-30": "14.23720", "2017-03-31": "13.92740", "2016-12-31": "13.71590", "2016-09-30": "13.48950", "2016-06-30": "13.29040", "2016-03-31": "13.00760", "2015-12-31": "12.80760", "2015-09-30": "12.73180", "2015-06-30": "12.51340", "2015-03-31": "11.85820", "2014-12-31": "", "2014-09-30": "", "2014-06-30": "11.40460", "2014-03-31": "11.20930", "2013-12-31": "11.01900", "2013-09-30": "", "2013-06-30": "10.82600", "2013-03-31": "11.15400", "2012-12-31": "11.13630", "2012-09-30": "", "2012-06-30": "11.73300", "2012-03-31": "11.60190", "2011-12-31": "11.55350", "2011-09-30": "", "2011-06-30": "11.28870", "2011-03-31": "11.03850", "2010-12-31": "10.98570", "2010-09-30": "", "2010-06-30": "11.10890", "2010-03-31": "10.86880", "2009-12-31": "10.76080", "2009-09-30": "", "2009-06-30": "10.62210", "2009-03-31": "10.56770", "2008-12-31": "10.46870", "2008-09-30": "", "2008-06-30": "10.06910", "2008-03-31": "10.18220", "2007-12-31": "10.01680", "2007-09-30": "", "2007-06-30": "9.65580", "2007-03-31": "9.73730", "2006-12-31": "9.62820", "2006-09-30": "", "2006-06-30": "9.18500", "2006-03-31": "9.12910", "2005-12-31": "9.11960", "2005-09-30": "", "2005-06-30": "9.11520", "2005-03-31": "8.98300"}, "Operating Cash Flow Per Share": {"2020-09-30": 0.8844, "2020-06-30": 0.159, "2020-03-31": "0.01270", "2019-12-31": 0.4388, "2019-09-30": 0.6583, "2019-06-30": 0.5205, "2019-03-31": "0.50760", "2018-12-31": 0.4795, "2018-09-30": 0.4989, "2018-06-30": 0.4997, "2018-03-31": "0.27790", "2017-12-31": 0.1561, "2017-09-30": 0.4539, "2017-06-30": 0.4688, "2017-03-31": "0.45550", "2016-12-31": 0.9362, "2016-09-30": -0.1813, "2016-06-30": 0.7805, "2016-03-31": "-0.01980", "2015-12-31": 0.6144, "2015-09-30": 0.0248, "2015-06-30": 0.3649, "2015-03-31": "-0.17240", "2014-12-31": -1.5852, "2014-09-30": 0.9991, "2014-06-30": 0.2281, "2014-03-31": "0.35800", "2013-12-31": 0.1282, "2013-09-30": -0.3282, "2013-06-30": 0.2574, "2013-03-31": "0.07080", "2012-12-31": -0.373, "2012-09-30": -0.9435, "2012-06-30": 0.3788, "2012-03-31": "0.56470", "2011-12-31": 0.3851, "2011-09-30": -0.6172, "2011-06-30": 0.2671, "2011-03-31": "0.35010", "2010-12-31": 0.4451, "2010-09-30": -0.5707, "2010-06-30": 0.4509, "2010-03-31": "0.11980", "2009-12-31": 0.0786, "2009-09-30": -0.9824, "2009-06-30": 0.7187, "2009-03-31": "0.26370", "2008-12-31": 0.2177, "2008-09-30": -0.6164, "2008-06-30": 0.3239, "2008-03-31": "0.29250", "2007-12-31": 0.3775, "2007-09-30": -0.6921, "2007-06-30": 0.4553, "2007-03-31": "0.23680", "2006-12-31": 0.1376, "2006-09-30": -0.31, "2006-06-30": 0.2071, "2006-03-31": "0.10290", "2005-12-31": -0.0615, "2005-09-30": -0.2229, "2005-06-30": 0.1, "2005-03-31": "0.12290"}, "Free Cash Flow Per Share": {"2020-09-30": 0.9071, "2020-06-30": 0.1424, "2020-03-31": "-0.02030", "2019-12-31": 0.4705, "2019-09-30": 0.6876, "2019-06-30": 0.5074, "2019-03-31": "0.49100", "2018-12-31": 0.5494, "2018-09-30": 0.4667, "2018-06-30": 0.6228, "2018-03-31": "0.27070", "2017-12-31": 0.1457, "2017-09-30": 0.4468, "2017-06-30": 0.4506, "2017-03-31": "0.43890", "2016-12-31": 0.9215, "2016-09-30": -0.1873, "2016-06-30": 0.7771, "2016-03-31": "-0.02740", "2015-12-31": 0.588, "2015-09-30": 0.0168, "2015-06-30": 0.3301, "2015-03-31": "-0.17620", "2014-12-31": -1.566, "2014-09-30": 1.0004, "2014-06-30": 0.2186, "2014-03-31": "0.34700", "2013-12-31": 0.0066, "2013-09-30": -0.3863, "2013-06-30": 0.3491, "2013-03-31": "0.03720", "2012-12-31": -0.3903, "2012-09-30": -0.904, "2012-06-30": 0.3603, "2012-03-31": "0.54370", "2011-12-31": 0.379, "2011-09-30": -0.547, "2011-06-30": 0.2527, "2011-03-31": "0.29430", "2010-12-31": 0.4102, "2010-09-30": -0.4129, "2010-06-30": 0.4067, "2010-03-31": "0.00620", "2009-12-31": 0.0384, "2009-09-30": -0.8146, "2009-06-30": 0.6256, "2009-03-31": "0.18900", "2008-12-31": 0.1879, "2008-09-30": -0.4147, "2008-06-30": 0.2704, "2008-03-31": "0.14430", "2007-12-31": 0.3163, "2007-09-30": -0.6577, "2007-06-30": 0.4256, "2007-03-31": "0.23210", "2006-12-31": 0.1409, "2006-09-30": -0.2417, "2006-06-30": 0.1965, "2006-03-31": "0.04520", "2005-12-31": -0.1003, "2005-09-30": -0.1564, "2005-06-30": 0.0689, "2005-03-31": "0.08750"}}, "revenue": {"Sterling Bancorp Annual Revenue (Millions of US $)": {"2020": "$1,150", "2019": "$1,333", "2018": "$1,312", "2017": "$747", "2016": "$533", "2015": "$411", "2014": "$294", "2013": "$160", "2012": "$147", "2011": "$143", "2010": "$147", "2009": "$172", "2008": "$170", "2007": "$171", "2006": "$153", "2005": "$133"}, "Sterling Bancorp Quarterly Revenue (Millions of US $)": {"2020-12-31": "$277", "2020-09-30": "$273", "2020-06-30": "$279", "2020-03-31": "$321", "2019-12-31": "$328", "2019-09-30": "$347", "2019-06-30": "$330", "2019-03-31": "$329", "2018-12-31": "$336", "2018-09-30": "$333", "2018-06-30": "$343", "2018-03-31": "$300", "2017-12-31": "$300", "2017-09-30": "$160", "2017-06-30": "$148", "2017-03-31": "$139", "2016-12-31": "$139", "2016-09-30": "$137", "2016-06-30": "$135", "2016-03-31": "$121", "2015-12-31": "$122", "2015-09-30": "$122", "2015-06-30": "$86", "2015-03-31": "$81", "2014-12-31": "", "2014-09-30": "$79", "2014-06-30": "$79", "2014-03-31": "$74", "2013-12-31": "", "2013-09-30": "", "2013-06-30": "$39", "2013-03-31": "$39", "2012-12-31": "", "2012-09-30": "", "2012-06-30": "$36", "2012-03-31": "$36", "2011-12-31": "", "2011-09-30": "", "2011-06-30": "$33", "2011-03-31": "$34", "2010-12-31": "", "2010-09-30": "", "2010-06-30": "$36", "2010-03-31": "$36", "2009-12-31": "", "2009-09-30": "", "2009-06-30": "$47", "2009-03-31": "$45", "2008-12-31": "", "2008-09-30": "", "2008-06-30": "$41", "2008-03-31": "$43", "2007-12-31": "", "2007-09-30": "", "2007-06-30": "$43", "2007-03-31": "$42", "2006-12-31": "", "2006-09-30": "", "2006-06-30": "$39", "2006-03-31": "$37", "2005-12-31": "", "2005-09-30": "", "2005-06-30": "$34", "2005-03-31": "$32"}}, "gross-profit": {"Sterling Bancorp Annual Gross Profit (Millions of US $)": {"2020": "$1,000", "2019": "$1,050", "2018": "$1,071", "2017": "$640", "2016": "$475", "2015": "$374", "2014": "$265", "2013": "$140", "2012": "$129", "2011": "$121", "2010": "$121", "2009": "$134", "2008": "$116", "2007": "$105", "2006": "$102", "2005": "$104"}, "Sterling Bancorp Quarterly Gross Profit (Millions of US $)": {"2020-12-31": "$256", "2020-09-30": "$246", "2020-06-30": "$239", "2020-03-31": "$259", "2019-12-31": "$261", "2019-09-30": "$275", "2019-06-30": "$259", "2019-03-31": "$255", "2018-12-31": "$265", "2018-09-30": "$268", "2018-06-30": "$284", "2018-03-31": "$253", "2017-12-31": "$258", "2017-09-30": "$134", "2017-06-30": "$127", "2017-03-31": "$122", "2016-12-31": "$123", "2016-09-30": "$122", "2016-06-30": "$121", "2016-03-31": "$109", "2015-12-31": "$112", "2015-09-30": "$112", "2015-06-30": "$77", "2015-03-31": "$73", "2014-12-31": "", "2014-09-30": "$72", "2014-06-30": "$72", "2014-03-31": "$66", "2013-12-31": "$-7", "2013-09-30": "", "2013-06-30": "$35", "2013-03-31": "$35", "2012-12-31": "$-5", "2012-09-30": "", "2012-06-30": "$32", "2012-03-31": "$32", "2011-12-31": "$-5", "2011-09-30": "", "2011-06-30": "$28", "2011-03-31": "$28", "2010-12-31": "$-6", "2010-09-30": "", "2010-06-30": "$29", "2010-03-31": "$29", "2009-12-31": "$-8", "2009-09-30": "", "2009-06-30": "$38", "2009-03-31": "$35", "2008-12-31": "$-11", "2008-09-30": "", "2008-06-30": "$29", "2008-03-31": "$29", "2007-12-31": "$-16", "2007-09-30": "", "2007-06-30": "$27", "2007-03-31": "$25", "2006-12-31": "$-18", "2006-09-30": "", "2006-06-30": "$26", "2006-03-31": "$25", "2005-12-31": "$-10", "2005-09-30": "", "2005-06-30": "$27", "2005-03-31": "$25"}}, "operating-income": {"Sterling Bancorp Annual Operating Income (Millions of US $)": {"2020": "$269", "2019": "$563", "2018": "$579", "2017": "$325", "2016": "$212", "2015": "$144", "2014": "$47", "2013": "$39", "2012": "$32", "2011": "$15", "2010": "$27", "2009": "$36", "2008": "$34", "2007": "$28", "2006": "$29", "2005": "$34"}, "Sterling Bancorp Quarterly Operating Income (Millions of US $)": {"2020-12-31": "$108", "2020-09-30": "$97", "2020-06-30": "$58", "2020-03-31": "$6", "2019-12-31": "$140", "2019-09-30": "$155", "2019-06-30": "$135", "2019-03-31": "$133", "2018-12-31": "$145", "2018-09-30": "$147", "2018-06-30": "$159", "2018-03-31": "$128", "2017-12-31": "$130", "2017-09-30": "$71", "2017-06-30": "$65", "2017-03-31": "$60", "2016-12-31": "$61", "2016-09-30": "$56", "2016-06-30": "$56", "2016-03-31": "$39", "2015-12-31": "$78", "2015-09-30": "$36", "2015-06-30": "$3", "2015-03-31": "$27", "2014-12-31": "", "2014-09-30": "$23", "2014-06-30": "$21", "2014-03-31": "$15", "2013-12-31": "$-25", "2013-09-30": "", "2013-06-30": "$11", "2013-03-31": "$9", "2012-12-31": "$-18", "2012-09-30": "", "2012-06-30": "$9", "2012-03-31": "$8", "2011-12-31": "$-16", "2011-09-30": "", "2011-06-30": "$2", "2011-03-31": "$4", "2010-12-31": "$-16", "2010-09-30": "", "2010-06-30": "$6", "2010-03-31": "$5", "2009-12-31": "$-18", "2009-09-30": "", "2009-06-30": "$13", "2009-03-31": "$8", "2008-12-31": "$-21", "2008-09-30": "", "2008-06-30": "$9", "2008-03-31": "$7", "2007-12-31": "$-24", "2007-09-30": "", "2007-06-30": "$8", "2007-03-31": "$6", "2006-12-31": "$-25", "2006-09-30": "", "2006-06-30": "$8", "2006-03-31": "$7", "2005-12-31": "$-17", "2005-09-30": "", "2005-06-30": "$9", "2005-03-31": "$8"}}, "ebitda": {"Sterling Bancorp Annual EBITDA (Millions of US $)": {"2019": "$", "2018": "$", "2017": "$", "2016": "$", "2015": "$", "2014": "$", "2013": "$", "2012": "$", "2011": "$", "2010": "$", "2009": "$", "2008": "$", "2007": "$", "2006": "$", "2005": "$"}, "Sterling Bancorp Quarterly EBITDA (Millions of US $)": {"2020-09-30": "", "2020-06-30": "", "2020-03-31": "", "2019-12-31": "", "2019-09-30": "", "2019-06-30": "", "2019-03-31": "", "2018-12-31": "", "2018-09-30": "", "2018-06-30": "", "2018-03-31": "", "2017-12-31": "", "2017-09-30": "", "2017-06-30": "", "2017-03-31": "", "2016-12-31": "", "2016-09-30": "", "2016-06-30": "", "2016-03-31": "", "2015-12-31": "", "2015-09-30": "", "2015-06-30": "", "2015-03-31": "", "2014-12-31": "", "2014-09-30": "", "2014-06-30": "", "2014-03-31": "", "2013-12-31": "", "2013-09-30": "", "2013-06-30": "", "2013-03-31": "", "2012-12-31": "", "2012-09-30": "", "2012-06-30": "", "2012-03-31": "", "2011-12-31": "", "2011-09-30": "", "2011-06-30": "", "2011-03-31": "", "2010-12-31": "", "2010-09-30": "", "2010-06-30": "", "2010-03-31": "", "2009-12-31": "", "2009-09-30": "", "2009-06-30": "", "2009-03-31": "", "2008-12-31": "", "2008-09-30": "", "2008-06-30": "", "2008-03-31": "", "2007-12-31": "", "2007-09-30": "", "2007-06-30": "", "2007-03-31": "", "2006-12-31": "", "2006-09-30": "", "2006-06-30": "", "2006-03-31": "", "2005-12-31": "", "2005-09-30": "", "2005-06-30": "", "2005-03-31": ""}}, "net-income": {"Sterling Bancorp Annual Net Income (Millions of US $)": {"2020": "$218", "2019": "$419", "2018": "$439", "2017": "$91", "2016": "$140", "2015": "$66", "2014": "$28", "2013": "$25", "2012": "$20", "2011": "$12", "2010": "$20", "2009": "$26", "2008": "$24", "2007": "$20", "2006": "$20", "2005": "$21"}, "Sterling Bancorp Quarterly Net Income (Millions of US $)": {"2020-12-31": "$74", "2020-09-30": "$82", "2020-06-30": "$49", "2020-03-31": "$12", "2019-12-31": "$105", "2019-09-30": "$120", "2019-06-30": "$94", "2019-03-31": "$99", "2018-12-31": "$113", "2018-09-30": "$118", "2018-06-30": "$112", "2018-03-31": "$97", "2017-12-31": "$-35", "2017-09-30": "$45", "2017-06-30": "$42", "2017-03-31": "$39", "2016-12-31": "$41", "2016-09-30": "$37", "2016-06-30": "$38", "2016-03-31": "$24", "2015-12-31": "$33", "2015-09-30": "$24", "2015-06-30": "$-8", "2015-03-31": "$17", "2014-12-31": "", "2014-09-30": "$16", "2014-06-30": "$15", "2014-03-31": "$10", "2013-12-31": "$-14", "2013-09-30": "", "2013-06-30": "$6", "2013-03-31": "$7", "2012-12-31": "$7", "2012-09-30": "", "2012-06-30": "$6", "2012-03-31": "$6", "2011-12-31": "$6", "2011-09-30": "", "2011-06-30": "$2", "2011-03-31": "$4", "2010-12-31": "$7", "2010-09-30": "", "2010-06-30": "$5", "2010-03-31": "$4", "2009-12-31": "$6", "2009-09-30": "", "2009-06-30": "$9", "2009-03-31": "$6", "2008-12-31": "$6", "2008-09-30": "", "2008-06-30": "$6", "2008-03-31": "$5", "2007-12-31": "$6", "2007-09-30": "", "2007-06-30": "$5", "2007-03-31": "$4", "2006-12-31": "$5", "2006-09-30": "", "2006-06-30": "$6", "2006-03-31": "$4", "2005-12-31": "$5", "2005-09-30": "", "2005-06-30": "$6", "2005-03-31": "$5"}}, "eps-earnings-per-share-diluted": {"Sterling Bancorp Annual EPS": {"2020": "$1.12", "2019": "$2.03", "2018": "$1.95", "2017": "$0.58", "2016": "$1.07", "2015": "$0.60", "2014": "$0.34", "2013": "$0.58", "2012": "$0.52", "2011": "$0.31", "2010": "$0.54", "2009": "$0.67", "2008": "$0.61", "2007": "$0.48", "2006": "$0.49", "2005": "$0.49"}, "Sterling Bancorp Quarterly EPS": {"2020-12-31": "$0.38", "2020-09-30": "$0.43", "2020-06-30": "$0.25", "2020-03-31": "$0.06", "2019-12-31": "$0.51", "2019-09-30": "$0.59", "2019-06-30": "$0.46", "2019-03-31": "$0.47", "2018-12-31": "$0.50", "2018-09-30": "$0.52", "2018-06-30": "$0.50", "2018-03-31": "$0.43", "2017-12-31": "$-0.35", "2017-09-30": "$0.33", "2017-06-30": "$0.31", "2017-03-31": "$0.29", "2016-12-31": "$0.31", "2016-09-30": "$0.29", "2016-06-30": "$0.29", "2016-03-31": "$0.18", "2015-12-31": "$0.30", "2015-09-30": "$0.19", "2015-06-30": "$-0.08", "2015-03-31": "$0.19", "2014-12-31": "$0.00", "2014-09-30": "$0.19", "2014-06-30": "$0.18", "2014-03-31": "$0.12", "2013-12-31": "$-0.20", "2013-09-30": "$0.00", "2013-06-30": "$0.15", "2013-03-31": "$0.15", "2012-12-31": "$0.16", "2012-09-30": "$0.00", "2012-06-30": "$0.17", "2012-03-31": "$0.15", "2011-12-31": "$0.15", "2011-09-30": "$0.00", "2011-06-30": "$0.05", "2011-03-31": "$0.10", "2010-12-31": "$0.18", "2010-09-30": "$0.00", "2010-06-30": "$0.12", "2010-03-31": "$0.11", "2009-12-31": "$0.16", "2009-09-30": "$0.00", "2009-06-30": "$0.23", "2009-03-31": "$0.14", "2008-12-31": "$0.16", "2008-09-30": "$0.00", "2008-06-30": "$0.16", "2008-03-31": "$0.13", "2007-12-31": "$0.15", "2007-09-30": "$0.00", "2007-06-30": "$0.13", "2007-03-31": "$0.11", "2006-12-31": "$0.11", "2006-09-30": "$0.00", "2006-06-30": "$0.13", "2006-03-31": "$0.11", "2005-12-31": "$0.12", "2005-09-30": "$0.00", "2005-06-30": "$0.13", "2005-03-31": "$0.12"}}, "shares-outstanding": {"Sterling Bancorp Annual Shares Outstanding (Millions of Shares)": {"2020": "194", "2019": "206", "2018": "225", "2017": "158", "2016": "131", "2015": "110", "2014": "81", "2013": "44", "2012": "38", "2011": "37", "2010": "38", "2009": "39", "2008": "39", "2007": "41", "2006": "41", "2005": "44"}, "Sterling Bancorp Quarterly Shares Outstanding (Millions of Shares)": {"2020-12-31": "194", "2020-09-30": "194", "2020-06-30": "194", "2020-03-31": "197", "2019-12-31": "206", "2019-09-30": "204", "2019-06-30": "207", "2019-03-31": "214", "2018-12-31": "225", "2018-09-30": "226", "2018-06-30": "226", "2018-03-31": "225", "2017-12-31": "158", "2017-09-30": "136", "2017-06-30": "136", "2017-03-31": "136", "2016-12-31": "131", "2016-09-30": "131", "2016-06-30": "131", "2016-03-31": "131", "2015-12-31": "110", "2015-09-30": "130", "2015-06-30": "92", "2015-03-31": "88", "2014-12-31": "", "2014-09-30": "83", "2014-06-30": "83", "2014-03-31": "84", "2013-12-31": "70", "2013-09-30": "", "2013-06-30": "44", "2013-03-31": "44", "2012-12-31": "44", "2012-09-30": "", "2012-06-30": "37", "2012-03-31": "37", "2011-12-31": "37", "2011-09-30": "", "2011-06-30": "37", "2011-03-31": "37", "2010-12-31": "38", "2010-09-30": "", "2010-06-30": "38", "2010-03-31": "38", "2009-12-31": "39", "2009-09-30": "", "2009-06-30": "39", "2009-03-31": "39", "2008-12-31": "39", "2008-09-30": "", "2008-06-30": "39", "2008-03-31": "39", "2007-12-31": "40", "2007-09-30": "", "2007-06-30": "41", "2007-03-31": "42", "2006-12-31": "42", "2006-09-30": "", "2006-06-30": "41", "2006-03-31": "41", "2005-12-31": "42", "2005-09-30": "", "2005-06-30": "43", "2005-03-31": "44"}}, "total-assets": {"Sterling Bancorp Annual Total Assets (Millions of US $)": {"2019": "$30,587", "2018": "$31,383", "2017": "$30,360", "2016": "$14,178", "2015": "$11,956", "2014": "$7,337", "2013": "$4,049", "2012": "$4,023", "2011": "$3,137", "2010": "$3,021", "2009": "$3,022", "2008": "$2,984", "2007": "$2,802", "2006": "$2,841", "2005": "$2,598"}, "Sterling Bancorp Quarterly Total Assets (Millions of US $)": {"2020-09-30": "$30,618", "2020-06-30": "$30,840", "2020-03-31": "$30,335", "2019-12-31": "$30,587", "2019-09-30": "$30,078", "2019-06-30": "$30,238", "2019-03-31": "$29,957", "2018-12-31": "$31,383", "2018-09-30": "$31,261", "2018-06-30": "$31,463", "2018-03-31": "$30,469", "2017-12-31": "$30,360", "2017-09-30": "$16,780", "2017-06-30": "$15,377", "2017-03-31": "$14,659", "2016-12-31": "$14,178", "2016-09-30": "$13,617", "2016-06-30": "$13,065", "2016-03-31": "$12,865", "2015-12-31": "$11,956", "2015-09-30": "$11,597", "2015-06-30": "$11,566", "2015-03-31": "$7,728", "2014-12-31": "$7,425", "2014-09-30": "$0", "2014-06-30": "$7,251", "2014-03-31": "$6,924", "2013-12-31": "$6,667", "2013-09-30": "$4,049", "2013-06-30": "$3,824", "2013-03-31": "$3,710", "2012-12-31": "$3,790", "2012-09-30": "$4,023", "2012-06-30": "$3,150", "2012-03-31": "$3,211", "2011-12-31": "$3,084", "2011-09-30": "$3,137", "2011-06-30": "$2,976", "2011-03-31": "$2,919", "2010-12-31": "$2,941", "2010-09-30": "$3,021", "2010-06-30": "$2,964", "2010-03-31": "$2,936", "2009-12-31": "$2,918", "2009-09-30": "$3,022", "2009-06-30": "$2,824", "2009-03-31": "$2,955", "2008-12-31": "$2,922", "2008-09-30": "$2,984", "2008-06-30": "$2,851", "2008-03-31": "$2,824", "2007-12-31": "$2,799", "2007-09-30": "$2,802", "2007-06-30": "$2,783", "2007-03-31": "$2,801", "2006-12-31": "$2,796", "2006-09-30": "$2,841", "2006-06-30": "$2,780", "2006-03-31": "$2,746", "2005-12-31": "$2,630", "2005-09-30": "$2,598", "2005-06-30": "$2,559", "2005-03-31": "$2,518"}}, "cash-on-hand": {"Sterling Bancorp Annual Cash on Hand (Millions of US $)": {"2019": "$329", "2018": "$438", "2017": "$480", "2016": "$294", "2015": "$230", "2014": "$178", "2013": "$113", "2012": "$438", "2011": "$282", "2010": "$91", "2009": "$160", "2008": "$126", "2007": "$47", "2006": "$57", "2005": "$64"}, "Sterling Bancorp Quarterly Cash on Hand (Millions of US $)": {"2020-09-30": "$438", "2020-06-30": "$325", "2020-03-31": "$349", "2019-12-31": "$329", "2019-09-30": "$546", "2019-06-30": "$343", "2019-03-31": "$314", "2018-12-31": "$438", "2018-09-30": "$534", "2018-06-30": "$445", "2018-03-31": "$364", "2017-12-31": "$480", "2017-09-30": "$407", "2017-06-30": "$282", "2017-03-31": "$254", "2016-12-31": "$294", "2016-09-30": "$380", "2016-06-30": "$258", "2016-03-31": "$487", "2015-12-31": "$230", "2015-09-30": "$318", "2015-06-30": "$366", "2015-03-31": "$187", "2014-12-31": "$122", "2014-09-30": "", "2014-06-30": "$217", "2014-03-31": "$165", "2013-12-31": "$153", "2013-09-30": "$113", "2013-06-30": "$109", "2013-03-31": "$73", "2012-12-31": "$160", "2012-09-30": "$438", "2012-06-30": "$111", "2012-03-31": "$89", "2011-12-31": "$44", "2011-09-30": "$282", "2011-06-30": "$46", "2011-03-31": "$73", "2010-12-31": "$35", "2010-09-30": "$91", "2010-06-30": "$43", "2010-03-31": "$38", "2009-12-31": "$40", "2009-09-30": "$160", "2009-06-30": "$97", "2009-03-31": "$139", "2008-12-31": "$41", "2008-09-30": "$126", "2008-06-30": "$46", "2008-03-31": "$45", "2007-12-31": "$43", "2007-09-30": "$47", "2007-06-30": "$46", "2007-03-31": "$48", "2006-12-31": "$51", "2006-09-30": "$57", "2006-06-30": "$56", "2006-03-31": "$55", "2005-12-31": "$62", "2005-09-30": "$64", "2005-06-30": "$52", "2005-03-31": "$50"}}, "long-term-debt": {"Sterling Bancorp Annual Long Term Debt (Millions of US $)": {"2019": "$2,944", "2018": "$5,287", "2017": "$5,114", "2016": "$2,070", "2015": "$1,539", "2014": "$944", "2013": "$574", "2012": "$357", "2011": "$385", "2010": "$423", "2009": "$491", "2008": "$573", "2007": "$667", "2006": "$687", "2005": "$446"}, "Sterling Bancorp Quarterly Long Term Debt (Millions of US $)": {"2020-09-30": "$960", "2020-06-30": "$1,516", "2020-03-31": "$2,695", "2019-12-31": "$2,944", "2019-09-30": "$3,259", "2019-06-30": "$4,207", "2019-03-31": "$3,736", "2018-12-31": "$5,287", "2018-09-30": "$4,923", "2018-06-30": "$5,668", "2018-03-31": "$5,089", "2017-12-31": "$5,114", "2017-09-30": "$3,473", "2017-06-30": "$2,678", "2017-03-31": "$2,342", "2016-12-31": "$2,070", "2016-09-30": "$1,467", "2016-06-30": "$1,324", "2016-03-31": "$1,690", "2015-12-31": "$1,539", "2015-09-30": "$962", "2015-06-30": "$927", "2015-03-31": "$987", "2014-12-31": "$1,116", "2014-09-30": "", "2014-06-30": "$1,066", "2014-03-31": "$643", "2013-12-31": "$710", "2013-09-30": "$574", "2013-06-30": "$579", "2013-03-31": "$386", "2012-12-31": "$365", "2012-09-30": "$357", "2012-06-30": "$338", "2012-03-31": "$329", "2011-12-31": "$487", "2011-09-30": "$385", "2011-06-30": "$428", "2011-03-31": "$394", "2010-12-31": "$513", "2010-09-30": "$423", "2010-06-30": "$547", "2010-03-31": "$486", "2009-12-31": "$601", "2009-09-30": "$491", "2009-06-30": "$508", "2009-03-31": "$503", "2008-12-31": "$582", "2008-09-30": "$573", "2008-06-30": "$654", "2008-03-31": "$675", "2007-12-31": "$700", "2007-09-30": "$667", "2007-06-30": "$613", "2007-03-31": "$628", "2006-12-31": "$635", "2006-09-30": "$687", "2006-06-30": "$621", "2006-03-31": "$556", "2005-12-31": "$545", "2005-09-30": "$446", "2005-06-30": "$391", "2005-03-31": "$403"}}, "total-liabilities": {"Sterling Bancorp Annual Total Liabilities (Millions of US $)": {"2019": "$26,056", "2018": "$26,954", "2017": "$26,119", "2016": "$12,323", "2015": "$10,291", "2014": "$6,376", "2013": "$3,566", "2012": "$3,532", "2011": "$2,706", "2010": "$2,590", "2009": "$2,594", "2008": "$2,585", "2007": "$2,397", "2006": "$2,436", "2005": "$2,203"}, "Sterling Bancorp Quarterly Total Liabilities (Millions of US $)": {"2020-09-30": "$26,060", "2020-06-30": "$26,356", "2020-03-31": "$25,913", "2019-12-31": "$26,056", "2019-09-30": "$25,557", "2019-06-30": "$25,778", "2019-03-31": "$25,537", "2018-12-31": "$26,954", "2018-09-30": "$26,823", "2018-06-30": "$27,110", "2018-03-31": "$26,195", "2017-12-31": "$26,119", "2017-09-30": "$14,809", "2017-06-30": "$13,445", "2017-03-31": "$12,771", "2016-12-31": "$12,323", "2016-09-30": "$11,852", "2016-06-30": "$11,329", "2016-03-31": "$11,167", "2015-12-31": "$10,291", "2015-09-30": "$9,945", "2015-06-30": "$9,943", "2015-03-31": "$6,647", "2014-12-31": "$6,450", "2014-09-30": "", "2014-06-30": "$6,297", "2014-03-31": "$5,988", "2013-12-31": "$5,742", "2013-09-30": "$3,566", "2013-06-30": "$3,344", "2013-03-31": "$3,216", "2012-12-31": "$3,296", "2012-09-30": "$3,532", "2012-06-30": "$2,705", "2012-03-31": "$2,771", "2011-12-31": "$2,646", "2011-09-30": "$2,706", "2011-06-30": "$2,547", "2011-03-31": "$2,499", "2010-12-31": "$2,521", "2010-09-30": "$2,590", "2010-06-30": "$2,535", "2010-03-31": "$2,514", "2009-12-31": "$2,497", "2009-09-30": "$2,594", "2009-06-30": "$2,404", "2009-03-31": "$2,533", "2008-12-31": "$2,505", "2008-09-30": "$2,585", "2008-06-30": "$2,449", "2008-03-31": "$2,415", "2007-12-31": "$2,397", "2007-09-30": "$2,397", "2007-06-30": "$2,380", "2007-03-31": "$2,389", "2006-12-31": "$2,385", "2006-09-30": "$2,436", "2006-06-30": "$2,389", "2006-03-31": "$2,358", "2005-12-31": "$2,237", "2005-09-30": "$2,203", "2005-06-30": "$2,160", "2005-03-31": "$2,109"}}, "total-share-holder-equity": {"Sterling Bancorp Annual Share Holder Equity (Millions of US $)": {"2019": "$4,530", "2018": "$4,429", "2017": "$4,240", "2016": "$1,855", "2015": "$1,665", "2014": "$961", "2013": "$483", "2012": "$491", "2011": "$431", "2010": "$431", "2009": "$427", "2008": "$399", "2007": "$405", "2006": "$405", "2005": "$395"}, "Sterling Bancorp Quarterly Share Holder Equity (Millions of US $)": {"2020-09-30": "$4,558", "2020-06-30": "$4,484", "2020-03-31": "$4,422", "2019-12-31": "$4,530", "2019-09-30": "$4,521", "2019-06-30": "$4,459", "2019-03-31": "$4,419", "2018-12-31": "$4,429", "2018-09-30": "$4,438", "2018-06-30": "$4,353", "2018-03-31": "$4,274", "2017-12-31": "$4,240", "2017-09-30": "$1,971", "2017-06-30": "$1,931", "2017-03-31": "$1,889", "2016-12-31": "$1,855", "2016-09-30": "$1,765", "2016-06-30": "$1,736", "2016-03-31": "$1,698", "2015-12-31": "$1,665", "2015-09-30": "$1,652", "2015-06-30": "$1,623", "2015-03-31": "$1,081", "2014-12-31": "$975", "2014-09-30": "", "2014-06-30": "$953", "2014-03-31": "$936", "2013-12-31": "$925", "2013-09-30": "$483", "2013-06-30": "$480", "2013-03-31": "$495", "2012-12-31": "$494", "2012-09-30": "$491", "2012-06-30": "$445", "2012-03-31": "$440", "2011-12-31": "$438", "2011-09-30": "$431", "2011-06-30": "$429", "2011-03-31": "$420", "2010-12-31": "$420", "2010-09-30": "$431", "2010-06-30": "$429", "2010-03-31": "$422", "2009-12-31": "$420", "2009-09-30": "$427", "2009-06-30": "$421", "2009-03-31": "$421", "2008-12-31": "$417", "2008-09-30": "$399", "2008-06-30": "$401", "2008-03-31": "$408", "2007-12-31": "$402", "2007-09-30": "$405", "2007-06-30": "$402", "2007-03-31": "$413", "2006-12-31": "$411", "2006-09-30": "$405", "2006-06-30": "$391", "2006-03-31": "$387", "2005-12-31": "$393", "2005-09-30": "$395", "2005-06-30": "$400", "2005-03-31": "$409"}}, "profit-margins": {"current": "19.64%"}, "gross margin": {"2020-12-31": "86.96%", "2020-09-30": "83.68%", "2020-06-30": "81.10%", "2020-03-31": "79.49%", "2019-12-31": "78.71%", "2019-09-30": "78.54%", "2019-06-30": "78.84%", "2019-03-31": "79.94%", "2018-12-31": "81.55%", "2018-09-30": "83.31%", "2018-06-30": "84.22%", "2018-03-31": "85.02%", "2017-12-31": "85.81%", "2017-09-30": "86.35%", "2017-06-30": "87.74%", "2017-03-31": "88.73%", "2016-12-31": "89.29%", "2016-09-30": "90.10%", "2016-06-30": "90.80%", "2016-03-31": "90.91%", "2015-12-31": "91.00%", "2015-06-30": "90.24%", "2015-03-31": "90.79%", "2014-03-31": "83.19%", "2013-03-31": "82.67%", "2012-03-31": "79.71%", "2011-03-31": "72.86%", "2010-03-31": "71.08%", "2009-03-31": "61.63%", "2008-03-31": "46.51%", "2007-03-31": "40.74%", "2006-03-31": "59.15%"}, "operating margin": {"2020-12-31": "23.39%", "2020-09-30": "25.06%", "2020-06-30": "28.16%", "2020-03-31": "32.88%", "2019-12-31": "42.20%", "2019-09-30": "42.32%", "2019-06-30": "42.17%", "2019-03-31": "43.55%", "2018-12-31": "44.13%", "2018-09-30": "44.20%", "2018-06-30": "44.24%", "2018-03-31": "43.39%", "2017-12-31": "43.64%", "2017-09-30": "43.86%", "2017-06-30": "42.98%", "2017-03-31": "42.36%", "2016-12-31": "39.85%", "2016-09-30": "44.47%", "2016-06-30": "41.80%", "2016-03-31": "34.59%", "2015-12-31": "35.04%", "2015-06-30": "21.54%", "2015-03-31": "29.71%", "2014-03-31": "0.88%", "2013-03-31": "0.00%", "2012-03-31": "-8.70%", "2011-03-31": "-8.57%", "2010-03-31": "0.00%", "2009-03-31": "-4.65%", "2008-03-31": "-10.47%", "2007-03-31": "-13.58%", "2006-03-31": "-1.41%"}, "ebitda margin": {"2020-09-30": "0.00%", "2020-06-30": "0.00%", "2020-03-31": "0.00%", "2019-12-31": "0.00%", "2019-09-30": "0.00%", "2019-06-30": "0.00%", "2019-03-31": "0.00%", "2018-12-31": "0.00%", "2018-09-30": "0.00%", "2018-06-30": "0.00%", "2018-03-31": "0.00%", "2017-12-31": "0.00%", "2017-09-30": "0.00%", "2017-06-30": "0.00%", "2017-03-31": "0.00%", "2016-12-31": "0.00%", "2016-09-30": "0.00%", "2016-06-30": "0.00%", "2016-03-31": "0.00%", "2015-12-31": "0.00%", "2015-06-30": "0.00%", "2015-03-31": "0.00%", "2014-03-31": "0.00%", "2013-03-31": "0.00%", "2012-03-31": "0.00%", "2011-03-31": "0.00%", "2010-03-31": "0.00%", "2009-03-31": "0.00%", "2008-03-31": "0.00%", "2007-03-31": "0.00%", "2006-03-31": "0.00%"}, "pre tax profit margin": {"2020-12-31": "22.26%", "2020-09-30": "24.65%", "2020-06-30": "27.76%", "2020-03-31": "31.37%", "2019-12-31": "40.48%", "2019-09-30": "40.98%", "2019-06-30": "40.81%", "2019-03-31": "42.36%", "2018-12-31": "43.14%", "2018-09-30": "32.60%", "2018-06-30": "30.37%", "2018-03-31": "27.75%", "2017-12-31": "24.23%", "2017-09-30": "42.15%", "2017-06-30": "41.74%", "2017-03-31": "41.45%", "2016-12-31": "38.91%", "2016-09-30": "37.86%", "2016-06-30": "35.40%", "2016-03-31": "24.39%", "2015-12-31": "24.09%", "2015-06-30": "15.04%", "2015-03-31": "28.87%", "2014-03-31": "2.65%", "2013-03-31": "37.33%", "2012-03-31": "26.09%", "2011-03-31": "28.57%", "2010-03-31": "32.53%", "2009-03-31": "30.23%", "2008-03-31": "27.91%", "2007-03-31": "24.69%", "2006-03-31": "32.39%"}, "net profit margin": {"2020-12-31": "18.87%", "2020-09-30": "20.65%", "2020-06-30": "22.43%", "2020-03-31": "24.96%", "2019-12-31": "31.33%", "2019-09-30": "31.74%", "2019-06-30": "31.93%", "2019-03-31": "32.96%", "2018-12-31": "33.54%", "2018-09-30": "22.88%", "2018-06-30": "19.85%", "2018-03-31": "16.41%", "2017-12-31": "12.18%", "2017-09-30": "28.50%", "2017-06-30": "28.24%", "2017-03-31": "28.18%", "2016-12-31": "26.32%", "2016-09-30": "25.63%", "2016-06-30": "23.80%", "2016-03-31": "16.19%", "2015-12-31": "16.06%", "2015-06-30": "10.16%", "2015-03-31": "20.08%", "2014-03-31": "1.77%", "2013-03-31": "26.67%", "2012-03-31": "20.29%", "2011-03-31": "22.86%", "2010-03-31": "22.89%", "2009-03-31": "20.93%", "2008-03-31": "18.60%", "2007-03-31": "18.52%", "2006-03-31": "21.13%"}, "pe ratio": {"current": "16.46", "2021-02-05": "26.92", "2020-12-31": "24.21", "2020-09-30": "8.27", "2020-06-30": "8.13", "2020-03-31": "6.27", "2019-12-31": "10.08", "2019-09-30": "9.60", "2019-06-30": "10.51", "2019-03-31": "9.02", "2018-12-31": "8.13", "2018-09-30": "16.39", "2018-06-30": "20.47", "2018-03-31": "23.68", "2017-12-31": "30.44", "2017-09-30": "18.89", "2017-06-30": "18.35", "2017-03-31": "18.97", "2016-12-31": "20.59", "2016-09-30": "16.25", "2016-06-30": "16.11", "2016-03-31": "27.43", "2015-12-31": "27.30", "2015-09-30": "45.67", "2015-06-30": "44.94", "2015-03-31": "21.85", "2014-12-31": "26.64", "2014-09-30": "39.83", "2014-06-30": "107.74", "2014-03-31": "161.37", "2013-12-31": "118.60", "2013-09-30": "20.89", "2013-06-30": "17.67", "2013-03-31": "16.33", "2012-12-31": "16.65", "2012-09-30": "17.08", "2012-06-30": "13.67", "2012-03-31": "20.32", "2011-12-31": "18.47", "2011-09-30": "14.59", "2011-06-30": "20.79", "2011-03-31": "21.04", "2010-12-31": "20.73", "2010-09-30": "17.32", "2010-06-30": "18.16", "2010-03-31": "15.08", "2009-12-31": "12.58", "2009-09-30": "14.13", "2009-06-30": "11.94", "2009-03-31": "14.38", "2008-12-31": "21.19", "2008-09-30": "22.98", "2008-06-30": "19.14", "2008-03-31": "24.96", "2007-12-31": "24.99", "2007-09-30": "28.12", "2007-06-30": "28.87", "2007-03-31": "30.13", "2006-12-31": "31.79"}, "price sales": {"2021-02-05": "3.37", "2020-12-31": "3.03", "2020-09-30": "1.72", "2020-06-30": "1.81", "2020-03-31": "1.57", "2019-12-31": "3.20", "2019-09-30": "3.08", "2019-06-30": "3.38", "2019-03-31": "2.99", "2018-12-31": "2.74", "2018-09-30": "3.40", "2018-06-30": "3.80", "2018-03-31": "3.92", "2017-12-31": "4.52", "2017-09-30": "5.39", "2017-06-30": "5.22", "2017-03-31": "5.38", "2016-12-31": "5.41", "2016-09-30": "3.98", "2016-06-30": "3.65", "2016-03-31": "3.78", "2015-12-31": "3.85", "2015-09-30": "4.91", "2015-06-30": "4.82", "2015-03-31": "4.34", "2014-12-31": "4.69", "2014-09-30": "4.15", "2014-06-30": "5.88", "2014-03-31": "6.37", "2013-12-31": "6.63", "2013-09-30": "5.37", "2013-06-30": "4.55", "2013-03-31": "4.20", "2012-12-31": "4.10", "2012-09-30": "4.12", "2012-06-30": "3.30", "2012-03-31": "3.82", "2011-12-31": "3.11", "2011-09-30": "2.70", "2011-06-30": "3.85", "2011-03-31": "4.59", "2010-12-31": "4.54", "2010-09-30": "3.61", "2010-06-30": "3.78", "2010-03-31": "3.51", "2009-12-31": "2.82", "2009-09-30": "3.17", "2009-06-30": "2.68", "2009-03-31": "3.00", "2008-12-31": "4.44", "2008-09-30": "4.70", "2008-06-30": "3.92", "2008-03-31": "4.78", "2007-12-31": "4.74", "2007-09-30": "4.79", "2007-06-30": "4.92", "2007-03-31": "5.37", "2006-12-31": "6.05"}, "price book": {"current": "0.87", "2021-02-05": "0.85", "2020-09-30": "0.44", "2020-06-30": "0.50", "2020-03-31": "0.45", "2019-12-31": "0.90", "2019-09-30": "0.87", "2019-06-30": "0.95", "2019-03-31": "0.86", "2018-12-31": "0.78", "2018-09-30": "1.07", "2018-06-30": "1.17", "2018-03-31": "1.14", "2017-12-31": "1.24", "2017-09-30": "1.61", "2017-06-30": "1.55", "2017-03-31": "1.61", "2016-12-31": "1.61", "2016-09-30": "1.22", "2016-06-30": "1.10", "2016-03-31": "1.14", "2015-12-31": "1.17", "2015-09-30": "1.08", "2015-06-30": "1.08", "2015-03-31": "1.03", "2014-12-31": "0.00", "2014-09-30": "0.00", "2014-06-30": "0.94", "2014-03-31": "1.01", "2013-12-31": "1.08", "2013-09-30": "0.00", "2013-06-30": "0.75", "2013-03-31": "0.70", "2012-12-31": "0.72", "2012-09-30": "0.00", "2012-06-30": "0.55", "2012-03-31": "0.61", "2011-12-31": "0.48", "2011-09-30": "0.00", "2011-06-30": "0.61", "2011-03-31": "0.76", "2010-12-31": "0.77", "2010-09-30": "0.00", "2010-06-30": "0.64", "2010-03-31": "0.69", "2009-12-31": "0.62", "2009-09-30": "0.00", "2009-06-30": "0.60", "2009-03-31": "0.63", "2008-12-31": "0.91", "2008-09-30": "0.00", "2008-06-30": "0.84", "2008-03-31": "1.00", "2007-12-31": "0.97", "2007-09-30": "0.00", "2007-06-30": "1.05", "2007-03-31": "1.08", "2006-12-31": "1.16", "2006-09-30": "0.00", "2006-06-30": "1.06", "2006-03-31": "1.04"}, "price fcf": {"2021-02-05": "", "2020-09-30": "$1.50", "2020-06-30": "$1.28", "2020-03-31": "$1.65", "2019-12-31": "$2.16", "2019-09-30": "$2.24", "2019-06-30": "$2.01", "2019-03-31": "$2.13", "2018-12-31": "$1.91", "2018-09-30": "$1.51", "2018-06-30": "$1.49", "2018-03-31": "$1.31", "2017-12-31": "$1.48", "2017-09-30": "$2.26", "2017-06-30": "$1.62", "2017-03-31": "$1.95", "2016-12-31": "$1.48", "2016-09-30": "$1.15", "2016-06-30": "$1.35", "2016-03-31": "$0.91", "2015-12-31": "$0.76", "2015-09-30": "$-1.40", "2015-06-30": "$-0.41", "2015-03-31": "$-0.52", "2014-12-31": "$-0.00", "2014-09-30": "$1.57", "2014-06-30": "$0.19", "2014-03-31": "$0.32", "2013-12-31": "$0.01", "2013-09-30": "$-0.39", "2013-06-30": "$-0.91", "2013-03-31": "$-0.90", "2012-12-31": "$-0.39", "2012-09-30": "$0.38", "2012-06-30": "$0.74", "2012-03-31": "$0.63", "2011-12-31": "$0.38", "2011-09-30": "$0.41", "2011-06-30": "$0.54", "2011-03-31": "$0.70", "2010-12-31": "$0.41", "2010-09-30": "$0.04", "2010-06-30": "$-0.36", "2010-03-31": "$-0.14", "2009-12-31": "$0.04", "2009-09-30": "$0.19", "2009-06-30": "$0.59", "2009-03-31": "$0.23", "2008-12-31": "$0.19", "2008-09-30": "$0.32", "2008-06-30": "$0.07", "2008-03-31": "$0.23", "2007-12-31": "$0.32", "2007-09-30": "$0.14", "2007-06-30": "$0.56", "2007-03-31": "$0.33", "2006-12-31": "$0.14"}, "net worth": {"value": "$3.87B"}, "current ratio": {"2020-12-31": "0.94", "2020-09-30": "0.93", "2020-06-30": "0.95", "2020-03-31": "0.97", "2019-12-31": "0.97", "2019-09-30": "0.99", "2019-06-30": "0.99", "2019-03-31": "0.97", "2018-12-31": "1.00", "2018-09-30": "0.98", "2018-06-30": "1.01", "2018-03-31": "0.99", "2017-12-31": "1.00", "2017-09-30": "0.99", "2017-06-30": "1.00", "2017-03-31": "0.98", "2016-12-31": "0.98", "2016-09-30": "0.94", "2016-06-30": "0.91", "2016-03-31": "0.94", "2015-12-31": "0.95", "2015-09-30": "0.90", "2015-06-30": "0.87", "2015-03-31": "0.93", "2014-12-31": "0.95", "2014-09-30": "0.00", "2014-06-30": "0.94", "2014-03-31": "0.85", "2013-12-31": "0.87", "2013-09-30": "0.85", "2013-06-30": "0.89", "2013-03-31": "0.81", "2012-12-31": "0.81", "2012-09-30": "0.82", "2012-06-30": "0.84", "2012-03-31": "0.79", "2011-12-31": "0.84", "2011-09-30": "0.86", "2011-06-30": "0.82", "2011-03-31": "0.83", "2010-12-31": "0.87", "2010-09-30": "0.83", "2010-06-30": "0.88", "2010-03-31": "0.84", "2009-12-31": "0.91", "2009-09-30": "0.89", "2009-06-30": "0.96", "2009-03-31": "0.93", "2008-12-31": "0.94", "2008-09-30": "0.93", "2008-06-30": "0.97", "2008-03-31": "0.98", "2007-12-31": "1.01", "2007-09-30": "0.98", "2007-06-30": "0.94", "2007-03-31": "0.92", "2006-12-31": "0.91", "2006-09-30": "0.89", "2006-06-30": "0.86", "2006-03-31": "0.82", "2005-12-31": "0.86", "2005-09-30": "0.82", "2005-06-30": "0.78", "2005-03-31": "0.79"}, "quick ratio": {"2020-12-31": "0.00", "2020-09-30": "0.00", "2020-06-30": "0.00", "2020-03-31": "0.00", "2019-12-31": "0.00", "2019-09-30": "0.00", "2019-06-30": "0.00", "2019-03-31": "0.00", "2018-12-31": "0.00", "2018-09-30": "0.00", "2018-06-30": "0.00", "2018-03-31": "0.00", "2017-12-31": "0.00", "2017-09-30": "0.00", "2017-06-30": "0.00", "2017-03-31": "0.00", "2016-12-31": "0.00", "2016-09-30": "0.00", "2016-06-30": "0.00", "2016-03-31": "0.00", "2015-12-31": "0.00", "2015-09-30": "0.00", "2015-06-30": "0.00", "2015-03-31": "0.00", "2014-12-31": "0.00", "2014-09-30": "0.00", "2014-06-30": "0.00", "2014-03-31": "0.00", "2013-12-31": "0.00", "2013-09-30": "0.00", "2013-06-30": "0.00", "2013-03-31": "0.00", "2012-12-31": "0.00", "2012-09-30": "0.00", "2012-06-30": "0.00", "2012-03-31": "0.00", "2011-12-31": "0.00", "2011-09-30": "0.00", "2011-06-30": "0.00", "2011-03-31": "0.00", "2010-12-31": "0.00", "2010-09-30": "0.00", "2010-06-30": "0.00", "2010-03-31": "0.00", "2009-12-31": "0.00", "2009-09-30": "0.00", "2009-06-30": "0.00", "2009-03-31": "0.00", "2008-12-31": "0.00", "2008-09-30": "0.00", "2008-06-30": "0.00", "2008-03-31": "0.00", "2007-12-31": "0.00", "2007-09-30": "0.00", "2007-06-30": "0.00", "2007-03-31": "0.00", "2006-12-31": "0.00", "2006-09-30": "0.00", "2006-06-30": "0.00", "2006-03-31": "0.00", "2005-12-31": "0.00", "2005-09-30": "0.00", "2005-06-30": "0.00", "2005-03-31": "0.00"}, "debt equity ratio": {"current": "0.25", "2020-12-31": "5.50", "2020-09-30": "5.72", "2020-06-30": "5.88", "2020-03-31": "5.86", "2019-12-31": "5.75", "2019-09-30": "5.65", "2019-06-30": "5.78", "2019-03-31": "5.78", "2018-12-31": "6.09", "2018-09-30": "6.04", "2018-06-30": "6.23", "2018-03-31": "6.13", "2017-12-31": "6.16", "2017-09-30": "7.51", "2017-06-30": "6.96", "2017-03-31": "6.76", "2016-12-31": "6.64", "2016-09-30": "6.71", "2016-06-30": "6.53", "2016-03-31": "6.58", "2015-12-31": "6.18", "2015-09-30": "6.02", "2015-06-30": "6.13", "2015-03-31": "6.15", "2014-12-31": "6.61", "2014-09-30": "0.00", "2014-06-30": "6.61", "2014-03-31": "6.39", "2013-12-31": "6.21", "2013-09-30": "7.39", "2013-06-30": "6.97", "2013-03-31": "6.50", "2012-12-31": "6.67", "2012-09-30": "7.19", "2012-06-30": "6.08", "2012-03-31": "6.30", "2011-12-31": "6.05", "2011-09-30": "6.28", "2011-06-30": "5.94", "2011-03-31": "5.95", "2010-12-31": "6.01", "2010-09-30": "6.01", "2010-06-30": "5.91", "2010-03-31": "5.95", "2009-12-31": "5.94", "2009-09-30": "6.07", "2009-06-30": "5.71", "2009-03-31": "6.01", "2008-12-31": "6.01", "2008-09-30": "6.48", "2008-06-30": "6.11", "2008-03-31": "5.92", "2007-12-31": "5.97", "2007-09-30": "5.92", "2007-06-30": "5.92", "2007-03-31": "5.79", "2006-12-31": "5.80", "2006-09-30": "6.01", "2006-06-30": "6.10", "2006-03-31": "6.09", "2005-12-31": "5.70", "2005-09-30": "5.58", "2005-06-30": "5.40", "2005-03-31": "5.16"}, "return on equity": {"2020-12-31": "4.81%", "2020-09-30": "5.51%", "2020-06-30": "6.37%", "2020-03-31": "7.38%", "2019-12-31": "9.33%", "2019-09-30": "9.56%", "2019-06-30": "9.56%", "2019-03-31": "10.02%", "2018-12-31": "10.06%", "2018-09-30": "6.75%", "2018-06-30": "5.90%", "2018-03-31": "4.80%", "2017-12-31": "3.63%", "2017-09-30": "8.74%", "2017-06-30": "8.55%", "2017-03-31": "8.56%", "2016-12-31": "7.94%", "2016-09-30": "7.69%", "2016-06-30": "7.05%", "2016-03-31": "4.40%", "2015-12-31": "4.38%", "2015-06-30": "2.72%", "2015-03-31": "6.38%", "2014-09-30": "3.84%", "2014-03-31": "0.28%", "2013-12-31": "-0.17%", "2013-03-31": "4.16%", "2012-12-31": "4.06%", "2012-03-31": "3.22%", "2011-12-31": "2.79%", "2011-03-31": "3.76%", "2010-12-31": "3.76%", "2010-03-31": "4.50%", "2009-12-31": "4.97%", "2009-03-31": "4.40%", "2008-12-31": "4.18%", "2008-03-31": "3.96%", "2007-12-31": "3.70%", "2007-03-31": "3.70%", "2006-12-31": "3.76%", "2006-03-31": "3.81%", "2005-12-31": "4.01%"}, "return on assets": {"2020-12-31": "0.71%", "2020-09-30": "0.81%", "2020-06-30": "0.94%", "2020-03-31": "1.09%", "2019-12-31": "1.38%", "2019-09-30": "1.40%", "2019-06-30": "1.38%", "2019-03-31": "1.43%", "2018-12-31": "1.41%", "2018-09-30": "0.95%", "2018-06-30": "0.80%", "2018-03-31": "0.64%", "2017-12-31": "0.47%", "2017-09-30": "1.10%", "2017-06-30": "1.10%", "2017-03-31": "1.12%", "2016-12-31": "1.04%", "2016-09-30": "1.03%", "2016-06-30": "0.96%", "2016-03-31": "0.61%", "2015-12-31": "0.62%", "2015-06-30": "0.37%", "2015-03-31": "0.86%", "2014-09-30": "0.52%", "2014-03-31": "0.04%", "2013-12-31": "-0.02%", "2013-03-31": "0.55%", "2012-12-31": "0.54%", "2012-03-31": "0.45%", "2011-12-31": "0.40%", "2011-03-31": "0.54%", "2010-12-31": "0.54%", "2010-03-31": "0.65%", "2009-12-31": "0.72%", "2009-03-31": "0.61%", "2008-12-31": "0.59%", "2008-03-31": "0.57%", "2007-12-31": "0.54%", "2007-03-31": "0.53%", "2006-12-31": "0.54%", "2006-03-31": "0.57%", "2005-12-31": "0.62%"}, "return on investments": {"2020-12-31": "4.42%", "2020-09-30": "4.61%", "2020-06-30": "5.06%", "2020-03-31": "5.62%", "2019-12-31": "7.02%", "2019-09-30": "6.62%", "2019-06-30": "6.24%", "2019-03-31": "6.27%", "2018-12-31": "6.02%", "2018-09-30": "5.92%", "2018-06-30": "5.71%", "2018-03-31": "5.48%", "2017-12-31": "5.52%", "2017-09-30": "5.65%", "2017-06-30": "6.05%", "2017-03-31": "6.45%", "2016-12-31": "6.23%", "2016-09-30": "7.11%", "2016-06-30": "6.82%", "2016-03-31": "5.31%", "2015-12-31": "5.52%", "2015-06-30": "3.16%", "2015-03-31": "4.60%", "2014-09-30": "2.60%", "2014-03-31": "0.08%", "2013-12-31": "-0.43%", "2013-03-31": "0.00%", "2012-12-31": "-0.12%", "2012-03-31": "-0.71%", "2011-12-31": "-1.17%", "2011-03-31": "-0.67%", "2010-12-31": "-0.54%", "2010-03-31": "0.00%", "2009-12-31": "0.32%", "2009-03-31": "-0.41%", "2008-12-31": "-0.49%", "2008-03-31": "-0.84%", "2007-12-31": "-0.95%", "2007-03-31": "-1.05%", "2006-12-31": "-0.98%", "2006-03-31": "-0.11%", "2005-12-31": "0.00%"}, "return on tangible equity": {"2020-09-30": "9.15%", "2020-06-30": "10.58%", "2020-03-31": "12.26%", "2019-12-31": "15.48%", "2019-09-30": "15.85%", "2019-06-30": "15.85%", "2019-03-31": "16.66%", "2018-12-31": "16.72%", "2018-09-30": "11.29%", "2018-06-30": "9.88%", "2018-03-31": "8.01%", "2017-12-31": "6.04%", "2017-09-30": "14.50%", "2017-06-30": "14.48%", "2017-03-31": "14.81%", "2016-12-31": "14.06%", "2016-09-30": "13.86%", "2016-06-30": "12.83%", "2016-03-31": "8.08%", "2015-12-31": "7.96%", "2015-06-30": "4.90%", "2015-03-31": "11.37%", "2014-09-30": "7.19%", "2014-03-31": "0.50%", "2013-12-31": "-0.28%", "2013-03-31": "6.40%", "2012-12-31": "6.33%", "2012-03-31": "5.20%", "2011-12-31": "4.53%", "2011-03-31": "6.14%", "2010-12-31": "6.14%", "2010-03-31": "7.41%", "2009-12-31": "8.21%", "2009-03-31": "7.46%", "2008-12-31": "7.17%", "2008-03-31": "6.89%", "2007-12-31": "6.44%", "2007-03-31": "6.48%", "2006-12-31": "6.64%", "2006-03-31": "6.74%", "2005-12-31": "7.04%"}, "dividend yield history": {"last payout": "$0.28", "last yield": "1.41%"}}