{"ticker": "STE", "price": {"title": "STERIS Historical Annual Stock Price Data", "value": 183.18, "historical": {"2021": {"Average Stock Price": "190.7317", "Year Open": "188.4900", "Year High": "202.8100", "Year Low": "182.8700", "Year Close": "183.1800", "Annual % Change": "-3.36%"}, "2020": {"Average Stock Price": "162.2273", "Year Open": "151.7000", "Year High": "196.0500", "Year Low": "107.7600", "Year Close": "189.5400", "Annual % Change": "24.35%"}, "2019": {"Average Stock Price": "137.0548", "Year Open": "104.1400", "Year High": "155.4000", "Year Low": "101.4800", "Year Close": "152.4200", "Annual % Change": "42.65%"}, "2018": {"Average Stock Price": "104.1558", "Year Open": "88.3100", "Year High": "120.7000", "Year Low": "84.1900", "Year Close": "106.8500", "Annual % Change": "22.16%"}, "2017": {"Average Stock Price": "79.8349", "Year Open": "68.2200", "Year High": "93.3300", "Year Low": "66.3200", "Year Close": "87.4700", "Annual % Change": "29.80%"}, "2016": {"Average Stock Price": "69.0667", "Year Open": "74.3700", "Year High": "74.4100", "Year Low": "62.4700", "Year Close": "67.3900", "Annual % Change": "-10.55%"}, "2015": {"Average Stock Price": "67.9606", "Year Open": "65.1600", "Year High": "77.7300", "Year Low": "61.9600", "Year Close": "75.3400", "Annual % Change": "16.18%"}, "2014": {"Average Stock Price": "53.7033", "Year Open": "47.1900", "Year High": "67.7100", "Year Low": "43.5800", "Year Close": "64.8500", "Annual % Change": "34.96%"}, "2013": {"Average Stock Price": "42.6881", "Year Open": "35.1100", "Year High": "48.3200", "Year Low": "35.1100", "Year Close": "48.0500", "Annual % Change": "38.35%"}, "2012": {"Average Stock Price": "32.2937", "Year Open": "30.0700", "Year High": "36.6300", "Year Low": "28.1000", "Year Close": "34.7300", "Annual % Change": "16.47%"}, "2011": {"Average Stock Price": "32.7073", "Year Open": "37.1000", "Year High": "37.1000", "Year Low": "27.3800", "Year Close": "29.8200", "Annual % Change": "-18.21%"}, "2010": {"Average Stock Price": "32.4554", "Year Open": "28.2900", "Year High": "37.8300", "Year Low": "26.0800", "Year Close": "36.4600", "Annual % Change": "30.35%"}, "2009": {"Average Stock Price": "27.0678", "Year Open": "23.9000", "Year High": "35.2500", "Year Low": "19.2500", "Year Close": "27.9700", "Annual % Change": "17.08%"}, "2008": {"Average Stock Price": "30.0113", "Year Open": "28.7800", "Year High": "38.3800", "Year Low": "22.2900", "Year Close": "23.8900", "Annual % Change": "-17.16%"}, "2007": {"Average Stock Price": "27.6810", "Year Open": "25.6400", "Year High": "31.2100", "Year Low": "24.6500", "Year Close": "28.8400", "Annual % Change": "14.58%"}, "2006": {"Average Stock Price": "24.2235", "Year Open": "25.5000", "Year High": "27.0000", "Year Low": "21.3300", "Year Close": "25.1700", "Annual % Change": "0.60%"}, "2005": {"Average Stock Price": "24.7049", "Year Open": "23.1600", "Year High": "27.5800", "Year Low": "21.6200", "Year Close": "25.0200", "Annual % Change": "5.48%"}, "2004": {"Average Stock Price": "23.1371", "Year Open": "22.8900", "Year High": "27.4400", "Year Low": "19.9700", "Year Close": "23.7200", "Annual % Change": "4.96%"}, "2003": {"Average Stock Price": "23.2051", "Year Open": "24.5500", "Year High": "27.2100", "Year Low": "19.9900", "Year Close": "22.6000", "Annual % Change": "-6.80%"}, "2002": {"Average Stock Price": "21.4869", "Year Open": "18.1000", "Year High": "27.0000", "Year Low": "16.3000", "Year Close": "24.2500", "Annual % Change": "32.73%"}, "2001": {"Average Stock Price": "18.4094", "Year Open": "16.3800", "Year High": "23.7300", "Year Low": "12.2100", "Year Close": "18.2700", "Annual % Change": "13.34%"}, "2000": {"Average Stock Price": "11.1422", "Year Open": "10.0600", "Year High": "16.7500", "Year Low": "8.0600", "Year Close": "16.1200", "Annual % Change": "57.27%"}, "1999": {"Average Stock Price": "19.1827", "Year Open": "29.5000", "Year High": "34.8100", "Year Low": "9.6200", "Year Close": "10.2500", "Annual % Change": "-63.96%"}, "1998": {"Average Stock Price": "27.7970", "Year Open": "22.9400", "Year High": "35.3750", "Year Low": "18.5000", "Year Close": "28.4400", "Annual % Change": "17.89%"}, "1997": {"Average Stock Price": "17.9873", "Year Open": "21.1900", "Year High": "25.0950", "Year Low": "11.4400", "Year Close": "24.1250", "Annual % Change": "10.92%"}, "1996": {"Average Stock Price": "16.6926", "Year Open": "16.2800", "Year High": "21.7500", "Year Low": "12.8100", "Year Close": "21.7500", "Annual % Change": "34.88%"}, "1995": {"Average Stock Price": "13.3210", "Year Open": "8.7500", "Year High": "21.5600", "Year Low": "7.5000", "Year Close": "16.1250", "Annual % Change": "72.00%"}, "1994": {"Average Stock Price": "6.0831", "Year Open": "4.8125", "Year High": "10.0000", "Year Low": "4.3750", "Year Close": "9.3750", "Annual % Change": "100.00%"}, "1993": {"Average Stock Price": "4.3933", "Year Open": "4.6875", "Year High": "5.2500", "Year Low": "3.2500", "Year Close": "4.6875", "Annual % Change": "6.41%"}}}, "market cap": {"value": "$15.63B"}, "income statement": {"Revenue": {"2020-03-31": "3030.89500", "2019-03-31": "2782.17000", "2018-03-31": "2619.99600", "2017-03-31": "2612.75600", "2016-03-31": "2238.76400", "2015-03-31": "1850.26300", "2014-03-31": "1622.25200", "2013-03-31": "1501.90200", "2012-03-31": "1406.81000", "2011-03-31": "1207.44800", "2010-03-31": "1257.73300", "2009-03-31": "1298.52500", "2008-03-31": "1265.09000", "2007-03-31": "1197.40700", "2006-03-31": "1160.28500", "2005-03-31": "1081.67400"}, "Cost Of Goods Sold": {"2020-03-31": "1710.97200", "2019-03-31": "1606.74300", "2018-03-31": "1527.25000", "2017-03-31": "1586.54300", "2016-03-31": "1343.28300", "2015-03-31": "1075.96200", "2014-03-31": "972.63000", "2013-03-31": "880.63900", "2012-03-31": "838.34500", "2011-03-31": "761.28600", "2010-03-31": "718.55200", "2009-03-31": "771.78300", "2008-03-31": "754.48700", "2007-03-31": "705.15400", "2006-03-31": "676.10000", "2005-03-31": "619.75300"}, "Gross Profit": {"2020-03-31": "1319.92300", "2019-03-31": "1175.42700", "2018-03-31": "1092.74600", "2017-03-31": "1026.21300", "2016-03-31": "895.48100", "2015-03-31": "774.30090", "2014-03-31": "649.62190", "2013-03-31": "621.26300", "2012-03-31": "568.46510", "2011-03-31": "446.16200", "2010-03-31": "539.18100", "2009-03-31": "526.74200", "2008-03-31": "510.60300", "2007-03-31": "492.25300", "2006-03-31": "484.18510", "2005-03-31": "461.92100"}, "Research And Development Expenses": {"2020-03-31": "65.54600", "2019-03-31": "63.03800", "2018-03-31": "60.78200", "2017-03-31": "59.39700", "2016-03-31": "56.66400", "2015-03-31": "54.13900", "2014-03-31": "48.64100", "2013-03-31": "41.30500", "2012-03-31": "35.95300", "2011-03-31": "34.28000", "2010-03-31": "34.00800", "2009-03-31": "32.76000", "2008-03-31": "36.91600", "2007-03-31": "33.62600", "2006-03-31": "33.59700", "2005-03-31": "31.50900"}, "SG&A Expenses": {"2020-03-31": "716.73100", "2019-03-31": "669.93700", "2018-03-31": "631.97800", "2017-03-31": "682.03900", "2016-03-31": "626.71000", "2015-03-31": "493.34200", "2014-03-31": "380.97000", "2013-03-31": "337.69400", "2012-03-31": "309.55200", "2011-03-31": "325.46800", "2010-03-31": "296.61300", "2009-03-31": "314.98300", "2008-03-31": "334.68100", "2007-03-31": "314.34200", "2006-03-31": "315.58200", "2005-03-31": "289.06800"}, "Other Operating Income Or Expenses": {"2020-03-31": "", "2019-03-31": "", "2018-03-31": "", "2017-03-31": "", "2016-03-31": "", "2015-03-31": "", "2014-03-31": "", "2013-03-31": "", "2012-03-31": "", "2011-03-31": "", "2010-03-31": "", "2009-03-31": "", "2008-03-31": "", "2007-03-31": "", "2006-03-31": "", "2005-03-31": ""}, "Operating Expenses": {"2020-03-31": "2493.92200", "2019-03-31": "2370.70500", "2018-03-31": "2220.11300", "2017-03-31": "2386.55000", "2016-03-31": "2025.83700", "2015-03-31": "1623.05200", "2014-03-31": "1415.44500", "2013-03-31": "1259.07300", "2012-03-31": "1184.49400", "2011-03-31": "1122.23600", "2010-03-31": "1054.02100", "2009-03-31": "1119.52600", "2008-03-31": "1126.08400", "2007-03-31": "1053.12200", "2006-03-31": "1025.27900", "2005-03-31": "940.33000"}, "Operating Income": {"2020-03-31": "536.97290", "2019-03-31": "411.46480", "2018-03-31": "399.88310", "2017-03-31": "226.20610", "2016-03-31": "212.92690", "2015-03-31": "227.21080", "2014-03-31": "206.80700", "2013-03-31": "242.82900", "2012-03-31": "222.31600", "2011-03-31": "85.21190", "2010-03-31": "203.71200", "2009-03-31": "178.99900", "2008-03-31": "139.00600", "2007-03-31": "144.28500", "2006-03-31": "135.00610", "2005-03-31": "141.34400"}, "Total Non-Operating Income/Expense": {"2020-03-31": "-38.29200", "2019-03-31": "-41.99500", "2018-03-31": "-44.90100", "2017-03-31": "-41.56000", "2016-03-31": "-41.04300", "2015-03-31": "-18.39100", "2014-03-31": "-18.43100", "2013-03-31": "-15.73100", "2012-03-31": "-11.20800", "2011-03-31": "-11.39300", "2010-03-31": "-11.89600", "2009-03-31": "-12.51400", "2008-03-31": "-19.20700", "2007-03-31": "-11.35500", "2006-03-31": "-26.88800", "2005-03-31": "-3.05200"}, "Pre-Tax Income": {"2020-03-31": "498.68100", "2019-03-31": "369.47000", "2018-03-31": "354.98200", "2017-03-31": "184.64600", "2016-03-31": "171.88400", "2015-03-31": "208.82000", "2014-03-31": "188.37600", "2013-03-31": "227.09800", "2012-03-31": "211.10800", "2011-03-31": "73.81900", "2010-03-31": "191.81600", "2009-03-31": "166.48500", "2008-03-31": "119.79900", "2007-03-31": "132.93000", "2006-03-31": "108.11800", "2005-03-31": "138.29200"}, "Income Taxes": {"2020-03-31": "90.87600", "2019-03-31": "64.39400", "2018-03-31": "63.36000", "2017-03-31": "74.01500", "2016-03-31": "60.29900", "2015-03-31": "73.75600", "2014-03-31": "58.93400", "2013-03-31": "67.12100", "2012-03-31": "74.99300", "2011-03-31": "22.55400", "2010-03-31": "63.34900", "2009-03-31": "55.80000", "2008-03-31": "42.69300", "2007-03-31": "51.83300", "2006-03-31": "45.17200", "2005-03-31": "54.62000"}, "Income After Taxes": {"2020-03-31": "407.80500", "2019-03-31": "305.07600", "2018-03-31": "291.62200", "2017-03-31": "110.63100", "2016-03-31": "111.58500", "2015-03-31": "135.06400", "2014-03-31": "129.44200", "2013-03-31": "159.97700", "2012-03-31": "136.11500", "2011-03-31": "51.26500", "2010-03-31": "128.46700", "2009-03-31": "110.68500", "2008-03-31": "77.10600", "2007-03-31": "81.09700", "2006-03-31": "62.94600", "2005-03-31": "83.67200"}, "Other Income": {"2020-03-31": "", "2019-03-31": "", "2018-03-31": "", "2017-03-31": "", "2016-03-31": "", "2015-03-31": "", "2014-03-31": "", "2013-03-31": "", "2012-03-31": "", "2011-03-31": "", "2010-03-31": "", "2009-03-31": "", "2008-03-31": "", "2007-03-31": "", "2006-03-31": "", "2005-03-31": ""}, "Income From Continuous Operations": {"2020-03-31": "407.80500", "2019-03-31": "305.07600", "2018-03-31": "291.62200", "2017-03-31": "110.63100", "2016-03-31": "111.58500", "2015-03-31": "135.06400", "2014-03-31": "129.44200", "2013-03-31": "159.97700", "2012-03-31": "136.11500", "2011-03-31": "51.26500", "2010-03-31": "128.46700", "2009-03-31": "110.68500", "2008-03-31": "77.10600", "2007-03-31": "81.09700", "2006-03-31": "62.94600", "2005-03-31": "83.67200"}, "Income From Discontinued Operations": {"2020-03-31": "", "2019-03-31": "", "2018-03-31": "", "2017-03-31": "", "2016-03-31": "", "2015-03-31": "", "2014-03-31": "", "2013-03-31": "", "2012-03-31": "", "2011-03-31": "", "2010-03-31": "", "2009-03-31": "", "2008-03-31": "", "2007-03-31": "1.05800", "2006-03-31": "7.34300", "2005-03-31": "2.30800"}, "Net Income": {"2020-03-31": "407.60500", "2019-03-31": "304.05100", "2018-03-31": "290.91500", "2017-03-31": "109.96500", "2016-03-31": "110.76300", "2015-03-31": "135.06400", "2014-03-31": "129.44200", "2013-03-31": "159.97700", "2012-03-31": "136.11500", "2011-03-31": "51.26500", "2010-03-31": "128.46700", "2009-03-31": "110.68500", "2008-03-31": "77.10600", "2007-03-31": "82.15500", "2006-03-31": "70.28900", "2005-03-31": "85.98000"}, "EBITDA": {"2020-03-31": "734.20790", "2019-03-31": "637.38590", "2018-03-31": "578.21510", "2017-03-31": "472.70400", "2016-03-31": "356.66690", "2015-03-31": "318.75180", "2014-03-31": "282.45600", "2013-03-31": "311.86400", "2012-03-31": "285.22200", "2011-03-31": "139.60090", "2010-03-31": "259.93000", "2009-03-31": "237.77200", "2008-03-31": "201.78400", "2007-03-31": "204.54200", "2006-03-31": "192.92510", "2005-03-31": "192.53600"}, "EBIT": {"2020-03-31": "536.97290", "2019-03-31": "411.46480", "2018-03-31": "399.88310", "2017-03-31": "226.20610", "2016-03-31": "212.92690", "2015-03-31": "227.21080", "2014-03-31": "206.80700", "2013-03-31": "242.82900", "2012-03-31": "222.31600", "2011-03-31": "85.21190", "2010-03-31": "203.71200", "2009-03-31": "178.99900", "2008-03-31": "139.00600", "2007-03-31": "144.28500", "2006-03-31": "135.00610", "2005-03-31": "141.34400"}, "Basic Shares Outstanding": {"2020-03-31": "84.77800", "2019-03-31": "84.57700", "2018-03-31": "85.02800", "2017-03-31": "85.47300", "2016-03-31": "70.69800", "2015-03-31": "59.41300", "2014-03-31": "58.96600", "2013-03-31": "58.30500", "2012-03-31": "58.36700", "2011-03-31": "59.30600", "2010-03-31": "58.82600", "2009-03-31": "58.77800", "2008-03-31": "63.30000", "2007-03-31": "65.17400", "2006-03-31": "68.23800", "2005-03-31": "69.25400"}, "Shares Outstanding": {"2020-03-31": "85.64100", "2019-03-31": "85.46800", "2018-03-31": "85.71300", "2017-03-31": "86.09400", "2016-03-31": "71.18400", "2015-03-31": "60.04500", "2014-03-31": "59.74500", "2013-03-31": "58.84400", "2012-03-31": "58.96300", "2011-03-31": "60.14800", "2010-03-31": "59.42300", "2009-03-31": "59.44800", "2008-03-31": "64.07700", "2007-03-31": "65.73100", "2006-03-31": "68.93900", "2005-03-31": "70.02200"}, "Basic EPS": {"2020-03-31": "4.81000", "2019-03-31": "3.59000", "2018-03-31": "3.42000", "2017-03-31": "1.29000", "2016-03-31": "1.57000", "2015-03-31": "2.27000", "2014-03-31": "2.20000", "2013-03-31": "2.74000", "2012-03-31": "2.33000", "2011-03-31": "0.86000", "2010-03-31": "2.18000", "2009-03-31": "1.88000", "2008-03-31": "1.22000", "2007-03-31": "1.26000", "2006-03-31": "1.03000", "2005-03-31": "1.24000"}, "EPS - Earnings Per Share": {"2020-03-31": "4.76000", "2019-03-31": "3.56000", "2018-03-31": "3.39000", "2017-03-31": "1.28000", "2016-03-31": "1.56000", "2015-03-31": "2.25000", "2014-03-31": "2.17000", "2013-03-31": "2.72000", "2012-03-31": "2.31000", "2011-03-31": "0.85000", "2010-03-31": "2.16000", "2009-03-31": "1.86000", "2008-03-31": "1.20000", "2007-03-31": "1.25000", "2006-03-31": "1.02000", "2005-03-31": "1.23000"}}, "income statement, quarterly": {"Revenue": {"2020-12-31": "808.92400", "2020-09-30": "756.13200", "2020-06-30": "668.93200", "2020-03-31": "822.99100", "2019-12-31": "774.26100", "2019-09-30": "736.84000", "2019-06-30": "696.80300", "2019-03-31": "768.21300", "2018-12-31": "696.23800", "2018-09-30": "678.96100", "2018-06-30": "638.75800", "2018-03-31": "715.97300", "2017-12-31": "661.90000", "2017-09-30": "634.15900", "2017-06-30": "607.96400", "2017-03-31": "681.18910", "2016-12-31": "646.77400", "2016-09-30": "646.41500", "2016-06-30": "638.37800", "2016-03-31": "690.27700", "2015-12-31": "618.68800", "2015-09-30": "489.89700", "2015-06-30": "439.90200", "2015-03-31": "501.64690", "2014-12-31": "473.24400", "2014-09-30": "462.72900", "2014-06-30": "412.64300", "2014-03-31": "465.28700", "2013-12-31": "405.55100", "2013-09-30": "383.76200", "2013-06-30": "367.65200", "2013-03-31": "428.21590", "2012-12-31": "380.40500", "2012-09-30": "356.32100", "2012-06-30": "336.96000", "2012-03-31": "390.24910", "2011-12-31": "355.21500", "2011-09-30": "342.70700", "2011-06-30": "318.63900", "2011-03-31": "377.76010", "2010-12-31": "328.28300", "2010-09-30": "312.42500", "2010-06-30": "188.98000", "2010-03-31": "332.12900", "2009-12-31": "327.83200", "2009-09-30": "314.22900", "2009-06-30": "283.54300", "2009-03-31": "344.36600", "2008-12-31": "319.46700", "2008-09-30": "323.12700", "2008-06-30": "311.56500", "2008-03-31": "375.17000", "2007-12-31": "313.97400", "2007-09-30": "295.00200", "2007-06-30": "280.94400", "2007-03-31": "349.83690", "2006-12-31": "298.96700", "2006-09-30": "283.53600", "2006-06-30": "265.06700", "2006-03-31": "331.27400", "2005-12-31": "287.49200", "2005-09-30": "273.43600", "2005-06-30": "268.08300", "2005-03-31": "288.26590"}, "Cost Of Goods Sold": {"2020-12-31": "463.06300", "2020-09-30": "426.09500", "2020-06-30": "383.36400", "2020-03-31": "458.93110", "2019-12-31": "442.90800", "2019-09-30": "418.17300", "2019-06-30": "390.96000", "2019-03-31": "433.49710", "2018-12-31": "409.24100", "2018-09-30": "394.29700", "2018-06-30": "369.70800", "2018-03-31": "423.60710", "2017-12-31": "383.68300", "2017-09-30": "367.76200", "2017-06-30": "352.19800", "2017-03-31": "400.48300", "2016-12-31": "389.16500", "2016-09-30": "398.50700", "2016-06-30": "398.38800", "2016-03-31": "426.38800", "2015-12-31": "380.50700", "2015-09-30": "280.57600", "2015-06-30": "255.81200", "2015-03-31": "288.58700", "2014-12-31": "276.08800", "2014-09-30": "268.73700", "2014-06-30": "242.55000", "2014-03-31": "280.79200", "2013-12-31": "241.77600", "2013-09-30": "229.25600", "2013-06-30": "220.80600", "2013-03-31": "250.44790", "2012-12-31": "227.28300", "2012-09-30": "203.20000", "2012-06-30": "199.70800", "2012-03-31": "226.02400", "2011-12-31": "217.20900", "2011-09-30": "209.39800", "2011-06-30": "185.71400", "2011-03-31": "221.73300", "2010-12-31": "191.26900", "2010-09-30": "177.37000", "2010-06-30": "170.91400", "2010-03-31": "189.92200", "2009-12-31": "188.34900", "2009-09-30": "181.57400", "2009-06-30": "158.70700", "2009-03-31": "204.55510", "2008-12-31": "195.40000", "2008-09-30": "190.76400", "2008-06-30": "181.06400", "2008-03-31": "226.97700", "2007-12-31": "187.37200", "2007-09-30": "174.79400", "2007-06-30": "165.34400", "2007-03-31": "217.42100", "2006-12-31": "171.26600", "2006-09-30": "164.77500", "2006-06-30": "151.69200", "2006-03-31": "197.94400", "2005-12-31": "165.39600", "2005-09-30": "160.25300", "2005-06-30": "152.50700", "2005-03-31": "164.19300"}, "Gross Profit": {"2020-12-31": "345.86100", "2020-09-30": "330.03700", "2020-06-30": "285.56800", "2020-03-31": "364.05980", "2019-12-31": "331.35300", "2019-09-30": "318.66700", "2019-06-30": "305.84300", "2019-03-31": "334.71590", "2018-12-31": "286.99700", "2018-09-30": "284.66400", "2018-06-30": "269.05000", "2018-03-31": "292.36600", "2017-12-31": "278.21700", "2017-09-30": "266.39700", "2017-06-30": "255.76600", "2017-03-31": "280.70620", "2016-12-31": "257.60900", "2016-09-30": "247.90800", "2016-06-30": "239.99000", "2016-03-31": "263.88900", "2015-12-31": "238.18100", "2015-09-30": "209.32100", "2015-06-30": "184.09000", "2015-03-31": "213.05990", "2014-12-31": "197.15600", "2014-09-30": "193.99200", "2014-06-30": "170.09300", "2014-03-31": "184.49490", "2013-12-31": "163.77500", "2013-09-30": "154.50600", "2013-06-30": "146.84600", "2013-03-31": "177.76800", "2012-12-31": "153.12200", "2012-09-30": "153.12100", "2012-06-30": "137.25200", "2012-03-31": "164.22510", "2011-12-31": "138.00600", "2011-09-30": "133.30900", "2011-06-30": "132.92500", "2011-03-31": "156.02700", "2010-12-31": "137.01400", "2010-09-30": "135.05500", "2010-06-30": "18.06600", "2010-03-31": "142.20700", "2009-12-31": "139.48300", "2009-09-30": "132.65500", "2009-06-30": "124.83600", "2009-03-31": "139.81090", "2008-12-31": "124.06700", "2008-09-30": "132.36300", "2008-06-30": "130.50100", "2008-03-31": "148.19300", "2007-12-31": "126.60200", "2007-09-30": "120.20800", "2007-06-30": "115.60000", "2007-03-31": "132.41590", "2006-12-31": "127.70100", "2006-09-30": "118.76100", "2006-06-30": "113.37500", "2006-03-31": "133.33010", "2005-12-31": "122.09600", "2005-09-30": "113.18300", "2005-06-30": "115.57600", "2005-03-31": "124.07290"}, "Research And Development Expenses": {"2020-12-31": "16.43800", "2020-09-30": "16.14300", "2020-06-30": "16.23100", "2020-03-31": "17.22500", "2019-12-31": "16.48700", "2019-09-30": "16.24900", "2019-06-30": "15.58500", "2019-03-31": "15.87800", "2018-12-31": "15.16700", "2018-09-30": "15.77300", "2018-06-30": "16.22000", "2018-03-31": "17.60900", "2017-12-31": "15.19500", "2017-09-30": "13.97400", "2017-06-30": "14.00400", "2017-03-31": "15.76100", "2016-12-31": "14.59100", "2016-09-30": "14.61700", "2016-06-30": "14.42800", "2016-03-31": "14.31000", "2015-12-31": "14.33400", "2015-09-30": "14.25500", "2015-06-30": "13.76500", "2015-03-31": "14.17500", "2014-12-31": "14.54900", "2014-09-30": "13.00600", "2014-06-30": "12.40900", "2014-03-31": "11.68100", "2013-12-31": "11.58000", "2013-09-30": "13.52700", "2013-06-30": "11.85300", "2013-03-31": "11.72600", "2012-12-31": "10.41500", "2012-09-30": "9.85200", "2012-06-30": "9.31200", "2012-03-31": "9.08500", "2011-12-31": "9.19600", "2011-09-30": "8.91500", "2011-06-30": "8.75700", "2011-03-31": "9.88900", "2010-12-31": "7.73900", "2010-09-30": "8.04300", "2010-06-30": "8.60900", "2010-03-31": "9.97400", "2009-12-31": "8.26500", "2009-09-30": "8.18900", "2009-06-30": "7.58000", "2009-03-31": "8.29100", "2008-12-31": "8.12200", "2008-09-30": "8.06800", "2008-06-30": "8.27900", "2008-03-31": "8.95300", "2007-12-31": "10.17300", "2007-09-30": "8.53100", "2007-06-30": "9.25900", "2007-03-31": "8.87000", "2006-12-31": "8.07800", "2006-09-30": "8.28300", "2006-06-30": "8.39500", "2006-03-31": "8.03400", "2005-12-31": "8.72600", "2005-09-30": "9.09600", "2005-06-30": "7.74100", "2005-03-31": "5.41400"}, "SG&A Expenses": {"2020-12-31": "182.37300", "2020-09-30": "172.70700", "2020-06-30": "155.17000", "2020-03-31": "189.06400", "2019-12-31": "172.92700", "2019-09-30": "175.95900", "2019-06-30": "178.78100", "2019-03-31": "173.12000", "2018-12-31": "176.09900", "2018-09-30": "162.31200", "2018-06-30": "158.40600", "2018-03-31": "162.09900", "2017-12-31": "159.66400", "2017-09-30": "153.87900", "2017-06-30": "156.33600", "2017-03-31": "207.71300", "2016-12-31": "158.76000", "2016-09-30": "163.68000", "2016-06-30": "151.88600", "2016-03-31": "150.09700", "2015-12-31": "177.31900", "2015-09-30": "172.45900", "2015-06-30": "126.83500", "2015-03-31": "130.99200", "2014-12-31": "122.37000", "2014-09-30": "126.29200", "2014-06-30": "113.68800", "2014-03-31": "100.88300", "2013-12-31": "95.49700", "2013-09-30": "90.66100", "2013-06-30": "93.92900", "2013-03-31": "100.92700", "2012-12-31": "75.95300", "2012-09-30": "81.04000", "2012-06-30": "79.77400", "2012-03-31": "81.96900", "2011-12-31": "73.92200", "2011-09-30": "76.65200", "2011-06-30": "77.00900", "2011-03-31": "87.88500", "2010-12-31": "93.46700", "2010-09-30": "71.99900", "2010-06-30": "72.11700", "2010-03-31": "75.71600", "2009-12-31": "71.77600", "2009-09-30": "74.51600", "2009-06-30": "74.60500", "2009-03-31": "83.07300", "2008-12-31": "67.27200", "2008-09-30": "77.29000", "2008-06-30": "87.34800", "2008-03-31": "84.75200", "2007-12-31": "82.01500", "2007-09-30": "84.53100", "2007-06-30": "83.38300", "2007-03-31": "70.54800", "2006-12-31": "82.59400", "2006-09-30": "82.78600", "2006-06-30": "78.41400", "2006-03-31": "81.38600", "2005-12-31": "74.31600", "2005-09-30": "78.64800", "2005-06-30": "81.23200", "2005-03-31": "74.78200"}, "Other Operating Income Or Expenses": {"2020-12-31": "", "2020-09-30": "", "2020-06-30": "", "2020-03-31": "", "2019-12-31": "", "2019-09-30": "", "2019-06-30": "", "2019-03-31": "", "2018-12-31": "", "2018-09-30": "", "2018-06-30": "", "2018-03-31": "", "2017-12-31": "", "2017-09-30": "", "2017-06-30": "", "2017-03-31": "", "2016-12-31": "", "2016-09-30": "", "2016-06-30": "", "2016-03-31": "", "2015-12-31": "", "2015-09-30": "", "2015-06-30": "", "2015-03-31": "", "2014-12-31": "", "2014-09-30": "", "2014-06-30": "", "2014-03-31": "", "2013-12-31": "", "2013-09-30": "", "2013-06-30": "", "2013-03-31": "", "2012-12-31": "", "2012-09-30": "", "2012-06-30": "", "2012-03-31": "", "2011-12-31": "", "2011-09-30": "", "2011-06-30": "", "2011-03-31": "", "2010-12-31": "", "2010-09-30": "", "2010-06-30": "", "2010-03-31": "", "2009-12-31": "", "2009-09-30": "", "2009-06-30": "", "2009-03-31": "", "2008-12-31": "", "2008-09-30": "", "2008-06-30": "", "2008-03-31": "", "2007-12-31": "", "2007-09-30": "", "2007-06-30": "", "2007-03-31": "", "2006-12-31": "", "2006-09-30": "", "2006-06-30": "", "2006-03-31": "", "2005-12-31": "", "2005-09-30": "", "2005-06-30": "", "2005-03-31": ""}, "Operating Expenses": {"2020-12-31": "661.89400", "2020-09-30": "614.86900", "2020-06-30": "554.93100", "2020-03-31": "665.22620", "2019-12-31": "631.87400", "2019-09-30": "610.10700", "2019-06-30": "586.71500", "2019-03-31": "627.33520", "2018-12-31": "626.65390", "2018-09-30": "572.38200", "2018-06-30": "544.33400", "2018-03-31": "603.26210", "2017-12-31": "558.62000", "2017-09-30": "535.64200", "2017-06-30": "522.58900", "2017-03-31": "623.95210", "2016-12-31": "620.89000", "2016-09-30": "576.85190", "2016-06-30": "564.85600", "2016-03-31": "590.95100", "2015-12-31": "571.96610", "2015-09-30": "467.23400", "2015-06-30": "395.68600", "2015-03-31": "433.37300", "2014-12-31": "411.89800", "2014-09-30": "409.30600", "2014-06-30": "368.47500", "2014-03-31": "405.68190", "2013-12-31": "349.66100", "2013-09-30": "333.46200", "2013-06-30": "326.64000", "2013-03-31": "363.10600", "2012-12-31": "313.26500", "2012-09-30": "294.04400", "2012-06-30": "288.65800", "2012-03-31": "316.20110", "2011-12-31": "301.49100", "2011-09-30": "295.06400", "2011-06-30": "271.73800", "2011-03-31": "320.70910", "2010-12-31": "292.47500", "2010-09-30": "257.41200", "2010-06-30": "251.64000", "2010-03-31": "280.46000", "2009-12-31": "268.39000", "2009-09-30": "264.27900", "2009-06-30": "240.89200", "2009-03-31": "295.91900", "2008-12-31": "270.79400", "2008-09-30": "276.12200", "2008-06-30": "276.69100", "2008-03-31": "320.68200", "2007-12-31": "279.56000", "2007-09-30": "267.85600", "2007-06-30": "257.98600", "2007-03-31": "296.83900", "2006-12-31": "261.93800", "2006-09-30": "255.84400", "2006-06-30": "238.50100", "2006-03-31": "287.36390", "2005-12-31": "248.43800", "2005-09-30": "247.99700", "2005-06-30": "241.48000", "2005-03-31": "244.38890"}, "Operating Income": {"2020-12-31": "147.03000", "2020-09-30": "141.26300", "2020-06-30": "114.00100", "2020-03-31": "157.76480", "2019-12-31": "142.38700", "2019-09-30": "126.73300", "2019-06-30": "110.08800", "2019-03-31": "140.87770", "2018-12-31": "69.58410", "2018-09-30": "106.57900", "2018-06-30": "94.42400", "2018-03-31": "112.71090", "2017-12-31": "103.28000", "2017-09-30": "98.51700", "2017-06-30": "85.37500", "2017-03-31": "57.23710", "2016-12-31": "25.88400", "2016-09-30": "69.56310", "2016-06-30": "73.52200", "2016-03-31": "99.32600", "2015-12-31": "46.72190", "2015-09-30": "22.66300", "2015-06-30": "44.21600", "2015-03-31": "68.27390", "2014-12-31": "61.34600", "2014-09-30": "53.42300", "2014-06-30": "44.16800", "2014-03-31": "59.60510", "2013-12-31": "55.89000", "2013-09-30": "50.30000", "2013-06-30": "41.01200", "2013-03-31": "65.11000", "2012-12-31": "67.14000", "2012-09-30": "62.27700", "2012-06-30": "48.30200", "2012-03-31": "74.04800", "2011-12-31": "53.72400", "2011-09-30": "47.64300", "2011-06-30": "46.90100", "2011-03-31": "57.05090", "2010-12-31": "35.80800", "2010-09-30": "55.01300", "2010-06-30": "-62.66000", "2010-03-31": "51.66900", "2009-12-31": "59.44200", "2009-09-30": "49.95000", "2009-06-30": "42.65100", "2009-03-31": "48.44700", "2008-12-31": "48.67300", "2008-09-30": "47.00500", "2008-06-30": "34.87400", "2008-03-31": "54.48800", "2007-12-31": "34.41400", "2007-09-30": "27.14600", "2007-06-30": "22.95800", "2007-03-31": "52.99800", "2006-12-31": "37.02900", "2006-09-30": "27.69200", "2006-06-30": "26.56600", "2006-03-31": "43.91010", "2005-12-31": "39.05400", "2005-09-30": "25.43900", "2005-06-30": "26.60300", "2005-03-31": "43.87700"}, "Total Non-Operating Income/Expense": {"2020-12-31": "-32.44200", "2020-09-30": "-7.47700", "2020-06-30": "-7.20300", "2020-03-31": "-9.75300", "2019-12-31": "-8.43500", "2019-09-30": "-9.42600", "2019-06-30": "-10.67800", "2019-03-31": "-7.47800", "2018-12-31": "-11.82400", "2018-09-30": "-11.32000", "2018-06-30": "-11.37300", "2018-03-31": "-11.26600", "2017-12-31": "-11.34400", "2017-09-30": "-11.17000", "2017-06-30": "-11.12100", "2017-03-31": "-9.90100", "2016-12-31": "-10.44100", "2016-09-30": "-10.64000", "2016-06-30": "-10.57800", "2016-03-31": "-10.84700", "2015-12-31": "-17.30000", "2015-09-30": "-7.25800", "2015-06-30": "-5.63800", "2015-03-31": "-4.61200", "2014-12-31": "-4.40500", "2014-09-30": "-4.91200", "2014-06-30": "-4.46200", "2014-03-31": "-4.61900", "2013-12-31": "-4.43100", "2013-09-30": "-4.64200", "2013-06-30": "-4.73900", "2013-03-31": "-5.77500", "2012-12-31": "-3.86900", "2012-09-30": "-3.37500", "2012-06-30": "-2.71200", "2012-03-31": "-3.07300", "2011-12-31": "-2.63200", "2011-09-30": "-2.39900", "2011-06-30": "-3.10400", "2011-03-31": "-2.58900", "2010-12-31": "-2.70500", "2010-09-30": "-2.91300", "2010-06-30": "-3.18600", "2010-03-31": "-3.73500", "2009-12-31": "-2.77000", "2009-09-30": "-2.73700", "2009-06-30": "-2.65400", "2009-03-31": "-3.57700", "2008-12-31": "-5.70300", "2008-09-30": "-2.01500", "2008-06-30": "-1.21900", "2008-03-31": "-13.59400", "2007-12-31": "-1.88700", "2007-09-30": "-1.56200", "2007-06-30": "-2.16400", "2007-03-31": "-2.12500", "2006-12-31": "-4.30200", "2006-09-30": "-2.73300", "2006-06-30": "-2.19500", "2006-03-31": "-26.15300", "2005-12-31": "-0.50300", "2005-09-30": "-0.93800", "2005-06-30": "0.70600", "2005-03-31": "-1.03300"}, "Pre-Tax Income": {"2020-12-31": "114.58800", "2020-09-30": "133.78600", "2020-06-30": "106.79800", "2020-03-31": "148.01200", "2019-12-31": "133.95200", "2019-09-30": "117.30700", "2019-06-30": "99.41000", "2019-03-31": "133.40000", "2018-12-31": "57.76000", "2018-09-30": "95.25900", "2018-06-30": "83.05100", "2018-03-31": "101.44500", "2017-12-31": "91.93600", "2017-09-30": "87.34700", "2017-06-30": "74.25400", "2017-03-31": "47.33600", "2016-12-31": "15.44300", "2016-09-30": "58.92300", "2016-06-30": "62.94400", "2016-03-31": "88.47900", "2015-12-31": "29.42200", "2015-09-30": "15.40500", "2015-06-30": "38.57800", "2015-03-31": "63.66200", "2014-12-31": "56.94100", "2014-09-30": "48.51100", "2014-06-30": "39.70600", "2014-03-31": "54.98600", "2013-12-31": "51.45900", "2013-09-30": "45.65800", "2013-06-30": "36.27300", "2013-03-31": "59.33500", "2012-12-31": "63.27100", "2012-09-30": "58.90200", "2012-06-30": "45.59000", "2012-03-31": "70.97500", "2011-12-31": "51.09200", "2011-09-30": "45.24400", "2011-06-30": "43.79700", "2011-03-31": "54.46200", "2010-12-31": "33.10300", "2010-09-30": "52.10000", "2010-06-30": "-65.84600", "2010-03-31": "47.93400", "2009-12-31": "56.67200", "2009-09-30": "47.21300", "2009-06-30": "39.99700", "2009-03-31": "44.87000", "2008-12-31": "42.97000", "2008-09-30": "44.99000", "2008-06-30": "33.65500", "2008-03-31": "40.89400", "2007-12-31": "32.52700", "2007-09-30": "25.58400", "2007-06-30": "20.79400", "2007-03-31": "50.87300", "2006-12-31": "32.72700", "2006-09-30": "24.95900", "2006-06-30": "24.37100", "2006-03-31": "17.75700", "2005-12-31": "38.55100", "2005-09-30": "24.50100", "2005-06-30": "27.30900", "2005-03-31": "42.84400"}, "Income Taxes": {"2020-12-31": "", "2020-09-30": "27.77800", "2020-06-30": "18.67400", "2020-03-31": "24.79300", "2019-12-31": "29.28500", "2019-09-30": "22.16500", "2019-06-30": "14.63300", "2019-03-31": "24.52300", "2018-12-31": "9.33400", "2018-09-30": "17.76400", "2018-06-30": "12.77300", "2018-03-31": "27.82200", "2017-12-31": "-3.40400", "2017-09-30": "22.90300", "2017-06-30": "16.03900", "2017-03-31": "21.27000", "2016-12-31": "19.79000", "2016-09-30": "18.72100", "2016-06-30": "14.23400", "2016-03-31": "30.61000", "2015-12-31": "8.26800", "2015-09-30": "7.15400", "2015-06-30": "14.26700", "2015-03-31": "22.26300", "2014-12-31": "18.81700", "2014-09-30": "17.50700", "2014-06-30": "15.16900", "2014-03-31": "16.11000", "2013-12-31": "22.95300", "2013-09-30": "15.91500", "2013-06-30": "3.95600", "2013-03-31": "17.95400", "2012-12-31": "15.17400", "2012-09-30": "18.75700", "2012-06-30": "15.23600", "2012-03-31": "26.80400", "2011-12-31": "17.44300", "2011-09-30": "15.68000", "2011-06-30": "15.06600", "2011-03-31": "15.46300", "2010-12-31": "11.33800", "2010-09-30": "16.38900", "2010-06-30": "-20.63600", "2010-03-31": "18.09900", "2009-12-31": "15.66600", "2009-09-30": "15.12900", "2009-06-30": "14.45500", "2009-03-31": "17.05400", "2008-12-31": "14.39500", "2008-09-30": "16.19600", "2008-06-30": "8.15500", "2008-03-31": "14.78500", "2007-12-31": "10.75100", "2007-09-30": "9.56600", "2007-06-30": "7.59100", "2007-03-31": "21.06100", "2006-12-31": "11.85900", "2006-09-30": "8.59900", "2006-06-30": "10.31400", "2006-03-31": "10.31300", "2005-12-31": "15.38600", "2005-09-30": "9.09600", "2005-06-30": "10.37700", "2005-03-31": "19.31300"}, "Income After Taxes": {"2020-12-31": "114.58800", "2020-09-30": "106.00800", "2020-06-30": "88.12400", "2020-03-31": "123.21900", "2019-12-31": "104.66700", "2019-09-30": "95.14200", "2019-06-30": "84.77700", "2019-03-31": "108.87700", "2018-12-31": "48.42600", "2018-09-30": "77.49500", "2018-06-30": "70.27800", "2018-03-31": "73.62300", "2017-12-31": "95.34000", "2017-09-30": "64.44400", "2017-06-30": "58.21500", "2017-03-31": "26.06600", "2016-12-31": "-4.34700", "2016-09-30": "40.20200", "2016-06-30": "48.71000", "2016-03-31": "57.86900", "2015-12-31": "21.15400", "2015-09-30": "8.25100", "2015-06-30": "24.31100", "2015-03-31": "41.39900", "2014-12-31": "38.12400", "2014-09-30": "31.00400", "2014-06-30": "24.53700", "2014-03-31": "38.87600", "2013-12-31": "28.50600", "2013-09-30": "29.74300", "2013-06-30": "32.31700", "2013-03-31": "41.38100", "2012-12-31": "48.09700", "2012-09-30": "40.14500", "2012-06-30": "30.35400", "2012-03-31": "44.17100", "2011-12-31": "33.64900", "2011-09-30": "29.56400", "2011-06-30": "28.73100", "2011-03-31": "38.99900", "2010-12-31": "21.76500", "2010-09-30": "35.71100", "2010-06-30": "-45.21000", "2010-03-31": "29.83500", "2009-12-31": "41.00600", "2009-09-30": "32.08400", "2009-06-30": "25.54200", "2009-03-31": "27.81600", "2008-12-31": "28.57500", "2008-09-30": "28.79400", "2008-06-30": "25.50000", "2008-03-31": "26.10900", "2007-12-31": "21.77600", "2007-09-30": "16.01800", "2007-06-30": "13.20300", "2007-03-31": "29.81200", "2006-12-31": "20.86800", "2006-09-30": "16.36000", "2006-06-30": "14.05700", "2006-03-31": "7.44400", "2005-12-31": "23.16500", "2005-09-30": "15.40500", "2005-06-30": "16.93200", "2005-03-31": "23.53100"}, "Other Income": {"2020-12-31": "", "2020-09-30": "", "2020-06-30": "", "2020-03-31": "", "2019-12-31": "", "2019-09-30": "", "2019-06-30": "", "2019-03-31": "", "2018-12-31": "", "2018-09-30": "", "2018-06-30": "", "2018-03-31": "", "2017-12-31": "", "2017-09-30": "", "2017-06-30": "", "2017-03-31": "", "2016-12-31": "", "2016-09-30": "", "2016-06-30": "", "2016-03-31": "", "2015-12-31": "", "2015-09-30": "", "2015-06-30": "", "2015-03-31": "", "2014-12-31": "", "2014-09-30": "", "2014-06-30": "", "2014-03-31": "", "2013-12-31": "", "2013-09-30": "", "2013-06-30": "", "2013-03-31": "", "2012-12-31": "", "2012-09-30": "", "2012-06-30": "", "2012-03-31": "", "2011-12-31": "", "2011-09-30": "", "2011-06-30": "", "2011-03-31": "", "2010-12-31": "", "2010-09-30": "", "2010-06-30": "", "2010-03-31": "", "2009-12-31": "", "2009-09-30": "", "2009-06-30": "", "2009-03-31": "", "2008-12-31": "", "2008-09-30": "", "2008-06-30": "", "2008-03-31": "", "2007-12-31": "", "2007-09-30": "", "2007-06-30": "", "2007-03-31": "", "2006-12-31": "", "2006-09-30": "", "2006-06-30": "", "2006-03-31": "", "2005-12-31": "", "2005-09-30": "", "2005-06-30": "", "2005-03-31": ""}, "Income From Continuous Operations": {"2020-12-31": "114.58800", "2020-09-30": "106.00800", "2020-06-30": "88.12400", "2020-03-31": "123.21900", "2019-12-31": "104.66700", "2019-09-30": "95.14200", "2019-06-30": "84.77700", "2019-03-31": "108.87700", "2018-12-31": "48.42600", "2018-09-30": "77.49500", "2018-06-30": "70.27800", "2018-03-31": "73.62300", "2017-12-31": "95.34000", "2017-09-30": "64.44400", "2017-06-30": "58.21500", "2017-03-31": "26.06600", "2016-12-31": "-4.34700", "2016-09-30": "40.20200", "2016-06-30": "48.71000", "2016-03-31": "57.86900", "2015-12-31": "21.15400", "2015-09-30": "8.25100", "2015-06-30": "24.31100", "2015-03-31": "41.39900", "2014-12-31": "38.12400", "2014-09-30": "31.00400", "2014-06-30": "24.53700", "2014-03-31": "38.87600", "2013-12-31": "28.50600", "2013-09-30": "29.74300", "2013-06-30": "32.31700", "2013-03-31": "41.38100", "2012-12-31": "48.09700", "2012-09-30": "40.14500", "2012-06-30": "30.35400", "2012-03-31": "44.17100", "2011-12-31": "33.64900", "2011-09-30": "29.56400", "2011-06-30": "28.73100", "2011-03-31": "38.99900", "2010-12-31": "21.76500", "2010-09-30": "35.71100", "2010-06-30": "-45.21000", "2010-03-31": "29.83500", "2009-12-31": "41.00600", "2009-09-30": "32.08400", "2009-06-30": "25.54200", "2009-03-31": "27.81600", "2008-12-31": "28.57500", "2008-09-30": "28.79400", "2008-06-30": "25.50000", "2008-03-31": "26.10900", "2007-12-31": "21.77600", "2007-09-30": "16.01800", "2007-06-30": "13.20300", "2007-03-31": "29.81200", "2006-12-31": "20.86800", "2006-09-30": "16.36000", "2006-06-30": "14.05700", "2006-03-31": "7.44400", "2005-12-31": "23.16500", "2005-09-30": "15.40500", "2005-06-30": "16.93200", "2005-03-31": "23.53100"}, "Income From Discontinued Operations": {"2020-12-31": "", "2020-09-30": "", "2020-06-30": "", "2020-03-31": "", "2019-12-31": "", "2019-09-30": "", "2019-06-30": "", "2019-03-31": "", "2018-12-31": "", "2018-09-30": "", "2018-06-30": "", "2018-03-31": "", "2017-12-31": "", "2017-09-30": "", "2017-06-30": "", "2017-03-31": "", "2016-12-31": "", "2016-09-30": "", "2016-06-30": "", "2016-03-31": "", "2015-12-31": "", "2015-09-30": "", "2015-06-30": "", "2015-03-31": "", "2014-12-31": "", "2014-09-30": "", "2014-06-30": "", "2014-03-31": "", "2013-12-31": "", "2013-09-30": "", "2013-06-30": "", "2013-03-31": "", "2012-12-31": "", "2012-09-30": "", "2012-06-30": "", "2012-03-31": "", "2011-12-31": "", "2011-09-30": "", "2011-06-30": "", "2011-03-31": "", "2010-12-31": "", "2010-09-30": "", "2010-06-30": "", "2010-03-31": "", "2009-12-31": "", "2009-09-30": "", "2009-06-30": "", "2009-03-31": "", "2008-12-31": "", "2008-09-30": "", "2008-06-30": "", "2008-03-31": "", "2007-12-31": "", "2007-09-30": "", "2007-06-30": "", "2007-03-31": "", "2006-12-31": "0.43100", "2006-09-30": "", "2006-06-30": "0.62700", "2006-03-31": "1.00900", "2005-12-31": "4.92400", "2005-09-30": "1.01000", "2005-06-30": "0.40000", "2005-03-31": "1.48200"}, "Net Income": {"2020-12-31": "114.50100", "2020-09-30": "105.85800", "2020-06-30": "88.19000", "2020-03-31": "123.31600", "2019-12-31": "104.93000", "2019-09-30": "94.76900", "2019-06-30": "84.59000", "2019-03-31": "108.74500", "2018-12-31": "47.85800", "2018-09-30": "77.45700", "2018-06-30": "69.99100", "2018-03-31": "73.59800", "2017-12-31": "94.78100", "2017-09-30": "64.45900", "2017-06-30": "58.07700", "2017-03-31": "26.14400", "2016-12-31": "-4.99600", "2016-09-30": "40.41600", "2016-06-30": "48.40100", "2016-03-31": "57.74000", "2015-12-31": "20.04500", "2015-09-30": "8.68700", "2015-06-30": "24.29100", "2015-03-31": "41.39900", "2014-12-31": "38.12400", "2014-09-30": "31.00400", "2014-06-30": "24.53700", "2014-03-31": "38.87600", "2013-12-31": "28.50600", "2013-09-30": "29.74300", "2013-06-30": "32.31700", "2013-03-31": "41.38100", "2012-12-31": "48.09700", "2012-09-30": "40.14500", "2012-06-30": "30.35400", "2012-03-31": "44.17100", "2011-12-31": "33.64900", "2011-09-30": "29.56400", "2011-06-30": "28.73100", "2011-03-31": "38.99900", "2010-12-31": "21.76500", "2010-09-30": "35.71100", "2010-06-30": "-45.21000", "2010-03-31": "29.83500", "2009-12-31": "41.00600", "2009-09-30": "32.08400", "2009-06-30": "25.54200", "2009-03-31": "27.81600", "2008-12-31": "28.57500", "2008-09-30": "28.79400", "2008-06-30": "25.50000", "2008-03-31": "26.10900", "2007-12-31": "21.77600", "2007-09-30": "16.01800", "2007-06-30": "13.20300", "2007-03-31": "29.81200", "2006-12-31": "21.29900", "2006-09-30": "16.36000", "2006-06-30": "14.68400", "2006-03-31": "8.45300", "2005-12-31": "28.08900", "2005-09-30": "16.41500", "2005-06-30": "17.33200", "2005-03-31": "25.01300"}, "EBITDA": {"2020-12-31": "", "2020-09-30": "195.68100", "2020-06-30": "162.95500", "2020-03-31": "208.70580", "2019-12-31": "191.94500", "2019-09-30": "176.36700", "2019-06-30": "157.19000", "2019-03-31": "191.14070", "2018-12-31": "152.27110", "2018-09-30": "152.69600", "2018-06-30": "141.27800", "2018-03-31": "157.18790", "2017-12-31": "147.93600", "2017-09-30": "144.06500", "2017-06-30": "129.02600", "2017-03-31": "110.13410", "2016-12-31": "115.62400", "2016-09-30": "119.64000", "2016-06-30": "127.30600", "2016-03-31": "152.14100", "2015-12-31": "91.54890", "2015-09-30": "46.40800", "2015-06-30": "66.56900", "2015-03-31": "90.37490", "2014-12-31": "82.95100", "2014-09-30": "80.85300", "2014-06-30": "64.57300", "2014-03-31": "79.56510", "2013-12-31": "75.46400", "2013-09-30": "68.08200", "2013-06-30": "59.34500", "2013-03-31": "85.63700", "2012-12-31": "85.46000", "2012-09-30": "78.12800", "2012-06-30": "62.63900", "2012-03-31": "90.66600", "2011-12-31": "69.82500", "2011-09-30": "63.39500", "2011-06-30": "61.33600", "2011-03-31": "71.70090", "2010-12-31": "49.23700", "2010-09-30": "68.28500", "2010-06-30": "-49.62200", "2010-03-31": "65.86000", "2009-12-31": "73.63000", "2009-09-30": "63.90100", "2009-06-30": "56.53900", "2009-03-31": "63.34400", "2008-12-31": "62.97400", "2008-09-30": "61.38000", "2008-06-30": "50.07400", "2008-03-31": "69.76700", "2007-12-31": "50.42900", "2007-09-30": "43.04800", "2007-06-30": "38.54000", "2007-03-31": "68.98200", "2006-12-31": "51.62500", "2006-09-30": "42.48500", "2006-06-30": "41.45000", "2006-03-31": "59.71910", "2005-12-31": "52.73200", "2005-09-30": "39.97800", "2005-06-30": "40.49600", "2005-03-31": "57.57600"}, "EBIT": {"2020-12-31": "147.03000", "2020-09-30": "141.26300", "2020-06-30": "114.00100", "2020-03-31": "157.76490", "2019-12-31": "142.38700", "2019-09-30": "126.73300", "2019-06-30": "110.08800", "2019-03-31": "140.87780", "2018-12-31": "69.58410", "2018-09-30": "106.57900", "2018-06-30": "94.42400", "2018-03-31": "112.71100", "2017-12-31": "103.28000", "2017-09-30": "98.51700", "2017-06-30": "85.37500", "2017-03-31": "57.23710", "2016-12-31": "25.88400", "2016-09-30": "69.56310", "2016-06-30": "73.52200", "2016-03-31": "99.32590", "2015-12-31": "46.72190", "2015-09-30": "22.66300", "2015-06-30": "44.21600", "2015-03-31": "68.27380", "2014-12-31": "61.34600", "2014-09-30": "53.42300", "2014-06-30": "44.16800", "2014-03-31": "59.60500", "2013-12-31": "55.89000", "2013-09-30": "50.30000", "2013-06-30": "41.01200", "2013-03-31": "65.11000", "2012-12-31": "67.14000", "2012-09-30": "62.27700", "2012-06-30": "48.30200", "2012-03-31": "74.04800", "2011-12-31": "53.72400", "2011-09-30": "47.64300", "2011-06-30": "46.90100", "2011-03-31": "57.05090", "2010-12-31": "35.80800", "2010-09-30": "55.01300", "2010-06-30": "-62.66000", "2010-03-31": "51.66900", "2009-12-31": "59.44200", "2009-09-30": "49.95000", "2009-06-30": "42.65100", "2009-03-31": "48.44700", "2008-12-31": "48.67300", "2008-09-30": "47.00500", "2008-06-30": "34.87400", "2008-03-31": "54.48800", "2007-12-31": "34.41400", "2007-09-30": "27.14600", "2007-06-30": "22.95800", "2007-03-31": "52.99810", "2006-12-31": "37.02900", "2006-09-30": "27.69200", "2006-06-30": "26.56600", "2006-03-31": "43.91010", "2005-12-31": "39.05400", "2005-09-30": "25.43900", "2005-06-30": "26.60300", "2005-03-31": "43.87700"}, "Basic Shares Outstanding": {"2020-12-31": "85.33000", "2020-09-30": "85.17000", "2020-06-30": "84.95900", "2020-03-31": "84.77800", "2019-12-31": "84.78800", "2019-09-30": "84.79500", "2019-06-30": "84.63800", "2019-03-31": "84.57700", "2018-12-31": "84.54000", "2018-09-30": "84.53700", "2018-06-30": "84.68500", "2018-03-31": "85.02800", "2017-12-31": "85.00400", "2017-09-30": "85.19900", "2017-06-30": "85.09000", "2017-03-31": "85.47300", "2016-12-31": "85.07400", "2016-09-30": "85.85100", "2016-06-30": "86.03800", "2016-03-31": "70.69800", "2015-12-31": "77.22100", "2015-09-30": "59.89700", "2015-06-30": "59.76800", "2015-03-31": "59.41300", "2014-12-31": "59.47500", "2014-09-30": "59.37500", "2014-06-30": "59.16900", "2014-03-31": "58.96600", "2013-12-31": "58.88500", "2013-09-30": "59.02700", "2013-06-30": "59.00500", "2013-03-31": "58.30500", "2012-12-31": "58.42500", "2012-09-30": "58.26400", "2012-06-30": "57.91100", "2012-03-31": "58.36700", "2011-12-31": "57.78200", "2011-09-30": "58.74400", "2011-06-30": "59.25500", "2011-03-31": "59.30600", "2010-12-31": "59.23300", "2010-09-30": "59.35600", "2010-06-30": "59.39700", "2010-03-31": "58.82600", "2009-12-31": "58.96200", "2009-09-30": "58.65400", "2009-06-30": "58.51700", "2009-03-31": "58.77800", "2008-12-31": "58.66000", "2008-09-30": "59.31200", "2008-06-30": "58.69400", "2008-03-31": "63.30000", "2007-12-31": "62.99500", "2007-09-30": "64.20700", "2007-06-30": "65.01700", "2007-03-31": "65.17400", "2006-12-31": "64.73700", "2006-09-30": "65.56700", "2006-06-30": "66.19700", "2006-03-31": "68.23800", "2005-12-31": "68.20500", "2005-09-30": "68.19600", "2005-06-30": "69.12700", "2005-03-31": "69.25400"}, "Shares Outstanding": {"2020-12-31": "86.03200", "2020-09-30": "85.84400", "2020-06-30": "85.67600", "2020-03-31": "85.64100", "2019-12-31": "85.62800", "2019-09-30": "85.69500", "2019-06-30": "85.56600", "2019-03-31": "85.46800", "2018-12-31": "85.44100", "2018-09-30": "85.47700", "2018-06-30": "85.50900", "2018-03-31": "85.71300", "2017-12-31": "85.71900", "2017-09-30": "85.86900", "2017-06-30": "85.72000", "2017-03-31": "86.09400", "2016-12-31": "85.52500", "2016-09-30": "86.33300", "2016-06-30": "86.51900", "2016-03-31": "71.18400", "2015-12-31": "77.71200", "2015-09-30": "60.37000", "2015-06-30": "60.28600", "2015-03-31": "60.04500", "2014-12-31": "60.14600", "2014-09-30": "60.02000", "2014-06-30": "59.81400", "2014-03-31": "59.74500", "2013-12-31": "59.68500", "2013-09-30": "59.76200", "2013-06-30": "59.79000", "2013-03-31": "58.84400", "2012-12-31": "58.97200", "2012-09-30": "58.79200", "2012-06-30": "58.31200", "2012-03-31": "58.96300", "2011-12-31": "58.23700", "2011-09-30": "59.38000", "2011-06-30": "60.10300", "2011-03-31": "60.14800", "2010-12-31": "60.17600", "2010-09-30": "60.04900", "2010-06-30": "59.39700", "2010-03-31": "59.42300", "2009-12-31": "59.75800", "2009-09-30": "59.24200", "2009-06-30": "58.84200", "2009-03-31": "59.44800", "2008-12-31": "59.24300", "2008-09-30": "60.37600", "2008-06-30": "59.64700", "2008-03-31": "64.07700", "2007-12-31": "63.83600", "2007-09-30": "65.04700", "2007-06-30": "65.90900", "2007-03-31": "65.73100", "2006-12-31": "65.34000", "2006-09-30": "66.11900", "2006-06-30": "66.66300", "2006-03-31": "68.93900", "2005-12-31": "68.82600", "2005-09-30": "68.97900", "2005-06-30": "69.88600", "2005-03-31": "70.02200"}, "Basic EPS": {"2020-12-31": "1.34000", "2020-09-30": "1.24000", "2020-06-30": "1.04000", "2020-03-31": "1.45000", "2019-12-31": "1.24000", "2019-09-30": "1.12000", "2019-06-30": "1.00000", "2019-03-31": "1.27000", "2018-12-31": "0.57000", "2018-09-30": "0.92000", "2018-06-30": "0.83000", "2018-03-31": "0.86000", "2017-12-31": "1.12000", "2017-09-30": "0.76000", "2017-06-30": "0.68000", "2017-03-31": "0.32000", "2016-12-31": "-0.06000", "2016-09-30": "0.47000", "2016-06-30": "0.56000", "2016-03-31": "0.75000", "2015-12-31": "0.26000", "2015-09-30": "0.15000", "2015-06-30": "0.41000", "2015-03-31": "0.70000", "2014-12-31": "0.64000", "2014-09-30": "0.52000", "2014-06-30": "0.41000", "2014-03-31": "0.67000", "2013-12-31": "0.48000", "2013-09-30": "0.50000", "2013-06-30": "0.55000", "2013-03-31": "0.71000", "2012-12-31": "0.82000", "2012-09-30": "0.69000", "2012-06-30": "0.52000", "2012-03-31": "0.77000", "2011-12-31": "0.58000", "2011-09-30": "0.50000", "2011-06-30": "0.48000", "2011-03-31": "0.65000", "2010-12-31": "0.37000", "2010-09-30": "0.60000", "2010-06-30": "-0.76000", "2010-03-31": "0.49000", "2009-12-31": "0.70000", "2009-09-30": "0.55000", "2009-06-30": "0.44000", "2009-03-31": "0.47000", "2008-12-31": "0.49000", "2008-09-30": "0.49000", "2008-06-30": "0.43000", "2008-03-31": "0.42000", "2007-12-31": "0.35000", "2007-09-30": "0.25000", "2007-06-30": "0.20000", "2007-03-31": "0.46000", "2006-12-31": "0.33000", "2006-09-30": "0.25000", "2006-06-30": "0.22000", "2006-03-31": "0.13000", "2005-12-31": "0.41000", "2005-09-30": "0.24000", "2005-06-30": "0.25000", "2005-03-31": "0.37000"}, "EPS - Earnings Per Share": {"2020-12-31": "1.33000", "2020-09-30": "1.23000", "2020-06-30": "1.03000", "2020-03-31": "1.43000", "2019-12-31": "1.23000", "2019-09-30": "1.11000", "2019-06-30": "0.99000", "2019-03-31": "1.27000", "2018-12-31": "0.56000", "2018-09-30": "0.91000", "2018-06-30": "0.82000", "2018-03-31": "0.85000", "2017-12-31": "1.11000", "2017-09-30": "0.75000", "2017-06-30": "0.68000", "2017-03-31": "0.31000", "2016-12-31": "-0.06000", "2016-09-30": "0.47000", "2016-06-30": "0.56000", "2016-03-31": "0.76000", "2015-12-31": "0.26000", "2015-09-30": "0.14000", "2015-06-30": "0.40000", "2015-03-31": "0.69000", "2014-12-31": "0.63000", "2014-09-30": "0.52000", "2014-06-30": "0.41000", "2014-03-31": "0.65000", "2013-12-31": "0.48000", "2013-09-30": "0.50000", "2013-06-30": "0.54000", "2013-03-31": "0.70000", "2012-12-31": "0.82000", "2012-09-30": "0.68000", "2012-06-30": "0.52000", "2012-03-31": "0.75000", "2011-12-31": "0.58000", "2011-09-30": "0.50000", "2011-06-30": "0.48000", "2011-03-31": "0.66000", "2010-12-31": "0.36000", "2010-09-30": "0.59000", "2010-06-30": "-0.76000", "2010-03-31": "0.50000", "2009-12-31": "0.69000", "2009-09-30": "0.54000", "2009-06-30": "0.43000", "2009-03-31": "0.47000", "2008-12-31": "0.48000", "2008-09-30": "0.48000", "2008-06-30": "0.43000", "2008-03-31": "0.41000", "2007-12-31": "0.34000", "2007-09-30": "0.25000", "2007-06-30": "0.20000", "2007-03-31": "0.45000", "2006-12-31": "0.33000", "2006-09-30": "0.25000", "2006-06-30": "0.22000", "2006-03-31": "0.12000", "2005-12-31": "0.41000", "2005-09-30": "0.24000", "2005-06-30": "0.25000", "2005-03-31": "0.36000"}}, "balance sheet": {"Cash On Hand": {"2020-03-31": "319.58100", "2019-03-31": "220.63300", "2018-03-31": "201.53400", "2017-03-31": "282.91800", "2016-03-31": "248.84100", "2015-03-31": "167.68900", "2014-03-31": "152.80200", "2013-03-31": "142.00800", "2012-03-31": "150.82100", "2011-03-31": "193.01600", "2010-03-31": "214.97100", "2009-03-31": "154.18000", "2008-03-31": "51.86800", "2007-03-31": "52.29600", "2006-03-31": "72.73200", "2005-03-31": "23.54700"}, "Receivables": {"2020-03-31": "586.48100", "2019-03-31": "564.83000", "2018-03-31": "528.06600", "2017-03-31": "483.45100", "2016-03-31": "471.52300", "2015-03-31": "325.28900", "2014-03-31": "313.68600", "2013-03-31": "275.93700", "2012-03-31": "280.32400", "2011-03-31": "272.24800", "2010-03-31": "214.94000", "2009-03-31": "238.43800", "2008-03-31": "249.81400", "2007-03-31": "251.20700", "2006-03-31": "242.00200", "2005-03-31": "245.47100"}, "Inventory": {"2020-03-31": "248.25900", "2019-03-31": "208.24300", "2018-03-31": "205.73100", "2017-03-31": "197.83700", "2016-03-31": "192.79200", "2015-03-31": "160.81800", "2014-03-31": "155.14600", "2013-03-31": "144.44300", "2012-03-31": "157.71200", "2011-03-31": "167.34400", "2010-03-31": "121.13500", "2009-03-31": "130.21800", "2008-03-31": "147.21000", "2007-03-31": "131.99700", "2006-03-31": "112.22400", "2005-03-31": "98.48700"}, "Pre-Paid Expenses": {"2020-03-31": "54.43000", "2019-03-31": "60.02900", "2018-03-31": "54.32600", "2017-03-31": "53.59600", "2016-03-31": "59.36900", "2015-03-31": "35.00700", "2014-03-31": "37.02700", "2013-03-31": "30.35700", "2012-03-31": "19.81500", "2011-03-31": "16.48300", "2010-03-31": "18.43500", "2009-03-31": "23.09900", "2008-03-31": "35.45100", "2007-03-31": "34.66000", "2006-03-31": "20.33600", "2005-03-31": "9.82900"}, "Other Current Assets": {"2020-03-31": "", "2019-03-31": "", "2018-03-31": "", "2017-03-31": "", "2016-03-31": "", "2015-03-31": "", "2014-03-31": "", "2013-03-31": "", "2012-03-31": "", "2011-03-31": "", "2010-03-31": "", "2009-03-31": "", "2008-03-31": "", "2007-03-31": "", "2006-03-31": "", "2005-03-31": ""}, "Total Current Assets": {"2020-03-31": "1208.75100", "2019-03-31": "1053.73500", "2018-03-31": "989.65700", "2017-03-31": "1017.80200", "2016-03-31": "972.52500", "2015-03-31": "720.43200", "2014-03-31": "674.74500", "2013-03-31": "613.94000", "2012-03-31": "651.88300", "2011-03-31": "705.80600", "2010-03-31": "576.45700", "2009-03-31": "553.13000", "2008-03-31": "513.37600", "2007-03-31": "484.72000", "2006-03-31": "460.31500", "2005-03-31": "420.13200"}, "Property, Plant, And Equipment": {"2020-03-31": "1111.85500", "2019-03-31": "1031.58200", "2018-03-31": "1010.52400", "2017-03-31": "915.90800", "2016-03-31": "1064.31900", "2015-03-31": "493.05300", "2014-03-31": "454.41000", "2013-03-31": "431.95200", "2012-03-31": "386.40900", "2011-03-31": "370.40200", "2010-03-31": "346.85800", "2009-03-31": "350.99600", "2008-03-31": "384.64200", "2007-03-31": "388.89900", "2006-03-31": "401.53600", "2005-03-31": "408.84800"}, "Long-Term Investments": {"2020-03-31": "", "2019-03-31": "", "2018-03-31": "", "2017-03-31": "", "2016-03-31": "", "2015-03-31": "", "2014-03-31": "", "2013-03-31": "", "2012-03-31": "", "2011-03-31": "", "2010-03-31": "", "2009-03-31": "", "2008-03-31": "", "2007-03-31": "", "2006-03-31": "", "2005-03-31": ""}, "Goodwill And Intangible Assets": {"2020-03-31": "2921.55800", "2019-03-31": "2927.54200", "2018-03-31": "3160.76400", "2017-03-31": "2956.19000", "2016-03-31": "3279.94200", "2015-03-31": "860.64500", "2014-03-31": "747.71500", "2013-03-31": "704.42400", "2012-03-31": "337.78400", "2011-03-31": "318.81000", "2010-03-31": "305.31100", "2009-03-31": "305.18900", "2008-03-31": "337.98000", "2007-03-31": "332.94700", "2006-03-31": "326.52900", "2005-03-31": "350.11200"}, "Other Long-Term Assets": {"2020-03-31": "51.58100", "2019-03-31": "60.21200", "2018-03-31": "39.38900", "2017-03-31": "34.55500", "2016-03-31": "29.63000", "2015-03-31": "23.16100", "2014-03-31": "10.29200", "2013-03-31": "10.79300", "2012-03-31": "29.62000", "2011-03-31": "31.66700", "2010-03-31": "9.77600", "2009-03-31": "7.62400", "2008-03-31": "3.29400", "2007-03-31": "2.60400", "2006-03-31": "0.59300", "2005-03-31": "1.78600"}, "Total Long-Term Assets": {"2020-03-31": "4216.83100", "2019-03-31": "4019.33600", "2018-03-31": "4210.67700", "2017-03-31": "3906.65300", "2016-03-31": "4373.89100", "2015-03-31": "1376.85900", "2014-03-31": "1212.41700", "2013-03-31": "1147.16900", "2012-03-31": "753.81300", "2011-03-31": "720.87900", "2010-03-31": "661.94500", "2009-03-31": "663.80900", "2008-03-31": "725.91600", "2007-03-31": "724.45000", "2006-03-31": "728.65800", "2005-03-31": "765.59000"}, "Total Assets": {"2020-03-31": "5425.58200", "2019-03-31": "5073.07100", "2018-03-31": "5200.33400", "2017-03-31": "4924.45500", "2016-03-31": "5346.41600", "2015-03-31": "2097.29100", "2014-03-31": "1887.16200", "2013-03-31": "1761.10900", "2012-03-31": "1405.69600", "2011-03-31": "1426.68500", "2010-03-31": "1238.40200", "2009-03-31": "1216.93900", "2008-03-31": "1239.29200", "2007-03-31": "1209.17000", "2006-03-31": "1188.97300", "2005-03-31": "1185.72200"}, "Total Current Liabilities": {"2020-03-31": "503.60700", "2019-03-31": "465.19600", "2018-03-31": "398.46200", "2017-03-31": "381.58300", "2016-03-31": "400.60600", "2015-03-31": "283.33100", "2014-03-31": "254.50600", "2013-03-31": "218.83700", "2012-03-31": "278.39500", "2011-03-31": "344.74600", "2010-03-31": "197.12900", "2009-03-31": "202.02600", "2008-03-31": "230.35900", "2007-03-31": "217.39900", "2006-03-31": "221.31300", "2005-03-31": "221.81600"}, "Long Term Debt": {"2020-03-31": "1150.52100", "2019-03-31": "1183.22700", "2018-03-31": "1316.00100", "2017-03-31": "1478.36100", "2016-03-31": "1567.79600", "2015-03-31": "621.07500", "2014-03-31": "493.48000", "2013-03-31": "492.29000", "2012-03-31": "210.00000", "2011-03-31": "210.00000", "2010-03-31": "210.00000", "2009-03-31": "210.00000", "2008-03-31": "179.28000", "2007-03-31": "100.80000", "2006-03-31": "114.48000", "2005-03-31": "104.27400"}, "Other Non-Current Liabilities": {"2020-03-31": "90.34600", "2019-03-31": "87.81200", "2018-03-31": "108.60000", "2017-03-31": "82.67300", "2016-03-31": "84.29800", "2015-03-31": "47.33400", "2014-03-31": "38.87700", "2013-03-31": "58.07800", "2012-03-31": "51.93400", "2011-03-31": "56.61200", "2010-03-31": "56.03000", "2009-03-31": "68.63900", "2008-03-31": "117.59900", "2007-03-31": "98.85300", "2006-03-31": "87.21800", "2005-03-31": "60.60400"}, "Total Long Term Liabilities": {"2020-03-31": "1515.25100", "2019-03-31": "1422.07700", "2018-03-31": "1584.57200", "2017-03-31": "1732.83900", "2016-03-31": "1906.91800", "2015-03-31": "740.31400", "2014-03-31": "591.41000", "2013-03-31": "595.29200", "2012-03-31": "304.63700", "2011-03-31": "293.27400", "2010-03-31": "286.77900", "2009-03-31": "296.74800", "2008-03-31": "302.78100", "2007-03-31": "217.47900", "2006-03-31": "236.83300", "2005-03-31": "208.26800"}, "Total Liabilities": {"2020-03-31": "2018.85800", "2019-03-31": "1887.27300", "2018-03-31": "1983.03400", "2017-03-31": "2114.42200", "2016-03-31": "2307.52400", "2015-03-31": "1023.64500", "2014-03-31": "845.91600", "2013-03-31": "814.12900", "2012-03-31": "583.03200", "2011-03-31": "638.02000", "2010-03-31": "483.90800", "2009-03-31": "498.77400", "2008-03-31": "533.14000", "2007-03-31": "434.87800", "2006-03-31": "458.14600", "2005-03-31": "430.08400"}, "Common Stock Net": {"2020-03-31": "1982.16400", "2019-03-31": "1998.56400", "2018-03-31": "2048.03700", "2017-03-31": "2085.13400", "2016-03-31": "2151.71900", "2015-03-31": "264.85300", "2014-03-31": "246.18600", "2013-03-31": "239.64800", "2012-03-31": "244.09100", "2011-03-31": "241.34300", "2010-03-31": "237.16500", "2009-03-31": "232.28200", "2008-03-31": "231.56600", "2007-03-31": "224.97400", "2006-03-31": "141.72300", "2005-03-31": "211.65700"}, "Retained Earnings (Accumulated Deficit)": {"2020-03-31": "1647.17500", "2019-03-31": "1339.02400", "2018-03-31": "1146.22300", "2017-03-31": "954.15500", "2016-03-31": "939.45900", "2015-03-31": "1193.79100", "2014-03-31": "1112.24000", "2013-03-31": "1031.18300", "2012-03-31": "914.40100", "2011-03-31": "816.84600", "2010-03-31": "798.80900", "2009-03-31": "814.35900", "2008-03-31": "721.33100", "2007-03-31": "667.26700", "2006-03-31": "596.87800", "2005-03-31": "537.52600"}, "Comprehensive Income": {"2020-03-31": "-235.46300", "2019-03-31": "-159.77800", "2018-03-31": "11.68500", "2017-03-31": "-240.70200", "2016-03-31": "-68.15900", "2015-03-31": "-66.66900", "2014-03-31": "4.48100", "2013-03-31": "-4.08800", "2012-03-31": "13.62700", "2011-03-31": "35.18800", "2010-03-31": "12.99100", "2009-03-31": "-15.80000", "2008-03-31": "33.09600", "2007-03-31": "4.55900", "2006-03-31": "-7.77400", "2005-03-31": "6.45500"}, "Other Share Holders Equity": {"2020-03-31": "", "2019-03-31": "", "2018-03-31": "", "2017-03-31": "", "2016-03-31": "", "2015-03-31": "", "2014-03-31": "", "2013-03-31": "", "2012-03-31": "", "2011-03-31": "", "2010-03-31": "", "2009-03-31": "", "2008-03-31": "", "2007-03-31": "", "2006-03-31": "", "2005-03-31": ""}, "Share Holder Equity": {"2020-03-31": "3406.72400", "2019-03-31": "3185.79800", "2018-03-31": "3217.30000", "2017-03-31": "2810.03300", "2016-03-31": "3038.89200", "2015-03-31": "1073.64600", "2014-03-31": "1041.24600", "2013-03-31": "946.98000", "2012-03-31": "822.66400", "2011-03-31": "788.66500", "2010-03-31": "754.49400", "2009-03-31": "718.16500", "2008-03-31": "706.15200", "2007-03-31": "774.29200", "2006-03-31": "730.82700", "2005-03-31": "755.63800"}, "Total Liabilities And Share Holders Equity": {"2020-03-31": "5425.58200", "2019-03-31": "5073.07100", "2018-03-31": "5200.33400", "2017-03-31": "4924.45500", "2016-03-31": "5346.41600", "2015-03-31": "2097.29100", "2014-03-31": "1887.16200", "2013-03-31": "1761.10900", "2012-03-31": "1405.69600", "2011-03-31": "1426.68500", "2010-03-31": "1238.40200", "2009-03-31": "1216.93900", "2008-03-31": "1239.29200", "2007-03-31": "1209.17000", "2006-03-31": "1188.97300", "2005-03-31": "1185.72200"}}, "balance sheet, quarterly": {"Cash On Hand": {"2020-12-31": "252.50200", "2020-09-30": "312.02800", "2020-06-30": "255.62700", "2020-03-31": "319.58100", "2019-12-31": "199.23000", "2019-09-30": "225.53600", "2019-06-30": "238.06700", "2019-03-31": "220.63300", "2018-12-31": "224.90600", "2018-09-30": "209.92100", "2018-06-30": "218.52400", "2018-03-31": "201.53400", "2017-12-31": "283.84400", "2017-09-30": "295.62800", "2017-06-30": "294.84000", "2017-03-31": "282.91800", "2016-12-31": "264.85700", "2016-09-30": "254.35100", "2016-06-30": "242.42300", "2016-03-31": "248.84100", "2015-12-31": "231.36000", "2015-09-30": "162.18700", "2015-06-30": "196.19300", "2015-03-31": "167.68900", "2014-12-31": "144.51200", "2014-09-30": "147.41300", "2014-06-30": "157.93600", "2014-03-31": "152.80200", "2013-12-31": "157.33700", "2013-09-30": "163.79400", "2013-06-30": "165.83800", "2013-03-31": "142.00800", "2012-12-31": "155.88700", "2012-09-30": "156.60900", "2012-06-30": "186.73100", "2012-03-31": "150.82100", "2011-12-31": "143.78700", "2011-09-30": "134.11100", "2011-06-30": "156.11600", "2011-03-31": "193.01600", "2010-12-31": "192.28800", "2010-09-30": "217.40300", "2010-06-30": "226.07000", "2010-03-31": "214.97100", "2009-12-31": "265.41900", "2009-09-30": "223.75800", "2009-06-30": "176.07200", "2009-03-31": "154.18000", "2008-12-31": "106.05000", "2008-09-30": "160.21900", "2008-06-30": "49.03800", "2008-03-31": "51.86800", "2007-12-31": "55.38800", "2007-09-30": "61.56300", "2007-06-30": "57.94600", "2007-03-31": "52.29600", "2006-12-31": "39.01100", "2006-09-30": "44.90700", "2006-06-30": "79.56200", "2006-03-31": "72.73200", "2005-12-31": "44.65000", "2005-09-30": "46.38200", "2005-06-30": "37.45300", "2005-03-31": "23.54700"}, "Receivables": {"2020-12-31": "556.11700", "2020-09-30": "503.72400", "2020-06-30": "503.17200", "2020-03-31": "586.48100", "2019-12-31": "544.40500", "2019-09-30": "513.35300", "2019-06-30": "509.65500", "2019-03-31": "564.83000", "2018-12-31": "509.85900", "2018-09-30": "490.95200", "2018-06-30": "481.48200", "2018-03-31": "528.06600", "2017-12-31": "472.06000", "2017-09-30": "449.37100", "2017-06-30": "455.62700", "2017-03-31": "483.45100", "2016-12-31": "443.66100", "2016-09-30": "441.29400", "2016-06-30": "439.84500", "2016-03-31": "471.52300", "2015-12-31": "440.85800", "2015-09-30": "301.39000", "2015-06-30": "291.39200", "2015-03-31": "325.28900", "2014-12-31": "297.01500", "2014-09-30": "288.58700", "2014-06-30": "284.19400", "2014-03-31": "313.68600", "2013-12-31": "267.72100", "2013-09-30": "260.37900", "2013-06-30": "262.84600", "2013-03-31": "275.93700", "2012-12-31": "248.02100", "2012-09-30": "231.03400", "2012-06-30": "245.58700", "2012-03-31": "280.32400", "2011-12-31": "251.42700", "2011-09-30": "236.76500", "2011-06-30": "242.62800", "2011-03-31": "272.24800", "2010-12-31": "212.63700", "2010-09-30": "201.75800", "2010-06-30": "185.69100", "2010-03-31": "214.94000", "2009-12-31": "207.08700", "2009-09-30": "214.35900", "2009-06-30": "205.32700", "2009-03-31": "238.43800", "2008-12-31": "215.88300", "2008-09-30": "210.99700", "2008-06-30": "214.30500", "2008-03-31": "249.81400", "2007-12-31": "201.21300", "2007-09-30": "211.77400", "2007-06-30": "207.65000", "2007-03-31": "251.20700", "2006-12-31": "207.01200", "2006-09-30": "201.49700", "2006-06-30": "203.67000", "2006-03-31": "242.00200", "2005-12-31": "209.52500", "2005-09-30": "228.14100", "2005-06-30": "225.60500", "2005-03-31": "245.47100"}, "Inventory": {"2020-12-31": "294.13200", "2020-09-30": "278.59300", "2020-06-30": "276.97000", "2020-03-31": "248.25900", "2019-12-31": "252.04600", "2019-09-30": "236.83700", "2019-06-30": "233.58700", "2019-03-31": "208.24300", "2018-12-31": "227.62600", "2018-09-30": "230.82800", "2018-06-30": "233.87600", "2018-03-31": "205.73100", "2017-12-31": "219.49500", "2017-09-30": "224.79500", "2017-06-30": "217.43400", "2017-03-31": "197.83700", "2016-12-31": "209.71400", "2016-09-30": "209.93500", "2016-06-30": "209.64500", "2016-03-31": "192.79200", "2015-12-31": "208.30600", "2015-09-30": "183.95100", "2015-06-30": "183.75300", "2015-03-31": "160.81800", "2014-12-31": "183.45600", "2014-09-30": "184.44700", "2014-06-30": "179.59300", "2014-03-31": "155.14600", "2013-12-31": "159.89900", "2013-09-30": "155.66100", "2013-06-30": "155.14800", "2013-03-31": "144.44300", "2012-12-31": "163.57700", "2012-09-30": "160.53700", "2012-06-30": "162.08500", "2012-03-31": "157.71200", "2011-12-31": "169.41200", "2011-09-30": "185.22300", "2011-06-30": "195.04800", "2011-03-31": "167.34400", "2010-12-31": "167.25800", "2010-09-30": "144.93300", "2010-06-30": "131.95500", "2010-03-31": "121.13500", "2009-12-31": "128.41300", "2009-09-30": "128.14700", "2009-06-30": "137.53300", "2009-03-31": "130.21800", "2008-12-31": "148.11600", "2008-09-30": "161.29800", "2008-06-30": "168.85300", "2008-03-31": "147.21000", "2007-12-31": "164.43600", "2007-09-30": "157.69300", "2007-06-30": "153.21300", "2007-03-31": "131.99700", "2006-12-31": "147.03900", "2006-09-30": "140.95500", "2006-06-30": "133.77600", "2006-03-31": "112.22400", "2005-12-31": "121.97800", "2005-09-30": "114.72100", "2005-06-30": "110.07400", "2005-03-31": "98.48700"}, "Pre-Paid Expenses": {"2020-12-31": "73.32400", "2020-09-30": "55.96500", "2020-06-30": "61.35900", "2020-03-31": "54.43000", "2019-12-31": "57.19000", "2019-09-30": "56.22800", "2019-06-30": "62.97300", "2019-03-31": "60.02900", "2018-12-31": "58.13200", "2018-09-30": "47.81900", "2018-06-30": "55.00700", "2018-03-31": "54.32600", "2017-12-31": "57.52800", "2017-09-30": "57.44100", "2017-06-30": "62.08200", "2017-03-31": "53.59600", "2016-12-31": "52.10900", "2016-09-30": "50.61600", "2016-06-30": "53.97200", "2016-03-31": "59.36900", "2015-12-31": "54.82200", "2015-09-30": "36.34000", "2015-06-30": "34.75500", "2015-03-31": "35.00700", "2014-12-31": "31.09100", "2014-09-30": "37.04900", "2014-06-30": "39.05400", "2014-03-31": "37.02700", "2013-12-31": "18.27500", "2013-09-30": "30.46000", "2013-06-30": "23.85400", "2013-03-31": "30.35700", "2012-12-31": "38.41300", "2012-09-30": "29.10300", "2012-06-30": "20.65100", "2012-03-31": "19.81500", "2011-12-31": "23.44700", "2011-09-30": "28.16400", "2011-06-30": "20.37500", "2011-03-31": "16.48300", "2010-12-31": "14.36100", "2010-09-30": "15.74900", "2010-06-30": "15.26600", "2010-03-31": "18.43500", "2009-12-31": "20.33800", "2009-09-30": "22.59400", "2009-06-30": "18.12500", "2009-03-31": "23.09900", "2008-12-31": "23.78600", "2008-09-30": "21.24600", "2008-06-30": "37.45500", "2008-03-31": "35.45100", "2007-12-31": "33.90200", "2007-09-30": "35.64700", "2007-06-30": "33.02200", "2007-03-31": "34.66000", "2006-12-31": "34.29800", "2006-09-30": "36.99500", "2006-06-30": "36.31700", "2006-03-31": "20.33600", "2005-12-31": "11.51500", "2005-09-30": "12.70500", "2005-06-30": "12.95600", "2005-03-31": "9.82900"}, "Other Current Assets": {"2020-12-31": "", "2020-09-30": "", "2020-06-30": "", "2020-03-31": "", "2019-12-31": "", "2019-09-30": "", "2019-06-30": "", "2019-03-31": "", "2018-12-31": "", "2018-09-30": "", "2018-06-30": "", "2018-03-31": "", "2017-12-31": "", "2017-09-30": "", "2017-06-30": "", "2017-03-31": "", "2016-12-31": "", "2016-09-30": "", "2016-06-30": "", "2016-03-31": "", "2015-12-31": "", "2015-09-30": "", "2015-06-30": "", "2015-03-31": "", "2014-12-31": "", "2014-09-30": "", "2014-06-30": "", "2014-03-31": "", "2013-12-31": "", "2013-09-30": "", "2013-06-30": "", "2013-03-31": "", "2012-12-31": "", "2012-09-30": "", "2012-06-30": "", "2012-03-31": "", "2011-12-31": "", "2011-09-30": "", "2011-06-30": "", "2011-03-31": "", "2010-12-31": "", "2010-09-30": "", "2010-06-30": "", "2010-03-31": "", "2009-12-31": "", "2009-09-30": "", "2009-06-30": "", "2009-03-31": "", "2008-12-31": "", "2008-09-30": "", "2008-06-30": "", "2008-03-31": "", "2007-12-31": "", "2007-09-30": "", "2007-06-30": "", "2007-03-31": "", "2006-12-31": "", "2006-09-30": "", "2006-06-30": "", "2006-03-31": "", "2005-12-31": "", "2005-09-30": "", "2005-06-30": "", "2005-03-31": ""}, "Total Current Assets": {"2020-12-31": "1176.07500", "2020-09-30": "1150.31000", "2020-06-30": "1097.12800", "2020-03-31": "1208.75100", "2019-12-31": "1052.87100", "2019-09-30": "1031.95400", "2019-06-30": "1044.28200", "2019-03-31": "1053.73500", "2018-12-31": "1020.52300", "2018-09-30": "979.52000", "2018-06-30": "988.88900", "2018-03-31": "989.65700", "2017-12-31": "1032.92700", "2017-09-30": "1027.23500", "2017-06-30": "1029.98300", "2017-03-31": "1017.80200", "2016-12-31": "970.34100", "2016-09-30": "956.19600", "2016-06-30": "945.88500", "2016-03-31": "972.52500", "2015-12-31": "965.70800", "2015-09-30": "713.00800", "2015-06-30": "737.74300", "2015-03-31": "720.43200", "2014-12-31": "671.55100", "2014-09-30": "673.53500", "2014-06-30": "676.89700", "2014-03-31": "674.74500", "2013-12-31": "620.91300", "2013-09-30": "630.69800", "2013-06-30": "628.06800", "2013-03-31": "613.94000", "2012-12-31": "622.13300", "2012-09-30": "605.68600", "2012-06-30": "655.50500", "2012-03-31": "651.88300", "2011-12-31": "631.95400", "2011-09-30": "626.02600", "2011-06-30": "663.58700", "2011-03-31": "705.80600", "2010-12-31": "641.71000", "2010-09-30": "627.60900", "2010-06-30": "607.87400", "2010-03-31": "576.45700", "2009-12-31": "626.72900", "2009-09-30": "593.45100", "2009-06-30": "543.98500", "2009-03-31": "553.13000", "2008-12-31": "514.12600", "2008-09-30": "578.63800", "2008-06-30": "494.41100", "2008-03-31": "513.37600", "2007-12-31": "473.21100", "2007-09-30": "481.36400", "2007-06-30": "466.66900", "2007-03-31": "484.72000", "2006-12-31": "440.55000", "2006-09-30": "437.58600", "2006-06-30": "466.57900", "2006-03-31": "460.31500", "2005-12-31": "394.09600", "2005-09-30": "408.68800", "2005-06-30": "392.88800", "2005-03-31": "420.13200"}, "Property, Plant, And Equipment": {"2020-12-31": "1226.89500", "2020-09-30": "1176.06600", "2020-06-30": "1148.05200", "2020-03-31": "1111.85500", "2019-12-31": "1102.60400", "2019-09-30": "1066.22300", "2019-06-30": "1054.21700", "2019-03-31": "1031.58200", "2018-12-31": "989.04400", "2018-09-30": "986.21300", "2018-06-30": "984.23500", "2018-03-31": "1010.52400", "2017-12-31": "983.84100", "2017-09-30": "962.51500", "2017-06-30": "942.02300", "2017-03-31": "915.90800", "2016-12-31": "939.59000", "2016-09-30": "1039.78300", "2016-06-30": "1055.70600", "2016-03-31": "1064.31900", "2015-12-31": "1053.13200", "2015-09-30": "505.35500", "2015-06-30": "503.08500", "2015-03-31": "493.05300", "2014-12-31": "475.48500", "2014-09-30": "474.96700", "2014-06-30": "475.22200", "2014-03-31": "454.41000", "2013-12-31": "444.94600", "2013-09-30": "448.19900", "2013-06-30": "436.39500", "2013-03-31": "431.95200", "2012-12-31": "425.55000", "2012-09-30": "413.76300", "2012-06-30": "385.84700", "2012-03-31": "386.40900", "2011-12-31": "378.16500", "2011-09-30": "378.11200", "2011-06-30": "377.66300", "2011-03-31": "370.40200", "2010-12-31": "365.35400", "2010-09-30": "348.13700", "2010-06-30": "345.28800", "2010-03-31": "346.85800", "2009-12-31": "347.34600", "2009-09-30": "349.04500", "2009-06-30": "350.17100", "2009-03-31": "350.99600", "2008-12-31": "361.26300", "2008-09-30": "371.32700", "2008-06-30": "381.12100", "2008-03-31": "384.64200", "2007-12-31": "384.99100", "2007-09-30": "384.94700", "2007-06-30": "386.31300", "2007-03-31": "388.89900", "2006-12-31": "390.91400", "2006-09-30": "393.32000", "2006-06-30": "399.09300", "2006-03-31": "401.53600", "2005-12-31": "406.34300", "2005-09-30": "408.28500", "2005-06-30": "406.43100", "2005-03-31": "408.84800"}, "Long-Term Investments": {"2020-12-31": "", "2020-09-30": "", "2020-06-30": "", "2020-03-31": "", "2019-12-31": "", "2019-09-30": "", "2019-06-30": "", "2019-03-31": "", "2018-12-31": "", "2018-09-30": "", "2018-06-30": "", "2018-03-31": "", "2017-12-31": "", "2017-09-30": "", "2017-06-30": "", "2017-03-31": "", "2016-12-31": "", "2016-09-30": "", "2016-06-30": "", "2016-03-31": "", "2015-12-31": "", "2015-09-30": "", "2015-06-30": "", "2015-03-31": "", "2014-12-31": "", "2014-09-30": "", "2014-06-30": "", "2014-03-31": "", "2013-12-31": "", "2013-09-30": "", "2013-06-30": "", "2013-03-31": "", "2012-12-31": "", "2012-09-30": "", "2012-06-30": "", "2012-03-31": "", "2011-12-31": "", "2011-09-30": "", "2011-06-30": "", "2011-03-31": "", "2010-12-31": "", "2010-09-30": "", "2010-06-30": "", "2010-03-31": "", "2009-12-31": "", "2009-09-30": "", "2009-06-30": "", "2009-03-31": "", "2008-12-31": "", "2008-09-30": "", "2008-06-30": "", "2008-03-31": "", "2007-12-31": "", "2007-09-30": "", "2007-06-30": "", "2007-03-31": "", "2006-12-31": "", "2006-09-30": "", "2006-06-30": "", "2006-03-31": "", "2005-12-31": "", "2005-09-30": "", "2005-06-30": "", "2005-03-31": ""}, "Goodwill And Intangible Assets": {"2020-12-31": "3970.45500", "2020-09-30": "2967.97800", "2020-06-30": "2923.31500", "2020-03-31": "2921.55800", "2019-12-31": "2997.67000", "2019-09-30": "2895.44100", "2019-06-30": "2949.50800", "2019-03-31": "2927.54200", "2018-12-31": "2945.21400", "2018-09-30": "3008.86600", "2018-06-30": "3032.40800", "2018-03-31": "3160.76400", "2017-12-31": "3102.36100", "2017-09-30": "3091.09500", "2017-06-30": "3048.43100", "2017-03-31": "2956.19000", "2016-12-31": "2941.93300", "2016-09-30": "3181.46300", "2016-06-30": "3258.54600", "2016-03-31": "3279.94200", "2015-12-31": "3309.17700", "2015-09-30": "1075.02800", "2015-06-30": "921.00000", "2015-03-31": "860.64500", "2014-12-31": "861.43800", "2014-09-30": "869.02200", "2014-06-30": "890.08900", "2014-03-31": "747.71500", "2013-12-31": "700.48700", "2013-09-30": "698.99600", "2013-06-30": "699.03100", "2013-03-31": "704.42400", "2012-12-31": "709.95000", "2012-09-30": "584.32800", "2012-06-30": "331.85200", "2012-03-31": "337.78400", "2011-12-31": "333.81900", "2011-09-30": "335.48900", "2011-06-30": "343.65000", "2011-03-31": "318.81000", "2010-12-31": "318.38800", "2010-09-30": "308.74900", "2010-06-30": "302.67800", "2010-03-31": "305.31100", "2009-12-31": "311.85900", "2009-09-30": "312.52100", "2009-06-30": "312.99100", "2009-03-31": "305.18900", "2008-12-31": "311.79200", "2008-09-30": "321.12000", "2008-06-30": "335.55800", "2008-03-31": "337.98000", "2007-12-31": "333.24100", "2007-09-30": "334.38400", "2007-06-30": "331.99300", "2007-03-31": "332.94700", "2006-12-31": "333.89700", "2006-09-30": "333.06800", "2006-06-30": "330.05300", "2006-03-31": "326.52900", "2005-12-31": "327.08800", "2005-09-30": "337.94000", "2005-06-30": "341.00600", "2005-03-31": "350.11200"}, "Other Long-Term Assets": {"2020-12-31": "57.61400", "2020-09-30": "55.17200", "2020-06-30": "51.96900", "2020-03-31": "51.58100", "2019-12-31": "59.35600", "2019-09-30": "76.17400", "2019-06-30": "59.19500", "2019-03-31": "60.21200", "2018-12-31": "51.60900", "2018-09-30": "46.69100", "2018-06-30": "46.28200", "2018-03-31": "39.38900", "2017-12-31": "37.87500", "2017-09-30": "39.43100", "2017-06-30": "35.71000", "2017-03-31": "34.55500", "2016-12-31": "35.08200", "2016-09-30": "33.18300", "2016-06-30": "33.03400", "2016-03-31": "29.63000", "2015-12-31": "22.26600", "2015-09-30": "15.68700", "2015-06-30": "19.60600", "2015-03-31": "23.16100", "2014-12-31": "19.33400", "2014-09-30": "9.88300", "2014-06-30": "10.25800", "2014-03-31": "10.29200", "2013-12-31": "11.46000", "2013-09-30": "10.60900", "2013-06-30": "10.66600", "2013-03-31": "10.79300", "2012-12-31": "7.43900", "2012-09-30": "28.95500", "2012-06-30": "30.14200", "2012-03-31": "29.62000", "2011-12-31": "32.47200", "2011-09-30": "32.63300", "2011-06-30": "32.01100", "2011-03-31": "31.66700", "2010-12-31": "26.93900", "2010-09-30": "9.91100", "2010-06-30": "9.76600", "2010-03-31": "9.77600", "2009-12-31": "9.75500", "2009-09-30": "8.21900", "2009-06-30": "8.05000", "2009-03-31": "7.62400", "2008-12-31": "7.73000", "2008-09-30": "3.56400", "2008-06-30": "3.28300", "2008-03-31": "3.29400", "2007-12-31": "3.35200", "2007-09-30": "3.33500", "2007-06-30": "2.90100", "2007-03-31": "2.60400", "2006-12-31": "1.57100", "2006-09-30": "0.52900", "2006-06-30": "0.60300", "2006-03-31": "0.59300", "2005-12-31": "1.79700", "2005-09-30": "1.85300", "2005-06-30": "1.86800", "2005-03-31": "1.78600"}, "Total Long-Term Assets": {"2020-12-31": "5404.70500", "2020-09-30": "4342.25700", "2020-06-30": "4266.79900", "2020-03-31": "4216.83100", "2019-12-31": "4282.71000", "2019-09-30": "4153.76300", "2019-06-30": "4185.44100", "2019-03-31": "4019.33600", "2018-12-31": "3985.86700", "2018-09-30": "4041.77000", "2018-06-30": "4062.92500", "2018-03-31": "4210.67700", "2017-12-31": "4124.07700", "2017-09-30": "4093.04100", "2017-06-30": "4026.16400", "2017-03-31": "3906.65300", "2016-12-31": "3916.60500", "2016-09-30": "4254.42900", "2016-06-30": "4347.28600", "2016-03-31": "4373.89100", "2015-12-31": "4384.57500", "2015-09-30": "1596.07000", "2015-06-30": "1443.69100", "2015-03-31": "1376.85900", "2014-12-31": "1356.25700", "2014-09-30": "1353.87200", "2014-06-30": "1375.56900", "2014-03-31": "1212.41700", "2013-12-31": "1156.89300", "2013-09-30": "1157.80400", "2013-06-30": "1146.09200", "2013-03-31": "1147.16900", "2012-12-31": "1142.93900", "2012-09-30": "1027.04600", "2012-06-30": "747.84100", "2012-03-31": "753.81300", "2011-12-31": "744.45600", "2011-09-30": "746.23400", "2011-06-30": "753.32400", "2011-03-31": "720.87900", "2010-12-31": "710.68100", "2010-09-30": "666.79700", "2010-06-30": "657.73200", "2010-03-31": "661.94500", "2009-12-31": "668.96000", "2009-09-30": "669.78500", "2009-06-30": "671.21200", "2009-03-31": "663.80900", "2008-12-31": "680.78500", "2008-09-30": "696.01100", "2008-06-30": "719.96200", "2008-03-31": "725.91600", "2007-12-31": "721.58400", "2007-09-30": "722.66600", "2007-06-30": "721.20700", "2007-03-31": "724.45000", "2006-12-31": "726.38200", "2006-09-30": "726.91700", "2006-06-30": "729.74900", "2006-03-31": "728.65800", "2005-12-31": "735.22800", "2005-09-30": "748.07800", "2005-06-30": "749.30500", "2005-03-31": "765.59000"}, "Total Assets": {"2020-12-31": "6580.78000", "2020-09-30": "5492.56700", "2020-06-30": "5363.92700", "2020-03-31": "5425.58200", "2019-12-31": "5335.58100", "2019-09-30": "5185.71700", "2019-06-30": "5229.72300", "2019-03-31": "5073.07100", "2018-12-31": "5006.39000", "2018-09-30": "5021.29000", "2018-06-30": "5051.81400", "2018-03-31": "5200.33400", "2017-12-31": "5157.00400", "2017-09-30": "5120.27600", "2017-06-30": "5056.14700", "2017-03-31": "4924.45500", "2016-12-31": "4886.94600", "2016-09-30": "5210.62500", "2016-06-30": "5293.17100", "2016-03-31": "5346.41600", "2015-12-31": "5350.28300", "2015-09-30": "2309.07800", "2015-06-30": "2181.43400", "2015-03-31": "2097.29100", "2014-12-31": "2027.80800", "2014-09-30": "2027.40700", "2014-06-30": "2052.46600", "2014-03-31": "1887.16200", "2013-12-31": "1777.80600", "2013-09-30": "1788.50200", "2013-06-30": "1774.16000", "2013-03-31": "1761.10900", "2012-12-31": "1765.07200", "2012-09-30": "1632.73200", "2012-06-30": "1403.34600", "2012-03-31": "1405.69600", "2011-12-31": "1376.41000", "2011-09-30": "1372.26000", "2011-06-30": "1416.91100", "2011-03-31": "1426.68500", "2010-12-31": "1352.39100", "2010-09-30": "1294.40600", "2010-06-30": "1265.60600", "2010-03-31": "1238.40200", "2009-12-31": "1295.68900", "2009-09-30": "1263.23600", "2009-06-30": "1215.19700", "2009-03-31": "1216.93900", "2008-12-31": "1194.91100", "2008-09-30": "1274.64900", "2008-06-30": "1214.37300", "2008-03-31": "1239.29200", "2007-12-31": "1194.79500", "2007-09-30": "1204.03000", "2007-06-30": "1187.87600", "2007-03-31": "1209.17000", "2006-12-31": "1166.93200", "2006-09-30": "1164.50300", "2006-06-30": "1196.32800", "2006-03-31": "1188.97300", "2005-12-31": "1129.32400", "2005-09-30": "1156.76600", "2005-06-30": "1142.19300", "2005-03-31": "1185.72200"}, "Total Current Liabilities": {"2020-12-31": "505.86700", "2020-09-30": "435.41800", "2020-06-30": "479.54900", "2020-03-31": "503.60700", "2019-12-31": "450.80600", "2019-09-30": "428.02300", "2019-06-30": "432.77400", "2019-03-31": "465.19600", "2018-12-31": "398.01900", "2018-09-30": "372.59200", "2018-06-30": "373.84200", "2018-03-31": "398.46200", "2017-12-31": "366.61600", "2017-09-30": "367.47000", "2017-06-30": "353.62300", "2017-03-31": "381.58300", "2016-12-31": "350.05300", "2016-09-30": "370.34600", "2016-06-30": "359.46000", "2016-03-31": "400.60600", "2015-12-31": "359.97000", "2015-09-30": "257.48700", "2015-06-30": "264.46300", "2015-03-31": "283.33100", "2014-12-31": "244.44100", "2014-09-30": "244.88000", "2014-06-30": "231.35000", "2014-03-31": "254.50600", "2013-12-31": "201.38500", "2013-09-30": "197.48300", "2013-06-30": "196.91000", "2013-03-31": "218.83700", "2012-12-31": "227.80800", "2012-09-30": "231.70800", "2012-06-30": "270.21400", "2012-03-31": "278.39500", "2011-12-31": "295.29500", "2011-09-30": "301.81400", "2011-06-30": "304.65700", "2011-03-31": "344.74600", "2010-12-31": "313.47300", "2010-09-30": "282.17200", "2010-06-30": "286.68000", "2010-03-31": "197.12900", "2009-12-31": "175.74100", "2009-09-30": "178.30000", "2009-06-30": "164.82300", "2009-03-31": "202.02600", "2008-12-31": "183.11400", "2008-09-30": "185.58900", "2008-06-30": "205.54800", "2008-03-31": "230.35900", "2007-12-31": "199.28500", "2007-09-30": "189.70900", "2007-06-30": "184.09500", "2007-03-31": "217.39900", "2006-12-31": "190.59100", "2006-09-30": "197.05000", "2006-06-30": "201.02300", "2006-03-31": "221.31300", "2005-12-31": "185.53500", "2005-09-30": "204.88400", "2005-06-30": "189.50500", "2005-03-31": "221.81600"}, "Long Term Debt": {"2020-12-31": "1713.19900", "2020-09-30": "1020.55400", "2020-06-30": "1022.15600", "2020-03-31": "1150.52100", "2019-12-31": "1136.96400", "2019-09-30": "1187.19500", "2019-06-30": "1210.00300", "2019-03-31": "1183.22700", "2018-12-31": "1246.30800", "2018-09-30": "1267.72300", "2018-06-30": "1320.06400", "2018-03-31": "1316.00100", "2017-12-31": "1420.04900", "2017-09-30": "1445.29700", "2017-06-30": "1496.46700", "2017-03-31": "1478.36100", "2016-12-31": "1507.03900", "2016-09-30": "1504.19200", "2016-06-30": "1551.83800", "2016-03-31": "1567.79600", "2015-12-31": "1639.46100", "2015-09-30": "829.81800", "2015-06-30": "686.16600", "2015-03-31": "621.07500", "2014-12-31": "610.68000", "2014-09-30": "619.95000", "2014-06-30": "658.74000", "2014-03-31": "493.48000", "2013-12-31": "474.74000", "2013-09-30": "508.52000", "2013-06-30": "513.70000", "2013-03-31": "492.29000", "2012-12-31": "520.89000", "2012-09-30": "434.34000", "2012-06-30": "210.00000", "2012-03-31": "210.00000", "2011-12-31": "210.00000", "2011-09-30": "210.00000", "2011-06-30": "210.00000", "2011-03-31": "210.00000", "2010-12-31": "210.00000", "2010-09-30": "210.00000", "2010-06-30": "210.00000", "2010-03-31": "210.00000", "2009-12-31": "310.00000", "2009-09-30": "210.00000", "2009-06-30": "210.00000", "2009-03-31": "210.00000", "2008-12-31": "210.00000", "2008-09-30": "250.00000", "2008-06-30": "177.46000", "2008-03-31": "179.28000", "2007-12-31": "132.22500", "2007-09-30": "124.89000", "2007-06-30": "109.78000", "2007-03-31": "100.80000", "2006-12-31": "125.42000", "2006-09-30": "147.03500", "2006-06-30": "188.14000", "2006-03-31": "114.48000", "2005-12-31": "104.65900", "2005-09-30": "105.66800", "2005-06-30": "125.71700", "2005-03-31": "104.27400"}, "Other Non-Current Liabilities": {"2020-12-31": "483.52200", "2020-09-30": "85.07600", "2020-06-30": "86.38600", "2020-03-31": "90.34600", "2019-12-31": "91.34800", "2019-09-30": "82.19600", "2019-06-30": "85.07100", "2019-03-31": "87.81200", "2018-12-31": "96.59800", "2018-09-30": "101.90000", "2018-06-30": "103.87100", "2018-03-31": "108.60000", "2017-12-31": "96.43900", "2017-09-30": "87.97800", "2017-06-30": "91.08400", "2017-03-31": "82.67300", "2016-12-31": "73.20800", "2016-09-30": "78.81100", "2016-06-30": "82.45600", "2016-03-31": "84.29800", "2015-12-31": "84.69300", "2015-09-30": "52.83600", "2015-06-30": "53.46500", "2015-03-31": "47.33400", "2014-12-31": "36.85200", "2014-09-30": "36.06800", "2014-06-30": "37.27200", "2014-03-31": "38.87700", "2013-12-31": "46.05500", "2013-09-30": "46.60300", "2013-06-30": "47.63100", "2013-03-31": "58.07800", "2012-12-31": "58.26300", "2012-09-30": "48.25900", "2012-06-30": "49.72100", "2012-03-31": "51.93400", "2011-12-31": "54.56600", "2011-09-30": "55.41200", "2011-06-30": "59.09500", "2011-03-31": "56.61200", "2010-12-31": "61.04900", "2010-09-30": "55.59800", "2010-06-30": "54.46500", "2010-03-31": "56.03000", "2009-12-31": "58.77100", "2009-09-30": "60.35400", "2009-06-30": "62.68600", "2009-03-31": "68.63900", "2008-12-31": "64.78900", "2008-09-30": "64.92600", "2008-06-30": "112.06900", "2008-03-31": "117.59900", "2007-12-31": "", "2007-09-30": "96.78100", "2007-06-30": "97.32100", "2007-03-31": "98.85300", "2006-12-31": "", "2006-09-30": "", "2006-06-30": "74.75300", "2006-03-31": "87.21800", "2005-12-31": "62.66400", "2005-09-30": "66.28300", "2005-06-30": "65.41100", "2005-03-31": "60.60400"}, "Total Long Term Liabilities": {"2020-12-31": "2196.72100", "2020-09-30": "1394.69400", "2020-06-30": "1394.66500", "2020-03-31": "1515.25100", "2019-12-31": "1488.70900", "2019-09-30": "1520.04900", "2019-06-30": "1551.94700", "2019-03-31": "1422.07700", "2018-12-31": "1496.06400", "2018-09-30": "1523.72100", "2018-06-30": "1578.78400", "2018-03-31": "1584.57200", "2017-12-31": "1672.60000", "2017-09-30": "1712.00100", "2017-06-30": "1763.06900", "2017-03-31": "1732.83900", "2016-12-31": "1766.78300", "2016-09-30": "1830.71600", "2016-06-30": "1885.22600", "2016-03-31": "1906.91800", "2015-12-31": "2000.49000", "2015-09-30": "959.80000", "2015-06-30": "817.37010", "2015-03-31": "740.31400", "2014-12-31": "707.26900", "2014-09-30": "714.66700", "2014-06-30": "755.11190", "2014-03-31": "591.41000", "2013-12-31": "566.67600", "2013-09-30": "599.73800", "2013-06-30": "605.98400", "2013-03-31": "595.29200", "2012-12-31": "617.07000", "2012-09-30": "519.39800", "2012-06-30": "299.73800", "2012-03-31": "304.63700", "2011-12-31": "300.71000", "2011-09-30": "293.44300", "2011-06-30": "296.51300", "2011-03-31": "293.27400", "2010-12-31": "287.51800", "2010-09-30": "281.78200", "2010-06-30": "283.03600", "2010-03-31": "286.77900", "2009-12-31": "386.78800", "2009-09-30": "284.16200", "2009-06-30": "286.63200", "2009-03-31": "296.74800", "2008-12-31": "296.94200", "2008-09-30": "344.31000", "2008-06-30": "295.15600", "2008-03-31": "302.78100", "2007-12-31": "241.56900", "2007-09-30": "245.82100", "2007-06-30": "231.12600", "2007-03-31": "217.47900", "2006-12-31": "229.30000", "2006-09-30": "250.65100", "2006-06-30": "291.33400", "2006-03-31": "236.83300", "2005-12-31": "203.21100", "2005-09-30": "210.49400", "2005-06-30": "229.81800", "2005-03-31": "208.26800"}, "Total Liabilities": {"2020-12-31": "2702.58800", "2020-09-30": "1830.11200", "2020-06-30": "1874.21400", "2020-03-31": "2018.85800", "2019-12-31": "1939.51500", "2019-09-30": "1948.07200", "2019-06-30": "1984.72100", "2019-03-31": "1887.27300", "2018-12-31": "1894.08300", "2018-09-30": "1896.31300", "2018-06-30": "1952.62600", "2018-03-31": "1983.03400", "2017-12-31": "2039.21600", "2017-09-30": "2079.47100", "2017-06-30": "2116.69200", "2017-03-31": "2114.42200", "2016-12-31": "2116.83600", "2016-09-30": "2201.06200", "2016-06-30": "2244.68600", "2016-03-31": "2307.52400", "2015-12-31": "2360.46000", "2015-09-30": "1217.28700", "2015-06-30": "1081.83300", "2015-03-31": "1023.64500", "2014-12-31": "951.71000", "2014-09-30": "959.54700", "2014-06-30": "986.46200", "2014-03-31": "845.91600", "2013-12-31": "768.06100", "2013-09-30": "797.22100", "2013-06-30": "802.89400", "2013-03-31": "814.12900", "2012-12-31": "844.87800", "2012-09-30": "751.10600", "2012-06-30": "569.95200", "2012-03-31": "583.03200", "2011-12-31": "596.00500", "2011-09-30": "595.25700", "2011-06-30": "601.17000", "2011-03-31": "638.02000", "2010-12-31": "600.99100", "2010-09-30": "563.95400", "2010-06-30": "569.71600", "2010-03-31": "483.90800", "2009-12-31": "562.52900", "2009-09-30": "462.46200", "2009-06-30": "451.45500", "2009-03-31": "498.77400", "2008-12-31": "480.05600", "2008-09-30": "529.89900", "2008-06-30": "500.70400", "2008-03-31": "533.14000", "2007-12-31": "440.85400", "2007-09-30": "435.53000", "2007-06-30": "415.22100", "2007-03-31": "434.87800", "2006-12-31": "419.89100", "2006-09-30": "447.70100", "2006-06-30": "492.35700", "2006-03-31": "458.14600", "2005-12-31": "388.74600", "2005-09-30": "415.37800", "2005-06-30": "419.32300", "2005-03-31": "430.08400"}, "Common Stock Net": {"2020-12-31": "", "2020-09-30": "1990.88000", "2020-06-30": "1983.04700", "2020-03-31": "1982.16400", "2019-12-31": "1987.10700", "2019-09-30": "1981.66000", "2019-06-30": "1996.35400", "2019-03-31": "1998.56400", "2018-12-31": "2018.04500", "2018-09-30": "2012.56600", "2018-06-30": "2027.00400", "2018-03-31": "2048.03700", "2017-12-31": "2063.87000", "2017-09-30": "2081.49400", "2017-06-30": "2086.64700", "2017-03-31": "2085.13400", "2016-12-31": "2082.92100", "2016-09-30": "2112.83400", "2016-06-30": "2161.05000", "2016-03-31": "2151.71900", "2015-12-31": "1846.70000", "2015-09-30": "272.20000", "2015-06-30": "267.91300", "2015-03-31": "264.85300", "2014-12-31": "257.76000", "2014-09-30": "250.27700", "2014-06-30": "246.12100", "2014-03-31": "246.18600", "2013-12-31": "243.55900", "2013-09-30": "241.20600", "2013-06-30": "237.52200", "2013-03-31": "239.64800", "2012-12-31": "240.85000", "2012-09-30": "241.60100", "2012-06-30": "238.70400", "2012-03-31": "244.09100", "2011-12-31": "241.78700", "2011-09-30": "242.84900", "2011-06-30": "238.35100", "2011-03-31": "241.34300", "2010-12-31": "240.43600", "2010-09-30": "237.59500", "2010-06-30": "235.65000", "2010-03-31": "237.16500", "2009-12-31": "236.01100", "2009-09-30": "232.43800", "2009-06-30": "231.56900", "2009-03-31": "232.28200", "2008-12-31": "228.73600", "2008-09-30": "226.60800", "2008-06-30": "230.45300", "2008-03-31": "231.56600", "2007-12-31": "28.32500", "2007-09-30": "65.16700", "2007-06-30": "92.85200", "2007-03-31": "224.97400", "2006-12-31": "99.22800", "2006-09-30": "90.30800", "2006-06-30": "94.03900", "2006-03-31": "141.72300", "2005-12-31": "159.71700", "2005-09-30": "179.42700", "2005-06-30": "174.17700", "2005-03-31": "211.65700"}, "Retained Earnings (Accumulated Deficit)": {"2020-12-31": "", "2020-09-30": "1786.87800", "2020-06-30": "1699.97100", "2020-03-31": "1647.17500", "2019-12-31": "1544.49500", "2019-09-30": "", "2019-06-30": "1397.39000", "2019-03-31": "1339.02400", "2018-12-31": "1253.50100", "2018-09-30": "1232.06200", "2018-06-30": "1181.51700", "2018-03-31": "1146.22300", "2017-12-31": "1097.72600", "2017-09-30": "1028.54300", "2017-06-30": "988.58100", "2017-03-31": "954.15500", "2016-12-31": "950.30000", "2016-09-30": "979.71100", "2016-06-30": "961.92400", "2016-03-31": "939.45900", "2015-12-31": "1203.08600", "2015-09-30": "1198.03000", "2015-06-30": "1204.32400", "2015-03-31": "1193.79100", "2014-12-31": "1166.11600", "2014-09-30": "1141.66300", "2014-06-30": "1124.31700", "2014-03-31": "1112.24000", "2013-12-31": "1085.74000", "2013-09-30": "1069.59900", "2013-06-30": "1052.25700", "2013-03-31": "1031.18300", "2012-12-31": "1000.95200", "2012-09-30": "963.95400", "2012-06-30": "934.88800", "2012-03-31": "914.40100", "2011-12-31": "880.03900", "2011-09-30": "856.21300", "2011-06-30": "836.66400", "2011-03-31": "816.84600", "2010-12-31": "786.73700", "2010-09-30": "773.85600", "2010-06-30": "747.04000", "2010-03-31": "798.80900", "2009-12-31": "775.48200", "2009-09-30": "859.09100", "2009-06-30": "833.46000", "2009-03-31": "814.35900", "2008-12-31": "791.21900", "2008-09-30": "767.35000", "2008-06-30": "743.31800", "2008-03-31": "721.33100", "2007-12-31": "698.92100", "2007-09-30": "680.94300", "2007-06-30": "668.77800", "2007-03-31": "667.26700", "2006-12-31": "640.71700", "2006-09-30": "622.65000", "2006-06-30": "608.88300", "2006-03-31": "596.87800", "2005-12-31": "591.13200", "2005-09-30": "565.77900", "2005-06-30": "552.09100", "2005-03-31": "537.52600"}, "Comprehensive Income": {"2020-12-31": "", "2020-09-30": "-130.61300", "2020-06-30": "-208.35400", "2020-03-31": "-235.46300", "2019-12-31": "-148.92200", "2019-09-30": "-225.71700", "2019-06-30": "-156.84400", "2019-03-31": "-159.77800", "2018-12-31": "-167.02500", "2018-09-30": "-126.78000", "2018-06-30": "-121.09600", "2018-03-31": "11.68500", "2017-12-31": "-54.98300", "2017-09-30": "-80.05900", "2017-06-30": "-147.57700", "2017-03-31": "-240.70200", "2016-12-31": "-274.55800", "2016-09-30": "-94.02800", "2016-06-30": "-85.71800", "2016-03-31": "-68.15900", "2015-12-31": "-74.42200", "2015-09-30": "-59.46300", "2015-06-30": "-53.87200", "2015-03-31": "-66.66900", "2014-12-31": "-32.19100", "2014-09-30": "-12.59400", "2014-06-30": "9.03300", "2014-03-31": "4.48100", "2013-12-31": "3.98900", "2013-09-30": "3.02700", "2013-06-30": "-8.94500", "2013-03-31": "-4.08800", "2012-12-31": "10.10000", "2012-09-30": "8.01800", "2012-06-30": "-0.82400", "2012-03-31": "13.62700", "2011-12-31": "10.48100", "2011-09-30": "20.44100", "2011-06-30": "44.23800", "2011-03-31": "35.18800", "2010-12-31": "21.21600", "2010-09-30": "20.59100", "2010-06-30": "-0.36300", "2010-03-31": "12.99100", "2009-12-31": "18.49200", "2009-09-30": "15.65800", "2009-06-30": "8.14200", "2009-03-31": "-15.80000", "2008-12-31": "4.76600", "2008-09-30": "30.40200", "2008-06-30": "32.62400", "2008-03-31": "33.09600", "2007-12-31": "26.69500", "2007-09-30": "22.39000", "2007-06-30": "11.02500", "2007-03-31": "4.55900", "2006-12-31": "7.09600", "2006-09-30": "3.84400", "2006-06-30": "1.04900", "2006-03-31": "-7.77400", "2005-12-31": "-10.27100", "2005-09-30": "-3.81800", "2005-06-30": "-3.39800", "2005-03-31": "6.45500"}, "Other Share Holders Equity": {"2020-12-31": "", "2020-09-30": "", "2020-06-30": "", "2020-03-31": "", "2019-12-31": "", "2019-09-30": "", "2019-06-30": "", "2019-03-31": "", "2018-12-31": "", "2018-09-30": "", "2018-06-30": "", "2018-03-31": "", "2017-12-31": "", "2017-09-30": "", "2017-06-30": "", "2017-03-31": "", "2016-12-31": "", "2016-09-30": "", "2016-06-30": "", "2016-03-31": "", "2015-12-31": "", "2015-09-30": "", "2015-06-30": "", "2015-03-31": "", "2014-12-31": "", "2014-09-30": "", "2014-06-30": "", "2014-03-31": "", "2013-12-31": "", "2013-09-30": "", "2013-06-30": "", "2013-03-31": "", "2012-12-31": "", "2012-09-30": "", "2012-06-30": "", "2012-03-31": "", "2011-12-31": "", "2011-09-30": "", "2011-06-30": "", "2011-03-31": "", "2010-12-31": "", "2010-09-30": "", "2010-06-30": "", "2010-03-31": "", "2009-12-31": "", "2009-09-30": "", "2009-06-30": "", "2009-03-31": "", "2008-12-31": "", "2008-09-30": "", "2008-06-30": "", "2008-03-31": "", "2007-12-31": "", "2007-09-30": "", "2007-06-30": "", "2007-03-31": "", "2006-12-31": "", "2006-09-30": "", "2006-06-30": "", "2006-03-31": "", "2005-12-31": "", "2005-09-30": "", "2005-06-30": "", "2005-03-31": ""}, "Share Holder Equity": {"2020-12-31": "3878.19200", "2020-09-30": "3662.45500", "2020-06-30": "3489.71300", "2020-03-31": "3406.72400", "2019-12-31": "3396.06600", "2019-09-30": "3237.64500", "2019-06-30": "3245.00200", "2019-03-31": "3185.79800", "2018-12-31": "3112.30700", "2018-09-30": "3124.97700", "2018-06-30": "3099.18800", "2018-03-31": "3217.30000", "2017-12-31": "3117.78800", "2017-09-30": "3040.80500", "2017-06-30": "2939.45500", "2017-03-31": "2810.03300", "2016-12-31": "2770.11000", "2016-09-30": "3009.56300", "2016-06-30": "3048.48500", "2016-03-31": "3038.89200", "2015-12-31": "2989.82300", "2015-09-30": "1091.79100", "2015-06-30": "1099.60100", "2015-03-31": "1073.64600", "2014-12-31": "1076.09800", "2014-09-30": "1067.86000", "2014-06-30": "1066.00400", "2014-03-31": "1041.24600", "2013-12-31": "1009.74500", "2013-09-30": "991.28100", "2013-06-30": "971.26600", "2013-03-31": "946.98000", "2012-12-31": "920.19400", "2012-09-30": "881.62600", "2012-06-30": "833.39400", "2012-03-31": "822.66400", "2011-12-31": "780.40500", "2011-09-30": "777.00300", "2011-06-30": "815.74100", "2011-03-31": "788.66500", "2010-12-31": "751.40000", "2010-09-30": "730.45200", "2010-06-30": "695.89000", "2010-03-31": "754.49400", "2009-12-31": "733.16000", "2009-09-30": "800.77400", "2009-06-30": "763.74200", "2009-03-31": "718.16500", "2008-12-31": "714.85500", "2008-09-30": "744.75000", "2008-06-30": "713.66900", "2008-03-31": "706.15200", "2007-12-31": "753.94100", "2007-09-30": "768.50000", "2007-06-30": "772.65500", "2007-03-31": "774.29200", "2006-12-31": "747.04100", "2006-09-30": "716.80200", "2006-06-30": "703.97100", "2006-03-31": "730.82700", "2005-12-31": "740.57800", "2005-09-30": "741.38800", "2005-06-30": "722.87000", "2005-03-31": "755.63800"}, "Total Liabilities And Share Holders Equity": {"2020-12-31": "6580.78000", "2020-09-30": "5492.56700", "2020-06-30": "5363.92700", "2020-03-31": "5425.58200", "2019-12-31": "5335.58100", "2019-09-30": "5185.71700", "2019-06-30": "5229.72300", "2019-03-31": "5073.07100", "2018-12-31": "5006.39000", "2018-09-30": "5021.29000", "2018-06-30": "5051.81400", "2018-03-31": "5200.33400", "2017-12-31": "5157.00400", "2017-09-30": "5120.27600", "2017-06-30": "5056.14700", "2017-03-31": "4924.45500", "2016-12-31": "4886.94600", "2016-09-30": "5210.62500", "2016-06-30": "5293.17100", "2016-03-31": "5346.41600", "2015-12-31": "5350.28300", "2015-09-30": "2309.07800", "2015-06-30": "2181.43400", "2015-03-31": "2097.29100", "2014-12-31": "2027.80800", "2014-09-30": "2027.40700", "2014-06-30": "2052.46600", "2014-03-31": "1887.16200", "2013-12-31": "1777.80600", "2013-09-30": "1788.50200", "2013-06-30": "1774.16000", "2013-03-31": "1761.10900", "2012-12-31": "1765.07200", "2012-09-30": "1632.73200", "2012-06-30": "1403.34600", "2012-03-31": "1405.69600", "2011-12-31": "1376.41000", "2011-09-30": "1372.26000", "2011-06-30": "1416.91100", "2011-03-31": "1426.68500", "2010-12-31": "1352.39100", "2010-09-30": "1294.40600", "2010-06-30": "1265.60600", "2010-03-31": "1238.40200", "2009-12-31": "1295.68900", "2009-09-30": "1263.23600", "2009-06-30": "1215.19700", "2009-03-31": "1216.93900", "2008-12-31": "1194.91100", "2008-09-30": "1274.64900", "2008-06-30": "1214.37300", "2008-03-31": "1239.29200", "2007-12-31": "1194.79500", "2007-09-30": "1204.03000", "2007-06-30": "1187.87600", "2007-03-31": "1209.17000", "2006-12-31": "1166.93200", "2006-09-30": "1164.50300", "2006-06-30": "1196.32800", "2006-03-31": "1188.97300", "2005-12-31": "1129.32400", "2005-09-30": "1156.76600", "2005-06-30": "1142.19300", "2005-03-31": "1185.72200"}}, "cash flow statement": {"Net Income/Loss": {"2020-03-31": "407.80500", "2019-03-31": "305.07600", "2018-03-31": "291.62200", "2017-03-31": "110.63100", "2016-03-31": "111.58500", "2015-03-31": "135.06400", "2014-03-31": "129.44200", "2013-03-31": "159.97700", "2012-03-31": "136.11500", "2011-03-31": "51.26500", "2010-03-31": "128.46700", "2009-03-31": "110.68500", "2008-03-31": "77.10600", "2007-03-31": "82.15500", "2006-03-31": "70.28900", "2005-03-31": "85.98000"}, "Total Depreciation And Amortization - Cash Flow": {"2020-03-31": "197.23500", "2019-03-31": "225.92100", "2018-03-31": "178.33200", "2017-03-31": "246.49800", "2016-03-31": "143.74000", "2015-03-31": "91.54100", "2014-03-31": "75.64900", "2013-03-31": "69.03500", "2012-03-31": "62.90600", "2011-03-31": "54.38900", "2010-03-31": "56.21800", "2009-03-31": "58.77300", "2008-03-31": "62.77800", "2007-03-31": "60.25700", "2006-03-31": "57.91900", "2005-03-31": "51.19200"}, "Other Non-Cash Items": {"2020-03-31": "34.83000", "2019-03-31": "17.00800", "2018-03-31": "14.59400", "2017-03-31": "137.40200", "2016-03-31": "34.21200", "2015-03-31": "-1.67200", "2014-03-31": "28.71400", "2013-03-31": "30.90400", "2012-03-31": "30.61500", "2011-03-31": "-31.08500", "2010-03-31": "11.63300", "2009-03-31": "11.43200", "2008-03-31": "4.25000", "2007-03-31": "-0.39400", "2006-03-31": "-0.89000", "2005-03-31": "31.38400"}, "Total Non-Cash Items": {"2020-03-31": "232.06500", "2019-03-31": "242.92900", "2018-03-31": "192.92600", "2017-03-31": "383.90000", "2016-03-31": "177.95200", "2015-03-31": "89.86900", "2014-03-31": "104.36300", "2013-03-31": "99.93900", "2012-03-31": "93.52100", "2011-03-31": "23.30400", "2010-03-31": "67.85100", "2009-03-31": "70.20500", "2008-03-31": "67.02800", "2007-03-31": "59.86300", "2006-03-31": "57.02900", "2005-03-31": "82.57600"}, "Change In Accounts Receivable": {"2020-03-31": "-17.86600", "2019-03-31": "-48.48600", "2018-03-31": "-37.73100", "2017-03-31": "-48.14000", "2016-03-31": "-31.56000", "2015-03-31": "-2.77400", "2014-03-31": "-28.79400", "2013-03-31": "21.86600", "2012-03-31": "-6.51700", "2011-03-31": "-54.51700", "2010-03-31": "27.76400", "2009-03-31": "0.45400", "2008-03-31": "9.17300", "2007-03-31": "-4.57100", "2006-03-31": "2.81900", "2005-03-31": "-16.86200"}, "Change In Inventories": {"2020-03-31": "-39.06700", "2019-03-31": "-14.61700", "2018-03-31": "-5.17800", "2017-03-31": "-12.82900", "2016-03-31": "1.81000", "2015-03-31": "-9.90200", "2014-03-31": "2.76700", "2013-03-31": "28.01500", "2012-03-31": "11.83300", "2011-03-31": "-42.23300", "2010-03-31": "15.27100", "2009-03-31": "0.67500", "2008-03-31": "-4.90300", "2007-03-31": "-16.90500", "2006-03-31": "-9.94300", "2005-03-31": "3.20000"}, "Change In Accounts Payable": {"2020-03-31": "-2.77900", "2019-03-31": "21.24400", "2018-03-31": "0.56300", "2017-03-31": "6.88400", "2016-03-31": "5.24900", "2015-03-31": "-3.14600", "2014-03-31": "19.37700", "2013-03-31": "-12.53600", "2012-03-31": "-9.12000", "2011-03-31": "23.71400", "2010-03-31": "-4.52200", "2009-03-31": "-2.74100", "2008-03-31": "-3.12000", "2007-03-31": "-12.03100", "2006-03-31": "20.30300", "2005-03-31": "-7.66900"}, "Change In Assets/Liabilities": {"2020-03-31": "3.78400", "2019-03-31": "-7.37100", "2018-03-31": "-1.24400", "2017-03-31": "2.32400", "2016-03-31": "-9.59900", "2015-03-31": "2.08900", "2014-03-31": "-5.48200", "2013-03-31": "-8.88900", "2012-03-31": "0.38500", "2011-03-31": "2.22700", "2010-03-31": "5.35100", "2009-03-31": "10.84000", "2008-03-31": "0.53900", "2007-03-31": "-16.77700", "2006-03-31": "-6.95300", "2005-03-31": "0.07100"}, "Total Change In Assets/Liabilities": {"2020-03-31": "-49.73700", "2019-03-31": "9.89700", "2018-03-31": "-59.14500", "2017-03-31": "-57.20300", "2016-03-31": "-20.53400", "2015-03-31": "30.34500", "2014-03-31": "-24.10800", "2013-03-31": "-27.98100", "2012-03-31": "-75.59700", "2011-03-31": "35.04600", "2010-03-31": "27.07300", "2009-03-31": "-1.72300", "2008-03-31": "-1.24500", "2007-03-31": "-48.53800", "2006-03-31": "34.02200", "2005-03-31": "-11.97600"}, "Cash Flow From Operating Activities": {"2020-03-31": "590.55900", "2019-03-31": "539.50500", "2018-03-31": "457.63200", "2017-03-31": "424.08600", "2016-03-31": "254.67500", "2015-03-31": "246.04000", "2014-03-31": "209.63100", "2013-03-31": "227.81500", "2012-03-31": "149.37200", "2011-03-31": "117.74400", "2010-03-31": "224.95400", "2009-03-31": "167.38400", "2008-03-31": "143.40100", "2007-03-31": "95.74000", "2006-03-31": "161.95500", "2005-03-31": "148.86500"}, "Net Change In Property, Plant, And Equipment": {"2020-03-31": "-210.36000", "2019-03-31": "-184.14800", "2018-03-31": "-163.36300", "2017-03-31": "-168.05500", "2016-03-31": "-125.56300", "2015-03-31": "-84.42600", "2014-03-31": "-81.59300", "2013-03-31": "-87.37800", "2012-03-31": "-66.64000", "2011-03-31": "-76.14100", "2010-03-31": "-40.98200", "2009-03-31": "-21.54800", "2008-03-31": "-51.82000", "2007-03-31": "-46.19900", "2006-03-31": "-51.17000", "2005-03-31": "-56.16700"}, "Net Change In Intangible Assets": {"2020-03-31": "", "2019-03-31": "", "2018-03-31": "", "2017-03-31": "", "2016-03-31": "", "2015-03-31": "", "2014-03-31": "", "2013-03-31": "", "2012-03-31": "", "2011-03-31": "", "2010-03-31": "", "2009-03-31": "", "2008-03-31": "", "2007-03-31": "", "2006-03-31": "", "2005-03-31": ""}, "Net Acquisitions/Divestitures": {"2020-03-31": "-109.37500", "2019-03-31": "-10.83500", "2018-03-31": "-37.38300", "2017-03-31": "70.15600", "2016-03-31": "-604.02100", "2015-03-31": "-194.66200", "2014-03-31": "-67.05900", "2013-03-31": "-399.67600", "2012-03-31": "-34.63500", "2011-03-31": "-4.00000", "2010-03-31": "", "2009-03-31": "", "2008-03-31": "", "2007-03-31": "2.92700", "2006-03-31": "14.94600", "2005-03-31": "-131.10600"}, "Net Change In Short-term Investments": {"2020-03-31": "", "2019-03-31": "-4.95500", "2018-03-31": "", "2017-03-31": "-6.35600", "2016-03-31": "", "2015-03-31": "-4.68100", "2014-03-31": "", "2013-03-31": "", "2012-03-31": "", "2011-03-31": "", "2010-03-31": "", "2009-03-31": "", "2008-03-31": "", "2007-03-31": "", "2006-03-31": "", "2005-03-31": ""}, "Net Change In Long-Term Investments": {"2020-03-31": "", "2019-03-31": "", "2018-03-31": "", "2017-03-31": "", "2016-03-31": "", "2015-03-31": "", "2014-03-31": "", "2013-03-31": "", "2012-03-31": "", "2011-03-31": "-16.90000", "2010-03-31": "-1.50000", "2009-03-31": "-4.15000", "2008-03-31": "", "2007-03-31": "", "2006-03-31": "", "2005-03-31": ""}, "Net Change In Investments - Total": {"2020-03-31": "", "2019-03-31": "-4.95500", "2018-03-31": "", "2017-03-31": "-6.35600", "2016-03-31": "", "2015-03-31": "-4.68100", "2014-03-31": "", "2013-03-31": "", "2012-03-31": "", "2011-03-31": "-16.90000", "2010-03-31": "-1.50000", "2009-03-31": "-4.15000", "2008-03-31": "", "2007-03-31": "", "2006-03-31": "", "2005-03-31": ""}, "Investing Activities - Other": {"2020-03-31": "", "2019-03-31": "-13.28600", "2018-03-31": "-3.08300", "2017-03-31": "", "2016-03-31": "", "2015-03-31": "", "2014-03-31": "", "2013-03-31": "", "2012-03-31": "", "2011-03-31": "", "2010-03-31": "", "2009-03-31": "", "2008-03-31": "", "2007-03-31": "", "2006-03-31": "", "2005-03-31": ""}, "Cash Flow From Investing Activities": {"2020-03-31": "-319.73500", "2019-03-31": "-213.22400", "2018-03-31": "-203.82900", "2017-03-31": "-104.25500", "2016-03-31": "-729.58400", "2015-03-31": "-283.76900", "2014-03-31": "-148.65200", "2013-03-31": "-487.05400", "2012-03-31": "-101.27500", "2011-03-31": "-97.04100", "2010-03-31": "-42.48200", "2009-03-31": "-25.69800", "2008-03-31": "-51.82000", "2007-03-31": "-43.27200", "2006-03-31": "-36.22400", "2005-03-31": "-187.27300"}, "Net Long-Term Debt": {"2020-03-31": "", "2019-03-31": "-85.00000", "2018-03-31": "-222.50000", "2017-03-31": "121.23000", "2016-03-31": "257.43300", "2015-03-31": "", "2014-03-31": "-70.00000", "2013-03-31": "200.00000", "2012-03-31": "", "2011-03-31": "", "2010-03-31": "", "2009-03-31": "109.20000", "2008-03-31": "-0.70000", "2007-03-31": "-1.68700", "2006-03-31": "-4.70800", "2005-03-31": "-3.67400"}, "Net Current Debt": {"2020-03-31": "-26.50000", "2019-03-31": "-27.08700", "2018-03-31": "29.06500", "2017-03-31": "-196.61300", "2016-03-31": "369.45100", "2015-03-31": "129.77000", "2014-03-31": "71.19000", "2013-03-31": "82.29000", "2012-03-31": "", "2011-03-31": "", "2010-03-31": "", "2009-03-31": "-79.18000", "2008-03-31": "79.18000", "2007-03-31": "-12.98000", "2006-03-31": "11.78000", "2005-03-31": "-3.19800"}, "Debt Issuance/Retirement Net - Total": {"2020-03-31": "-26.50000", "2019-03-31": "-112.08700", "2018-03-31": "-193.43500", "2017-03-31": "-75.38300", "2016-03-31": "626.88400", "2015-03-31": "129.77000", "2014-03-31": "1.19000", "2013-03-31": "282.29000", "2012-03-31": "", "2011-03-31": "", "2010-03-31": "", "2009-03-31": "30.02000", "2008-03-31": "78.48000", "2007-03-31": "-14.66700", "2006-03-31": "7.07200", "2005-03-31": "-6.87200"}, "Net Common Equity Issued/Repurchased": {"2020-03-31": "-16.51000", "2019-03-31": "-68.13200", "2018-03-31": "-54.32700", "2017-03-31": "-87.53200", "2016-03-31": "-2.50400", "2015-03-31": "-2.41300", "2014-03-31": "-9.80900", "2013-03-31": "15.01700", "2012-03-31": "-51.02800", "2011-03-31": "-17.23500", "2010-03-31": "13.73700", "2009-03-31": "-46.84500", "2008-03-31": "-162.55200", "2007-03-31": "-51.17300", "2006-03-31": "-72.31900", "2005-03-31": "-12.28100"}, "Net Total Equity Issued/Repurchased": {"2020-03-31": "-16.51000", "2019-03-31": "-68.13200", "2018-03-31": "-54.32700", "2017-03-31": "-87.53200", "2016-03-31": "-2.50400", "2015-03-31": "-2.41300", "2014-03-31": "-9.80900", "2013-03-31": "15.01700", "2012-03-31": "-51.02800", "2011-03-31": "-17.23500", "2010-03-31": "13.73700", "2009-03-31": "-46.84500", "2008-03-31": "-162.55200", "2007-03-31": "-51.17300", "2006-03-31": "-72.31900", "2005-03-31": "-12.28100"}, "Total Common And Preferred Stock Dividends Paid": {"2020-03-31": "-123.03400", "2019-03-31": "-112.50300", "2018-03-31": "-102.92900", "2017-03-31": "-93.19300", "2016-03-31": "-65.20300", "2015-03-31": "-53.51300", "2014-03-31": "-48.38500", "2013-03-31": "-43.19500", "2012-03-31": "-38.56000", "2011-03-31": "-33.22800", "2010-03-31": "-144.01700", "2009-03-31": "-17.65700", "2008-03-31": "-14.60900", "2007-03-31": "-11.76600", "2006-03-31": "-10.93700", "2005-03-31": ""}, "Financial Activities - Other": {"2020-03-31": "2.89800", "2019-03-31": "-2.07000", "2018-03-31": "-5.49300", "2017-03-31": "-10.99100", "2016-03-31": "1.11200", "2015-03-31": "-4.09400", "2014-03-31": "2.79800", "2013-03-31": "0.13400", "2012-03-31": "1.51400", "2011-03-31": "2.52500", "2010-03-31": "2.46700", "2009-03-31": "6.50600", "2008-03-31": "2.75100", "2007-03-31": "1.92700", "2006-03-31": "-0.21700", "2005-03-31": ""}, "Cash Flow From Financial Activities": {"2020-03-31": "-163.14600", "2019-03-31": "-294.79200", "2018-03-31": "-356.18400", "2017-03-31": "-267.09900", "2016-03-31": "560.28900", "2015-03-31": "69.75000", "2014-03-31": "-54.20600", "2013-03-31": "254.24600", "2012-03-31": "-88.07400", "2011-03-31": "-47.93800", "2010-03-31": "-127.81300", "2009-03-31": "-27.97600", "2008-03-31": "-95.93000", "2007-03-31": "-75.67900", "2006-03-31": "-76.40100", "2005-03-31": "-19.15300"}, "Net Cash Flow": {"2020-03-31": "98.94800", "2019-03-31": "19.09900", "2018-03-31": "-81.38400", "2017-03-31": "34.07700", "2016-03-31": "81.15200", "2015-03-31": "14.88700", "2014-03-31": "10.79400", "2013-03-31": "-8.81300", "2012-03-31": "-42.19500", "2011-03-31": "-21.95500", "2010-03-31": "60.79100", "2009-03-31": "102.31200", "2008-03-31": "-0.42800", "2007-03-31": "-20.43600", "2006-03-31": "49.18500", "2005-03-31": "-56.75300"}, "Stock-Based Compensation": {"2020-03-31": "23.81100", "2019-03-31": "23.96500", "2018-03-31": "22.18700", "2017-03-31": "18.79400", "2016-03-31": "16.14700", "2015-03-31": "14.92100", "2014-03-31": "11.10000", "2013-03-31": "8.91700", "2012-03-31": "7.85800", "2011-03-31": "10.18600", "2010-03-31": "7.37000", "2009-03-31": "7.37000", "2008-03-31": "8.61700", "2007-03-31": "9.93700", "2006-03-31": "", "2005-03-31": ""}, "Common Stock Dividends Paid": {"2020-03-31": "-123.03400", "2019-03-31": "-112.50300", "2018-03-31": "-102.92900", "2017-03-31": "-93.19300", "2016-03-31": "-65.20300", "2015-03-31": "-53.51300", "2014-03-31": "-48.38500", "2013-03-31": "-43.19500", "2012-03-31": "-38.56000", "2011-03-31": "-33.22800", "2010-03-31": "-144.01700", "2009-03-31": "-17.65700", "2008-03-31": "-14.60900", "2007-03-31": "-11.76600", "2006-03-31": "-10.93700", "2005-03-31": ""}}, "cash flow statement, quarterly": {"Net Income/Loss": {"2020-12-31": 114.588, "2020-09-30": 106.008, "2020-06-30": "88.12400", "2020-03-31": 123.219, "2019-12-31": 104.667, "2019-09-30": 95.142, "2019-06-30": "84.77700", "2019-03-31": 108.877, "2018-12-31": 48.426, "2018-09-30": 77.495, "2018-06-30": "70.27800", "2018-03-31": 73.623, "2017-12-31": 95.34, "2017-09-30": 64.444, "2017-06-30": "58.21500", "2017-03-31": 26.065, "2016-12-31": -4.347, "2016-09-30": 40.203, "2016-06-30": "48.71000", "2016-03-31": 57.869, "2015-12-31": 21.154, "2015-09-30": 8.251, "2015-06-30": "24.31100", "2015-03-31": 41.399, "2014-12-31": 38.124, "2014-09-30": 31.004, "2014-06-30": "24.53700", "2014-03-31": 38.876, "2013-12-31": 28.506, "2013-09-30": 29.743, "2013-06-30": "32.31700", "2013-03-31": 41.381, "2012-12-31": 48.097, "2012-09-30": 40.145, "2012-06-30": "30.35400", "2012-03-31": 44.171, "2011-12-31": 33.649, "2011-09-30": 29.564, "2011-06-30": "28.73100", "2011-03-31": 38.999, "2010-12-31": 21.765, "2010-09-30": 35.711, "2010-06-30": "-45.21000", "2010-03-31": 29.835, "2009-12-31": 41.006, "2009-09-30": 32.084, "2009-06-30": "25.54200", "2009-03-31": 27.816, "2008-12-31": 28.575, "2008-09-30": 28.794, "2008-06-30": "25.50000", "2008-03-31": 26.109, "2007-12-31": 21.776, "2007-09-30": 16.018, "2007-06-30": "13.20300", "2007-03-31": 29.808, "2006-12-31": 21.303, "2006-09-30": 16.36, "2006-06-30": "14.68400", "2006-03-31": 8.454, "2005-12-31": 28.088, "2005-09-30": 16.415, "2005-06-30": "17.33200", "2005-03-31": 85.98}, "Total Depreciation And Amortization - Cash Flow": {"2020-12-31": -103.372, "2020-09-30": 54.418, "2020-06-30": "48.95400", "2020-03-31": 50.941, "2019-12-31": 49.558, "2019-09-30": 49.634, "2019-06-30": "47.10200", "2019-03-31": 50.263, "2018-12-31": 82.687, "2018-09-30": 46.117, "2018-06-30": "46.85400", "2018-03-31": 44.477, "2017-12-31": 44.656, "2017-09-30": 45.548, "2017-06-30": "43.65100", "2017-03-31": 52.897, "2016-12-31": 89.74, "2016-09-30": 50.077, "2016-06-30": "53.78400", "2016-03-31": 52.815, "2015-12-31": 44.827, "2015-09-30": 23.745, "2015-06-30": "22.35300", "2015-03-31": 22.101, "2014-12-31": 21.605, "2014-09-30": 27.43, "2014-06-30": "20.40500", "2014-03-31": 19.96, "2013-12-31": 19.574, "2013-09-30": 17.782, "2013-06-30": "18.33300", "2013-03-31": 20.527, "2012-12-31": 18.32, "2012-09-30": 15.851, "2012-06-30": "14.33700", "2012-03-31": 16.618, "2011-12-31": 16.101, "2011-09-30": 15.752, "2011-06-30": "14.43500", "2011-03-31": 14.65, "2010-12-31": 13.429, "2010-09-30": 13.272, "2010-06-30": "13.03800", "2010-03-31": 14.191, "2009-12-31": 14.188, "2009-09-30": 13.951, "2009-06-30": "13.88800", "2009-03-31": 14.897, "2008-12-31": 14.301, "2008-09-30": 14.375, "2008-06-30": "15.20000", "2008-03-31": 15.279, "2007-12-31": 16.015, "2007-09-30": 15.902, "2007-06-30": "15.58200", "2007-03-31": 15.984, "2006-12-31": 14.596, "2006-09-30": 14.793, "2006-06-30": "14.88400", "2006-03-31": 15.809, "2005-12-31": 13.678, "2005-09-30": 14.539, "2005-06-30": "13.89300", "2005-03-31": 51.192}, "Other Non-Cash Items": {"2020-12-31": 171.079, "2020-09-30": 9.165, "2020-06-30": "6.02000", "2020-03-31": 15.094, "2019-12-31": 4.705, "2019-09-30": 7.619, "2019-06-30": "7.41200", "2019-03-31": -2.851, "2018-12-31": 4.401, "2018-09-30": 10.12, "2018-06-30": "5.33800", "2018-03-31": 11.514, "2017-12-31": -6.233, "2017-09-30": 7.148, "2017-06-30": "2.16500", "2017-03-31": 33.091, "2016-12-31": 84.27, "2016-09-30": 14.739, "2016-06-30": "5.30200", "2016-03-31": 8.737, "2015-12-31": 9.258, "2015-09-30": 11.35, "2015-06-30": "4.86700", "2015-03-31": -4.145, "2014-12-31": 0.75, "2014-09-30": 2.657, "2014-06-30": "-0.93400", "2014-03-31": 15.834, "2013-12-31": 6.576, "2013-09-30": 3.738, "2013-06-30": "2.56600", "2013-03-31": 2.195, "2012-12-31": 15.799, "2012-09-30": 11.508, "2012-06-30": "1.40200", "2012-03-31": 1.682, "2011-12-31": 7.526, "2011-09-30": 9.347, "2011-06-30": "12.06000", "2011-03-31": 11.861, "2010-12-31": -5.864, "2010-09-30": 3.076, "2010-06-30": "-40.15800", "2010-03-31": 3.372, "2009-12-31": 6.362, "2009-09-30": 4.49, "2009-06-30": "-2.59100", "2009-03-31": -3.644, "2008-12-31": 8.527, "2008-09-30": 0.441, "2008-06-30": "6.10800", "2008-03-31": 14.08, "2007-12-31": -12.151, "2007-09-30": 2.846, "2007-06-30": "-0.52500", "2007-03-31": -1.866, "2006-12-31": 3.472, "2006-09-30": 3.694, "2006-06-30": "-5.69400", "2006-03-31": -8.01, "2005-12-31": 8.063, "2005-09-30": 1.72, "2005-06-30": "-2.66300", "2005-03-31": 31.384}, "Total Non-Cash Items": {"2020-12-31": 67.707, "2020-09-30": 63.583, "2020-06-30": "54.97400", "2020-03-31": 66.035, "2019-12-31": 54.263, "2019-09-30": 57.253, "2019-06-30": "54.51400", "2019-03-31": 47.412, "2018-12-31": 87.088, "2018-09-30": 56.237, "2018-06-30": "52.19200", "2018-03-31": 55.991, "2017-12-31": 38.423, "2017-09-30": 52.696, "2017-06-30": "45.81600", "2017-03-31": 85.988, "2016-12-31": 174.01, "2016-09-30": 64.816, "2016-06-30": "59.08600", "2016-03-31": 61.552, "2015-12-31": 54.085, "2015-09-30": 35.095, "2015-06-30": "27.22000", "2015-03-31": 17.956, "2014-12-31": 22.355, "2014-09-30": 30.087, "2014-06-30": "19.47100", "2014-03-31": 35.794, "2013-12-31": 26.15, "2013-09-30": 21.52, "2013-06-30": "20.89900", "2013-03-31": 22.722, "2012-12-31": 34.119, "2012-09-30": 27.359, "2012-06-30": "15.73900", "2012-03-31": 18.3, "2011-12-31": 23.627, "2011-09-30": 25.099, "2011-06-30": "26.49500", "2011-03-31": 26.511, "2010-12-31": 7.565, "2010-09-30": 16.348, "2010-06-30": "-27.12000", "2010-03-31": 17.563, "2009-12-31": 20.55, "2009-09-30": 18.441, "2009-06-30": "11.29700", "2009-03-31": 11.253, "2008-12-31": 22.828, "2008-09-30": 14.816, "2008-06-30": "21.30800", "2008-03-31": 29.359, "2007-12-31": 3.864, "2007-09-30": 18.748, "2007-06-30": "15.05700", "2007-03-31": 14.118, "2006-12-31": 18.068, "2006-09-30": 18.487, "2006-06-30": "9.19000", "2006-03-31": 7.799, "2005-12-31": 21.741, "2005-09-30": 16.259, "2005-06-30": "11.23000", "2005-03-31": 82.576}, "Change In Accounts Receivable": {"2020-12-31": -88.134, "2020-09-30": 3.469, "2020-06-30": "84.66500", "2020-03-31": -47.726, "2019-12-31": -24.687, "2019-09-30": -3.073, "2019-06-30": "57.62000", "2019-03-31": -57.804, "2018-12-31": -19.706, "2018-09-30": -10.201, "2018-06-30": "39.22500", "2018-03-31": -52.88, "2017-12-31": -27.62, "2017-09-30": 10.729, "2017-06-30": "32.04000", "2017-03-31": -47.927, "2016-12-31": -11.884, "2016-09-30": -11.577, "2016-06-30": "23.24800", "2016-03-31": -28.49, "2015-12-31": -34.691, "2015-09-30": -7.248, "2015-06-30": "38.86900", "2015-03-31": -31.966, "2014-12-31": -10.255, "2014-09-30": -7.234, "2014-06-30": "46.68100", "2014-03-31": -38.653, "2013-12-31": -6.891, "2013-09-30": 4.115, "2013-06-30": "12.63500", "2013-03-31": -31.023, "2012-12-31": -3.171, "2012-09-30": 23.803, "2012-06-30": "32.25700", "2012-03-31": -26.536, "2011-12-31": -16.526, "2011-09-30": 2.381, "2011-06-30": "34.16400", "2011-03-31": -56.722, "2010-12-31": -11.346, "2010-09-30": -12.243, "2010-06-30": "25.79400", "2010-03-31": -10.3, "2009-12-31": 7.024, "2009-09-30": -7.294, "2009-06-30": "38.33400", "2009-03-31": -25.281, "2008-12-31": -8.512, "2008-09-30": -1.044, "2008-06-30": "35.29100", "2008-03-31": -46.265, "2007-12-31": 11.755, "2007-09-30": -1.423, "2007-06-30": "45.10600", "2007-03-31": -43.666, "2006-12-31": -4.473, "2006-09-30": 3.13, "2006-06-30": "40.43800", "2006-03-31": -31.769, "2005-12-31": -6.966, "2005-09-30": -1.251, "2005-06-30": "42.80500", "2005-03-31": -16.862}, "Change In Inventories": {"2020-12-31": 25.266, "2020-09-30": 1.749, "2020-06-30": "-27.01500", "2020-03-31": -6.251, "2019-12-31": -6.488, "2019-09-30": -1.706, "2019-06-30": "-24.62200", "2019-03-31": 17.466, "2018-12-31": 0.872, "2018-09-30": 1.108, "2018-06-30": "-34.06300", "2018-03-31": 16.389, "2017-12-31": -2.558, "2017-09-30": -3.21, "2017-06-30": "-15.79900", "2017-03-31": 14.539, "2016-12-31": -5.645, "2016-09-30": -1.958, "2016-06-30": "-19.76500", "2016-03-31": 17.291, "2015-12-31": 4.505, "2015-09-30": -1.812, "2015-06-30": "-18.17400", "2015-03-31": 17.112, "2014-12-31": -2.763, "2014-09-30": -8.825, "2014-06-30": "-15.42600", "2014-03-31": 17.198, "2013-12-31": -3.692, "2013-09-30": 0.923, "2013-06-30": "-11.66200", "2013-03-31": 17.95, "2012-12-31": 6.93, "2012-09-30": 10.421, "2012-06-30": "-7.28600", "2012-03-31": 14.237, "2011-12-31": 13.551, "2011-09-30": 4.875, "2011-06-30": "-20.83000", "2011-03-31": 2.622, "2010-12-31": -22.297, "2010-09-30": -8.401, "2010-06-30": "-14.15700", "2010-03-31": 5.996, "2009-12-31": 0.143, "2009-09-30": 11.046, "2009-06-30": "-1.91400", "2009-03-31": 13.434, "2008-12-31": 6.559, "2008-09-30": 1.822, "2008-06-30": "-21.14000", "2008-03-31": 20.916, "2007-12-31": -5.064, "2007-09-30": -1.375, "2007-06-30": "-19.38000", "2007-03-31": 15.433, "2006-12-31": -5.215, "2006-09-30": -6.843, "2006-06-30": "-20.28000", "2006-03-31": 10.458, "2005-12-31": -7.049, "2005-09-30": -5.868, "2005-06-30": "-7.48400", "2005-03-31": 3.2}, "Change In Accounts Payable": {"2020-12-31": 27.545, "2020-09-30": -10.534, "2020-06-30": "-17.01100", "2020-03-31": 15.831, "2019-12-31": 0.449, "2019-09-30": -1.783, "2019-06-30": "-17.27600", "2019-03-31": 16.125, "2018-12-31": 12.504, "2018-09-30": -5.502, "2018-06-30": "-1.88300", "2018-03-31": 11.164, "2017-12-31": -1.986, "2017-09-30": 1.629, "2017-06-30": "-10.24400", "2017-03-31": 12.662, "2016-12-31": 11.176, "2016-09-30": -3.708, "2016-06-30": "-13.24600", "2016-03-31": 23.142, "2015-12-31": -0.568, "2015-09-30": -11.629, "2015-06-30": "-5.69600", "2015-03-31": 22.069, "2014-12-31": -9.974, "2014-09-30": 3.636, "2014-06-30": "-18.87700", "2014-03-31": 18.144, "2013-12-31": -1.723, "2013-09-30": 3.294, "2013-06-30": "-0.33800", "2013-03-31": 0.861, "2012-12-31": 0.786, "2012-09-30": -5.883, "2012-06-30": "-8.30000", "2012-03-31": 12.007, "2011-12-31": -0.764, "2011-09-30": 2.994, "2011-06-30": "-23.35700", "2011-03-31": 16.3, "2010-12-31": 8.05, "2010-09-30": 0.501, "2010-06-30": "-1.13700", "2010-03-31": 10.315, "2009-12-31": -1.251, "2009-09-30": 4.933, "2009-06-30": "-18.51900", "2009-03-31": 10.592, "2008-12-31": -4.855, "2008-09-30": -3.821, "2008-06-30": "-4.65700", "2008-03-31": 12.071, "2007-12-31": 0.617, "2007-09-30": -3.386, "2007-06-30": "-12.42200", "2007-03-31": 14.908, "2006-12-31": -5.652, "2006-09-30": -1.894, "2006-06-30": "-19.39300", "2006-03-31": 31.027, "2005-12-31": -4.522, "2005-09-30": 6.695, "2005-06-30": "-12.89700", "2005-03-31": -7.669}, "Change In Assets/Liabilities": {"2020-12-31": 7.156, "2020-09-30": 6.374, "2020-06-30": "-6.72900", "2020-03-31": 0.169, "2019-12-31": 0.73, "2019-09-30": 5.365, "2019-06-30": "-2.48000", "2019-03-31": -1.555, "2018-12-31": -10.505, "2018-09-30": 7.113, "2018-06-30": "-2.42400", "2018-03-31": 3.599, "2017-12-31": -0.618, "2017-09-30": 4.062, "2017-06-30": "-8.28700", "2017-03-31": -1.899, "2016-12-31": -1.993, "2016-09-30": 2.529, "2016-06-30": "3.68700", "2016-03-31": -4.529, "2015-12-31": -4.395, "2015-09-30": -1.138, "2015-06-30": "0.46300", "2015-03-31": -4.198, "2014-12-31": 5.735, "2014-09-30": 1.691, "2014-06-30": "-1.13900", "2014-03-31": -17.522, "2013-12-31": 12.18, "2013-09-30": -6.517, "2013-06-30": "6.37700", "2013-03-31": 8.477, "2012-12-31": -8.934, "2012-09-30": -7.418, "2012-06-30": "-1.01400", "2012-03-31": 7.339, "2011-12-31": 4.571, "2011-09-30": -8.103, "2011-06-30": "-3.42200", "2011-03-31": -1.961, "2010-12-31": 1.381, "2010-09-30": -0.195, "2010-06-30": "3.00200", "2010-03-31": 1.995, "2009-12-31": 2.188, "2009-09-30": -4.287, "2009-06-30": "5.45500", "2009-03-31": 0.177, "2008-12-31": -2.813, "2008-09-30": 15.537, "2008-06-30": "-2.06100", "2008-03-31": -0.844, "2007-12-31": 1.976, "2007-09-30": -2.278, "2007-06-30": "1.68500", "2007-03-31": -0.309, "2006-12-31": 2.914, "2006-09-30": -0.623, "2006-06-30": "-18.75900", "2006-03-31": -5.675, "2005-12-31": 1.107, "2005-09-30": 0.178, "2005-06-30": "-2.56300", "2005-03-31": 0.071}, "Total Change In Assets/Liabilities": {"2020-12-31": 28.877, "2020-09-30": -6.258, "2020-06-30": "-15.81800", "2020-03-31": 7.047, "2019-12-31": -24.159, "2019-09-30": -2.075, "2019-06-30": "-30.55000", "2019-03-31": 31.267, "2018-12-31": -8.199, "2018-09-30": -12.561, "2018-06-30": "-0.61000", "2018-03-31": -20.656, "2017-12-31": -27.174, "2017-09-30": 12.063, "2017-06-30": "-23.37800", "2017-03-31": 9.234, "2016-12-31": -36.427, "2016-09-30": -20.243, "2016-06-30": "-9.76700", "2016-03-31": 26.8, "2015-12-31": -29.237, "2015-09-30": -27.557, "2015-06-30": "9.46000", "2015-03-31": 25.321, "2014-12-31": 0.23, "2014-09-30": 1.083, "2014-06-30": "3.71100", "2014-03-31": -5.815, "2013-12-31": 7.423, "2013-09-30": -2.775, "2013-06-30": "-22.94100", "2013-03-31": -13.315, "2012-12-31": -11.795, "2012-09-30": -18.275, "2012-06-30": "15.40400", "2012-03-31": -22.866, "2011-12-31": -4.545, "2011-09-30": -2.004, "2011-06-30": "-46.18200", "2011-03-31": -35.655, "2010-12-31": -2.784, "2010-09-30": -29.882, "2010-06-30": "103.36700", "2010-03-31": 21.341, "2009-12-31": 3.895, "2009-09-30": 6.327, "2009-06-30": "-4.49000", "2009-03-31": 23.428, "2008-12-31": -4.941, "2008-09-30": -2.466, "2008-06-30": "-17.74400", "2008-03-31": -8.293, "2007-12-31": 16.892, "2007-09-30": -1.375, "2007-06-30": "-8.46900", "2007-03-31": 7.63, "2006-12-31": -14.851, "2006-09-30": -10.632, "2006-06-30": "-30.68500", "2006-03-31": 36.857, "2005-12-31": -28.363, "2005-09-30": 12.288, "2005-06-30": "13.24000", "2005-03-31": -11.976}, "Cash Flow From Operating Activities": {"2020-12-31": 205.712, "2020-09-30": 161.951, "2020-06-30": "134.12200", "2020-03-31": 199.233, "2019-12-31": 131.326, "2019-09-30": 150.663, "2019-06-30": "109.33700", "2019-03-31": 178.926, "2018-12-31": 133.877, "2018-09-30": 125.923, "2018-06-30": "100.77900", "2018-03-31": 129.777, "2017-12-31": 110.478, "2017-09-30": 136.724, "2017-06-30": "80.65300", "2017-03-31": 134.681, "2016-12-31": 100.904, "2016-09-30": 108.185, "2016-06-30": "80.31600", "2016-03-31": 150.056, "2015-12-31": 25.147, "2015-09-30": 38.319, "2015-06-30": "41.15300", "2015-03-31": 80.83, "2014-12-31": 60.302, "2014-09-30": 58.555, "2014-06-30": "46.35300", "2014-03-31": 67.458, "2013-12-31": 62.128, "2013-09-30": 47.348, "2013-06-30": "32.69700", "2013-03-31": 46.879, "2012-12-31": 68.913, "2012-09-30": 50.756, "2012-06-30": "61.26700", "2012-03-31": 36.533, "2011-12-31": 52.302, "2011-09-30": 48.556, "2011-06-30": "11.98100", "2011-03-31": 34.347, "2010-12-31": 27.04, "2010-09-30": 26.663, "2010-06-30": "29.69400", "2010-03-31": 66.286, "2009-12-31": 66.26, "2009-09-30": 59.788, "2009-06-30": "32.62000", "2009-03-31": 59.06, "2008-12-31": 39.633, "2008-09-30": 39.964, "2008-06-30": "28.72700", "2008-03-31": 48.456, "2007-12-31": 41.777, "2007-09-30": 33.742, "2007-06-30": "19.42600", "2007-03-31": 54.369, "2006-12-31": 23.111, "2006-09-30": 24.937, "2006-06-30": "-6.67700", "2006-03-31": 62.588, "2005-12-31": 13.716, "2005-09-30": 44.234, "2005-06-30": "41.41700", "2005-03-31": 148.865}, "Net Change In Property, Plant, And Equipment": {"2020-12-31": -53.609, "2020-09-30": -43.747, "2020-06-30": "-66.72400", "2020-03-31": -57.098, "2019-12-31": -55.3, "2019-09-30": -48.186, "2019-06-30": "-49.77600", "2019-03-31": -76.475, "2018-12-31": -50.671, "2018-09-30": -32.071, "2018-06-30": "-24.93100", "2018-03-31": -51.946, "2017-12-31": -38.072, "2017-09-30": -36.862, "2017-06-30": "-36.48300", "2017-03-31": -60.615, "2016-12-31": -38.337, "2016-09-30": -38.272, "2016-06-30": "-30.83100", "2016-03-31": -43.846, "2015-12-31": -41.827, "2015-09-30": -16.4, "2015-06-30": "-23.49000", "2015-03-31": -28.481, "2014-12-31": -20.214, "2014-09-30": -12.471, "2014-06-30": "-23.26000", "2014-03-31": -21.554, "2013-12-31": -12.937, "2013-09-30": -25.369, "2013-06-30": "-21.73300", "2013-03-31": -23.529, "2012-12-31": -18.809, "2012-09-30": -29.515, "2012-06-30": "-15.52500", "2012-03-31": -12.402, "2011-12-31": -19.793, "2011-09-30": -18.857, "2011-06-30": "-15.58800", "2011-03-31": -21.049, "2010-12-31": -28.042, "2010-09-30": -14.642, "2010-06-30": "-12.40800", "2010-03-31": -11.717, "2009-12-31": -11.231, "2009-09-30": -9.854, "2009-06-30": "-8.18000", "2009-03-31": -2.825, "2008-12-31": -7.357, "2008-09-30": -0.758, "2008-06-30": "-10.60800", "2008-03-31": -17.418, "2007-12-31": -12.842, "2007-09-30": -11.891, "2007-06-30": "-9.66900", "2007-03-31": -15.71, "2006-12-31": -9.07, "2006-09-30": -9.004, "2006-06-30": "-12.41500", "2006-03-31": -16.888, "2005-12-31": -11.545, "2005-09-30": -14.593, "2005-06-30": "-8.14400", "2005-03-31": -56.167}, "Net Change In Intangible Assets": {"2020-12-31": 0, "2020-09-30": 0, "2020-06-30": "", "2020-03-31": 0, "2019-12-31": 0, "2019-09-30": 0, "2019-06-30": "", "2019-03-31": 0, "2018-12-31": 0, "2018-09-30": 0, "2018-06-30": "", "2018-03-31": 0, "2017-12-31": 0, "2017-09-30": 0, "2017-06-30": "", "2017-03-31": 0, "2016-12-31": 0, "2016-09-30": 0, "2016-06-30": "", "2016-03-31": 0, "2015-12-31": 0, "2015-09-30": 0, "2015-06-30": "", "2015-03-31": 0, "2014-12-31": 0, "2014-09-30": 0, "2014-06-30": "", "2014-03-31": 0, "2013-12-31": 0, "2013-09-30": 0, "2013-06-30": "", "2013-03-31": 0, "2012-12-31": 0, "2012-09-30": 0, "2012-06-30": "", "2012-03-31": 0, "2011-12-31": 0, "2011-09-30": 0, "2011-06-30": "", "2011-03-31": 0, "2010-12-31": 0, "2010-09-30": 0, "2010-06-30": "", "2010-03-31": 0, "2009-12-31": 0, "2009-09-30": 0, "2009-06-30": "", "2009-03-31": 0, "2008-12-31": 0, "2008-09-30": 0, "2008-06-30": "", "2008-03-31": 0, "2007-12-31": 0, "2007-09-30": 0, "2007-06-30": "", "2007-03-31": 0, "2006-12-31": 0, "2006-09-30": 0, "2006-06-30": "", "2006-03-31": 0, "2005-12-31": 0, "2005-09-30": 0, "2005-06-30": "", "2005-03-31": 0}, "Net Acquisitions/Divestitures": {"2020-12-31": -869.431, "2020-09-30": 0, "2020-06-30": "", "2020-03-31": -2.648, "2019-12-31": -19.231, "2019-09-30": -52.965, "2019-06-30": "-34.53100", "2019-03-31": 2.674, "2018-12-31": -13.313, "2018-09-30": 0, "2018-06-30": "-0.19600", "2018-03-31": 0.033, "2017-12-31": -9.22, "2017-09-30": -9.797, "2017-06-30": "-18.39900", "2017-03-31": -0.777, "2016-12-31": 4.219, "2016-09-30": 66.964, "2016-06-30": "-0.25000", "2016-03-31": 0.661, "2015-12-31": -383.842, "2015-09-30": -176.53, "2015-06-30": "-44.31000", "2015-03-31": -11.97, "2014-12-31": -3.312, "2014-09-30": -0.368, "2014-06-30": "-179.01200", "2014-03-31": -58.616, "2013-12-31": -8.328, "2013-09-30": 0, "2013-06-30": "-0.11500", "2013-03-31": -0.261, "2012-12-31": -122.82, "2012-09-30": -276.595, "2012-06-30": "", "2012-03-31": -12.366, "2011-12-31": 0, "2011-09-30": 0, "2011-06-30": "-22.26900", "2011-03-31": 0, "2010-12-31": -4, "2010-09-30": 0, "2010-06-30": "", "2010-03-31": 0, "2009-12-31": 0, "2009-09-30": 0, "2009-06-30": "", "2009-03-31": 0, "2008-12-31": 0, "2008-09-30": 0, "2008-06-30": "", "2008-03-31": 0, "2007-12-31": 0, "2007-09-30": 0, "2007-06-30": "", "2007-03-31": 0, "2006-12-31": 0, "2006-09-30": 0, "2006-06-30": "2.92700", "2006-03-31": -5.661, "2005-12-31": 22.111, "2005-09-30": -1.504, "2005-06-30": "", "2005-03-31": -131.106}, "Net Change In Short-term Investments": {"2020-12-31": 0, "2020-09-30": 0, "2020-06-30": "", "2020-03-31": 0, "2019-12-31": 0, "2019-09-30": 0, "2019-06-30": "", "2019-03-31": 0, "2018-12-31": 0, "2018-09-30": 0, "2018-06-30": "-4.95500", "2018-03-31": 0, "2017-12-31": 0, "2017-09-30": 0, "2017-06-30": "", "2017-03-31": 0, "2016-12-31": 0, "2016-09-30": -1.792, "2016-06-30": "-4.56400", "2016-03-31": 0, "2015-12-31": 0, "2015-09-30": 0, "2015-06-30": "", "2015-03-31": 0, "2014-12-31": -4.681, "2014-09-30": 0, "2014-06-30": "", "2014-03-31": 0, "2013-12-31": 0, "2013-09-30": 0, "2013-06-30": "", "2013-03-31": 0, "2012-12-31": 0, "2012-09-30": 0, "2012-06-30": "", "2012-03-31": 0, "2011-12-31": 0, "2011-09-30": 0, "2011-06-30": "", "2011-03-31": 0, "2010-12-31": 0, "2010-09-30": 0, "2010-06-30": "", "2010-03-31": 0, "2009-12-31": 0, "2009-09-30": 0, "2009-06-30": "", "2009-03-31": 0, "2008-12-31": 0, "2008-09-30": 0, "2008-06-30": "", "2008-03-31": 0, "2007-12-31": 0, "2007-09-30": 0, "2007-06-30": "", "2007-03-31": 0, "2006-12-31": 0, "2006-09-30": 0, "2006-06-30": "", "2006-03-31": 0, "2005-12-31": 0, "2005-09-30": 0, "2005-06-30": "", "2005-03-31": 0}, "Net Change In Long-Term Investments": {"2020-12-31": 0, "2020-09-30": 0, "2020-06-30": "", "2020-03-31": 0, "2019-12-31": 0, "2019-09-30": 0, "2019-06-30": "", "2019-03-31": 0, "2018-12-31": 0, "2018-09-30": 0, "2018-06-30": "", "2018-03-31": 0, "2017-12-31": 0, "2017-09-30": 0, "2017-06-30": "", "2017-03-31": 0, "2016-12-31": 0, "2016-09-30": 0, "2016-06-30": "", "2016-03-31": 0, "2015-12-31": 0, "2015-09-30": 0, "2015-06-30": "", "2015-03-31": 0, "2014-12-31": 0, "2014-09-30": 0, "2014-06-30": "", "2014-03-31": 0, "2013-12-31": 0, "2013-09-30": 0, "2013-06-30": "", "2013-03-31": 0, "2012-12-31": 0, "2012-09-30": 0, "2012-06-30": "", "2012-03-31": 0, "2011-12-31": 0, "2011-09-30": 0, "2011-06-30": "", "2011-03-31": 0, "2010-12-31": -16.9, "2010-09-30": 0, "2010-06-30": "", "2010-03-31": 0, "2009-12-31": -1.5, "2009-09-30": 0, "2009-06-30": "", "2009-03-31": 0, "2008-12-31": -4.15, "2008-09-30": 0, "2008-06-30": "", "2008-03-31": 0, "2007-12-31": 0, "2007-09-30": 0, "2007-06-30": "", "2007-03-31": 0, "2006-12-31": 0, "2006-09-30": 0, "2006-06-30": "", "2006-03-31": 0, "2005-12-31": 0, "2005-09-30": 0, "2005-06-30": "", "2005-03-31": 0}, "Net Change In Investments - Total": {"2020-12-31": 0, "2020-09-30": 0, "2020-06-30": "", "2020-03-31": 0, "2019-12-31": 0, "2019-09-30": 0, "2019-06-30": "", "2019-03-31": 0, "2018-12-31": 0, "2018-09-30": 0, "2018-06-30": "-4.95500", "2018-03-31": 0, "2017-12-31": 0, "2017-09-30": 0, "2017-06-30": "", "2017-03-31": 0, "2016-12-31": 0, "2016-09-30": -1.792, "2016-06-30": "-4.56400", "2016-03-31": 0, "2015-12-31": 0, "2015-09-30": 0, "2015-06-30": "", "2015-03-31": 0, "2014-12-31": -4.681, "2014-09-30": 0, "2014-06-30": "", "2014-03-31": 0, "2013-12-31": 0, "2013-09-30": 0, "2013-06-30": "", "2013-03-31": 0, "2012-12-31": 0, "2012-09-30": 0, "2012-06-30": "", "2012-03-31": 0, "2011-12-31": 0, "2011-09-30": 0, "2011-06-30": "", "2011-03-31": 0, "2010-12-31": -16.9, "2010-09-30": 0, "2010-06-30": "", "2010-03-31": 0, "2009-12-31": -1.5, "2009-09-30": 0, "2009-06-30": "", "2009-03-31": 0, "2008-12-31": -4.15, "2008-09-30": 0, "2008-06-30": "", "2008-03-31": 0, "2007-12-31": 0, "2007-09-30": 0, "2007-06-30": "", "2007-03-31": 0, "2006-12-31": 0, "2006-09-30": 0, "2006-06-30": "", "2006-03-31": 0, "2005-12-31": 0, "2005-09-30": 0, "2005-06-30": "", "2005-03-31": 0}, "Investing Activities - Other": {"2020-12-31": 0, "2020-09-30": -2.392, "2020-06-30": "", "2020-03-31": 0, "2019-12-31": 0, "2019-09-30": 0, "2019-06-30": "", "2019-03-31": 0.139, "2018-12-31": -7.422, "2018-09-30": -1.219, "2018-06-30": "-4.78400", "2018-03-31": -3.083, "2017-12-31": 0, "2017-09-30": 0, "2017-06-30": "", "2017-03-31": 0, "2016-12-31": 0, "2016-09-30": 0, "2016-06-30": "", "2016-03-31": 0, "2015-12-31": 0, "2015-09-30": 0, "2015-06-30": "", "2015-03-31": 0, "2014-12-31": 0, "2014-09-30": 0, "2014-06-30": "", "2014-03-31": 0, "2013-12-31": 0, "2013-09-30": 0, "2013-06-30": "", "2013-03-31": 0, "2012-12-31": 0, "2012-09-30": 0, "2012-06-30": "", "2012-03-31": 0, "2011-12-31": 0, "2011-09-30": 0, "2011-06-30": "", "2011-03-31": 0, "2010-12-31": 0, "2010-09-30": 0, "2010-06-30": "", "2010-03-31": 0, "2009-12-31": 0, "2009-09-30": 0, "2009-06-30": "", "2009-03-31": 0, "2008-12-31": 0, "2008-09-30": 0, "2008-06-30": "", "2008-03-31": 0, "2007-12-31": 0, "2007-09-30": 0, "2007-06-30": "", "2007-03-31": 0, "2006-12-31": 0, "2006-09-30": 0, "2006-06-30": "", "2006-03-31": 0, "2005-12-31": 0, "2005-09-30": 0, "2005-06-30": "", "2005-03-31": 0}, "Cash Flow From Investing Activities": {"2020-12-31": -923.04, "2020-09-30": -46.139, "2020-06-30": "-66.72400", "2020-03-31": -59.746, "2019-12-31": -74.531, "2019-09-30": -101.151, "2019-06-30": "-84.30700", "2019-03-31": -73.662, "2018-12-31": -71.406, "2018-09-30": -33.29, "2018-06-30": "-34.86600", "2018-03-31": -54.996, "2017-12-31": -47.292, "2017-09-30": -46.659, "2017-06-30": "-54.88200", "2017-03-31": -61.392, "2016-12-31": -34.118, "2016-09-30": 26.9, "2016-06-30": "-35.64500", "2016-03-31": -43.185, "2015-12-31": -425.669, "2015-09-30": -192.93, "2015-06-30": "-67.80000", "2015-03-31": -40.451, "2014-12-31": -28.207, "2014-09-30": -12.839, "2014-06-30": "-202.27200", "2014-03-31": -80.17, "2013-12-31": -21.265, "2013-09-30": -25.369, "2013-06-30": "-21.84800", "2013-03-31": -23.79, "2012-12-31": -141.629, "2012-09-30": -306.11, "2012-06-30": "-15.52500", "2012-03-31": -24.768, "2011-12-31": -19.793, "2011-09-30": -18.857, "2011-06-30": "-37.85700", "2011-03-31": -21.049, "2010-12-31": -48.942, "2010-09-30": -14.642, "2010-06-30": "-12.40800", "2010-03-31": -11.717, "2009-12-31": -12.731, "2009-09-30": -9.854, "2009-06-30": "-8.18000", "2009-03-31": -2.825, "2008-12-31": -11.507, "2008-09-30": -0.758, "2008-06-30": "-10.60800", "2008-03-31": -17.418, "2007-12-31": -12.842, "2007-09-30": -11.891, "2007-06-30": "-9.66900", "2007-03-31": -15.71, "2006-12-31": -9.07, "2006-09-30": -9.004, "2006-06-30": "-9.48800", "2006-03-31": -22.549, "2005-12-31": 10.566, "2005-09-30": -16.097, "2005-06-30": "-8.14400", "2005-03-31": -187.273}, "Net Long-Term Debt": {"2020-12-31": 550, "2020-09-30": -35, "2020-06-30": "", "2020-03-31": 0, "2019-12-31": 0, "2019-09-30": 0, "2019-06-30": "", "2019-03-31": 0, "2018-12-31": 0, "2018-09-30": -85, "2018-06-30": "", "2018-03-31": -200, "2017-12-31": -7.5, "2017-09-30": -7.5, "2017-06-30": "-7.50000", "2017-03-31": 136.23, "2016-12-31": -5, "2016-09-30": -5, "2016-06-30": "-5.00000", "2016-03-31": -92.567, "2015-12-31": 0, "2015-09-30": 0, "2015-06-30": "350.00000", "2015-03-31": 0, "2014-12-31": 0, "2014-09-30": 0, "2014-06-30": "", "2014-03-31": 0, "2013-12-31": -40, "2013-09-30": -30, "2013-06-30": "", "2013-03-31": 100, "2012-12-31": 100, "2012-09-30": 0, "2012-06-30": "", "2012-03-31": 0, "2011-12-31": 0, "2011-09-30": 0, "2011-06-30": "", "2011-03-31": 0, "2010-12-31": 0, "2010-09-30": 0, "2010-06-30": "", "2010-03-31": 0, "2009-12-31": 0, "2009-09-30": 0, "2009-06-30": "", "2009-03-31": -0.3, "2008-12-31": -40.5, "2008-09-30": 150, "2008-06-30": "", "2008-03-31": -0.2, "2007-12-31": -0.5, "2007-09-30": 0, "2007-06-30": "", "2007-03-31": -0.251, "2006-12-31": -1.075, "2006-09-30": -0.149, "2006-06-30": "-0.21200", "2006-03-31": -1.328, "2005-12-31": -1.448, "2005-09-30": -0.257, "2005-06-30": "-1.67500", "2005-03-31": -3.674}, "Net Current Debt": {"2020-12-31": 130.944, "2020-09-30": -11.325, "2020-06-30": "-95.83700", "2020-03-31": 21.967, "2019-12-31": -61.707, "2019-09-30": -14.621, "2019-06-30": "27.86100", "2019-03-31": -62.503, "2018-12-31": -16.677, "2018-09-30": 33.65, "2018-06-30": "18.44300", "2018-03-31": 87.794, "2017-12-31": -20.53, "2017-09-30": -51.83, "2017-06-30": "13.63100", "2017-03-31": -165.734, "2016-12-31": 16.767, "2016-09-30": -36.567, "2016-06-30": "-11.07900", "2016-03-31": 20.781, "2015-12-31": 488.42, "2015-09-30": 143.5, "2015-06-30": "-283.25000", "2015-03-31": 12.57, "2014-12-31": -9.27, "2014-09-30": -38.79, "2014-06-30": "165.26000", "2014-03-31": 18.74, "2013-12-31": 6.22, "2013-09-30": 24.82, "2013-06-30": "21.41000", "2013-03-31": -128.6, "2012-12-31": -13.45, "2012-09-30": 224.34, "2012-06-30": "", "2012-03-31": 0, "2011-12-31": 0, "2011-09-30": 0, "2011-06-30": "", "2011-03-31": 0, "2010-12-31": 0, "2010-09-30": 0, "2010-06-30": "", "2010-03-31": -100, "2009-12-31": 100, "2009-09-30": 0, "2009-06-30": "", "2009-03-31": 0, "2008-12-31": 0, "2008-09-30": -77.46, "2008-06-30": "-1.72000", "2008-03-31": 47.255, "2007-12-31": 7.835, "2007-09-30": 15.11, "2007-06-30": "8.98000", "2007-03-31": -24.42, "2006-12-31": -21.115, "2006-09-30": -41.105, "2006-06-30": "73.66000", "2006-03-31": 10.06, "2005-12-31": 0.02, "2005-09-30": -19.9, "2005-06-30": "21.60000", "2005-03-31": -3.198}, "Debt Issuance/Retirement Net - Total": {"2020-12-31": 680.944, "2020-09-30": -46.325, "2020-06-30": "-95.83700", "2020-03-31": 21.967, "2019-12-31": -61.707, "2019-09-30": -14.621, "2019-06-30": "27.86100", "2019-03-31": -62.503, "2018-12-31": -16.677, "2018-09-30": -51.35, "2018-06-30": "18.44300", "2018-03-31": -112.206, "2017-12-31": -28.03, "2017-09-30": -59.33, "2017-06-30": "6.13100", "2017-03-31": -29.504, "2016-12-31": 11.767, "2016-09-30": -41.567, "2016-06-30": "-16.07900", "2016-03-31": -71.786, "2015-12-31": 488.42, "2015-09-30": 143.5, "2015-06-30": "66.75000", "2015-03-31": 12.57, "2014-12-31": -9.27, "2014-09-30": -38.79, "2014-06-30": "165.26000", "2014-03-31": 18.74, "2013-12-31": -33.78, "2013-09-30": -5.18, "2013-06-30": "21.41000", "2013-03-31": -28.6, "2012-12-31": 86.55, "2012-09-30": 224.34, "2012-06-30": "", "2012-03-31": 0, "2011-12-31": 0, "2011-09-30": 0, "2011-06-30": "", "2011-03-31": 0, "2010-12-31": 0, "2010-09-30": 0, "2010-06-30": "", "2010-03-31": -100, "2009-12-31": 100, "2009-09-30": 0, "2009-06-30": "", "2009-03-31": -0.3, "2008-12-31": -40.5, "2008-09-30": 72.54, "2008-06-30": "-1.72000", "2008-03-31": 47.055, "2007-12-31": 7.335, "2007-09-30": 15.11, "2007-06-30": "8.98000", "2007-03-31": -24.671, "2006-12-31": -22.19, "2006-09-30": -41.254, "2006-06-30": "73.44800", "2006-03-31": 8.732, "2005-12-31": -1.428, "2005-09-30": -20.157, "2005-06-30": "19.92500", "2005-03-31": -6.872}, "Net Common Equity Issued/Repurchased": {"2020-12-31": 5.271, "2020-09-30": 15.116, "2020-06-30": "-8.92900", "2020-03-31": 0.854, "2019-12-31": -2.473, "2019-09-30": -9.904, "2019-06-30": "-4.98700", "2019-03-31": -19.488, "2018-12-31": 2.322, "2018-09-30": -20.557, "2018-06-30": "-30.40900", "2018-03-31": -18.481, "2017-12-31": -21.9, "2017-09-30": -11.339, "2017-06-30": "-2.60700", "2017-03-31": -0.587, "2016-12-31": -34.566, "2016-09-30": -52.988, "2016-06-30": "0.60900", "2016-03-31": 0.133, "2015-12-31": 2.226, "2015-09-30": -0.171, "2015-06-30": "-4.69200", "2015-03-31": -1.548, "2014-12-31": -4.111, "2014-09-30": 1.415, "2014-06-30": "1.83100", "2014-03-31": 1.55, "2013-12-31": -1.865, "2013-09-30": -13.201, "2013-06-30": "3.70700", "2013-03-31": 8.393, "2012-12-31": -2.397, "2012-09-30": 6.681, "2012-06-30": "2.34000", "2012-03-31": 1.974, "2011-12-31": -12.495, "2011-09-30": -36.833, "2011-06-30": "-3.67400", "2011-03-31": -8.148, "2010-12-31": 4.25, "2010-09-30": -15.563, "2010-06-30": "2.22600", "2010-03-31": 1.687, "2009-12-31": 10.237, "2009-09-30": 1.661, "2009-06-30": "0.15200", "2009-03-31": 0.367, "2008-12-31": -29.958, "2008-09-30": 0.028, "2008-06-30": "-17.28200", "2008-03-31": -79.334, "2007-12-31": -39.361, "2007-09-30": -30.718, "2007-06-30": "-13.13900", "2007-03-31": 1.709, "2006-12-31": 4.921, "2006-09-30": -7.864, "2006-06-30": "-49.93900", "2006-03-31": -18.378, "2005-12-31": -20.539, "2005-09-30": 4.389, "2005-06-30": "-37.79100", "2005-03-31": -12.281}, "Net Total Equity Issued/Repurchased": {"2020-12-31": 5.271, "2020-09-30": 15.116, "2020-06-30": "-8.92900", "2020-03-31": 0.854, "2019-12-31": -2.473, "2019-09-30": -9.904, "2019-06-30": "-4.98700", "2019-03-31": -19.488, "2018-12-31": 2.322, "2018-09-30": -20.557, "2018-06-30": "-30.40900", "2018-03-31": -18.481, "2017-12-31": -21.9, "2017-09-30": -11.339, "2017-06-30": "-2.60700", "2017-03-31": -0.587, "2016-12-31": -34.566, "2016-09-30": -52.988, "2016-06-30": "0.60900", "2016-03-31": 0.133, "2015-12-31": 2.226, "2015-09-30": -0.171, "2015-06-30": "-4.69200", "2015-03-31": -1.548, "2014-12-31": -4.111, "2014-09-30": 1.415, "2014-06-30": "1.83100", "2014-03-31": 1.55, "2013-12-31": -1.865, "2013-09-30": -13.201, "2013-06-30": "3.70700", "2013-03-31": 8.393, "2012-12-31": -2.397, "2012-09-30": 6.681, "2012-06-30": "2.34000", "2012-03-31": 1.974, "2011-12-31": -12.495, "2011-09-30": -36.833, "2011-06-30": "-3.67400", "2011-03-31": -8.148, "2010-12-31": 4.25, "2010-09-30": -15.563, "2010-06-30": "2.22600", "2010-03-31": 1.687, "2009-12-31": 10.237, "2009-09-30": 1.661, "2009-06-30": "0.15200", "2009-03-31": 0.367, "2008-12-31": -29.958, "2008-09-30": 0.028, "2008-06-30": "-17.28200", "2008-03-31": -79.334, "2007-12-31": -39.361, "2007-09-30": -30.718, "2007-06-30": "-13.13900", "2007-03-31": 1.709, "2006-12-31": 4.921, "2006-09-30": -7.864, "2006-06-30": "-49.93900", "2006-03-31": -18.378, "2005-12-31": -20.539, "2005-09-30": 4.389, "2005-06-30": "-37.79100", "2005-03-31": -12.281}, "Total Common And Preferred Stock Dividends Paid": {"2020-12-31": -34.136, "2020-09-30": -34.089, "2020-06-30": "-31.47100", "2020-03-31": -31.439, "2019-12-31": -31.375, "2019-09-30": -31.397, "2019-06-30": "-28.82300", "2019-03-31": -28.753, "2018-12-31": -28.745, "2018-09-30": -28.74, "2018-06-30": "-26.26500", "2018-03-31": -26.296, "2017-12-31": -26.353, "2017-09-30": -26.422, "2017-06-30": "-23.85800", "2017-03-31": -23.782, "2016-12-31": -23.826, "2016-09-30": -24.047, "2016-06-30": "-21.53800", "2016-03-31": -21.475, "2015-12-31": -14.988, "2015-09-30": -14.982, "2015-06-30": "-13.75800", "2015-03-31": -13.723, "2014-12-31": -13.672, "2014-09-30": -13.659, "2014-06-30": "-12.45900", "2014-03-31": -12.376, "2013-12-31": -12.365, "2013-09-30": -12.4, "2013-06-30": "-11.24400", "2013-03-31": -11.15, "2012-12-31": -11.099, "2012-09-30": -11.079, "2012-06-30": "-9.86700", "2012-03-31": -9.809, "2011-12-31": -9.823, "2011-09-30": -10.015, "2011-06-30": "-8.91300", "2011-03-31": -8.884, "2010-12-31": -8.885, "2010-09-30": -8.913, "2010-06-30": "-6.54600", "2010-03-31": -6.508, "2009-12-31": -124.615, "2009-09-30": -6.453, "2009-06-30": "-6.44100", "2009-03-31": -4.676, "2008-12-31": -4.706, "2008-09-30": -4.762, "2008-06-30": "-3.51300", "2008-03-31": -3.699, "2007-12-31": -3.798, "2007-09-30": -3.853, "2007-06-30": "-3.25900", "2007-03-31": -3.258, "2006-12-31": -3.236, "2006-09-30": -2.593, "2006-06-30": "-2.67900", "2006-03-31": -2.708, "2005-12-31": -2.735, "2005-09-30": -2.727, "2005-06-30": "-2.76700", "2005-03-31": 0}, "Financial Activities - Other": {"2020-12-31": -10.227, "2020-09-30": -0.021, "2020-06-30": "2.23700", "2020-03-31": -0.654, "2019-12-31": 5.21, "2019-09-30": 0, "2019-06-30": "-1.65800", "2019-03-31": -0.24, "2018-12-31": -0.847, "2018-09-30": 0, "2018-06-30": "-0.98300", "2018-03-31": -3.385, "2017-12-31": -0.188, "2017-09-30": 0, "2017-06-30": "-1.92000", "2017-03-31": -4.639, "2016-12-31": -0.352, "2016-09-30": 0, "2016-06-30": "-6.00000", "2016-03-31": 0.297, "2015-12-31": -1.435, "2015-09-30": 0.318, "2015-06-30": "1.93200", "2015-03-31": -5.627, "2014-12-31": -2.972, "2014-09-30": 0.67, "2014-06-30": "3.83500", "2014-03-31": 0.977, "2013-12-31": 0.402, "2013-09-30": 0.744, "2013-06-30": "0.67500", "2013-03-31": -0.446, "2012-12-31": -1.192, "2012-09-30": 1.247, "2012-06-30": "0.52500", "2012-03-31": 0.698, "2011-12-31": 0.071, "2011-09-30": 0.135, "2011-06-30": "0.61000", "2011-03-31": 0.328, "2010-12-31": 1.411, "2010-09-30": 0.127, "2010-06-30": "0.65900", "2010-03-31": 0.54, "2009-12-31": 1.464, "2009-09-30": 0.416, "2009-06-30": "0.04700", "2009-03-31": -1.784, "2008-12-31": 0.034, "2008-09-30": 6.843, "2008-06-30": "1.41300", "2008-03-31": 0.603, "2007-12-31": 0.202, "2007-09-30": -0.121, "2007-06-30": "2.06700", "2007-03-31": 0.487, "2006-12-31": 0.889, "2006-09-30": 0.388, "2006-06-30": "0.16300", "2006-03-31": 0, "2005-12-31": 0, "2005-09-30": 0, "2005-06-30": "-0.21700", "2005-03-31": 0}, "Cash Flow From Financial Activities": {"2020-12-31": 641.852, "2020-09-30": -65.319, "2020-06-30": "-134.00000", "2020-03-31": -9.272, "2019-12-31": -90.345, "2019-09-30": -55.922, "2019-06-30": "-7.60700", "2019-03-31": -110.984, "2018-12-31": -43.947, "2018-09-30": -100.647, "2018-06-30": "-39.21400", "2018-03-31": -160.368, "2017-12-31": -76.471, "2017-09-30": -97.091, "2017-06-30": "-22.25400", "2017-03-31": -58.512, "2016-12-31": -46.977, "2016-09-30": -118.602, "2016-06-30": "-43.00800", "2016-03-31": -92.831, "2015-12-31": 474.223, "2015-09-30": 128.665, "2015-06-30": "50.23200", "2015-03-31": -8.328, "2014-12-31": -30.025, "2014-09-30": -50.364, "2014-06-30": "158.46700", "2014-03-31": 8.891, "2013-12-31": -47.608, "2013-09-30": -30.037, "2013-06-30": "14.54800", "2013-03-31": -31.803, "2012-12-31": 71.862, "2012-09-30": 221.189, "2012-06-30": "-7.00200", "2012-03-31": -7.137, "2011-12-31": -22.247, "2011-09-30": -46.713, "2011-06-30": "-11.97700", "2011-03-31": -16.704, "2010-12-31": -3.224, "2010-09-30": -24.349, "2010-06-30": "-3.66100", "2010-03-31": -104.281, "2009-12-31": -12.914, "2009-09-30": -4.376, "2009-06-30": "-6.24200", "2009-03-31": -6.393, "2008-12-31": -75.13, "2008-09-30": 74.649, "2008-06-30": "-21.10200", "2008-03-31": -35.375, "2007-12-31": -35.622, "2007-09-30": -19.582, "2007-06-30": "-5.35100", "2007-03-31": -25.733, "2006-12-31": -19.616, "2006-09-30": -51.323, "2006-06-30": "20.99300", "2006-03-31": -12.354, "2005-12-31": -24.702, "2005-09-30": -18.495, "2005-06-30": "-20.85000", "2005-03-31": -19.153}, "Net Cash Flow": {"2020-12-31": -59.526, "2020-09-30": 56.401, "2020-06-30": "-63.95400", "2020-03-31": 120.351, "2019-12-31": -26.306, "2019-09-30": -12.531, "2019-06-30": "17.43400", "2019-03-31": -4.273, "2018-12-31": 14.985, "2018-09-30": -8.603, "2018-06-30": "16.99000", "2018-03-31": -82.31, "2017-12-31": -11.784, "2017-09-30": 0.788, "2017-06-30": "11.92200", "2017-03-31": 18.061, "2016-12-31": 10.506, "2016-09-30": 11.928, "2016-06-30": "-6.41800", "2016-03-31": 17.481, "2015-12-31": 69.173, "2015-09-30": -34.006, "2015-06-30": "28.50400", "2015-03-31": 23.177, "2014-12-31": -2.901, "2014-09-30": -10.523, "2014-06-30": "5.13400", "2014-03-31": -4.535, "2013-12-31": -6.457, "2013-09-30": -2.044, "2013-06-30": "23.83000", "2013-03-31": -13.879, "2012-12-31": -0.722, "2012-09-30": -30.122, "2012-06-30": "35.91000", "2012-03-31": 7.034, "2011-12-31": 9.676, "2011-09-30": -22.005, "2011-06-30": "-36.90000", "2011-03-31": 0.728, "2010-12-31": -25.115, "2010-09-30": -8.667, "2010-06-30": "11.09900", "2010-03-31": -50.448, "2009-12-31": 41.661, "2009-09-30": 47.686, "2009-06-30": "21.89200", "2009-03-31": 48.13, "2008-12-31": -54.169, "2008-09-30": 111.181, "2008-06-30": "-2.83000", "2008-03-31": -3.52, "2007-12-31": -6.175, "2007-09-30": 3.617, "2007-06-30": "5.65000", "2007-03-31": 13.285, "2006-12-31": -5.896, "2006-09-30": -34.655, "2006-06-30": "6.83000", "2006-03-31": 28.082, "2005-12-31": -0.432, "2005-09-30": 9.937, "2005-06-30": "11.59800", "2005-03-31": -56.753}, "Stock-Based Compensation": {"2020-12-31": -13.901, "2020-09-30": 7.939, "2020-06-30": "5.96200", "2020-03-31": 4.949, "2019-12-31": 5.586, "2019-09-30": 7.739, "2019-06-30": "5.53700", "2019-03-31": 5.608, "2018-12-31": 5.419, "2018-09-30": 7.701, "2018-06-30": "5.23700", "2018-03-31": 5.146, "2017-12-31": 5.012, "2017-09-30": 7.22, "2017-06-30": "4.80900", "2017-03-31": 4.401, "2016-12-31": 3.829, "2016-09-30": 6.377, "2016-06-30": "4.18700", "2016-03-31": 3.907, "2015-12-31": 4.375, "2015-09-30": 4.72, "2015-06-30": "3.14500", "2015-03-31": 3.512, "2014-12-31": 3.803, "2014-09-30": 4.771, "2014-06-30": "2.83500", "2014-03-31": 2.17, "2013-12-31": 2.852, "2013-09-30": 3.935, "2013-06-30": "2.14300", "2013-03-31": 2.564, "2012-12-31": 2.228, "2012-09-30": 2.465, "2012-06-30": "1.66000", "2012-03-31": 2.059, "2011-12-31": 1.988, "2011-09-30": 1.893, "2011-06-30": "1.91800", "2011-03-31": 1.697, "2010-12-31": 2.104, "2010-09-30": 2.472, "2010-06-30": "3.91300", "2010-03-31": 1.757, "2009-12-31": 1.635, "2009-09-30": 1.993, "2009-06-30": "1.98500", "2009-03-31": 1.717, "2008-12-31": 1.81, "2008-09-30": 1.955, "2008-06-30": "1.88800", "2008-03-31": 2.152, "2007-12-31": 2.296, "2007-09-30": 2.554, "2007-06-30": "1.61500", "2007-03-31": 1.042, "2006-12-31": 3.11, "2006-09-30": 3.693, "2006-06-30": "2.09200", "2006-03-31": 0, "2005-12-31": 0, "2005-09-30": 0, "2005-06-30": "", "2005-03-31": 0}, "Common Stock Dividends Paid": {"2020-12-31": -34.136, "2020-09-30": -34.089, "2020-06-30": "-31.47100", "2020-03-31": -31.439, "2019-12-31": -31.375, "2019-09-30": -31.397, "2019-06-30": "-28.82300", "2019-03-31": -28.753, "2018-12-31": -28.745, "2018-09-30": -28.74, "2018-06-30": "-26.26500", "2018-03-31": -26.296, "2017-12-31": -26.353, "2017-09-30": -26.422, "2017-06-30": "-23.85800", "2017-03-31": -23.782, "2016-12-31": -23.826, "2016-09-30": -24.047, "2016-06-30": "-21.53800", "2016-03-31": -21.475, "2015-12-31": -14.988, "2015-09-30": -14.982, "2015-06-30": "-13.75800", "2015-03-31": -13.723, "2014-12-31": -13.672, "2014-09-30": -13.659, "2014-06-30": "-12.45900", "2014-03-31": -12.376, "2013-12-31": -12.365, "2013-09-30": -12.4, "2013-06-30": "-11.24400", "2013-03-31": -11.15, "2012-12-31": -11.099, "2012-09-30": -11.079, "2012-06-30": "-9.86700", "2012-03-31": -9.809, "2011-12-31": -9.823, "2011-09-30": -10.015, "2011-06-30": "-8.91300", "2011-03-31": -8.884, "2010-12-31": -8.885, "2010-09-30": -8.913, "2010-06-30": "-6.54600", "2010-03-31": -6.508, "2009-12-31": -124.615, "2009-09-30": -6.453, "2009-06-30": "-6.44100", "2009-03-31": -4.676, "2008-12-31": -4.706, "2008-09-30": -4.762, "2008-06-30": "-3.51300", "2008-03-31": -3.699, "2007-12-31": -3.798, "2007-09-30": -3.853, "2007-06-30": "-3.25900", "2007-03-31": -3.258, "2006-12-31": -3.236, "2006-09-30": -2.593, "2006-06-30": "-2.67900", "2006-03-31": -2.708, "2005-12-31": -2.735, "2005-09-30": -2.727, "2005-06-30": "-2.76700", "2005-03-31": 0}}, "financial ratios": {"Current Ratio": {"2020-03-31": "2.40020", "2019-03-31": "2.26510", "2018-03-31": "2.48370", "2017-03-31": "2.66730", "2016-03-31": "2.42760", "2015-03-31": "2.54270", "2014-03-31": "2.65120", "2013-03-31": "2.80550", "2012-03-31": "2.34160", "2011-03-31": "2.04730", "2010-03-31": "2.92430", "2009-03-31": "2.73790", "2008-03-31": "2.22860", "2007-03-31": "2.22960", "2006-03-31": "2.07990", "2005-03-31": "1.89410"}, "Long-term Debt / Capital": {"2020-03-31": "0.25250", "2019-03-31": "0.27080", "2018-03-31": "0.29030", "2017-03-31": "0.34470", "2016-03-31": "0.34030", "2015-03-31": "0.36650", "2014-03-31": "0.32150", "2013-03-31": "0.34200", "2012-03-31": "0.20340", "2011-03-31": "0.21030", "2010-03-31": "0.21770", "2009-03-31": "0.22630", "2008-03-31": "0.20250", "2007-03-31": "0.11520", "2006-03-31": "0.13540", "2005-03-31": "0.12130"}, "Debt/Equity Ratio": {"2020-03-31": "0.33770", "2019-03-31": "0.37140", "2018-03-31": "0.40900", "2017-03-31": "0.52610", "2016-03-31": "0.51590", "2015-03-31": "0.57850", "2014-03-31": "0.47390", "2013-03-31": "0.51990", "2012-03-31": "0.25530", "2011-03-31": "0.26630", "2010-03-31": "0.27830", "2009-03-31": "0.29240", "2008-03-31": "0.25490", "2007-03-31": "0.13120", "2006-03-31": "0.15900", "2005-03-31": "0.14450"}, "Gross Margin": {"2020-03-31": "43.54900", "2019-03-31": "42.24860", "2018-03-31": "41.70790", "2017-03-31": "39.27700", "2016-03-31": "39.99890", "2015-03-31": "41.84820", "2014-03-31": "40.04450", "2013-03-31": "41.36510", "2012-03-31": "40.40810", "2011-03-31": "36.95080", "2010-03-31": "42.86930", "2009-03-31": "40.56460", "2008-03-31": "40.36100", "2007-03-31": "41.10990", "2006-03-31": "41.72980", "2005-03-31": "42.70430"}, "Operating Margin": {"2020-03-31": "17.71660", "2019-03-31": "14.78940", "2018-03-31": "15.26270", "2017-03-31": "8.65780", "2016-03-31": "9.51090", "2015-03-31": "12.27990", "2014-03-31": "12.74810", "2013-03-31": "16.16810", "2012-03-31": "15.80290", "2011-03-31": "7.05720", "2010-03-31": "16.19680", "2009-03-31": "13.78480", "2008-03-31": "10.98780", "2007-03-31": "12.04980", "2006-03-31": "11.63560", "2005-03-31": "13.06720"}, "EBIT Margin": {"2020-03-31": "17.71660", "2019-03-31": "14.78940", "2018-03-31": "15.26270", "2017-03-31": "8.65780", "2016-03-31": "9.51090", "2015-03-31": "12.27990", "2014-03-31": "12.74810", "2013-03-31": "16.16810", "2012-03-31": "15.80290", "2011-03-31": "7.05720", "2010-03-31": "16.19680", "2009-03-31": "13.78480", "2008-03-31": "10.98780", "2007-03-31": "12.04980", "2006-03-31": "11.63560", "2005-03-31": "13.06720"}, "EBITDA Margin": {"2020-03-31": "24.22410", "2019-03-31": "22.90970", "2018-03-31": "22.06930", "2017-03-31": "18.09220", "2016-03-31": "15.93140", "2015-03-31": "17.22740", "2014-03-31": "17.41140", "2013-03-31": "20.76460", "2012-03-31": "20.27440", "2011-03-31": "11.56170", "2010-03-31": "20.66660", "2009-03-31": "18.31090", "2008-03-31": "15.95020", "2007-03-31": "17.08210", "2006-03-31": "16.62740", "2005-03-31": "17.79980"}, "Pre-Tax Profit Margin": {"2020-03-31": "16.45330", "2019-03-31": "13.27990", "2018-03-31": "13.54900", "2017-03-31": "7.06710", "2016-03-31": "7.67760", "2015-03-31": "11.28600", "2014-03-31": "11.61200", "2013-03-31": "15.12070", "2012-03-31": "15.00620", "2011-03-31": "6.11360", "2010-03-31": "15.25090", "2009-03-31": "12.82110", "2008-03-31": "9.46960", "2007-03-31": "11.10150", "2006-03-31": "9.31820", "2005-03-31": "12.78500"}, "Net Profit Margin": {"2020-03-31": "13.44830", "2019-03-31": "10.92860", "2018-03-31": "11.10360", "2017-03-31": "4.20880", "2016-03-31": "4.94750", "2015-03-31": "7.29970", "2014-03-31": "7.97920", "2013-03-31": "10.65160", "2012-03-31": "9.67540", "2011-03-31": "4.24570", "2010-03-31": "10.21420", "2009-03-31": "8.52390", "2008-03-31": "6.09490", "2007-03-31": "6.86110", "2006-03-31": "6.05790", "2005-03-31": "7.94880"}, "Asset Turnover": {"2020-03-31": "0.55860", "2019-03-31": "0.54840", "2018-03-31": "0.50380", "2017-03-31": "0.53060", "2016-03-31": "0.41870", "2015-03-31": "0.88220", "2014-03-31": "0.85960", "2013-03-31": "0.85280", "2012-03-31": "1.00080", "2011-03-31": "0.84630", "2010-03-31": "1.01560", "2009-03-31": "1.06700", "2008-03-31": "1.02080", "2007-03-31": "0.99030", "2006-03-31": "0.97590", "2005-03-31": "0.91220"}, "Inventory Turnover Ratio": {"2020-03-31": "6.89190", "2019-03-31": "7.71570", "2018-03-31": "7.42350", "2017-03-31": "8.01940", "2016-03-31": "6.96750", "2015-03-31": "6.69060", "2014-03-31": "6.26910", "2013-03-31": "6.09680", "2012-03-31": "5.31570", "2011-03-31": "4.54920", "2010-03-31": "5.93180", "2009-03-31": "5.92690", "2008-03-31": "5.12520", "2007-03-31": "5.34220", "2006-03-31": "6.02460", "2005-03-31": "6.29270"}, "Receiveable Turnover": {"2020-03-31": "5.16790", "2019-03-31": "4.92570", "2018-03-31": "4.96150", "2017-03-31": "5.40440", "2016-03-31": "4.74790", "2015-03-31": "5.68810", "2014-03-31": "5.17160", "2013-03-31": "5.44290", "2012-03-31": "5.01850", "2011-03-31": "4.43510", "2010-03-31": "5.85160", "2009-03-31": "5.44600", "2008-03-31": "5.06410", "2007-03-31": "4.76660", "2006-03-31": "4.79450", "2005-03-31": "4.40650"}, "Days Sales In Receivables": {"2020-03-31": "70.62780", "2019-03-31": "74.10150", "2018-03-31": "73.56660", "2017-03-31": "67.53770", "2016-03-31": "76.87540", "2015-03-31": "64.16950", "2014-03-31": "70.57810", "2013-03-31": "67.05970", "2012-03-31": "72.73070", "2011-03-31": "82.29800", "2010-03-31": "62.37660", "2009-03-31": "67.02210", "2008-03-31": "72.07560", "2007-03-31": "76.57430", "2006-03-31": "76.12850", "2005-03-31": "82.83170"}, "ROE - Return On Equity": {"2020-03-31": "11.97060", "2019-03-31": "9.57610", "2018-03-31": "9.06420", "2017-03-31": "3.93700", "2016-03-31": "3.67190", "2015-03-31": "12.57990", "2014-03-31": "12.43150", "2013-03-31": "16.89340", "2012-03-31": "16.54560", "2011-03-31": "6.50020", "2010-03-31": "17.02690", "2009-03-31": "15.41220", "2008-03-31": "10.91920", "2007-03-31": "10.47370", "2006-03-31": "8.61300", "2005-03-31": "11.07300"}, "Return On Tangible Equity": {"2020-03-31": "84.05470", "2019-03-31": "118.12940", "2018-03-31": "515.81750", "2017-03-31": "-75.69330", "2016-03-31": "-46.29130", "2015-03-31": "63.41000", "2014-03-31": "44.09830", "2013-03-31": "65.95470", "2012-03-31": "28.07190", "2011-03-31": "10.91080", "2010-03-31": "28.60010", "2009-03-31": "26.80180", "2008-03-31": "20.94290", "2007-03-31": "18.37500", "2006-03-31": "15.56920", "2005-03-31": "20.63300"}, "ROA - Return On Assets": {"2020-03-31": "7.51630", "2019-03-31": "6.01360", "2018-03-31": "5.60780", "2017-03-31": "2.24660", "2016-03-31": "2.08710", "2015-03-31": "6.43990", "2014-03-31": "6.85910", "2013-03-31": "9.08390", "2012-03-31": "9.68310", "2011-03-31": "3.59330", "2010-03-31": "10.37360", "2009-03-31": "9.09540", "2008-03-31": "6.22180", "2007-03-31": "6.70680", "2006-03-31": "5.29410", "2005-03-31": "7.05660"}, "ROI - Return On Investment": {"2020-03-31": "8.94850", "2019-03-31": "6.98270", "2018-03-31": "6.43290", "2017-03-31": "2.57980", "2016-03-31": "2.42220", "2015-03-31": "7.96970", "2014-03-31": "8.43420", "2013-03-31": "11.11520", "2012-03-31": "13.18100", "2011-03-31": "5.13340", "2010-03-31": "13.31960", "2009-03-31": "11.92510", "2008-03-31": "8.70830", "2007-03-31": "9.26730", "2006-03-31": "7.44650", "2005-03-31": "9.73030"}, "Book Value Per Share": {"2020-03-31": "40.11500", "2019-03-31": "37.69420", "2018-03-31": "37.96360", "2017-03-31": "33.07950", "2016-03-31": "35.36890", "2015-03-31": "17.99160", "2014-03-31": "17.65780", "2013-03-31": "16.11630", "2012-03-31": "14.24950", "2011-03-31": "13.33960", "2010-03-31": "12.73900", "2009-03-31": "12.28640", "2008-03-31": "11.91560", "2007-03-31": "11.91550", "2006-03-31": "10.91180", "2005-03-31": "10.85270"}, "Operating Cash Flow Per Share": {"2020-03-31": 0.5834, "2019-03-31": 0.9733, "2018-03-31": 0.4133, "2017-03-31": 1.3481, "2016-03-31": -0.5199, "2015-03-31": 0.5888, "2014-03-31": -0.3627, "2013-03-31": 1.3382, "2012-03-31": 0.5757, "2011-03-31": -1.828, "2010-03-31": 0.97, "2009-03-31": 0.5777, "2008-03-31": 0.7814, "2007-03-31": -0.8928, "2006-03-31": 0.2233, "2005-03-31": 2.126}, "Free Cash Flow Per Share": {"2020-03-31": 0.2817, "2019-03-31": 0.7246, "2018-03-31": 0.4593, "2017-03-31": 1.1601, "2016-03-31": -0.8777, "2015-03-31": 0.5484, "2014-03-31": -0.2435, "2013-03-31": 0.9835, "2012-03-31": 0.7114, "2011-03-31": -2.4043, "2010-03-31": 0.6428, "2009-03-31": 1.024, "2008-03-31": 0.6755, "2007-03-31": -0.8533, "2006-03-31": 0.2832, "2005-03-31": 1.3238}}, "financial ratios, quarterly": {"Current Ratio": {"2020-09-30": "2.64190", "2020-06-30": "2.28780", "2020-03-31": "2.40020", "2019-12-31": "2.33550", "2019-09-30": "2.41100", "2019-06-30": "2.41300", "2019-03-31": "2.26510", "2018-12-31": "2.56400", "2018-09-30": "2.62890", "2018-06-30": "2.64520", "2018-03-31": "2.48370", "2017-12-31": "2.81750", "2017-09-30": "2.79540", "2017-06-30": "2.91270", "2017-03-31": "2.66730", "2016-12-31": "2.77200", "2016-09-30": "2.58190", "2016-06-30": "2.63140", "2016-03-31": "2.42760", "2015-12-31": "2.68270", "2015-09-30": "2.76910", "2015-06-30": "2.78960", "2015-03-31": "2.54270", "2014-12-31": "2.74730", "2014-09-30": "2.75050", "2014-06-30": "2.92590", "2014-03-31": "2.65120", "2013-12-31": "3.08320", "2013-09-30": "3.19370", "2013-06-30": "3.18960", "2013-03-31": "2.80550", "2012-12-31": "2.73100", "2012-09-30": "2.61400", "2012-06-30": "2.42590", "2012-03-31": "2.34160", "2011-12-31": "2.14010", "2011-09-30": "2.07420", "2011-06-30": "2.17810", "2011-03-31": "2.04730", "2010-12-31": "2.04710", "2010-09-30": "2.22420", "2010-06-30": "2.12040", "2010-03-31": "2.92430", "2009-12-31": "3.56620", "2009-09-30": "3.32840", "2009-06-30": "3.30040", "2009-03-31": "2.73790", "2008-12-31": "2.80770", "2008-09-30": "3.11780", "2008-06-30": "2.40530", "2008-03-31": "2.22860", "2007-12-31": "2.37450", "2007-09-30": "2.53740", "2007-06-30": "2.53490", "2007-03-31": "2.22960", "2006-12-31": "2.31150", "2006-09-30": "2.22070", "2006-06-30": "2.32100", "2006-03-31": "2.07990", "2005-12-31": "2.12410", "2005-09-30": "1.99470", "2005-06-30": "2.07320", "2005-03-31": "1.89410"}, "Long-term Debt / Capital": {"2020-09-30": "0.21790", "2020-06-30": "0.22650", "2020-03-31": "0.25250", "2019-12-31": "0.25080", "2019-09-30": "0.26830", "2019-06-30": "0.27160", "2019-03-31": "0.27080", "2018-12-31": "0.28590", "2018-09-30": "0.28860", "2018-06-30": "0.29870", "2018-03-31": "0.29030", "2017-12-31": "0.31290", "2017-09-30": "0.32220", "2017-06-30": "0.33740", "2017-03-31": "0.34470", "2016-12-31": "0.35230", "2016-09-30": "0.33320", "2016-06-30": "0.33730", "2016-03-31": "0.34030", "2015-12-31": "0.35420", "2015-09-30": "0.43180", "2015-06-30": "0.38420", "2015-03-31": "0.36650", "2014-12-31": "0.36200", "2014-09-30": "0.36730", "2014-06-30": "0.38190", "2014-03-31": "0.32150", "2013-12-31": "0.31980", "2013-09-30": "0.33910", "2013-06-30": "0.34590", "2013-03-31": "0.34200", "2012-12-31": "0.36150", "2012-09-30": "0.33010", "2012-06-30": "0.20130", "2012-03-31": "0.20340", "2011-12-31": "0.21200", "2011-09-30": "0.21280", "2011-06-30": "0.20470", "2011-03-31": "0.21030", "2010-12-31": "0.21840", "2010-09-30": "0.22330", "2010-06-30": "0.23180", "2010-03-31": "0.21770", "2009-12-31": "0.29720", "2009-09-30": "0.20780", "2009-06-30": "0.21570", "2009-03-31": "0.22630", "2008-12-31": "0.22710", "2008-09-30": "0.25130", "2008-06-30": "0.19910", "2008-03-31": "0.20250", "2007-12-31": "0.14920", "2007-09-30": "0.13980", "2007-06-30": "0.12440", "2007-03-31": "0.11520", "2006-12-31": "0.14380", "2006-09-30": "0.17020", "2006-06-30": "0.21090", "2006-03-31": "0.13540", "2005-12-31": "0.12380", "2005-09-30": "0.12470", "2005-06-30": "0.14810", "2005-03-31": "0.12130"}, "Debt/Equity Ratio": {"2020-09-30": "0.27870", "2020-06-30": "0.30290", "2020-03-31": "0.33770", "2019-12-31": "0.33480", "2019-09-30": "0.36670", "2019-06-30": "0.37290", "2019-03-31": "0.37140", "2018-12-31": "0.40040", "2018-09-30": "0.40570", "2018-06-30": "0.42590", "2018-03-31": "0.40900", "2017-12-31": "0.45550", "2017-09-30": "0.47530", "2017-06-30": "0.50910", "2017-03-31": "0.52610", "2016-12-31": "0.54400", "2016-09-30": "0.49980", "2016-06-30": "0.50910", "2016-03-31": "0.51590", "2015-12-31": "0.54830", "2015-09-30": "0.76010", "2015-06-30": "0.62400", "2015-03-31": "0.57850", "2014-12-31": "0.56750", "2014-09-30": "0.58060", "2014-06-30": "0.61800", "2014-03-31": "0.47390", "2013-12-31": "0.47020", "2013-09-30": "0.51300", "2013-06-30": "0.52890", "2013-03-31": "0.51990", "2012-12-31": "0.56610", "2012-09-30": "0.49270", "2012-06-30": "0.25200", "2012-03-31": "0.25530", "2011-12-31": "0.26910", "2011-09-30": "0.27030", "2011-06-30": "0.25740", "2011-03-31": "0.26630", "2010-12-31": "0.27950", "2010-09-30": "0.28750", "2010-06-30": "0.30180", "2010-03-31": "0.27830", "2009-12-31": "0.42280", "2009-09-30": "0.26220", "2009-06-30": "0.27500", "2009-03-31": "0.29240", "2008-12-31": "0.29420", "2008-09-30": "0.33680", "2008-06-30": "0.24980", "2008-03-31": "0.25490", "2007-12-31": "0.17630", "2007-09-30": "0.16340", "2007-06-30": "0.14310", "2007-03-31": "0.13120", "2006-12-31": "0.16900", "2006-09-30": "0.20710", "2006-06-30": "0.26950", "2006-03-31": "0.15900", "2005-12-31": "0.14520", "2005-09-30": "0.14660", "2005-06-30": "0.17830", "2005-03-31": "0.14450"}, "Gross Margin": {"2020-09-30": "43.64810", "2020-06-30": "42.69010", "2020-03-31": "44.23620", "2019-12-31": "42.79600", "2019-09-30": "43.24780", "2019-06-30": "43.89230", "2019-03-31": "43.57070", "2018-12-31": "41.22110", "2018-09-30": "41.92640", "2018-06-30": "42.12080", "2018-03-31": "40.83480", "2017-12-31": "42.03310", "2017-09-30": "42.00790", "2017-06-30": "42.06930", "2017-03-31": "41.20820", "2016-12-31": "39.82980", "2016-09-30": "38.35120", "2016-06-30": "37.59370", "2016-03-31": "38.22950", "2015-12-31": "38.49780", "2015-09-30": "42.72760", "2015-06-30": "41.84800", "2015-03-31": "42.47210", "2014-12-31": "41.66050", "2014-09-30": "41.92350", "2014-06-30": "41.22040", "2014-03-31": "39.65190", "2013-12-31": "40.38330", "2013-09-30": "40.26090", "2013-06-30": "39.94160", "2013-03-31": "41.51360", "2012-12-31": "40.25240", "2012-09-30": "42.97280", "2012-06-30": "40.73240", "2012-03-31": "42.08210", "2011-12-31": "38.85140", "2011-09-30": "38.89880", "2011-06-30": "41.71650", "2011-03-31": "41.30320", "2010-12-31": "41.73660", "2010-09-30": "43.22800", "2010-06-30": "9.55970", "2010-03-31": "42.81680", "2009-12-31": "42.54710", "2009-09-30": "42.21600", "2009-06-30": "44.02720", "2009-03-31": "40.59950", "2008-12-31": "38.83560", "2008-09-30": "40.96320", "2008-06-30": "41.88560", "2008-03-31": "39.50020", "2007-12-31": "40.32250", "2007-09-30": "40.74820", "2007-06-30": "41.14700", "2007-03-31": "37.85080", "2006-12-31": "42.71410", "2006-09-30": "41.88570", "2006-06-30": "42.77220", "2006-03-31": "40.24770", "2005-12-31": "42.46940", "2005-09-30": "41.39290", "2005-06-30": "43.11200", "2005-03-31": "43.04110"}, "Operating Margin": {"2020-09-30": "18.68230", "2020-06-30": "17.04230", "2020-03-31": "19.16970", "2019-12-31": "18.39010", "2019-09-30": "17.19950", "2019-06-30": "15.79900", "2019-03-31": "18.33840", "2018-12-31": "9.99430", "2018-09-30": "15.69740", "2018-06-30": "14.78240", "2018-03-31": "15.74230", "2017-12-31": "15.60360", "2017-09-30": "15.53510", "2017-06-30": "14.04280", "2017-03-31": "8.40250", "2016-12-31": "4.00200", "2016-09-30": "10.76140", "2016-06-30": "11.51700", "2016-03-31": "14.38930", "2015-12-31": "7.55180", "2015-09-30": "4.62610", "2015-06-30": "10.05130", "2015-03-31": "13.61000", "2014-12-31": "12.96290", "2014-09-30": "11.54520", "2014-06-30": "10.70370", "2014-03-31": "12.81040", "2013-12-31": "13.78130", "2013-09-30": "13.10710", "2013-06-30": "11.15510", "2013-03-31": "15.20490", "2012-12-31": "17.64960", "2012-09-30": "17.47780", "2012-06-30": "14.33460", "2012-03-31": "18.97450", "2011-12-31": "15.12440", "2011-09-30": "13.90200", "2011-06-30": "14.71920", "2011-03-31": "15.10240", "2010-12-31": "10.90770", "2010-09-30": "17.60840", "2010-06-30": "-33.15690", "2010-03-31": "15.55690", "2009-12-31": "18.13180", "2009-09-30": "15.89610", "2009-06-30": "15.04220", "2009-03-31": "14.06850", "2008-12-31": "15.23570", "2008-09-30": "14.54690", "2008-06-30": "11.19320", "2008-03-31": "14.52360", "2007-12-31": "10.96080", "2007-09-30": "9.20200", "2007-06-30": "8.17170", "2007-03-31": "15.14930", "2006-12-31": "12.38560", "2006-09-30": "9.76670", "2006-06-30": "10.02240", "2006-03-31": "13.25490", "2005-12-31": "13.58440", "2005-09-30": "9.30350", "2005-06-30": "9.92340", "2005-03-31": "15.22100"}, "EBIT Margin": {"2020-09-30": "18.68230", "2020-06-30": "17.04230", "2020-03-31": "19.16970", "2019-12-31": "18.39010", "2019-09-30": "17.19950", "2019-06-30": "15.79900", "2019-03-31": "18.33840", "2018-12-31": "9.99430", "2018-09-30": "15.69740", "2018-06-30": "14.78240", "2018-03-31": "15.74240", "2017-12-31": "15.60360", "2017-09-30": "15.53510", "2017-06-30": "14.04280", "2017-03-31": "8.40250", "2016-12-31": "4.00200", "2016-09-30": "10.76140", "2016-06-30": "11.51700", "2016-03-31": "14.38930", "2015-12-31": "7.55180", "2015-09-30": "4.62610", "2015-06-30": "10.05130", "2015-03-31": "13.60990", "2014-12-31": "12.96290", "2014-09-30": "11.54520", "2014-06-30": "10.70370", "2014-03-31": "12.81040", "2013-12-31": "13.78130", "2013-09-30": "13.10710", "2013-06-30": "11.15510", "2013-03-31": "15.20500", "2012-12-31": "17.64960", "2012-09-30": "17.47780", "2012-06-30": "14.33460", "2012-03-31": "18.97460", "2011-12-31": "15.12440", "2011-09-30": "13.90200", "2011-06-30": "14.71920", "2011-03-31": "15.10240", "2010-12-31": "10.90770", "2010-09-30": "17.60840", "2010-06-30": "-33.15690", "2010-03-31": "15.55690", "2009-12-31": "18.13180", "2009-09-30": "15.89610", "2009-06-30": "15.04220", "2009-03-31": "14.06850", "2008-12-31": "15.23570", "2008-09-30": "14.54690", "2008-06-30": "11.19320", "2008-03-31": "14.52360", "2007-12-31": "10.96080", "2007-09-30": "9.20200", "2007-06-30": "8.17170", "2007-03-31": "15.14940", "2006-12-31": "12.38560", "2006-09-30": "9.76670", "2006-06-30": "10.02240", "2006-03-31": "13.25490", "2005-12-31": "13.58440", "2005-09-30": "9.30350", "2005-06-30": "9.92340", "2005-03-31": "15.22100"}, "EBITDA Margin": {"2020-09-30": "", "2020-06-30": "", "2020-03-31": "", "2019-12-31": "", "2019-09-30": "", "2019-06-30": "", "2019-03-31": "", "2018-12-31": "", "2018-09-30": "", "2018-06-30": "", "2018-03-31": "", "2017-12-31": "", "2017-09-30": "", "2017-06-30": "", "2017-03-31": "", "2016-12-31": "", "2016-09-30": "", "2016-06-30": "", "2016-03-31": "", "2015-12-31": "", "2015-09-30": "", "2015-06-30": "", "2015-03-31": "", "2014-12-31": "", "2014-09-30": "", "2014-06-30": "", "2014-03-31": "", "2013-12-31": "", "2013-09-30": "", "2013-06-30": "", "2013-03-31": "", "2012-12-31": "", "2012-09-30": "", "2012-06-30": "", "2012-03-31": "", "2011-12-31": "", "2011-09-30": "", "2011-06-30": "", "2011-03-31": "", "2010-12-31": "", "2010-09-30": "", "2010-06-30": "", "2010-03-31": "", "2009-12-31": "", "2009-09-30": "", "2009-06-30": "", "2009-03-31": "", "2008-12-31": "", "2008-09-30": "", "2008-06-30": "", "2008-03-31": "", "2007-12-31": "", "2007-09-30": "", "2007-06-30": "", "2007-03-31": "", "2006-12-31": "", "2006-09-30": "", "2006-06-30": "", "2006-03-31": "", "2005-12-31": "", "2005-09-30": "", "2005-06-30": "", "2005-03-31": ""}, "Pre-Tax Profit Margin": {"2020-09-30": "17.69350", "2020-06-30": "15.96550", "2020-03-31": "17.98460", "2019-12-31": "17.30060", "2019-09-30": "15.92030", "2019-06-30": "14.26660", "2019-03-31": "17.36500", "2018-12-31": "8.29600", "2018-09-30": "14.03010", "2018-06-30": "13.00200", "2018-03-31": "14.16880", "2017-12-31": "13.88970", "2017-09-30": "13.77370", "2017-06-30": "12.21360", "2017-03-31": "6.94900", "2016-12-31": "2.38770", "2016-09-30": "9.11540", "2016-06-30": "9.86000", "2016-03-31": "12.81790", "2015-12-31": "4.75550", "2015-09-30": "3.14450", "2015-06-30": "8.76970", "2015-03-31": "12.69060", "2014-12-31": "12.03210", "2014-09-30": "10.48370", "2014-06-30": "9.62240", "2014-03-31": "11.81770", "2013-12-31": "12.68870", "2013-09-30": "11.89750", "2013-06-30": "9.86610", "2013-03-31": "13.85630", "2012-12-31": "16.63250", "2012-09-30": "16.53060", "2012-06-30": "13.52980", "2012-03-31": "18.18710", "2011-12-31": "14.38340", "2011-09-30": "13.20200", "2011-06-30": "13.74500", "2011-03-31": "14.41710", "2010-12-31": "10.08370", "2010-09-30": "16.67600", "2010-06-30": "-34.84280", "2010-03-31": "14.43230", "2009-12-31": "17.28690", "2009-09-30": "15.02500", "2009-06-30": "14.10620", "2009-03-31": "13.02970", "2008-12-31": "13.45050", "2008-09-30": "13.92330", "2008-06-30": "10.80190", "2008-03-31": "10.90010", "2007-12-31": "10.35980", "2007-09-30": "8.67250", "2007-06-30": "7.40150", "2007-03-31": "14.54190", "2006-12-31": "10.94670", "2006-09-30": "8.80280", "2006-06-30": "9.19430", "2006-03-31": "5.36020", "2005-12-31": "13.40940", "2005-09-30": "8.96040", "2005-06-30": "10.18680", "2005-03-31": "14.86270"}, "Net Profit Margin": {"2020-09-30": "13.99990", "2020-06-30": "13.18370", "2020-03-31": "14.98390", "2019-12-31": "13.55230", "2019-09-30": "12.86150", "2019-06-30": "12.13970", "2019-03-31": "14.15560", "2018-12-31": "6.87380", "2018-09-30": "11.40820", "2018-06-30": "10.95740", "2018-03-31": "10.27940", "2017-12-31": "14.31950", "2017-09-30": "10.16450", "2017-06-30": "9.55270", "2017-03-31": "3.83800", "2016-12-31": "-0.77240", "2016-09-30": "6.25230", "2016-06-30": "7.58190", "2016-03-31": "8.36480", "2015-12-31": "3.23990", "2015-09-30": "1.77320", "2015-06-30": "5.52190", "2015-03-31": "8.25260", "2014-12-31": "8.05590", "2014-09-30": "6.70030", "2014-06-30": "5.94630", "2014-03-31": "8.35530", "2013-12-31": "7.02900", "2013-09-30": "7.75040", "2013-06-30": "8.79010", "2013-03-31": "9.66360", "2012-12-31": "12.64360", "2012-09-30": "11.26650", "2012-06-30": "9.00820", "2012-03-31": "11.31870", "2011-12-31": "9.47290", "2011-09-30": "8.62660", "2011-06-30": "9.01680", "2011-03-31": "10.32380", "2010-12-31": "6.63000", "2010-09-30": "11.43030", "2010-06-30": "-23.92320", "2010-03-31": "8.98300", "2009-12-31": "12.50820", "2009-09-30": "10.21040", "2009-06-30": "9.00820", "2009-03-31": "8.07750", "2008-12-31": "8.94460", "2008-09-30": "8.91100", "2008-06-30": "8.18450", "2008-03-31": "6.95920", "2007-12-31": "6.93560", "2007-09-30": "5.42980", "2007-06-30": "4.69950", "2007-03-31": "8.52170", "2006-12-31": "7.12420", "2006-09-30": "5.77000", "2006-06-30": "5.53970", "2006-03-31": "2.55170", "2005-12-31": "9.77040", "2005-09-30": "6.00320", "2005-06-30": "6.46520", "2005-03-31": "8.67710"}, "Asset Turnover": {"2020-09-30": "0.13770", "2020-06-30": "0.12470", "2020-03-31": "0.15170", "2019-12-31": "0.14510", "2019-09-30": "0.14210", "2019-06-30": "0.13320", "2019-03-31": "0.15140", "2018-12-31": "0.13910", "2018-09-30": "0.13520", "2018-06-30": "0.12640", "2018-03-31": "0.13770", "2017-12-31": "0.12830", "2017-09-30": "0.12390", "2017-06-30": "0.12020", "2017-03-31": "0.13830", "2016-12-31": "0.13230", "2016-09-30": "0.12410", "2016-06-30": "0.12060", "2016-03-31": "0.12910", "2015-12-31": "0.11560", "2015-09-30": "0.21220", "2015-06-30": "0.20170", "2015-03-31": "0.23920", "2014-12-31": "0.23340", "2014-09-30": "0.22820", "2014-06-30": "0.20100", "2014-03-31": "0.24660", "2013-12-31": "0.22810", "2013-09-30": "0.21460", "2013-06-30": "0.20720", "2013-03-31": "0.24320", "2012-12-31": "0.21550", "2012-09-30": "0.21820", "2012-06-30": "0.24010", "2012-03-31": "0.27760", "2011-12-31": "0.25810", "2011-09-30": "0.24970", "2011-06-30": "0.22490", "2011-03-31": "0.26480", "2010-12-31": "0.24270", "2010-09-30": "0.24140", "2010-06-30": "0.14930", "2010-03-31": "0.26820", "2009-12-31": "0.25300", "2009-09-30": "0.24870", "2009-06-30": "0.23330", "2009-03-31": "0.28300", "2008-12-31": "0.26740", "2008-09-30": "0.25350", "2008-06-30": "0.25660", "2008-03-31": "0.30270", "2007-12-31": "0.26280", "2007-09-30": "0.24500", "2007-06-30": "0.23650", "2007-03-31": "0.28930", "2006-12-31": "0.25620", "2006-09-30": "0.24350", "2006-06-30": "0.22160", "2006-03-31": "0.27860", "2005-12-31": "0.25460", "2005-09-30": "0.23640", "2005-06-30": "0.23470", "2005-03-31": "0.24310"}, "Inventory Turnover Ratio": {"2020-09-30": "1.52950", "2020-06-30": "1.38410", "2020-03-31": "1.84860", "2019-12-31": "1.75730", "2019-09-30": "1.76570", "2019-06-30": "1.67370", "2019-03-31": "2.08170", "2018-12-31": "1.79790", "2018-09-30": "1.70820", "2018-06-30": "1.58080", "2018-03-31": "2.05900", "2017-12-31": "1.74800", "2017-09-30": "1.63600", "2017-06-30": "1.61980", "2017-03-31": "2.02430", "2016-12-31": "1.85570", "2016-09-30": "1.89820", "2016-06-30": "1.90030", "2016-03-31": "2.21160", "2015-12-31": "1.82670", "2015-09-30": "1.52530", "2015-06-30": "1.39220", "2015-03-31": "1.79450", "2014-12-31": "1.50490", "2014-09-30": "1.45700", "2014-06-30": "1.35060", "2014-03-31": "1.80990", "2013-12-31": "1.51210", "2013-09-30": "1.47280", "2013-06-30": "1.42320", "2013-03-31": "1.73390", "2012-12-31": "1.38950", "2012-09-30": "1.26580", "2012-06-30": "1.23210", "2012-03-31": "1.43310", "2011-12-31": "1.28210", "2011-09-30": "1.13050", "2011-06-30": "0.95210", "2011-03-31": "1.32500", "2010-12-31": "1.14360", "2010-09-30": "1.22380", "2010-06-30": "1.29520", "2010-03-31": "1.56790", "2009-12-31": "1.46670", "2009-09-30": "1.41690", "2009-06-30": "1.15400", "2009-03-31": "1.57090", "2008-12-31": "1.31920", "2008-09-30": "1.18270", "2008-06-30": "1.07230", "2008-03-31": "1.54190", "2007-12-31": "1.13950", "2007-09-30": "1.10840", "2007-06-30": "1.07920", "2007-03-31": "1.64720", "2006-12-31": "1.16480", "2006-09-30": "1.16900", "2006-06-30": "1.13390", "2006-03-31": "1.76380", "2005-12-31": "1.35590", "2005-09-30": "1.39690", "2005-06-30": "1.38550", "2005-03-31": "1.66720"}, "Receiveable Turnover": {"2020-09-30": "1.50110", "2020-06-30": "1.32940", "2020-03-31": "1.40330", "2019-12-31": "1.42220", "2019-09-30": "1.43530", "2019-06-30": "1.36720", "2019-03-31": "1.36010", "2018-12-31": "1.36560", "2018-09-30": "1.38290", "2018-06-30": "1.32670", "2018-03-31": "1.35580", "2017-12-31": "1.40220", "2017-09-30": "1.41120", "2017-06-30": "1.33430", "2017-03-31": "1.40900", "2016-12-31": "1.45780", "2016-09-30": "1.46480", "2016-06-30": "1.45140", "2016-03-31": "1.46390", "2015-12-31": "1.40340", "2015-09-30": "1.62550", "2015-06-30": "1.50970", "2015-03-31": "1.54220", "2014-12-31": "1.59330", "2014-09-30": "1.60340", "2014-06-30": "1.45200", "2014-03-31": "1.48330", "2013-12-31": "1.51480", "2013-09-30": "1.47390", "2013-06-30": "1.39870", "2013-03-31": "1.55190", "2012-12-31": "1.53380", "2012-09-30": "1.54230", "2012-06-30": "1.37210", "2012-03-31": "1.39210", "2011-12-31": "1.41280", "2011-09-30": "1.44750", "2011-06-30": "1.31330", "2011-03-31": "1.38760", "2010-12-31": "1.54390", "2010-09-30": "1.54850", "2010-06-30": "1.01770", "2010-03-31": "1.54520", "2009-12-31": "1.58310", "2009-09-30": "1.46590", "2009-06-30": "1.38090", "2009-03-31": "1.44430", "2008-12-31": "1.47980", "2008-09-30": "1.53140", "2008-06-30": "1.45380", "2008-03-31": "1.50180", "2007-12-31": "1.56040", "2007-09-30": "1.39300", "2007-06-30": "1.35300", "2007-03-31": "1.39260", "2006-12-31": "1.44420", "2006-09-30": "1.40710", "2006-06-30": "1.30150", "2006-03-31": "1.36890", "2005-12-31": "1.37210", "2005-09-30": "1.19850", "2005-06-30": "1.18830", "2005-03-31": "1.17430"}, "Days Sales In Receivables": {"2020-09-30": "59.95670", "2020-06-30": "67.69820", "2020-03-31": "64.13590", "2019-12-31": "63.28160", "2019-09-30": "62.70260", "2019-06-30": "65.82770", "2019-03-31": "66.17270", "2018-12-31": "65.90750", "2018-09-30": "65.07840", "2018-06-30": "67.84010", "2018-03-31": "66.37950", "2017-12-31": "64.18700", "2017-09-30": "63.77480", "2017-06-30": "67.44880", "2017-03-31": "63.87450", "2016-12-31": "61.73640", "2016-09-30": "61.44110", "2016-06-30": "62.01040", "2016-03-31": "61.47830", "2015-12-31": "64.13120", "2015-09-30": "55.36900", "2015-06-30": "59.61620", "2015-03-31": "58.35980", "2014-12-31": "56.48540", "2014-09-30": "56.12970", "2014-06-30": "61.98450", "2014-03-31": "60.67600", "2013-12-31": "59.41270", "2013-09-30": "61.06420", "2013-06-30": "64.34380", "2013-03-31": "57.99490", "2012-12-31": "58.67930", "2012-09-30": "58.35490", "2012-06-30": "65.59480", "2012-03-31": "64.64890", "2011-12-31": "63.70350", "2011-09-30": "62.17800", "2011-06-30": "68.53060", "2011-03-31": "64.86210", "2010-12-31": "58.29520", "2010-09-30": "58.12030", "2010-06-30": "88.43360", "2010-03-31": "58.24420", "2009-12-31": "56.85180", "2009-09-30": "61.39570", "2009-06-30": "65.17330", "2009-03-31": "62.31570", "2008-12-31": "60.81840", "2008-09-30": "58.76860", "2008-06-30": "61.90510", "2008-03-31": "59.92820", "2007-12-31": "57.67730", "2007-09-30": "64.60860", "2007-06-30": "66.52040", "2007-03-31": "64.62620", "2006-12-31": "62.31820", "2006-09-30": "63.95920", "2006-06-30": "69.15350", "2006-03-31": "65.74670", "2005-12-31": "65.59230", "2005-09-30": "75.09140", "2005-06-30": "75.73940", "2005-03-31": "76.63890"}, "ROE - Return On Equity": {"2020-09-30": "2.89450", "2020-06-30": "2.52530", "2020-03-31": "3.61690", "2019-12-31": "3.08200", "2019-09-30": "5.39070", "2019-06-30": "2.61250", "2019-03-31": "3.41760", "2018-12-31": "1.55600", "2018-09-30": "2.47990", "2018-06-30": "2.26760", "2018-03-31": "2.28840", "2017-12-31": "3.05800", "2017-09-30": "2.11930", "2017-06-30": "1.98050", "2017-03-31": "0.92760", "2016-12-31": "-0.15690", "2016-09-30": "1.33580", "2016-06-30": "1.59790", "2016-03-31": "1.90430", "2015-12-31": "0.70750", "2015-09-30": "0.75570", "2015-06-30": "2.21090", "2015-03-31": "3.85590", "2014-12-31": "3.54280", "2014-09-30": "2.90340", "2014-06-30": "2.30180", "2014-03-31": "3.73360", "2013-12-31": "2.82310", "2013-09-30": "3.00050", "2013-06-30": "3.32730", "2013-03-31": "4.36980", "2012-12-31": "5.22680", "2012-09-30": "4.55350", "2012-06-30": "3.64220", "2012-03-31": "5.36930", "2011-12-31": "4.31170", "2011-09-30": "3.80490", "2011-06-30": "3.52210", "2011-03-31": "4.94490", "2010-12-31": "2.89660", "2010-09-30": "4.88890", "2010-06-30": "-6.49670", "2010-03-31": "3.95430", "2009-12-31": "5.59310", "2009-09-30": "4.00660", "2009-06-30": "3.34430", "2009-03-31": "3.87320", "2008-12-31": "3.99730", "2008-09-30": "3.86630", "2008-06-30": "3.57310", "2008-03-31": "3.69740", "2007-12-31": "2.88830", "2007-09-30": "2.08430", "2007-06-30": "1.70880", "2007-03-31": "3.85020", "2006-12-31": "2.79340", "2006-09-30": "2.28240", "2006-06-30": "1.99680", "2006-03-31": "1.01860", "2005-12-31": "3.12800", "2005-09-30": "2.07790", "2005-06-30": "2.34230", "2005-03-31": "3.11410"}, "Return On Tangible Equity": {"2020-09-30": "15.26440", "2020-06-30": "15.55870", "2020-03-31": "25.39730", "2019-12-31": "26.27210", "2019-09-30": "27.80270", "2019-06-30": "28.68990", "2019-03-31": "42.15860", "2018-12-31": "28.98150", "2018-09-30": "66.74210", "2018-06-30": "105.23800", "2018-03-31": "130.22350", "2017-12-31": "618.00730", "2017-09-30": "-128.14470", "2017-06-30": "-53.42010", "2017-03-31": "-17.83430", "2016-12-31": "2.52990", "2016-09-30": "-23.38690", "2016-06-30": "-23.18850", "2016-03-31": "-24.00710", "2015-12-31": "-6.62400", "2015-09-30": "49.22170", "2015-06-30": "13.61190", "2015-03-31": "19.43610", "2014-12-31": "17.76020", "2014-09-30": "15.59260", "2014-06-30": "13.94820", "2014-03-31": "13.24430", "2013-12-31": "9.21750", "2013-09-30": "10.17600", "2013-06-30": "11.87100", "2013-03-31": "17.06040", "2012-12-31": "22.87680", "2012-09-30": "13.50330", "2012-06-30": "6.05210", "2012-03-31": "9.10970", "2011-12-31": "7.53470", "2011-09-30": "6.69610", "2011-06-30": "6.08590", "2011-03-31": "8.30020", "2010-12-31": "5.02640", "2010-09-30": "8.46830", "2010-06-30": "-11.49760", "2010-03-31": "6.64210", "2009-12-31": "9.73320", "2009-09-30": "6.57120", "2009-06-30": "5.66650", "2009-03-31": "6.73550", "2008-12-31": "7.08950", "2008-09-30": "6.79700", "2008-06-30": "6.74410", "2008-03-31": "7.09150", "2007-12-31": "5.17610", "2007-09-30": "3.68980", "2007-06-30": "2.99620", "2007-03-31": "6.75480", "2006-12-31": "5.05100", "2006-09-30": "4.26340", "2006-06-30": "3.75940", "2006-03-31": "1.84120", "2005-12-31": "5.60230", "2005-09-30": "3.81830", "2005-06-30": "4.43400", "2005-03-31": "5.80260"}, "ROA - Return On Assets": {"2020-09-30": "1.93000", "2020-06-30": "1.64290", "2020-03-31": "2.27110", "2019-12-31": "1.96170", "2019-09-30": "1.83470", "2019-06-30": "1.62110", "2019-03-31": "2.14620", "2018-12-31": "0.96730", "2018-09-30": "1.54330", "2018-06-30": "1.39110", "2018-03-31": "1.41570", "2017-12-31": "1.84870", "2017-09-30": "1.25860", "2017-06-30": "1.15140", "2017-03-31": "0.52930", "2016-12-31": "-0.08900", "2016-09-30": "0.77150", "2016-06-30": "0.92020", "2016-03-31": "1.08240", "2015-12-31": "0.39540", "2015-09-30": "0.35730", "2015-06-30": "1.11450", "2015-03-31": "1.97390", "2014-12-31": "1.88010", "2014-09-30": "1.52920", "2014-06-30": "1.19550", "2014-03-31": "2.06000", "2013-12-31": "1.60340", "2013-09-30": "1.66300", "2013-06-30": "1.82150", "2013-03-31": "2.34970", "2012-12-31": "2.72490", "2012-09-30": "2.45880", "2012-06-30": "2.16300", "2012-03-31": "3.14230", "2011-12-31": "2.44470", "2011-09-30": "2.15440", "2011-06-30": "2.02770", "2011-03-31": "2.73350", "2010-12-31": "1.60940", "2010-09-30": "2.75890", "2010-06-30": "-3.57220", "2010-03-31": "2.40920", "2009-12-31": "3.16480", "2009-09-30": "2.53980", "2009-06-30": "2.10190", "2009-03-31": "2.28570", "2008-12-31": "2.39140", "2008-09-30": "2.25900", "2008-06-30": "2.09980", "2008-03-31": "2.10680", "2007-12-31": "1.82260", "2007-09-30": "1.33040", "2007-06-30": "1.11150", "2007-03-31": "2.46550", "2006-12-31": "1.78830", "2006-09-30": "1.40490", "2006-06-30": "1.17500", "2006-03-31": "0.62610", "2005-12-31": "2.05120", "2005-09-30": "1.33170", "2005-06-30": "1.48240", "2005-03-31": "1.98450"}, "ROI - Return On Investment": {"2020-09-30": "2.26370", "2020-06-30": "1.95320", "2020-03-31": "2.70380", "2019-12-31": "2.30900", "2019-09-30": "2.15020", "2019-06-30": "1.90300", "2019-03-31": "2.49200", "2018-12-31": "1.11100", "2018-09-30": "1.76420", "2018-06-30": "1.59030", "2018-03-31": "1.62400", "2017-12-31": "2.10100", "2017-09-30": "1.43650", "2017-06-30": "1.31240", "2017-03-31": "0.60780", "2016-12-31": "-0.10160", "2016-09-30": "0.89070", "2016-06-30": "1.05880", "2016-03-31": "1.25620", "2015-12-31": "0.45700", "2015-09-30": "0.42940", "2015-06-30": "1.36140", "2015-03-31": "2.44280", "2014-12-31": "2.26020", "2014-09-30": "1.83690", "2014-06-30": "1.42260", "2014-03-31": "2.53310", "2013-12-31": "1.92030", "2013-09-30": "1.98310", "2013-06-30": "2.17630", "2013-03-31": "2.87510", "2012-12-31": "3.33760", "2012-09-30": "3.05060", "2012-06-30": "2.90920", "2012-03-31": "4.27740", "2011-12-31": "3.39750", "2011-09-30": "2.99530", "2011-06-30": "2.80100", "2011-03-31": "3.90510", "2010-12-31": "2.26390", "2010-09-30": "3.79720", "2010-06-30": "-4.99070", "2010-03-31": "3.09330", "2009-12-31": "3.93090", "2009-09-30": "3.17420", "2009-06-30": "2.62310", "2009-03-31": "2.99690", "2008-12-31": "3.08970", "2008-09-30": "2.89460", "2008-06-30": "2.86150", "2008-03-31": "2.94870", "2007-12-31": "2.45730", "2007-09-30": "1.79290", "2007-06-30": "1.49620", "2007-03-31": "3.40670", "2006-12-31": "2.39190", "2006-09-30": "1.89390", "2006-06-30": "1.57570", "2006-03-31": "0.88060", "2005-12-31": "2.74070", "2005-09-30": "1.81870", "2005-06-30": "1.99530", "2005-03-31": "2.73640"}, "Book Value Per Share": {"2020-09-30": "42.96090", "2020-06-30": "41.02650", "2020-03-31": "40.11500", "2019-12-31": "40.05220", "2019-09-30": "38.18110", "2019-06-30": "38.28730", "2019-03-31": "37.69420", "2018-12-31": "36.80160", "2018-09-30": "36.98420", "2018-06-30": "36.61140", "2018-03-31": "37.96360", "2017-12-31": "36.71960", "2017-09-30": "35.72250", "2017-06-30": "34.49260", "2017-03-31": "33.07950", "2016-12-31": "32.61720", "2016-09-30": "35.24900", "2016-06-30": "35.38540", "2016-03-31": "35.36890", "2015-12-31": "34.81190", "2015-09-30": "18.22260", "2015-06-30": "18.37720", "2015-03-31": "17.99160", "2014-12-31": "18.06720", "2014-09-30": "17.97350", "2014-06-30": "17.96310", "2014-03-31": "17.65780", "2013-12-31": "17.14110", "2013-09-30": "16.83020", "2013-06-30": "16.40820", "2013-03-31": "16.11630", "2012-12-31": "15.75240", "2012-09-30": "15.09040", "2012-06-30": "14.34860", "2012-03-31": "14.24950", "2011-12-31": "13.53950", "2011-09-30": "13.40450", "2011-06-30": "13.76480", "2011-03-31": "13.33960", "2010-12-31": "12.66350", "2010-09-30": "12.36110", "2010-06-30": "11.68030", "2010-03-31": "12.73900", "2009-12-31": "12.39980", "2009-09-30": "13.69970", "2009-06-30": "13.03780", "2009-03-31": "12.28640", "2008-12-31": "12.23460", "2008-09-30": "12.53810", "2008-06-30": "12.13620", "2008-03-31": "11.91560", "2007-12-31": "12.09210", "2007-09-30": "12.05700", "2007-06-30": "11.93460", "2007-03-31": "11.91550", "2006-12-31": "11.51540", "2006-09-30": "11.09190", "2006-06-30": "10.85970", "2006-03-31": "10.91180", "2005-12-31": "10.94610", "2005-09-30": "10.84490", "2005-06-30": "10.61550", "2005-03-31": "10.85270"}, "Operating Cash Flow Per Share": {"2020-09-30": 1.8835, "2020-06-30": "1.56550", "2020-03-31": 2.3257, "2019-12-31": 1.5361, "2019-09-30": 1.7562, "2019-06-30": "1.27780", "2019-03-31": 2.0922, "2018-12-31": 1.568, "2018-09-30": 1.4736, "2018-06-30": "1.17860", "2018-03-31": 1.5143, "2017-12-31": 1.2933, "2017-09-30": 1.5906, "2017-06-30": "0.94090", "2017-03-31": 1.5419, "2016-12-31": 1.2005, "2016-09-30": 1.2551, "2016-06-30": "0.92830", "2016-03-31": 2.2315, "2015-12-31": 0.0298, "2015-09-30": 0.6338, "2015-06-30": "0.68260", "2015-03-31": 1.3508, "2014-12-31": 0.9989, "2014-09-30": 0.9729, "2014-06-30": "0.77500", "2014-03-31": 1.1267, "2013-12-31": 1.0427, "2013-09-30": 0.7925, "2013-06-30": "0.54690", "2013-03-31": 0.8033, "2012-12-31": 1.1628, "2012-09-30": 0.8547, "2012-06-30": "1.05070", "2012-03-31": 0.5957, "2011-12-31": 0.9181, "2011-09-30": 0.8202, "2011-06-30": "0.19930", "2011-03-31": 0.5717, "2010-12-31": 0.4474, "2010-09-30": 0.4386, "2010-06-30": "0.49990", "2010-03-31": 1.1304, "2009-12-31": 1.0954, "2009-09-30": 1.0054, "2009-06-30": "0.55440", "2009-03-31": 0.9871, "2008-12-31": 0.6908, "2008-09-30": 0.6561, "2008-06-30": "0.48160", "2008-03-31": 0.7506, "2007-12-31": 0.6699, "2007-09-30": 0.5227, "2007-06-30": "0.29470", "2007-03-31": 0.8233, "2006-12-31": 0.357, "2006-09-30": 0.3764, "2006-06-30": "-0.10020", "2006-03-31": 0.9056, "2005-12-31": 0.202, "2005-09-30": 0.6491, "2005-06-30": "0.59260", "2005-03-31": 2.126}, "Free Cash Flow Per Share": {"2020-09-30": 1.3754, "2020-06-30": "0.78670", "2020-03-31": 1.6593, "2019-12-31": 0.8893, "2019-09-30": 1.1948, "2019-06-30": "0.69610", "2019-03-31": 1.1978, "2018-12-31": 0.9747, "2018-09-30": 1.0983, "2018-06-30": "0.88700", "2018-03-31": 0.9082, "2017-12-31": 0.8477, "2017-09-30": 1.162, "2017-06-30": "0.51530", "2017-03-31": 0.8463, "2016-12-31": 0.7446, "2016-09-30": 0.811, "2016-06-30": "0.57200", "2016-03-31": 1.5191, "2015-12-31": -0.361, "2015-09-30": 0.3627, "2015-06-30": "0.29300", "2015-03-31": 0.8748, "2014-12-31": 0.6641, "2014-09-30": 0.7665, "2014-06-30": "0.38610", "2014-03-31": 0.767, "2013-12-31": 0.8249, "2013-09-30": 0.3678, "2013-06-30": "0.18340", "2013-03-31": 0.4011, "2012-12-31": 0.8462, "2012-09-30": 0.3549, "2012-06-30": "0.78440", "2012-03-31": 0.3968, "2011-12-31": 0.5669, "2011-09-30": 0.4994, "2011-06-30": "-0.06000", "2011-03-31": 0.2213, "2010-12-31": -0.0177, "2010-09-30": 0.1971, "2010-06-30": "0.29100", "2010-03-31": 0.9305, "2009-12-31": 0.9101, "2009-09-30": 0.8401, "2009-06-30": "0.41530", "2009-03-31": 0.9408, "2008-12-31": 0.5629, "2008-09-30": 0.6457, "2008-06-30": "0.30380", "2008-03-31": 0.4808, "2007-12-31": 0.4625, "2007-09-30": 0.3379, "2007-06-30": "0.14800", "2007-03-31": 0.5872, "2006-12-31": 0.2143, "2006-09-30": 0.2386, "2006-06-30": "-0.28640", "2006-03-31": 0.6614, "2005-12-31": 0.0335, "2005-09-30": 0.436, "2005-06-30": "0.47610", "2005-03-31": 1.3238}}, "revenue": {"STERIS Annual Revenue (Millions of US $)": {"2020": "$3,031", "2019": "$2,782", "2018": "$2,620", "2017": "$2,613", "2016": "$2,239", "2015": "$1,850", "2014": "$1,622", "2013": "$1,502", "2012": "$1,407", "2011": "$1,207", "2010": "$1,258", "2009": "$1,299", "2008": "$1,265", "2007": "$1,197", "2006": "$1,160", "2005": "$1,082"}, "STERIS Quarterly Revenue (Millions of US $)": {"2020-12-31": "$809", "2020-09-30": "$756", "2020-06-30": "$669", "2020-03-31": "$823", "2019-12-31": "$774", "2019-09-30": "$737", "2019-06-30": "$697", "2019-03-31": "$768", "2018-12-31": "$696", "2018-09-30": "$679", "2018-06-30": "$639", "2018-03-31": "$716", "2017-12-31": "$662", "2017-09-30": "$634", "2017-06-30": "$608", "2017-03-31": "$681", "2016-12-31": "$647", "2016-09-30": "$646", "2016-06-30": "$638", "2016-03-31": "$690", "2015-12-31": "$619", "2015-09-30": "$490", "2015-06-30": "$440", "2015-03-31": "$502", "2014-12-31": "$473", "2014-09-30": "$463", "2014-06-30": "$413", "2014-03-31": "$465", "2013-12-31": "$406", "2013-09-30": "$384", "2013-06-30": "$368", "2013-03-31": "$428", "2012-12-31": "$380", "2012-09-30": "$356", "2012-06-30": "$337", "2012-03-31": "$390", "2011-12-31": "$355", "2011-09-30": "$343", "2011-06-30": "$319", "2011-03-31": "$378", "2010-12-31": "$328", "2010-09-30": "$312", "2010-06-30": "$189", "2010-03-31": "$332", "2009-12-31": "$328", "2009-09-30": "$314", "2009-06-30": "$284", "2009-03-31": "$344", "2008-12-31": "$319", "2008-09-30": "$323", "2008-06-30": "$312", "2008-03-31": "$375", "2007-12-31": "$314", "2007-09-30": "$295", "2007-06-30": "$281", "2007-03-31": "$350", "2006-12-31": "$299", "2006-09-30": "$284", "2006-06-30": "$265", "2006-03-31": "$331", "2005-12-31": "$287", "2005-09-30": "$273", "2005-06-30": "$268", "2005-03-31": "$288"}}, "gross-profit": {"STERIS Annual Gross Profit (Millions of US $)": {"2020": "$1,320", "2019": "$1,175", "2018": "$1,093", "2017": "$1,026", "2016": "$895", "2015": "$774", "2014": "$650", "2013": "$621", "2012": "$568", "2011": "$446", "2010": "$539", "2009": "$527", "2008": "$511", "2007": "$492", "2006": "$484", "2005": "$462"}, "STERIS Quarterly Gross Profit (Millions of US $)": {"2020-12-31": "$346", "2020-09-30": "$330", "2020-06-30": "$286", "2020-03-31": "$364", "2019-12-31": "$331", "2019-09-30": "$319", "2019-06-30": "$306", "2019-03-31": "$335", "2018-12-31": "$287", "2018-09-30": "$285", "2018-06-30": "$269", "2018-03-31": "$292", "2017-12-31": "$278", "2017-09-30": "$266", "2017-06-30": "$256", "2017-03-31": "$281", "2016-12-31": "$258", "2016-09-30": "$248", "2016-06-30": "$240", "2016-03-31": "$264", "2015-12-31": "$238", "2015-09-30": "$209", "2015-06-30": "$184", "2015-03-31": "$213", "2014-12-31": "$197", "2014-09-30": "$194", "2014-06-30": "$170", "2014-03-31": "$184", "2013-12-31": "$164", "2013-09-30": "$155", "2013-06-30": "$147", "2013-03-31": "$178", "2012-12-31": "$153", "2012-09-30": "$153", "2012-06-30": "$137", "2012-03-31": "$164", "2011-12-31": "$138", "2011-09-30": "$133", "2011-06-30": "$133", "2011-03-31": "$156", "2010-12-31": "$137", "2010-09-30": "$135", "2010-06-30": "$18", "2010-03-31": "$142", "2009-12-31": "$139", "2009-09-30": "$133", "2009-06-30": "$125", "2009-03-31": "$140", "2008-12-31": "$124", "2008-09-30": "$132", "2008-06-30": "$131", "2008-03-31": "$148", "2007-12-31": "$127", "2007-09-30": "$120", "2007-06-30": "$116", "2007-03-31": "$132", "2006-12-31": "$128", "2006-09-30": "$119", "2006-06-30": "$113", "2006-03-31": "$133", "2005-12-31": "$122", "2005-09-30": "$113", "2005-06-30": "$116", "2005-03-31": "$124"}}, "operating-income": {"STERIS Annual Operating Income (Millions of US $)": {"2020": "$537", "2019": "$411", "2018": "$400", "2017": "$226", "2016": "$213", "2015": "$227", "2014": "$207", "2013": "$243", "2012": "$222", "2011": "$85", "2010": "$204", "2009": "$179", "2008": "$139", "2007": "$144", "2006": "$135", "2005": "$141"}, "STERIS Quarterly Operating Income (Millions of US $)": {"2020-12-31": "$147", "2020-09-30": "$141", "2020-06-30": "$114", "2020-03-31": "$158", "2019-12-31": "$142", "2019-09-30": "$127", "2019-06-30": "$110", "2019-03-31": "$141", "2018-12-31": "$70", "2018-09-30": "$107", "2018-06-30": "$94", "2018-03-31": "$113", "2017-12-31": "$103", "2017-09-30": "$99", "2017-06-30": "$85", "2017-03-31": "$57", "2016-12-31": "$26", "2016-09-30": "$70", "2016-06-30": "$74", "2016-03-31": "$99", "2015-12-31": "$47", "2015-09-30": "$23", "2015-06-30": "$44", "2015-03-31": "$68", "2014-12-31": "$61", "2014-09-30": "$53", "2014-06-30": "$44", "2014-03-31": "$60", "2013-12-31": "$56", "2013-09-30": "$50", "2013-06-30": "$41", "2013-03-31": "$65", "2012-12-31": "$67", "2012-09-30": "$62", "2012-06-30": "$48", "2012-03-31": "$74", "2011-12-31": "$54", "2011-09-30": "$48", "2011-06-30": "$47", "2011-03-31": "$57", "2010-12-31": "$36", "2010-09-30": "$55", "2010-06-30": "$-63", "2010-03-31": "$52", "2009-12-31": "$59", "2009-09-30": "$50", "2009-06-30": "$43", "2009-03-31": "$48", "2008-12-31": "$49", "2008-09-30": "$47", "2008-06-30": "$35", "2008-03-31": "$54", "2007-12-31": "$34", "2007-09-30": "$27", "2007-06-30": "$23", "2007-03-31": "$53", "2006-12-31": "$37", "2006-09-30": "$28", "2006-06-30": "$27", "2006-03-31": "$44", "2005-12-31": "$39", "2005-09-30": "$25", "2005-06-30": "$27", "2005-03-31": "$44"}}, "ebitda": {"STERIS Annual EBITDA (Millions of US $)": {"2020": "$734", "2019": "$637", "2018": "$578", "2017": "$473", "2016": "$357", "2015": "$319", "2014": "$282", "2013": "$312", "2012": "$285", "2011": "$140", "2010": "$260", "2009": "$238", "2008": "$202", "2007": "$205", "2006": "$193", "2005": "$193"}, "STERIS Quarterly EBITDA (Millions of US $)": {"2020-09-30": "$196", "2020-06-30": "$163", "2020-03-31": "$209", "2019-12-31": "$192", "2019-09-30": "$176", "2019-06-30": "$157", "2019-03-31": "$191", "2018-12-31": "$152", "2018-09-30": "$153", "2018-06-30": "$141", "2018-03-31": "$157", "2017-12-31": "$148", "2017-09-30": "$144", "2017-06-30": "$129", "2017-03-31": "$110", "2016-12-31": "$116", "2016-09-30": "$120", "2016-06-30": "$127", "2016-03-31": "$152", "2015-12-31": "$92", "2015-09-30": "$46", "2015-06-30": "$67", "2015-03-31": "$90", "2014-12-31": "$83", "2014-09-30": "$81", "2014-06-30": "$65", "2014-03-31": "$80", "2013-12-31": "$75", "2013-09-30": "$68", "2013-06-30": "$59", "2013-03-31": "$86", "2012-12-31": "$85", "2012-09-30": "$78", "2012-06-30": "$63", "2012-03-31": "$91", "2011-12-31": "$70", "2011-09-30": "$63", "2011-06-30": "$61", "2011-03-31": "$72", "2010-12-31": "$49", "2010-09-30": "$68", "2010-06-30": "$-50", "2010-03-31": "$66", "2009-12-31": "$74", "2009-09-30": "$64", "2009-06-30": "$57", "2009-03-31": "$63", "2008-12-31": "$63", "2008-09-30": "$61", "2008-06-30": "$50", "2008-03-31": "$70", "2007-12-31": "$50", "2007-09-30": "$43", "2007-06-30": "$39", "2007-03-31": "$69", "2006-12-31": "$52", "2006-09-30": "$42", "2006-06-30": "$41", "2006-03-31": "$60", "2005-12-31": "$53", "2005-09-30": "$40", "2005-06-30": "$40", "2005-03-31": "$58"}}, "net-income": {"STERIS Annual Net Income (Millions of US $)": {"2020": "$408", "2019": "$304", "2018": "$291", "2017": "$110", "2016": "$111", "2015": "$135", "2014": "$129", "2013": "$160", "2012": "$136", "2011": "$51", "2010": "$128", "2009": "$111", "2008": "$77", "2007": "$82", "2006": "$70", "2005": "$86"}, "STERIS Quarterly Net Income (Millions of US $)": {"2020-12-31": "$115", "2020-09-30": "$106", "2020-06-30": "$88", "2020-03-31": "$123", "2019-12-31": "$105", "2019-09-30": "$95", "2019-06-30": "$85", "2019-03-31": "$109", "2018-12-31": "$48", "2018-09-30": "$77", "2018-06-30": "$70", "2018-03-31": "$74", "2017-12-31": "$95", "2017-09-30": "$64", "2017-06-30": "$58", "2017-03-31": "$26", "2016-12-31": "$-5", "2016-09-30": "$40", "2016-06-30": "$48", "2016-03-31": "$58", "2015-12-31": "$20", "2015-09-30": "$9", "2015-06-30": "$24", "2015-03-31": "$41", "2014-12-31": "$38", "2014-09-30": "$31", "2014-06-30": "$25", "2014-03-31": "$39", "2013-12-31": "$29", "2013-09-30": "$30", "2013-06-30": "$32", "2013-03-31": "$41", "2012-12-31": "$48", "2012-09-30": "$40", "2012-06-30": "$30", "2012-03-31": "$44", "2011-12-31": "$34", "2011-09-30": "$30", "2011-06-30": "$29", "2011-03-31": "$39", "2010-12-31": "$22", "2010-09-30": "$36", "2010-06-30": "$-45", "2010-03-31": "$30", "2009-12-31": "$41", "2009-09-30": "$32", "2009-06-30": "$26", "2009-03-31": "$28", "2008-12-31": "$29", "2008-09-30": "$29", "2008-06-30": "$26", "2008-03-31": "$26", "2007-12-31": "$22", "2007-09-30": "$16", "2007-06-30": "$13", "2007-03-31": "$30", "2006-12-31": "$21", "2006-09-30": "$16", "2006-06-30": "$15", "2006-03-31": "$8", "2005-12-31": "$28", "2005-09-30": "$16", "2005-06-30": "$17", "2005-03-31": "$25"}}, "eps-earnings-per-share-diluted": {"STERIS Annual EPS": {"2020": "$4.76", "2019": "$3.56", "2018": "$3.39", "2017": "$1.28", "2016": "$1.56", "2015": "$2.25", "2014": "$2.17", "2013": "$2.72", "2012": "$2.31", "2011": "$0.85", "2010": "$2.16", "2009": "$1.86", "2008": "$1.20", "2007": "$1.25", "2006": "$1.02", "2005": "$1.23"}, "STERIS Quarterly EPS": {"2020-12-31": "$1.33", "2020-09-30": "$1.23", "2020-06-30": "$1.03", "2020-03-31": "$1.43", "2019-12-31": "$1.23", "2019-09-30": "$1.11", "2019-06-30": "$0.99", "2019-03-31": "$1.27", "2018-12-31": "$0.56", "2018-09-30": "$0.91", "2018-06-30": "$0.82", "2018-03-31": "$0.85", "2017-12-31": "$1.11", "2017-09-30": "$0.75", "2017-06-30": "$0.68", "2017-03-31": "$0.31", "2016-12-31": "$-0.06", "2016-09-30": "$0.47", "2016-06-30": "$0.56", "2016-03-31": "$0.76", "2015-12-31": "$0.26", "2015-09-30": "$0.14", "2015-06-30": "$0.40", "2015-03-31": "$0.69", "2014-12-31": "$0.63", "2014-09-30": "$0.52", "2014-06-30": "$0.41", "2014-03-31": "$0.65", "2013-12-31": "$0.48", "2013-09-30": "$0.50", "2013-06-30": "$0.54", "2013-03-31": "$0.70", "2012-12-31": "$0.82", "2012-09-30": "$0.68", "2012-06-30": "$0.52", "2012-03-31": "$0.75", "2011-12-31": "$0.58", "2011-09-30": "$0.50", "2011-06-30": "$0.48", "2011-03-31": "$0.66", "2010-12-31": "$0.36", "2010-09-30": "$0.59", "2010-06-30": "$-0.76", "2010-03-31": "$0.50", "2009-12-31": "$0.69", "2009-09-30": "$0.54", "2009-06-30": "$0.43", "2009-03-31": "$0.47", "2008-12-31": "$0.48", "2008-09-30": "$0.48", "2008-06-30": "$0.43", "2008-03-31": "$0.41", "2007-12-31": "$0.34", "2007-09-30": "$0.25", "2007-06-30": "$0.20", "2007-03-31": "$0.45", "2006-12-31": "$0.33", "2006-09-30": "$0.25", "2006-06-30": "$0.22", "2006-03-31": "$0.12", "2005-12-31": "$0.41", "2005-09-30": "$0.24", "2005-06-30": "$0.25", "2005-03-31": "$0.36"}}, "shares-outstanding": {"STERIS Annual Shares Outstanding (Millions of Shares)": {"2020": "86", "2019": "85", "2018": "86", "2017": "86", "2016": "71", "2015": "60", "2014": "60", "2013": "59", "2012": "59", "2011": "60", "2010": "59", "2009": "59", "2008": "64", "2007": "66", "2006": "69", "2005": "70"}, "STERIS Quarterly Shares Outstanding (Millions of Shares)": {"2020-12-31": "86", "2020-09-30": "86", "2020-06-30": "86", "2020-03-31": "86", "2019-12-31": "86", "2019-09-30": "86", "2019-06-30": "86", "2019-03-31": "85", "2018-12-31": "85", "2018-09-30": "85", "2018-06-30": "86", "2018-03-31": "86", "2017-12-31": "86", "2017-09-30": "86", "2017-06-30": "86", "2017-03-31": "86", "2016-12-31": "86", "2016-09-30": "86", "2016-06-30": "87", "2016-03-31": "71", "2015-12-31": "78", "2015-09-30": "60", "2015-06-30": "60", "2015-03-31": "60", "2014-12-31": "60", "2014-09-30": "60", "2014-06-30": "60", "2014-03-31": "60", "2013-12-31": "60", "2013-09-30": "60", "2013-06-30": "60", "2013-03-31": "59", "2012-12-31": "59", "2012-09-30": "59", "2012-06-30": "58", "2012-03-31": "59", "2011-12-31": "58", "2011-09-30": "59", "2011-06-30": "60", "2011-03-31": "60", "2010-12-31": "60", "2010-09-30": "60", "2010-06-30": "59", "2010-03-31": "59", "2009-12-31": "60", "2009-09-30": "59", "2009-06-30": "59", "2009-03-31": "59", "2008-12-31": "59", "2008-09-30": "60", "2008-06-30": "60", "2008-03-31": "64", "2007-12-31": "64", "2007-09-30": "65", "2007-06-30": "66", "2007-03-31": "66", "2006-12-31": "65", "2006-09-30": "66", "2006-06-30": "67", "2006-03-31": "69", "2005-12-31": "69", "2005-09-30": "69", "2005-06-30": "70", "2005-03-31": "70"}}, "total-assets": {"STERIS Annual Total Assets (Millions of US $)": {"2020": "$5,426", "2019": "$5,073", "2018": "$5,200", "2017": "$4,924", "2016": "$5,346", "2015": "$2,097", "2014": "$1,887", "2013": "$1,761", "2012": "$1,406", "2011": "$1,427", "2010": "$1,238", "2009": "$1,217", "2008": "$1,239", "2007": "$1,209", "2006": "$1,189", "2005": "$1,186"}, "STERIS Quarterly Total Assets (Millions of US $)": {"2020-09-30": "$5,493", "2020-06-30": "$5,364", "2020-03-31": "$5,426", "2019-12-31": "$5,336", "2019-09-30": "$5,186", "2019-06-30": "$5,230", "2019-03-31": "$5,073", "2018-12-31": "$5,006", "2018-09-30": "$5,021", "2018-06-30": "$5,052", "2018-03-31": "$5,200", "2017-12-31": "$5,157", "2017-09-30": "$5,120", "2017-06-30": "$5,056", "2017-03-31": "$4,924", "2016-12-31": "$4,887", "2016-09-30": "$5,211", "2016-06-30": "$5,293", "2016-03-31": "$5,346", "2015-12-31": "$5,350", "2015-09-30": "$2,309", "2015-06-30": "$2,181", "2015-03-31": "$2,097", "2014-12-31": "$2,028", "2014-09-30": "$2,027", "2014-06-30": "$2,052", "2014-03-31": "$1,887", "2013-12-31": "$1,778", "2013-09-30": "$1,789", "2013-06-30": "$1,774", "2013-03-31": "$1,761", "2012-12-31": "$1,765", "2012-09-30": "$1,633", "2012-06-30": "$1,403", "2012-03-31": "$1,406", "2011-12-31": "$1,376", "2011-09-30": "$1,372", "2011-06-30": "$1,417", "2011-03-31": "$1,427", "2010-12-31": "$1,352", "2010-09-30": "$1,294", "2010-06-30": "$1,266", "2010-03-31": "$1,238", "2009-12-31": "$1,296", "2009-09-30": "$1,263", "2009-06-30": "$1,215", "2009-03-31": "$1,217", "2008-12-31": "$1,195", "2008-09-30": "$1,275", "2008-06-30": "$1,214", "2008-03-31": "$1,239", "2007-12-31": "$1,195", "2007-09-30": "$1,204", "2007-06-30": "$1,188", "2007-03-31": "$1,209", "2006-12-31": "$1,167", "2006-09-30": "$1,165", "2006-06-30": "$1,196", "2006-03-31": "$1,189", "2005-12-31": "$1,129", "2005-09-30": "$1,157", "2005-06-30": "$1,142", "2005-03-31": "$1,186"}}, "cash-on-hand": {"STERIS Annual Cash on Hand (Millions of US $)": {"2020": "$320", "2019": "$221", "2018": "$202", "2017": "$283", "2016": "$249", "2015": "$168", "2014": "$153", "2013": "$142", "2012": "$151", "2011": "$193", "2010": "$215", "2009": "$154", "2008": "$52", "2007": "$52", "2006": "$73", "2005": "$24"}, "STERIS Quarterly Cash on Hand (Millions of US $)": {"2020-09-30": "$312", "2020-06-30": "$256", "2020-03-31": "$320", "2019-12-31": "$199", "2019-09-30": "$226", "2019-06-30": "$238", "2019-03-31": "$221", "2018-12-31": "$225", "2018-09-30": "$210", "2018-06-30": "$219", "2018-03-31": "$202", "2017-12-31": "$284", "2017-09-30": "$296", "2017-06-30": "$295", "2017-03-31": "$283", "2016-12-31": "$265", "2016-09-30": "$254", "2016-06-30": "$242", "2016-03-31": "$249", "2015-12-31": "$231", "2015-09-30": "$162", "2015-06-30": "$196", "2015-03-31": "$168", "2014-12-31": "$145", "2014-09-30": "$147", "2014-06-30": "$158", "2014-03-31": "$153", "2013-12-31": "$157", "2013-09-30": "$164", "2013-06-30": "$166", "2013-03-31": "$142", "2012-12-31": "$156", "2012-09-30": "$157", "2012-06-30": "$187", "2012-03-31": "$151", "2011-12-31": "$144", "2011-09-30": "$134", "2011-06-30": "$156", "2011-03-31": "$193", "2010-12-31": "$192", "2010-09-30": "$217", "2010-06-30": "$226", "2010-03-31": "$215", "2009-12-31": "$265", "2009-09-30": "$224", "2009-06-30": "$176", "2009-03-31": "$154", "2008-12-31": "$106", "2008-09-30": "$160", "2008-06-30": "$49", "2008-03-31": "$52", "2007-12-31": "$55", "2007-09-30": "$62", "2007-06-30": "$58", "2007-03-31": "$52", "2006-12-31": "$39", "2006-09-30": "$45", "2006-06-30": "$80", "2006-03-31": "$73", "2005-12-31": "$45", "2005-09-30": "$46", "2005-06-30": "$37", "2005-03-31": "$24"}}, "long-term-debt": {"STERIS Annual Long Term Debt (Millions of US $)": {"2020": "$1,151", "2019": "$1,183", "2018": "$1,316", "2017": "$1,478", "2016": "$1,568", "2015": "$621", "2014": "$493", "2013": "$492", "2012": "$210", "2011": "$210", "2010": "$210", "2009": "$210", "2008": "$179", "2007": "$101", "2006": "$114", "2005": "$104"}, "STERIS Quarterly Long Term Debt (Millions of US $)": {"2020-09-30": "$1,021", "2020-06-30": "$1,022", "2020-03-31": "$1,151", "2019-12-31": "$1,137", "2019-09-30": "$1,187", "2019-06-30": "$1,210", "2019-03-31": "$1,183", "2018-12-31": "$1,246", "2018-09-30": "$1,268", "2018-06-30": "$1,320", "2018-03-31": "$1,316", "2017-12-31": "$1,420", "2017-09-30": "$1,445", "2017-06-30": "$1,496", "2017-03-31": "$1,478", "2016-12-31": "$1,507", "2016-09-30": "$1,504", "2016-06-30": "$1,552", "2016-03-31": "$1,568", "2015-12-31": "$1,639", "2015-09-30": "$830", "2015-06-30": "$686", "2015-03-31": "$621", "2014-12-31": "$611", "2014-09-30": "$620", "2014-06-30": "$659", "2014-03-31": "$493", "2013-12-31": "$475", "2013-09-30": "$509", "2013-06-30": "$514", "2013-03-31": "$492", "2012-12-31": "$521", "2012-09-30": "$434", "2012-06-30": "$210", "2012-03-31": "$210", "2011-12-31": "$210", "2011-09-30": "$210", "2011-06-30": "$210", "2011-03-31": "$210", "2010-12-31": "$210", "2010-09-30": "$210", "2010-06-30": "$210", "2010-03-31": "$210", "2009-12-31": "$310", "2009-09-30": "$210", "2009-06-30": "$210", "2009-03-31": "$210", "2008-12-31": "$210", "2008-09-30": "$250", "2008-06-30": "$177", "2008-03-31": "$179", "2007-12-31": "$132", "2007-09-30": "$125", "2007-06-30": "$110", "2007-03-31": "$101", "2006-12-31": "$125", "2006-09-30": "$147", "2006-06-30": "$188", "2006-03-31": "$114", "2005-12-31": "$105", "2005-09-30": "$106", "2005-06-30": "$126", "2005-03-31": "$104"}}, "total-liabilities": {"STERIS Annual Total Liabilities (Millions of US $)": {"2020": "$2,019", "2019": "$1,887", "2018": "$1,983", "2017": "$2,114", "2016": "$2,308", "2015": "$1,024", "2014": "$846", "2013": "$814", "2012": "$583", "2011": "$638", "2010": "$484", "2009": "$499", "2008": "$533", "2007": "$435", "2006": "$458", "2005": "$430"}, "STERIS Quarterly Total Liabilities (Millions of US $)": {"2020-09-30": "$1,830", "2020-06-30": "$1,874", "2020-03-31": "$2,019", "2019-12-31": "$1,940", "2019-09-30": "$1,948", "2019-06-30": "$1,985", "2019-03-31": "$1,887", "2018-12-31": "$1,894", "2018-09-30": "$1,896", "2018-06-30": "$1,953", "2018-03-31": "$1,983", "2017-12-31": "$2,039", "2017-09-30": "$2,079", "2017-06-30": "$2,117", "2017-03-31": "$2,114", "2016-12-31": "$2,117", "2016-09-30": "$2,201", "2016-06-30": "$2,245", "2016-03-31": "$2,308", "2015-12-31": "$2,360", "2015-09-30": "$1,217", "2015-06-30": "$1,082", "2015-03-31": "$1,024", "2014-12-31": "$952", "2014-09-30": "$960", "2014-06-30": "$986", "2014-03-31": "$846", "2013-12-31": "$768", "2013-09-30": "$797", "2013-06-30": "$803", "2013-03-31": "$814", "2012-12-31": "$845", "2012-09-30": "$751", "2012-06-30": "$570", "2012-03-31": "$583", "2011-12-31": "$596", "2011-09-30": "$595", "2011-06-30": "$601", "2011-03-31": "$638", "2010-12-31": "$601", "2010-09-30": "$564", "2010-06-30": "$570", "2010-03-31": "$484", "2009-12-31": "$563", "2009-09-30": "$462", "2009-06-30": "$451", "2009-03-31": "$499", "2008-12-31": "$480", "2008-09-30": "$530", "2008-06-30": "$501", "2008-03-31": "$533", "2007-12-31": "$441", "2007-09-30": "$436", "2007-06-30": "$415", "2007-03-31": "$435", "2006-12-31": "$420", "2006-09-30": "$448", "2006-06-30": "$492", "2006-03-31": "$458", "2005-12-31": "$389", "2005-09-30": "$415", "2005-06-30": "$419", "2005-03-31": "$430"}}, "total-share-holder-equity": {"STERIS Annual Share Holder Equity (Millions of US $)": {"2020": "$3,407", "2019": "$3,186", "2018": "$3,217", "2017": "$2,810", "2016": "$3,039", "2015": "$1,074", "2014": "$1,041", "2013": "$947", "2012": "$823", "2011": "$789", "2010": "$754", "2009": "$718", "2008": "$706", "2007": "$774", "2006": "$731", "2005": "$756"}, "STERIS Quarterly Share Holder Equity (Millions of US $)": {"2020-09-30": "$3,662", "2020-06-30": "$3,490", "2020-03-31": "$3,407", "2019-12-31": "$3,396", "2019-09-30": "$3,238", "2019-06-30": "$3,245", "2019-03-31": "$3,186", "2018-12-31": "$3,112", "2018-09-30": "$3,125", "2018-06-30": "$3,099", "2018-03-31": "$3,217", "2017-12-31": "$3,118", "2017-09-30": "$3,041", "2017-06-30": "$2,939", "2017-03-31": "$2,810", "2016-12-31": "$2,770", "2016-09-30": "$3,010", "2016-06-30": "$3,048", "2016-03-31": "$3,039", "2015-12-31": "$2,990", "2015-09-30": "$1,092", "2015-06-30": "$1,100", "2015-03-31": "$1,074", "2014-12-31": "$1,076", "2014-09-30": "$1,068", "2014-06-30": "$1,066", "2014-03-31": "$1,041", "2013-12-31": "$1,010", "2013-09-30": "$991", "2013-06-30": "$971", "2013-03-31": "$947", "2012-12-31": "$920", "2012-09-30": "$882", "2012-06-30": "$833", "2012-03-31": "$823", "2011-12-31": "$780", "2011-09-30": "$777", "2011-06-30": "$816", "2011-03-31": "$789", "2010-12-31": "$751", "2010-09-30": "$730", "2010-06-30": "$696", "2010-03-31": "$754", "2009-12-31": "$733", "2009-09-30": "$801", "2009-06-30": "$764", "2009-03-31": "$718", "2008-12-31": "$715", "2008-09-30": "$745", "2008-06-30": "$714", "2008-03-31": "$706", "2007-12-31": "$754", "2007-09-30": "$769", "2007-06-30": "$773", "2007-03-31": "$774", "2006-12-31": "$747", "2006-09-30": "$717", "2006-06-30": "$704", "2006-03-31": "$731", "2005-12-31": "$741", "2005-09-30": "$741", "2005-06-30": "$723", "2005-03-31": "$756"}}, "profit-margins": {"current": "14.13%"}, "gross margin": {"2020-12-31": "43.38%", "2020-09-30": "43.38%", "2020-06-30": "43.29%", "2020-03-31": "43.55%", "2019-12-31": "43.38%", "2019-09-30": "43.03%", "2019-06-30": "42.71%", "2019-03-31": "42.27%", "2018-12-31": "41.50%", "2018-09-30": "41.69%", "2018-06-30": "41.68%", "2018-03-31": "41.68%", "2017-12-31": "41.82%", "2017-09-30": "41.28%", "2017-06-30": "40.40%", "2017-03-31": "39.32%", "2016-12-31": "38.53%", "2016-09-30": "38.18%", "2016-06-30": "39.02%", "2016-03-31": "39.97%", "2015-12-31": "41.15%", "2015-09-30": "42.15%", "2015-06-30": "41.96%", "2015-03-31": "41.82%", "2014-12-31": "41.07%", "2014-09-30": "40.76%", "2014-06-30": "40.35%", "2014-03-31": "40.05%", "2013-12-31": "40.61%", "2013-09-30": "40.58%", "2013-06-30": "41.19%", "2013-03-31": "41.37%", "2012-12-31": "41.49%", "2012-09-30": "41.17%", "2012-06-30": "40.14%", "2012-03-31": "40.37%", "2011-12-31": "40.14%", "2011-09-30": "40.86%", "2011-06-30": "41.96%", "2011-03-31": "36.95%", "2010-12-31": "37.21%", "2010-09-30": "37.38%", "2010-06-30": "37.15%", "2010-03-31": "42.85%", "2009-12-31": "42.28%", "2009-09-30": "41.40%", "2009-06-30": "41.02%", "2009-03-31": "40.60%", "2008-12-31": "40.26%", "2008-09-30": "40.63%", "2008-06-30": "40.59%", "2008-03-31": "40.40%", "2007-12-31": "39.92%", "2007-09-30": "40.49%", "2007-06-30": "40.77%", "2007-03-31": "41.07%", "2006-12-31": "41.82%", "2006-09-30": "41.73%", "2006-06-30": "41.61%", "2006-03-31": "41.76%", "2005-12-31": "42.56%"}, "operating margin": {"2020-12-31": "18.32%", "2020-09-30": "18.37%", "2020-06-30": "18.02%", "2020-03-31": "17.72%", "2019-12-31": "17.47%", "2019-09-30": "15.46%", "2019-06-30": "15.07%", "2019-03-31": "14.81%", "2018-12-31": "14.07%", "2018-09-30": "15.47%", "2018-06-30": "15.43%", "2018-03-31": "15.27%", "2017-12-31": "13.31%", "2017-09-30": "10.39%", "2017-06-30": "9.22%", "2017-03-31": "8.69%", "2016-12-31": "10.26%", "2016-09-30": "11.18%", "2016-06-30": "9.97%", "2016-03-31": "9.51%", "2015-12-31": "8.87%", "2015-09-30": "10.29%", "2015-06-30": "12.03%", "2015-03-31": "12.21%", "2014-12-31": "12.02%", "2014-09-30": "12.19%", "2014-06-30": "12.59%", "2014-03-31": "12.75%", "2013-12-31": "13.37%", "2013-09-30": "14.29%", "2013-06-30": "15.34%", "2013-03-31": "16.12%", "2012-12-31": "17.16%", "2012-09-30": "16.55%", "2012-06-30": "15.72%", "2012-03-31": "15.85%", "2011-12-31": "14.77%", "2011-09-30": "13.74%", "2011-06-30": "14.58%", "2011-03-31": "7.04%", "2010-12-31": "6.89%", "2010-09-30": "8.87%", "2010-06-30": "8.43%", "2010-03-31": "16.22%", "2009-12-31": "15.75%", "2009-09-30": "15.07%", "2009-06-30": "14.72%", "2009-03-31": "13.79%", "2008-12-31": "13.92%", "2008-09-30": "12.84%", "2008-06-30": "11.57%", "2008-03-31": "10.91%", "2007-12-31": "11.05%", "2007-09-30": "11.43%", "2007-06-30": "11.61%", "2007-03-31": "12.10%", "2006-12-31": "11.54%", "2006-09-30": "11.83%", "2006-06-30": "11.68%", "2006-03-31": "11.65%", "2005-12-31": "12.10%"}, "ebitda margin": {"2020-09-30": "25.15%", "2020-06-30": "24.64%", "2020-03-31": "24.22%", "2019-12-31": "24.06%", "2019-09-30": "23.33%", "2019-06-30": "22.99%", "2019-03-31": "22.90%", "2018-12-31": "22.09%", "2018-09-30": "22.22%", "2018-06-30": "22.26%", "2018-03-31": "22.06%", "2017-12-31": "20.54%", "2017-09-30": "19.42%", "2017-06-30": "18.40%", "2017-03-31": "18.11%", "2016-12-31": "19.65%", "2016-09-30": "18.94%", "2016-06-30": "17.11%", "2016-03-31": "15.94%", "2015-12-31": "14.38%", "2015-09-30": "15.01%", "2015-06-30": "17.09%", "2015-03-31": "17.23%", "2014-12-31": "17.03%", "2014-09-30": "17.23%", "2014-06-30": "17.27%", "2014-03-31": "17.38%", "2013-12-31": "18.16%", "2013-09-30": "19.10%", "2013-06-30": "20.10%", "2013-03-31": "20.79%", "2012-12-31": "21.67%", "2012-09-30": "21.00%", "2012-06-30": "20.14%", "2012-03-31": "20.26%", "2011-12-31": "19.07%", "2011-09-30": "17.91%", "2011-06-30": "18.70%", "2011-03-31": "11.52%", "2010-12-31": "11.46%", "2010-09-30": "13.61%", "2010-06-30": "13.24%", "2010-03-31": "20.75%", "2009-12-31": "20.31%", "2009-09-30": "19.59%", "2009-06-30": "19.21%", "2009-03-31": "18.26%", "2008-12-31": "18.36%", "2008-09-30": "17.45%", "2008-06-30": "16.44%", "2008-03-31": "15.97%", "2007-12-31": "16.21%", "2007-09-30": "16.57%", "2007-06-30": "16.64%", "2007-03-31": "17.03%", "2006-12-31": "16.54%", "2006-09-30": "16.80%", "2006-06-30": "16.78%", "2006-03-31": "16.65%", "2005-12-31": "17.11%"}, "pre tax profit margin": {"2020-12-31": "16.49%", "2020-09-30": "17.31%", "2020-06-30": "16.85%", "2020-03-31": "16.43%", "2019-12-31": "16.23%", "2019-09-30": "14.04%", "2019-06-30": "13.56%", "2019-03-31": "13.26%", "2018-12-31": "12.34%", "2018-09-30": "13.76%", "2018-06-30": "13.69%", "2018-03-31": "13.51%", "2017-12-31": "11.61%", "2017-09-30": "8.68%", "2017-06-30": "7.55%", "2017-03-31": "7.04%", "2016-12-31": "8.58%", "2016-09-30": "9.22%", "2016-06-30": "8.00%", "2016-03-31": "7.64%", "2015-12-31": "7.17%", "2015-09-30": "9.19%", "2015-06-30": "11.13%", "2015-03-31": "11.35%", "2014-12-31": "11.08%", "2014-09-30": "11.16%", "2014-06-30": "11.51%", "2014-03-31": "11.58%", "2013-12-31": "12.11%", "2013-09-30": "13.08%", "2013-06-30": "14.16%", "2013-03-31": "15.12%", "2012-12-31": "16.34%", "2012-09-30": "15.79%", "2012-06-30": "14.95%", "2012-03-31": "15.00%", "2011-12-31": "13.91%", "2011-09-30": "12.87%", "2011-06-30": "13.69%", "2011-03-31": "6.05%", "2010-12-31": "5.77%", "2010-09-30": "7.84%", "2010-06-30": "7.39%", "2010-03-31": "15.26%", "2009-12-31": "14.88%", "2009-09-30": "13.88%", "2009-06-30": "13.62%", "2009-03-31": "12.87%", "2008-12-31": "12.26%", "2008-09-30": "11.56%", "2008-06-30": "10.34%", "2008-03-31": "9.57%", "2007-12-31": "10.56%", "2007-09-30": "10.69%", "2007-06-30": "10.71%", "2007-03-31": "11.10%", "2006-12-31": "8.48%", "2006-09-30": "9.08%", "2006-06-30": "9.17%", "2006-03-31": "9.40%", "2005-12-31": "12.01%"}, "net profit margin": {"2020-12-31": "14.13%", "2020-09-30": "13.96%", "2020-06-30": "13.69%", "2020-03-31": "13.46%", "2019-12-31": "13.24%", "2019-09-30": "11.63%", "2019-06-30": "11.23%", "2019-03-31": "10.93%", "2018-12-31": "9.85%", "2018-09-30": "11.72%", "2018-06-30": "11.43%", "2018-03-31": "11.11%", "2017-12-31": "9.40%", "2017-09-30": "5.56%", "2017-06-30": "4.61%", "2017-03-31": "4.17%", "2016-12-31": "5.38%", "2016-09-30": "6.40%", "2016-06-30": "5.54%", "2016-03-31": "4.96%", "2015-12-31": "4.58%", "2015-09-30": "5.88%", "2015-06-30": "7.14%", "2015-03-31": "7.29%", "2014-12-31": "7.33%", "2014-09-30": "7.10%", "2014-06-30": "7.37%", "2014-03-31": "8.01%", "2013-12-31": "8.32%", "2013-09-30": "9.68%", "2013-06-30": "10.51%", "2013-03-31": "10.59%", "2012-12-31": "11.07%", "2012-09-30": "10.29%", "2012-06-30": "9.68%", "2012-03-31": "9.74%", "2011-12-31": "9.46%", "2011-09-30": "8.77%", "2011-06-30": "9.42%", "2011-03-31": "4.31%", "2010-12-31": "3.70%", "2010-09-30": "5.34%", "2010-06-30": "4.99%", "2010-03-31": "10.25%", "2009-12-31": "10.00%", "2009-09-30": "9.12%", "2009-06-30": "8.82%", "2009-03-31": "8.63%", "2008-12-31": "8.28%", "2008-09-30": "7.78%", "2008-06-30": "6.94%", "2008-03-31": "6.09%", "2007-12-31": "6.53%", "2007-09-30": "6.53%", "2007-06-30": "6.59%", "2007-03-31": "6.84%", "2006-12-31": "5.09%", "2006-09-30": "5.74%", "2006-06-30": "5.80%", "2006-03-31": "5.95%", "2005-12-31": "7.71%"}, "pe ratio": {"current": "29.74", "2021-02-05": "49.51", "2020-12-31": "51.23", "2020-09-30": "35.66", "2020-06-30": "31.75", "2020-03-31": "29.13", "2019-12-31": "32.83", "2019-09-30": "36.33", "2019-06-30": "39.34", "2019-03-31": "35.36", "2018-12-31": "33.26", "2018-09-30": "30.23", "2018-06-30": "28.92", "2018-03-31": "26.69", "2017-12-31": "29.73", "2017-09-30": "50.79", "2017-06-30": "55.99", "2017-03-31": "52.01", "2016-12-31": "39.23", "2016-09-30": "35.45", "2016-06-30": "39.93", "2016-03-31": "45.60", "2015-12-31": "47.52", "2015-09-30": "32.83", "2015-06-30": "27.04", "2015-03-31": "29.35", "2014-12-31": "27.58", "2014-09-30": "24.62", "2014-06-30": "24.64", "2014-03-31": "20.68", "2013-12-31": "20.34", "2013-09-30": "15.70", "2013-06-30": "14.57", "2013-03-31": "14.18", "2012-12-31": "11.52", "2012-09-30": "12.81", "2012-06-30": "12.12", "2012-03-31": "12.36", "2011-12-31": "12.17", "2011-09-30": "13.19", "2011-06-30": "14.99", "2011-03-31": "36.49", "2010-12-31": "46.69", "2010-09-30": "28.65", "2010-06-30": "28.04", "2010-03-31": "13.59", "2009-12-31": "11.41", "2009-09-30": "12.97", "2009-06-30": "11.42", "2009-03-31": "10.15", "2008-12-31": "10.67", "2008-09-30": "18.15", "2008-06-30": "16.08", "2008-03-31": "17.81", "2007-12-31": "18.49", "2007-09-30": "17.62", "2007-06-30": "19.69", "2007-03-31": "16.79", "2006-12-31": "21.75"}, "price sales": {"2021-02-05": "5.14", "2020-12-31": "5.32", "2020-09-30": "4.99", "2020-06-30": "4.36", "2020-03-31": "3.93", "2019-12-31": "4.34", "2019-09-30": "4.21", "2019-06-30": "4.42", "2019-03-31": "3.87", "2018-12-31": "3.28", "2018-09-30": "3.55", "2018-06-30": "3.31", "2018-03-31": "2.97", "2017-12-31": "2.81", "2017-09-30": "2.85", "2017-06-30": "2.61", "2017-03-31": "2.19", "2016-12-31": "2.00", "2016-09-30": "2.14", "2016-06-30": "1.96", "2016-03-31": "2.03", "2015-12-31": "2.23", "2015-09-30": "1.93", "2015-06-30": "1.94", "2015-03-31": "2.14", "2014-12-31": "2.01", "2014-09-30": "1.74", "2014-06-30": "1.80", "2014-03-31": "1.65", "2013-12-31": "1.69", "2013-09-30": "1.53", "2013-06-30": "1.54", "2013-03-31": "1.51", "2012-12-31": "1.29", "2012-09-30": "1.32", "2012-06-30": "1.18", "2012-03-31": "1.21", "2011-12-31": "1.15", "2011-09-30": "1.15", "2011-06-30": "1.40", "2011-03-31": "1.52", "2010-12-31": "1.66", "2010-09-30": "1.50", "2010-06-30": "1.39", "2010-03-31": "1.38", "2009-12-31": "1.14", "2009-09-30": "1.17", "2009-06-30": "0.99", "2009-03-31": "0.87", "2008-12-31": "0.89", "2008-09-30": "1.42", "2008-06-30": "1.13", "2008-03-31": "1.10", "2007-12-31": "1.21", "2007-09-30": "1.17", "2007-06-30": "1.32", "2007-03-31": "1.16", "2006-12-31": "1.13"}, "price book": {"current": "4.03", "2021-02-05": "4.26", "2020-09-30": "4.09", "2020-06-30": "3.72", "2020-03-31": "3.46", "2019-12-31": "3.77", "2019-09-30": "3.74", "2019-06-30": "3.83", "2019-03-31": "3.34", "2018-12-31": "2.85", "2018-09-30": "3.02", "2018-06-30": "2.80", "2018-03-31": "2.39", "2017-12-31": "2.31", "2017-09-30": "2.39", "2017-06-30": "2.27", "2017-03-31": "2.01", "2016-12-31": "1.97", "2016-09-30": "1.97", "2016-06-30": "1.84", "2016-03-31": "1.90", "2015-12-31": "2.03", "2015-09-30": "3.35", "2015-06-30": "3.30", "2015-03-31": "3.67", "2014-12-31": "3.37", "2014-09-30": "2.82", "2014-06-30": "2.80", "2014-03-31": "2.54", "2013-12-31": "2.63", "2013-09-30": "2.39", "2013-06-30": "2.43", "2013-03-31": "2.39", "2012-12-31": "2.03", "2012-09-30": "2.16", "2012-06-30": "1.99", "2012-03-31": "2.01", "2011-12-31": "1.99", "2011-09-30": "1.96", "2011-06-30": "2.26", "2011-03-31": "2.30", "2010-12-31": "2.54", "2010-09-30": "2.36", "2010-06-30": "2.33", "2010-03-31": "2.30", "2009-12-31": "1.96", "2009-09-30": "1.82", "2009-06-30": "1.63", "2009-03-31": "1.54", "2008-12-31": "1.58", "2008-09-30": "2.42", "2008-06-30": "1.91", "2008-03-31": "1.81", "2007-12-31": "1.91", "2007-09-30": "1.81", "2007-06-30": "2.05", "2007-03-31": "1.78", "2006-12-31": "1.74", "2006-09-30": "1.72", "2006-06-30": "1.67", "2006-03-31": "1.79"}, "price fcf": {"2021-02-05": "", "2020-09-30": "$4.71", "2020-06-30": "$4.53", "2020-03-31": "$4.44", "2019-12-31": "$3.98", "2019-09-30": "$4.06", "2019-06-30": "$3.97", "2019-03-31": "$4.16", "2018-12-31": "$3.87", "2018-09-30": "$3.74", "2018-06-30": "$3.80", "2018-03-31": "$3.43", "2017-12-31": "$3.37", "2017-09-30": "$3.27", "2017-06-30": "$2.92", "2017-03-31": "$2.97", "2016-12-31": "$3.65", "2016-09-30": "$2.54", "2016-06-30": "$2.09", "2016-03-31": "$1.81", "2015-12-31": "$1.17", "2015-09-30": "$2.19", "2015-06-30": "$2.60", "2015-03-31": "$2.69", "2014-12-31": "$2.58", "2014-09-30": "$2.74", "2014-06-30": "$2.35", "2014-03-31": "$2.14", "2013-12-31": "$1.78", "2013-09-30": "$1.80", "2013-06-30": "$1.79", "2013-03-31": "$2.39", "2012-12-31": "$2.38", "2012-09-30": "$2.10", "2012-06-30": "$2.25", "2012-03-31": "$1.40", "2011-12-31": "$1.23", "2011-09-30": "$0.64", "2011-06-30": "$0.34", "2011-03-31": "$0.69", "2010-12-31": "$1.40", "2010-09-30": "$2.33", "2010-06-30": "$2.97", "2010-03-31": "$3.10", "2009-12-31": "$3.11", "2009-09-30": "$2.76", "2009-06-30": "$2.56", "2009-03-31": "$2.45", "2008-12-31": "$1.99", "2008-09-30": "$1.89", "2008-06-30": "$1.59", "2008-03-31": "$1.43", "2007-12-31": "$1.54", "2007-09-30": "$1.29", "2007-06-30": "$1.19", "2007-03-31": "$0.75", "2006-12-31": "$1.77"}, "net worth": {"value": "$15.63B"}, "current ratio": {"2020-12-31": "2.33", "2020-09-30": "2.64", "2020-06-30": "2.29", "2020-03-31": "2.40", "2019-12-31": "2.34", "2019-09-30": "2.41", "2019-06-30": "2.41", "2019-03-31": "2.27", "2018-12-31": "2.56", "2018-09-30": "2.63", "2018-06-30": "2.65", "2018-03-31": "2.48", "2017-12-31": "2.82", "2017-09-30": "2.80", "2017-06-30": "2.91", "2017-03-31": "2.67", "2016-12-31": "2.77", "2016-09-30": "2.58", "2016-06-30": "2.63", "2016-03-31": "2.43", "2015-12-31": "2.68", "2015-09-30": "2.77", "2015-06-30": "2.79", "2015-03-31": "2.54", "2014-12-31": "2.75", "2014-09-30": "2.75", "2014-06-30": "2.93", "2014-03-31": "2.65", "2013-12-31": "3.08", "2013-09-30": "3.19", "2013-06-30": "3.19", "2013-03-31": "2.81", "2012-12-31": "2.73", "2012-09-30": "2.61", "2012-06-30": "2.43", "2012-03-31": "2.34", "2011-12-31": "2.14", "2011-09-30": "2.07", "2011-06-30": "2.18", "2011-03-31": "2.05", "2010-12-31": "2.05", "2010-09-30": "2.22", "2010-06-30": "2.12", "2010-03-31": "2.92", "2009-12-31": "3.57", "2009-09-30": "3.33", "2009-06-30": "3.30", "2009-03-31": "2.74", "2008-12-31": "2.81", "2008-09-30": "3.12", "2008-06-30": "2.41", "2008-03-31": "2.23", "2007-12-31": "2.38", "2007-09-30": "2.54", "2007-06-30": "2.54", "2007-03-31": "2.23", "2006-12-31": "2.31", "2006-09-30": "2.22", "2006-06-30": "2.32", "2006-03-31": "2.08", "2005-12-31": "2.12", "2005-09-30": "2.00", "2005-06-30": "2.07", "2005-03-31": "1.89"}, "quick ratio": {"2020-12-31": "1.74", "2020-09-30": "2.00", "2020-06-30": "1.71", "2020-03-31": "1.91", "2019-12-31": "1.78", "2019-09-30": "1.86", "2019-06-30": "1.87", "2019-03-31": "1.82", "2018-12-31": "1.99", "2018-09-30": "2.01", "2018-06-30": "2.02", "2018-03-31": "1.97", "2017-12-31": "2.22", "2017-09-30": "2.18", "2017-06-30": "2.30", "2017-03-31": "2.15", "2016-12-31": "2.17", "2016-09-30": "2.02", "2016-06-30": "2.05", "2016-03-31": "1.95", "2015-12-31": "2.10", "2015-09-30": "2.06", "2015-06-30": "2.10", "2015-03-31": "1.98", "2014-12-31": "2.00", "2014-09-30": "2.00", "2014-06-30": "2.15", "2014-03-31": "2.04", "2013-12-31": "2.29", "2013-09-30": "2.41", "2013-06-30": "2.40", "2013-03-31": "2.15", "2012-12-31": "2.01", "2012-09-30": "1.92", "2012-06-30": "1.83", "2012-03-31": "1.78", "2011-12-31": "1.57", "2011-09-30": "1.46", "2011-06-30": "1.54", "2011-03-31": "1.56", "2010-12-31": "1.51", "2010-09-30": "1.71", "2010-06-30": "1.66", "2010-03-31": "2.31", "2009-12-31": "2.84", "2009-09-30": "2.61", "2009-06-30": "2.47", "2009-03-31": "2.09", "2008-12-31": "2.00", "2008-09-30": "2.25", "2008-06-30": "1.58", "2008-03-31": "1.59", "2007-12-31": "1.55", "2007-09-30": "1.71", "2007-06-30": "1.70", "2007-03-31": "1.62", "2006-12-31": "1.54", "2006-09-30": "1.51", "2006-06-30": "1.66", "2006-03-31": "1.57", "2005-12-31": "1.47", "2005-09-30": "1.44", "2005-06-30": "1.49", "2005-03-31": "1.45"}, "debt equity ratio": {"current": "0.44", "2020-12-31": "0.70", "2020-09-30": "0.50", "2020-06-30": "0.54", "2020-03-31": "0.59", "2019-12-31": "0.57", "2019-09-30": "0.60", "2019-06-30": "0.61", "2019-03-31": "0.59", "2018-12-31": "0.61", "2018-09-30": "0.61", "2018-06-30": "0.63", "2018-03-31": "0.62", "2017-12-31": "0.65", "2017-09-30": "0.68", "2017-06-30": "0.72", "2017-03-31": "0.75", "2016-12-31": "0.76", "2016-09-30": "0.73", "2016-06-30": "0.74", "2016-03-31": "0.76", "2015-12-31": "0.79", "2015-09-30": "1.12", "2015-06-30": "0.98", "2015-03-31": "0.95", "2014-12-31": "0.88", "2014-09-30": "0.90", "2014-06-30": "0.93", "2014-03-31": "0.81", "2013-12-31": "0.76", "2013-09-30": "0.80", "2013-06-30": "0.83", "2013-03-31": "0.86", "2012-12-31": "0.92", "2012-09-30": "0.85", "2012-06-30": "0.68", "2012-03-31": "0.71", "2011-12-31": "0.76", "2011-09-30": "0.77", "2011-06-30": "0.74", "2011-03-31": "0.81", "2010-12-31": "0.80", "2010-09-30": "0.77", "2010-06-30": "0.82", "2010-03-31": "0.64", "2009-12-31": "0.77", "2009-09-30": "0.58", "2009-06-30": "0.59", "2009-03-31": "0.70", "2008-12-31": "0.67", "2008-09-30": "0.71", "2008-06-30": "0.70", "2008-03-31": "0.76", "2007-12-31": "0.59", "2007-09-30": "0.57", "2007-06-30": "0.54", "2007-03-31": "0.56", "2006-12-31": "0.56", "2006-09-30": "0.63", "2006-06-30": "0.70", "2006-03-31": "0.63", "2005-12-31": "0.53", "2005-09-30": "0.56", "2005-06-30": "0.58", "2005-03-31": "0.57"}, "return on equity": {"2020-12-31": "11.97%", "2020-09-30": "12.10%", "2020-06-30": "12.15%", "2020-03-31": "12.28%", "2019-12-31": "12.06%", "2019-09-30": "10.55%", "2019-06-30": "10.07%", "2019-03-31": "9.71%", "2018-12-31": "8.57%", "2018-09-30": "10.06%", "2018-06-30": "9.72%", "2018-03-31": "9.45%", "2017-12-31": "8.16%", "2017-09-30": "4.95%", "2017-06-30": "4.13%", "2017-03-31": "3.75%", "2016-12-31": "4.75%", "2016-09-30": "5.49%", "2016-06-30": "5.31%", "2016-03-31": "5.40%", "2015-12-31": "6.01%", "2015-09-30": "10.32%", "2015-06-30": "12.41%", "2015-03-31": "12.61%", "2014-12-31": "12.51%", "2014-09-30": "11.85%", "2014-06-30": "11.98%", "2014-03-31": "12.96%", "2013-12-31": "13.47%", "2013-09-30": "15.77%", "2013-06-30": "17.31%", "2013-03-31": "17.76%", "2012-12-31": "18.74%", "2012-09-30": "17.84%", "2012-06-30": "17.18%", "2012-03-31": "17.15%", "2011-12-31": "16.70%", "2011-09-30": "15.32%", "2011-06-30": "16.33%", "2011-03-31": "7.01%", "2010-12-31": "5.87%", "2010-09-30": "8.51%", "2010-06-30": "7.77%", "2010-03-31": "16.91%", "2009-12-31": "16.84%", "2009-09-30": "15.34%", "2009-06-30": "15.23%", "2009-03-31": "15.49%", "2008-12-31": "15.28%", "2008-09-30": "14.11%", "2008-06-30": "12.23%", "2008-03-31": "10.26%", "2007-12-31": "10.55%", "2007-09-30": "10.45%", "2007-06-30": "10.63%", "2007-03-31": "11.15%", "2006-12-31": "8.28%", "2006-09-30": "9.26%", "2006-06-30": "9.19%", "2006-03-31": "9.40%", "2005-12-31": "11.62%"}, "return on assets": {"2020-12-31": "7.56%", "2020-09-30": "7.81%", "2020-06-30": "7.71%", "2020-03-31": "7.71%", "2019-12-31": "7.57%", "2019-09-30": "6.58%", "2019-06-30": "6.28%", "2019-03-31": "6.03%", "2018-12-31": "5.31%", "2018-09-30": "6.19%", "2018-06-30": "5.90%", "2018-03-31": "5.67%", "2017-12-31": "4.80%", "2017-09-30": "2.86%", "2017-06-30": "2.37%", "2017-03-31": "2.15%", "2016-12-31": "2.72%", "2016-09-30": "3.13%", "2016-06-30": "2.95%", "2016-03-31": "2.92%", "2015-12-31": "3.15%", "2015-09-30": "5.20%", "2015-06-30": "6.43%", "2015-03-31": "6.58%", "2014-12-31": "6.65%", "2014-09-30": "6.40%", "2014-06-30": "6.55%", "2014-03-31": "7.19%", "2013-12-31": "7.43%", "2013-09-30": "8.52%", "2013-06-30": "9.29%", "2013-03-31": "9.69%", "2012-12-31": "10.44%", "2012-09-30": "10.18%", "2012-06-30": "9.93%", "2012-03-31": "9.84%", "2011-12-31": "9.44%", "2011-09-30": "8.62%", "2011-06-30": "9.18%", "2011-03-31": "3.90%", "2010-12-31": "3.34%", "2010-09-30": "4.87%", "2010-06-30": "4.58%", "2010-03-31": "10.30%", "2009-12-31": "10.18%", "2009-09-30": "9.41%", "2009-06-30": "9.14%", "2009-03-31": "9.14%", "2008-12-31": "8.94%", "2008-09-30": "8.37%", "2008-06-30": "7.42%", "2008-03-31": "6.38%", "2007-12-31": "6.76%", "2007-09-30": "6.71%", "2007-06-30": "6.77%", "2007-03-31": "6.92%", "2006-12-31": "5.09%", "2006-09-30": "5.73%", "2006-06-30": "5.74%", "2006-03-31": "5.98%", "2005-12-31": "7.46%"}, "return on investments": {"2020-12-31": "11.58%", "2020-09-30": "12.14%", "2020-06-30": "12.00%", "2020-03-31": "11.95%", "2019-12-31": "11.70%", "2019-09-30": "10.18%", "2019-06-30": "9.74%", "2019-03-31": "9.40%", "2018-12-31": "8.68%", "2018-09-30": "9.33%", "2018-06-30": "9.10%", "2018-03-31": "8.89%", "2017-12-31": "7.75%", "2017-09-30": "6.11%", "2017-06-30": "5.44%", "2017-03-31": "5.14%", "2016-12-31": "5.98%", "2016-09-30": "6.32%", "2016-06-30": "6.17%", "2016-03-31": "6.58%", "2015-12-31": "7.26%", "2015-09-30": "11.06%", "2015-06-30": "13.19%", "2015-03-31": "13.30%", "2014-12-31": "13.14%", "2014-09-30": "13.25%", "2014-06-30": "13.45%", "2014-03-31": "13.79%", "2013-12-31": "14.35%", "2013-09-30": "15.21%", "2013-06-30": "16.55%", "2013-03-31": "18.48%", "2012-12-31": "20.77%", "2012-09-30": "21.73%", "2012-06-30": "22.11%", "2012-03-31": "22.10%", "2011-12-31": "20.59%", "2011-09-30": "18.93%", "2011-06-30": "19.87%", "2011-03-31": "8.93%", "2010-12-31": "8.49%", "2010-09-30": "10.69%", "2010-06-30": "9.99%", "2010-03-31": "20.44%", "2009-12-31": "20.22%", "2009-09-30": "19.80%", "2009-06-30": "19.57%", "2009-03-31": "19.15%", "2008-12-31": "20.02%", "2008-09-30": "18.59%", "2008-06-30": "16.88%", "2008-03-31": "15.57%", "2007-12-31": "15.50%", "2007-09-30": "15.90%", "2007-06-30": "16.15%", "2007-03-31": "16.56%", "2006-12-31": "15.66%", "2006-09-30": "16.02%", "2006-06-30": "15.75%", "2006-03-31": "15.95%", "2005-12-31": "15.88%"}, "return on tangible equity": {"2020-09-30": "78.77%", "2020-06-30": "91.79%", "2020-03-31": "107.37%", "2019-12-31": "121.89%", "2019-09-30": "126.93%", "2019-06-30": "152.63%", "2019-03-31": "200.00%", "2018-12-31": "264.37%", "2018-09-30": "495.69%", "2018-06-30": "1361.80%", "2018-03-31": "-1337.93%", "2017-12-31": "-335.17%", "2017-09-30": "-119.92%", "2017-06-30": "-79.47%", "2017-03-31": "-62.29%", "2016-12-31": "-70.94%", "2016-09-30": "-70.49%", "2016-06-30": "-71.71%", "2016-03-31": "-121.98%", "2015-12-31": "417.78%", "2015-09-30": "71.79%", "2015-06-30": "66.50%", "2015-03-31": "67.25%", "2014-12-31": "60.18%", "2014-09-30": "50.72%", "2014-06-30": "45.94%", "2014-03-31": "44.56%", "2013-12-31": "47.31%", "2013-09-30": "59.39%", "2013-06-30": "63.01%", "2013-03-31": "50.80%", "2012-12-31": "43.37%", "2012-09-30": "34.20%", "2012-06-30": "29.42%", "2012-03-31": "29.69%", "2011-12-31": "28.84%", "2011-09-30": "26.42%", "2011-06-30": "28.05%", "2011-03-31": "12.11%", "2010-12-31": "10.14%", "2010-09-30": "14.72%", "2010-06-30": "13.25%", "2010-03-31": "28.52%", "2009-12-31": "28.65%", "2009-09-30": "26.21%", "2009-06-30": "26.49%", "2009-03-31": "27.69%", "2008-12-31": "27.97%", "2008-09-30": "25.90%", "2008-06-30": "22.49%", "2008-03-31": "18.51%", "2007-12-31": "18.65%", "2007-09-30": "18.51%", "2007-06-30": "19.06%", "2007-03-31": "20.35%", "2006-12-31": "15.24%", "2006-09-30": "17.02%", "2006-06-30": "16.81%", "2006-03-31": "17.23%", "2005-12-31": "21.45%"}, "dividend yield history": {"last payout": "$1.60", "last yield": "0.87%"}}