{"ticker": "STOR", "price": {"title": "STORE Capital Historical Annual Stock Price Data", "value": 32.97, "historical": {"2020": {"Average Stock Price": "27.1896", "Year Open": "36.0900", "Year High": "40.0500", "Year Low": "14.5800", "Year Close": "33.9800", "Annual % Change": "-8.75%"}, "2019": {"Average Stock Price": "35.0002", "Year Open": "27.4600", "Year High": "40.8000", "Year Low": "27.4600", "Year Close": "37.2400", "Annual % Change": "31.54%"}, "2018": {"Average Stock Price": "26.8891", "Year Open": "25.8400", "Year High": "30.8500", "Year Low": "22.5200", "Year Close": "28.3100", "Annual % Change": "8.72%"}, "2017": {"Average Stock Price": "24.0716", "Year Open": "24.7100", "Year High": "26.3700", "Year Low": "19.7700", "Year Close": "26.0400", "Annual % Change": "5.38%"}, "2016": {"Average Stock Price": "26.6272", "Year Open": "22.7600", "Year High": "31.1900", "Year Low": "22.3800", "Year Close": "24.7100", "Annual % Change": "6.51%"}, "2015": {"Average Stock Price": "21.8125", "Year Open": "21.4300", "Year High": "23.7700", "Year Low": "19.7900", "Year Close": "23.2000", "Annual % Change": "7.36%"}, "2014": {"Average Stock Price": "20.6750", "Year Open": "19.5000", "Year High": "22.0400", "Year Low": "19.5000", "Year Close": "21.6100", "Annual % Change": "0.00%"}}}, "market cap": {"value": "$8.66B"}, "income statement": {"Revenue": {"2019-12-31": "665.71400", "2018-12-31": "540.75600", "2017-12-31": "452.84700", "2016-12-31": "376.34300", "2015-12-31": "284.76200", "2014-12-31": "190.44100", "2013-12-31": "108.90400", "2012-12-31": "40.61000"}, "Cost Of Goods Sold": {"2019-12-31": "10.79300", "2018-12-31": "4.25000", "2017-12-31": "4.77300", "2016-12-31": "4.06700", "2015-12-31": "1.51500", "2014-12-31": "0.47300", "2013-12-31": "0.12700", "2012-12-31": "0.00700"}, "Gross Profit": {"2019-12-31": "654.92100", "2018-12-31": "536.50600", "2017-12-31": "448.07400", "2016-12-31": "372.27600", "2015-12-31": "283.24700", "2014-12-31": "189.96800", "2013-12-31": "108.77700", "2012-12-31": "40.60300"}, "Research And Development Expenses": {"2019-12-31": "", "2018-12-31": "", "2017-12-31": "", "2016-12-31": "", "2015-12-31": "", "2014-12-31": "", "2013-12-31": "", "2012-12-31": ""}, "SG&A Expenses": {"2019-12-31": "54.27400", "2018-12-31": "45.72500", "2017-12-31": "40.99000", "2016-12-31": "34.77200", "2015-12-31": "27.97200", "2014-12-31": "19.49400", "2013-12-31": "14.13200", "2012-12-31": "10.36200"}, "Other Operating Income Or Expenses": {"2019-12-31": "-18.75100", "2018-12-31": "-7.81000", "2017-12-31": "-13.44000", "2016-12-31": "-2.24300", "2015-12-31": "-2.15600", "2014-12-31": "-2.80400", "2013-12-31": "-2.64300", "2012-12-31": "-0.38700"}, "Operating Expenses": {"2019-12-31": "305.79300", "2018-12-31": "239.61100", "2017-12-31": "209.48200", "2016-12-31": "160.70000", "2015-12-31": "120.25800", "2014-12-31": "79.79600", "2013-12-31": "47.25100", "2012-12-31": "21.77100"}, "Operating Income": {"2019-12-31": "359.92100", "2018-12-31": "301.14500", "2017-12-31": "243.36500", "2016-12-31": "215.64300", "2015-12-31": "164.50400", "2014-12-31": "110.64500", "2013-12-31": "61.65300", "2012-12-31": "18.83900"}, "Total Non-Operating Income/Expense": {"2019-12-31": "-74.23900", "2018-12-31": "-83.53300", "2017-12-31": "-80.86900", "2016-12-31": "-91.88400", "2015-12-31": "-81.78200", "2014-12-31": "-67.95900", "2013-12-31": "-39.18000", "2012-12-31": "-11.47200"}, "Pre-Tax Income": {"2019-12-31": "285.68200", "2018-12-31": "217.61200", "2017-12-31": "162.49600", "2016-12-31": "123.75900", "2015-12-31": "82.72200", "2014-12-31": "42.68600", "2013-12-31": "22.47300", "2012-12-31": "7.36700"}, "Income Taxes": {"2019-12-31": "0.70700", "2018-12-31": "0.64200", "2017-12-31": "0.45800", "2016-12-31": "0.43400", "2015-12-31": "0.27400", "2014-12-31": "0.18000", "2013-12-31": "0.15500", "2012-12-31": "0.07000"}, "Income After Taxes": {"2019-12-31": "284.97500", "2018-12-31": "216.97000", "2017-12-31": "162.03800", "2016-12-31": "123.32500", "2015-12-31": "82.44800", "2014-12-31": "42.50600", "2013-12-31": "22.31800", "2012-12-31": "7.29700"}, "Other Income": {"2019-12-31": "", "2018-12-31": "", "2017-12-31": "", "2016-12-31": "", "2015-12-31": "", "2014-12-31": "", "2013-12-31": "", "2012-12-31": ""}, "Income From Continuous Operations": {"2019-12-31": "284.97500", "2018-12-31": "216.97000", "2017-12-31": "162.03800", "2016-12-31": "123.32500", "2015-12-31": "82.44800", "2014-12-31": "42.50600", "2013-12-31": "22.31800", "2012-12-31": "7.29700"}, "Income From Discontinued Operations": {"2019-12-31": "", "2018-12-31": "", "2017-12-31": "", "2016-12-31": "", "2015-12-31": "", "2014-12-31": "1.14000", "2013-12-31": "3.99500", "2012-12-31": "0.87900"}, "Net Income": {"2019-12-31": "284.97500", "2018-12-31": "216.97000", "2017-12-31": "162.03800", "2016-12-31": "122.81200", "2015-12-31": "83.77000", "2014-12-31": "48.13900", "2013-12-31": "26.31300", "2012-12-31": "8.16000"}, "EBITDA": {"2019-12-31": "603.28800", "2018-12-31": "501.12800", "2017-12-31": "411.55300", "2016-12-31": "349.55000", "2015-12-31": "264.36100", "2014-12-31": "177.11000", "2013-12-31": "97.99100", "2012-12-31": "32.45800"}, "EBIT": {"2019-12-31": "359.92100", "2018-12-31": "301.14500", "2017-12-31": "243.36500", "2016-12-31": "215.64300", "2015-12-31": "164.50400", "2014-12-31": "110.64500", "2013-12-31": "61.65300", "2012-12-31": "18.83900"}, "Basic Shares Outstanding": {"2019-12-31": "229.73400", "2018-12-31": "204.32200", "2017-12-31": "178.58600", "2016-12-31": "148.87900", "2015-12-31": "122.18100", "2014-12-31": "78.45500", "2013-12-31": "49.89400", "2012-12-31": "27.33800"}, "Shares Outstanding": {"2019-12-31": "230.28900", "2018-12-31": "204.93300", "2017-12-31": "178.65700", "2016-12-31": "149.12400", "2015-12-31": "122.20800", "2014-12-31": "78.45500", "2013-12-31": "49.89400", "2012-12-31": "27.33800"}, "Basic EPS": {"2019-12-31": "1.24000", "2018-12-31": "1.06000", "2017-12-31": "0.90000", "2016-12-31": "0.82000", "2015-12-31": "0.68000", "2014-12-31": "0.61000", "2013-12-31": "0.52000", "2012-12-31": "0.30000"}, "EPS - Earnings Per Share": {"2019-12-31": "1.24000", "2018-12-31": "1.06000", "2017-12-31": "0.90000", "2016-12-31": "0.82000", "2015-12-31": "0.68000", "2014-12-31": "0.61000", "2013-12-31": "0.52000", "2012-12-31": "0.30000"}}, "income statement, quarterly": {"Revenue": {"2020-09-30": "175.22300", "2020-06-30": "168.28000", "2020-03-31": "177.89700", "2019-12-31": "173.45500", "2019-09-30": "171.83400", "2019-06-30": "163.78700", "2019-03-31": "156.63800", "2018-12-31": "146.70390", "2018-09-30": "137.00500", "2018-06-30": "131.20500", "2018-03-31": "125.84200", "2017-12-31": "120.12400", "2017-09-30": "110.54400", "2017-06-30": "114.20800", "2017-03-31": "107.97100", "2016-12-31": "102.14100", "2016-09-30": "96.99800", "2016-06-30": "91.97000", "2016-03-31": "85.23400", "2015-12-31": "79.61200", "2015-09-30": "74.79100", "2015-06-30": "68.90000", "2015-03-31": "61.45900", "2014-12-31": "55.16200", "2014-09-30": "50.92800", "2014-06-30": "45.02200", "2014-03-31": "39.32900", "2013-12-31": "", "2012-12-31": ""}, "Cost Of Goods Sold": {"2020-09-30": "3.30900", "2020-06-30": "5.29000", "2020-03-31": "6.00400", "2019-12-31": "3.03300", "2019-09-30": "3.16200", "2019-06-30": "2.01400", "2019-03-31": "2.58400", "2018-12-31": "1.41300", "2018-09-30": "0.75500", "2018-06-30": "0.74100", "2018-03-31": "1.34100", "2017-12-31": "1.50100", "2017-09-30": "1.33500", "2017-06-30": "1.13100", "2017-03-31": "0.80600", "2016-12-31": "1.54800", "2016-09-30": "0.80700", "2016-06-30": "1.22600", "2016-03-31": "0.48600", "2015-12-31": "0.39300", "2015-09-30": "0.47100", "2015-06-30": "0.35600", "2015-03-31": "0.29500", "2014-12-31": "0.16200", "2014-09-30": "0.25600", "2014-06-30": "0.10800", "2014-03-31": "0.03700", "2013-12-31": "", "2012-12-31": ""}, "Gross Profit": {"2020-09-30": "171.91400", "2020-06-30": "162.99000", "2020-03-31": "171.89300", "2019-12-31": "170.42200", "2019-09-30": "168.67200", "2019-06-30": "161.77300", "2019-03-31": "154.05400", "2018-12-31": "145.29100", "2018-09-30": "136.25000", "2018-06-30": "130.46400", "2018-03-31": "124.50100", "2017-12-31": "118.62300", "2017-09-30": "109.20900", "2017-06-30": "113.07700", "2017-03-31": "107.16500", "2016-12-31": "100.59300", "2016-09-30": "96.19100", "2016-06-30": "90.74400", "2016-03-31": "84.74800", "2015-12-31": "79.21900", "2015-09-30": "74.32000", "2015-06-30": "68.54400", "2015-03-31": "61.16400", "2014-12-31": "55.00000", "2014-09-30": "50.67200", "2014-06-30": "44.91400", "2014-03-31": "39.29200", "2013-12-31": "", "2012-12-31": ""}, "Research And Development Expenses": {"2020-09-30": "", "2020-06-30": "", "2020-03-31": "", "2019-12-31": "", "2019-09-30": "", "2019-06-30": "", "2019-03-31": "", "2018-12-31": "", "2018-09-30": "", "2018-06-30": "", "2018-03-31": "", "2017-12-31": "", "2017-09-30": "", "2017-06-30": "", "2017-03-31": "", "2016-12-31": "", "2016-09-30": "", "2016-06-30": "", "2016-03-31": "", "2015-12-31": "", "2015-09-30": "", "2015-06-30": "", "2015-03-31": "", "2014-12-31": "", "2014-09-30": "", "2014-06-30": "", "2014-03-31": "", "2013-12-31": "", "2012-12-31": ""}, "SG&A Expenses": {"2020-09-30": "14.72900", "2020-06-30": "13.13400", "2020-03-31": "7.87900", "2019-12-31": "14.45900", "2019-09-30": "13.56600", "2019-06-30": "14.26600", "2019-03-31": "11.98300", "2018-12-31": "12.51300", "2018-09-30": "11.50900", "2018-06-30": "10.85200", "2018-03-31": "10.85100", "2017-12-31": "11.20300", "2017-09-30": "10.25500", "2017-06-30": "9.28900", "2017-03-31": "10.24300", "2016-12-31": "8.73200", "2016-09-30": "8.10400", "2016-06-30": "8.54500", "2016-03-31": "9.39100", "2015-12-31": "6.98900", "2015-09-30": "7.13800", "2015-06-30": "7.21000", "2015-03-31": "6.63500", "2014-12-31": "6.25000", "2014-09-30": "4.96000", "2014-06-30": "4.88300", "2014-03-31": "4.18300", "2013-12-31": "", "2012-12-31": ""}, "Other Operating Income Or Expenses": {"2020-09-30": "-2.77200", "2020-06-30": "-5.30000", "2020-03-31": "-2.90000", "2019-12-31": "-8.80000", "2019-09-30": "-7.34100", "2019-06-30": "", "2019-03-31": "-2.61000", "2018-12-31": "-5.20200", "2018-09-30": "", "2018-06-30": "-1.03800", "2018-03-31": "-1.57000", "2017-12-31": "-1.50000", "2017-09-30": "-7.67000", "2017-06-30": "", "2017-03-31": "-4.27000", "2016-12-31": "-1.75300", "2016-09-30": "-0.15500", "2016-06-30": "-0.10100", "2016-03-31": "-0.23400", "2015-12-31": "-0.15300", "2015-09-30": "-0.13700", "2015-06-30": "-0.60700", "2015-03-31": "-1.25900", "2014-12-31": "", "2014-09-30": "-0.46000", "2014-06-30": "-1.16000", "2014-03-31": "-0.39800", "2013-12-31": "", "2012-12-31": ""}, "Operating Expenses": {"2020-09-30": "81.92900", "2020-06-30": "84.02000", "2020-03-31": "76.12100", "2019-12-31": "83.63200", "2019-09-30": "79.98800", "2019-06-30": "71.28000", "2019-03-31": "70.89300", "2018-12-31": "68.64700", "2018-09-30": "58.04500", "2018-06-30": "56.84700", "2018-03-31": "56.07200", "2017-12-31": "54.28300", "2017-09-30": "56.84900", "2017-06-30": "47.81600", "2017-03-31": "50.53400", "2016-12-31": "45.02500", "2016-09-30": "40.17800", "2016-06-30": "38.90700", "2016-03-31": "36.59000", "2015-12-31": "32.41900", "2015-09-30": "31.01700", "2015-06-30": "29.74100", "2015-03-31": "27.08100", "2014-12-31": "23.18000", "2014-09-30": "21.15600", "2014-06-30": "19.30000", "2014-03-31": "16.17900", "2013-12-31": "", "2012-12-31": ""}, "Operating Income": {"2020-09-30": "93.29400", "2020-06-30": "84.26000", "2020-03-31": "101.77600", "2019-12-31": "89.82300", "2019-09-30": "91.84600", "2019-06-30": "92.50700", "2019-03-31": "85.74500", "2018-12-31": "78.05700", "2018-09-30": "78.96000", "2018-06-30": "74.35800", "2018-03-31": "69.77000", "2017-12-31": "65.84100", "2017-09-30": "53.69500", "2017-06-30": "66.39200", "2017-03-31": "57.43700", "2016-12-31": "57.11600", "2016-09-30": "56.82000", "2016-06-30": "53.06300", "2016-03-31": "48.64400", "2015-12-31": "47.19300", "2015-09-30": "43.77400", "2015-06-30": "39.15900", "2015-03-31": "34.37800", "2014-12-31": "31.98200", "2014-09-30": "29.77200", "2014-06-30": "25.72200", "2014-03-31": "23.15000", "2013-12-31": "", "2012-12-31": ""}, "Total Non-Operating Income/Expense": {"2020-09-30": "-38.55300", "2020-06-30": "-43.50100", "2020-03-31": "-38.94800", "2019-12-31": "-29.81200", "2019-09-30": "19.96500", "2019-06-30": "-24.39600", "2019-03-31": "-39.99600", "2018-12-31": "-21.28800", "2018-09-30": "-30.57200", "2018-06-30": "-11.96800", "2018-03-31": "-19.70500", "2017-12-31": "11.06900", "2017-09-30": "-31.37900", "2017-06-30": "-30.91900", "2017-03-31": "-29.64000", "2016-12-31": "-15.45700", "2016-09-30": "-27.12100", "2016-06-30": "-25.87100", "2016-03-31": "-23.43500", "2015-12-31": "-22.52500", "2015-09-30": "-21.39100", "2015-06-30": "-20.63700", "2015-03-31": "-17.22900", "2014-12-31": "-17.84000", "2014-09-30": "-19.08100", "2014-06-30": "-16.63700", "2014-03-31": "-14.40500", "2013-12-31": "", "2012-12-31": ""}, "Pre-Tax Income": {"2020-09-30": "54.74100", "2020-06-30": "40.75900", "2020-03-31": "62.82800", "2019-12-31": "60.01100", "2019-09-30": "111.81100", "2019-06-30": "68.11100", "2019-03-31": "45.74900", "2018-12-31": "56.76900", "2018-09-30": "48.38800", "2018-06-30": "62.39000", "2018-03-31": "50.06500", "2017-12-31": "76.91000", "2017-09-30": "22.31600", "2017-06-30": "35.47300", "2017-03-31": "27.79700", "2016-12-31": "41.65900", "2016-09-30": "29.69900", "2016-06-30": "27.19200", "2016-03-31": "25.20900", "2015-12-31": "24.66800", "2015-09-30": "22.38300", "2015-06-30": "18.52200", "2015-03-31": "17.14900", "2014-12-31": "14.17000", "2014-09-30": "10.69100", "2014-06-30": "9.08500", "2014-03-31": "8.74500", "2013-12-31": "", "2012-12-31": ""}, "Income Taxes": {"2020-09-30": "0.11100", "2020-06-30": "0.15900", "2020-03-31": "0.16800", "2019-12-31": "0.17400", "2019-09-30": "0.19300", "2019-06-30": "0.14700", "2019-03-31": "0.19300", "2018-12-31": "0.18500", "2018-09-30": "0.16300", "2018-06-30": "0.18900", "2018-03-31": "0.10500", "2017-12-31": "0.12400", "2017-09-30": "0.08100", "2017-06-30": "0.14700", "2017-03-31": "0.10600", "2016-12-31": "0.18600", "2016-09-30": "0.08900", "2016-06-30": "0.09000", "2016-03-31": "0.06900", "2015-12-31": "0.03600", "2015-09-30": "0.07200", "2015-06-30": "0.08300", "2015-03-31": "0.08300", "2014-12-31": "0.02000", "2014-09-30": "0.06900", "2014-06-30": "0.05000", "2014-03-31": "0.05200", "2013-12-31": "", "2012-12-31": ""}, "Income After Taxes": {"2020-09-30": "54.63000", "2020-06-30": "40.60000", "2020-03-31": "62.66000", "2019-12-31": "59.83700", "2019-09-30": "111.61800", "2019-06-30": "67.96400", "2019-03-31": "45.55600", "2018-12-31": "56.58400", "2018-09-30": "48.22500", "2018-06-30": "62.20100", "2018-03-31": "49.96000", "2017-12-31": "76.78600", "2017-09-30": "22.23500", "2017-06-30": "35.32600", "2017-03-31": "27.69100", "2016-12-31": "41.47300", "2016-09-30": "29.61000", "2016-06-30": "27.10200", "2016-03-31": "25.14000", "2015-12-31": "24.63200", "2015-09-30": "22.31100", "2015-06-30": "18.43900", "2015-03-31": "17.06600", "2014-12-31": "14.15000", "2014-09-30": "10.62200", "2014-06-30": "9.03500", "2014-03-31": "8.69300", "2013-12-31": "", "2012-12-31": ""}, "Other Income": {"2020-09-30": "", "2020-06-30": "", "2020-03-31": "", "2019-12-31": "", "2019-09-30": "", "2019-06-30": "", "2019-03-31": "", "2018-12-31": "", "2018-09-30": "", "2018-06-30": "", "2018-03-31": "", "2017-12-31": "", "2017-09-30": "", "2017-06-30": "", "2017-03-31": "", "2016-12-31": "", "2016-09-30": "", "2016-06-30": "", "2016-03-31": "", "2015-12-31": "", "2015-09-30": "", "2015-06-30": "", "2015-03-31": "", "2014-12-31": "0.00000", "2014-09-30": "", "2014-06-30": "", "2014-03-31": "", "2013-12-31": "", "2012-12-31": ""}, "Income From Continuous Operations": {"2020-09-30": "54.63000", "2020-06-30": "40.60000", "2020-03-31": "62.66000", "2019-12-31": "59.83700", "2019-09-30": "111.61800", "2019-06-30": "67.96400", "2019-03-31": "45.55600", "2018-12-31": "56.58400", "2018-09-30": "48.22500", "2018-06-30": "62.20100", "2018-03-31": "49.96000", "2017-12-31": "76.78600", "2017-09-30": "22.23500", "2017-06-30": "35.32600", "2017-03-31": "27.69100", "2016-12-31": "41.47300", "2016-09-30": "29.61000", "2016-06-30": "27.10200", "2016-03-31": "25.14000", "2015-12-31": "24.63200", "2015-09-30": "22.31100", "2015-06-30": "18.43900", "2015-03-31": "17.06600", "2014-12-31": "17.42300", "2014-09-30": "10.62200", "2014-06-30": "9.03500", "2014-03-31": "8.69300", "2013-12-31": "", "2012-12-31": ""}, "Income From Discontinued Operations": {"2020-09-30": "", "2020-06-30": "", "2020-03-31": "", "2019-12-31": "", "2019-09-30": "", "2019-06-30": "", "2019-03-31": "", "2018-12-31": "", "2018-09-30": "", "2018-06-30": "", "2018-03-31": "", "2017-12-31": "", "2017-09-30": "", "2017-06-30": "", "2017-03-31": "", "2016-12-31": "", "2016-09-30": "", "2016-06-30": "", "2016-03-31": "", "2015-12-31": "", "2015-09-30": "", "2015-06-30": "", "2015-03-31": "", "2014-12-31": "", "2014-09-30": "0.01900", "2014-06-30": "0.25000", "2014-03-31": "0.84600", "2013-12-31": "", "2012-12-31": ""}, "Net Income": {"2020-09-30": "54.39600", "2020-06-30": "40.38400", "2020-03-31": "62.56400", "2019-12-31": "60.15300", "2019-09-30": "111.47900", "2019-06-30": "67.87000", "2019-03-31": "45.47300", "2018-12-31": "56.87300", "2018-09-30": "48.11600", "2018-06-30": "62.09700", "2018-03-31": "49.88400", "2017-12-31": "41.00800", "2017-09-30": "28.58000", "2017-06-30": "61.06000", "2017-03-31": "31.39000", "2016-12-31": "31.42700", "2016-09-30": "36.34300", "2016-06-30": "30.24900", "2016-03-31": "24.79300", "2015-12-31": "24.07200", "2015-09-30": "22.99800", "2015-06-30": "19.63400", "2015-03-31": "17.06600", "2014-12-31": "17.42300", "2014-09-30": "10.75500", "2014-06-30": "10.42200", "2014-03-31": "9.53900", "2013-12-31": "", "2012-12-31": ""}, "EBITDA": {"2020-09-30": "159.23900", "2020-06-30": "149.11500", "2020-03-31": "159.68400", "2019-12-31": "154.02000", "2019-09-30": "153.29000", "2019-06-30": "152.78000", "2019-03-31": "143.19800", "2018-12-31": "133.81300", "2018-09-30": "128.86900", "2018-06-30": "122.79700", "2018-03-31": "115.64900", "2017-12-31": "109.82200", "2017-09-30": "97.33300", "2017-06-30": "107.86300", "2017-03-31": "96.53500", "2016-12-31": "93.85900", "2016-09-30": "91.56000", "2016-06-30": "85.65100", "2016-03-31": "78.48000", "2015-12-31": "75.02600", "2015-09-30": "70.12800", "2015-06-30": "63.64300", "2015-03-31": "55.56400", "2014-12-31": "50.86800", "2014-09-30": "48.68400", "2014-06-30": "41.11600", "2014-03-31": "36.41800", "2013-12-31": "", "2012-12-31": ""}, "EBIT": {"2020-09-30": "93.29400", "2020-06-30": "84.26000", "2020-03-31": "101.77600", "2019-12-31": "89.82300", "2019-09-30": "91.84600", "2019-06-30": "92.50700", "2019-03-31": "85.74500", "2018-12-31": "78.05700", "2018-09-30": "78.96000", "2018-06-30": "74.35800", "2018-03-31": "69.77000", "2017-12-31": "65.84100", "2017-09-30": "53.69500", "2017-06-30": "66.39200", "2017-03-31": "57.43700", "2016-12-31": "57.11600", "2016-09-30": "56.82000", "2016-06-30": "53.06300", "2016-03-31": "48.64400", "2015-12-31": "47.19300", "2015-09-30": "43.77400", "2015-06-30": "39.15900", "2015-03-31": "34.37800", "2014-12-31": "31.98200", "2014-09-30": "29.77200", "2014-06-30": "25.72200", "2014-03-31": "23.15000", "2013-12-31": "", "2012-12-31": ""}, "Basic Shares Outstanding": {"2020-09-30": "255.30800", "2020-06-30": "248.26600", "2020-03-31": "243.35500", "2019-12-31": "229.73400", "2019-09-30": "232.05200", "2019-06-30": "227.70200", "2019-03-31": "222.18500", "2018-12-31": "204.32200", "2018-09-30": "207.16600", "2018-06-30": "199.51400", "2018-03-31": "194.68700", "2017-12-31": "178.58600", "2017-09-30": "189.65600", "2017-06-30": "172.66200", "2017-03-31": "160.81000", "2016-12-31": "148.87900", "2016-09-30": "153.14400", "2016-06-30": "145.90400", "2016-03-31": "140.35400", "2015-12-31": "122.18100", "2015-09-30": "126.28100", "2015-06-30": "117.50800", "2015-03-31": "114.63300", "2014-12-31": "97.02500", "2014-09-30": "82.93200", "2014-06-30": "70.41300", "2014-03-31": "63.02500", "2013-12-31": "", "2012-12-31": ""}, "Shares Outstanding": {"2020-09-30": "255.61100", "2020-06-30": "248.26600", "2020-03-31": "243.35500", "2019-12-31": "230.28900", "2019-09-30": "232.64600", "2019-06-30": "228.24300", "2019-03-31": "222.63700", "2018-12-31": "204.93300", "2018-09-30": "207.93300", "2018-06-30": "200.14200", "2018-03-31": "194.87700", "2017-12-31": "178.65700", "2017-09-30": "190.04000", "2017-06-30": "172.66200", "2017-03-31": "160.81000", "2016-12-31": "149.12400", "2016-09-30": "153.46200", "2016-06-30": "146.11600", "2016-03-31": "140.56400", "2015-12-31": "122.20800", "2015-09-30": "126.28100", "2015-06-30": "117.50800", "2015-03-31": "114.63300", "2014-12-31": "97.02500", "2014-09-30": "82.93200", "2014-06-30": "70.41300", "2014-03-31": "63.02500", "2013-12-31": "", "2012-12-31": ""}, "Basic EPS": {"2020-09-30": "0.21000", "2020-06-30": "0.16000", "2020-03-31": "0.26000", "2019-12-31": "0.26000", "2019-09-30": "0.48000", "2019-06-30": "0.30000", "2019-03-31": "0.20000", "2018-12-31": "0.26000", "2018-09-30": "0.23000", "2018-06-30": "0.31000", "2018-03-31": "0.26000", "2017-12-31": "0.21000", "2017-09-30": "0.15000", "2017-06-30": "0.35000", "2017-03-31": "0.19000", "2016-12-31": "0.19000", "2016-09-30": "0.24000", "2016-06-30": "0.21000", "2016-03-31": "0.18000", "2015-12-31": "0.18000", "2015-09-30": "0.18000", "2015-06-30": "0.17000", "2015-03-31": "0.15000", "2014-12-31": "0.18000", "2014-09-30": "0.13000", "2014-06-30": "0.15000", "2014-03-31": "0.15000", "2013-12-31": "", "2012-12-31": ""}, "EPS - Earnings Per Share": {"2020-09-30": "0.21000", "2020-06-30": "0.16000", "2020-03-31": "0.26000", "2019-12-31": "0.26000", "2019-09-30": "0.48000", "2019-06-30": "0.30000", "2019-03-31": "0.20000", "2018-12-31": "0.26000", "2018-09-30": "0.23000", "2018-06-30": "0.31000", "2018-03-31": "0.26000", "2017-12-31": "0.21000", "2017-09-30": "0.15000", "2017-06-30": "0.35000", "2017-03-31": "0.19000", "2016-12-31": "0.19000", "2016-09-30": "0.24000", "2016-06-30": "0.21000", "2016-03-31": "0.18000", "2015-12-31": "0.18000", "2015-09-30": "0.18000", "2015-06-30": "0.17000", "2015-03-31": "0.15000", "2014-12-31": "0.18000", "2014-09-30": "0.13000", "2014-06-30": "0.15000", "2014-03-31": "0.15000", "2013-12-31": "0.00000", "2012-12-31": "0.00000"}}, "balance sheet": {"Cash On Hand": {"2019-12-31": "99.75300", "2018-12-31": "27.51100", "2017-12-31": "42.93700", "2016-12-31": "116.13600", "2015-12-31": "115.62800", "2014-12-31": "175.46300", "2013-12-31": "86.37000", "2012-12-31": "68.54200"}, "Receivables": {"2019-12-31": "582.26700", "2018-12-31": "351.20200", "2017-12-31": "271.45300", "2016-12-31": "269.21000", "2015-12-31": "213.34200", "2014-12-31": "111.35400", "2013-12-31": "66.91700", "2012-12-31": "41.45000"}, "Inventory": {"2019-12-31": "", "2018-12-31": "", "2017-12-31": "", "2016-12-31": "", "2015-12-31": "", "2014-12-31": "", "2013-12-31": "", "2012-12-31": ""}, "Pre-Paid Expenses": {"2019-12-31": "", "2018-12-31": "", "2017-12-31": "", "2016-12-31": "", "2015-12-31": "", "2014-12-31": "", "2013-12-31": "", "2012-12-31": ""}, "Other Current Assets": {"2019-12-31": "", "2018-12-31": "", "2017-12-31": "", "2016-12-31": "", "2015-12-31": "", "2014-12-31": "", "2013-12-31": "", "2012-12-31": ""}, "Total Current Assets": {"2019-12-31": "682.02000", "2018-12-31": "378.71300", "2017-12-31": "314.39000", "2016-12-31": "385.34600", "2015-12-31": "328.97000", "2014-12-31": "286.81700", "2013-12-31": "153.28700", "2012-12-31": "109.99200"}, "Property, Plant, And Equipment": {"2019-12-31": "7508.27600", "2018-12-31": "6667.95500", "2017-12-31": "5516.81600", "2016-12-31": "4556.32200", "2015-12-31": "3582.41800", "2014-12-31": "2595.88600", "2013-12-31": "1592.27000", "2012-12-31": "858.24900"}, "Long-Term Investments": {"2019-12-31": "", "2018-12-31": "", "2017-12-31": "", "2016-12-31": "", "2015-12-31": "", "2014-12-31": "", "2013-12-31": "", "2012-12-31": ""}, "Goodwill And Intangible Assets": {"2019-12-31": "", "2018-12-31": "", "2017-12-31": "", "2016-12-31": "", "2015-12-31": "", "2014-12-31": "", "2013-12-31": "", "2012-12-31": ""}, "Other Long-Term Assets": {"2019-12-31": "81.97600", "2018-12-31": "67.30300", "2017-12-31": "68.57100", "2016-12-31": "", "2015-12-31": "", "2014-12-31": "", "2013-12-31": "9.02300", "2012-12-31": ""}, "Total Long-Term Assets": {"2019-12-31": "7590.25200", "2018-12-31": "6735.25800", "2017-12-31": "5585.38700", "2016-12-31": "4556.32200", "2015-12-31": "3582.41800", "2014-12-31": "2595.88600", "2013-12-31": "1632.81300", "2012-12-31": "869.84100"}, "Total Assets": {"2019-12-31": "8296.52600", "2018-12-31": "7113.97100", "2017-12-31": "5899.77700", "2016-12-31": "4941.66800", "2015-12-31": "3911.38800", "2014-12-31": "2882.70300", "2013-12-31": "1786.10000", "2012-12-31": "979.83300"}, "Total Current Liabilities": {"2019-12-31": "1369.36700", "2018-12-31": "1033.92400", "2017-12-31": "642.46090", "2016-12-31": "530.72300", "2015-12-31": "216.05800", "2014-12-31": "30.48600", "2013-12-31": "13.26300", "2012-12-31": "6.42400"}, "Long Term Debt": {"2019-12-31": "2328.48900", "2018-12-31": "2143.59200", "2017-12-31": "2026.30600", "2016-12-31": "1881.48100", "2015-12-31": "1597.50500", "2014-12-31": "1253.24200", "2013-12-31": "991.57700", "2012-12-31": "467.24300"}, "Other Non-Current Liabilities": {"2019-12-31": "83.93800", "2018-12-31": "72.95400", "2017-12-31": "60.06800", "2016-12-31": "46.20900", "2015-12-31": "38.03200", "2014-12-31": "16.29100", "2013-12-31": "7.34600", "2012-12-31": "9.25200"}, "Total Long Term Liabilities": {"2019-12-31": "2412.42700", "2018-12-31": "2216.54600", "2017-12-31": "2086.37400", "2016-12-31": "1927.69000", "2015-12-31": "1635.53700", "2014-12-31": "1269.53300", "2013-12-31": "998.92300", "2012-12-31": "476.49500"}, "Total Liabilities": {"2019-12-31": "3811.14100", "2018-12-31": "3250.47000", "2017-12-31": "2728.83500", "2016-12-31": "2458.41300", "2015-12-31": "1851.59500", "2014-12-31": "1300.01900", "2013-12-31": "1012.18600", "2012-12-31": "482.91900"}, "Common Stock Net": {"2019-12-31": "2.39800", "2018-12-31": "2.21100", "2017-12-31": "1.93800", "2016-12-31": "1.59300", "2015-12-31": "1.40900", "2014-12-31": "1.15200", "2013-12-31": "0.63000", "2012-12-31": "0.42300"}, "Retained Earnings (Accumulated Deficit)": {"2019-12-31": "-302.60900", "2018-12-31": "-267.65100", "2017-12-31": "-214.84500", "2016-12-31": "-151.59200", "2015-12-31": "-103.45300", "2014-12-31": "-54.40500", "2013-12-31": "-24.81600", "2012-12-31": "-6.11000"}, "Comprehensive Income": {"2019-12-31": "-2.33600", "2018-12-31": "-0.14100", "2017-12-31": "2.75900", "2016-12-31": "1.40900", "2015-12-31": "-0.29300", "2014-12-31": "-0.26600", "2013-12-31": "-0.12800", "2012-12-31": "-0.86100"}, "Other Share Holders Equity": {"2019-12-31": "", "2018-12-31": "", "2017-12-31": "", "2016-12-31": "", "2015-12-31": "", "2014-12-31": "", "2013-12-31": "", "2012-12-31": ""}, "Share Holder Equity": {"2019-12-31": "4485.38500", "2018-12-31": "3863.50100", "2017-12-31": "3170.94200", "2016-12-31": "2483.25500", "2015-12-31": "2059.79300", "2014-12-31": "1582.68400", "2013-12-31": "773.91400", "2012-12-31": "496.91400"}, "Total Liabilities And Share Holders Equity": {"2019-12-31": "8296.52600", "2018-12-31": "7113.97100", "2017-12-31": "5899.77700", "2016-12-31": "4941.66800", "2015-12-31": "3911.38800", "2014-12-31": "2882.70300", "2013-12-31": "1786.10000", "2012-12-31": "979.83300"}}, "balance sheet, quarterly": {"Cash On Hand": {"2020-09-30": "144.47800", "2020-06-30": "699.16500", "2020-03-31": "633.19200", "2019-12-31": "99.75300", "2019-09-30": "27.55300", "2019-06-30": "25.36800", "2019-03-31": "37.35200", "2018-12-31": "27.51100", "2018-09-30": "25.59800", "2018-06-30": "43.62200", "2018-03-31": "35.11600", "2017-12-31": "42.93700", "2017-09-30": "93.89600", "2017-06-30": "546.49400", "2017-03-31": "194.75600", "2016-12-31": "116.13600", "2016-09-30": "110.08300", "2016-06-30": "180.70800", "2016-03-31": "83.04600", "2015-12-31": "115.62800", "2015-09-30": "28.96900", "2015-06-30": "109.28300", "2015-03-31": "51.00800", "2014-12-31": "175.46300", "2014-09-30": "", "2014-06-30": "", "2014-03-31": "", "2013-12-31": "86.37000", "2012-12-31": "68.54000"}, "Receivables": {"2020-09-30": "591.41400", "2020-06-30": "618.46200", "2020-03-31": "580.89600", "2019-12-31": "582.26700", "2019-09-30": "473.17500", "2019-06-30": "454.46400", "2019-03-31": "356.99900", "2018-12-31": "351.20200", "2018-09-30": "351.99000", "2018-06-30": "321.69400", "2018-03-31": "299.09800", "2017-12-31": "271.45300", "2017-09-30": "273.26500", "2017-06-30": "267.95800", "2017-03-31": "262.58400", "2016-12-31": "269.21000", "2016-09-30": "259.68900", "2016-06-30": "235.93600", "2016-03-31": "225.71000", "2015-12-31": "213.34200", "2015-09-30": "197.24900", "2015-06-30": "168.27300", "2015-03-31": "145.85000", "2014-12-31": "111.35400", "2014-09-30": "", "2014-06-30": "", "2014-03-31": "", "2013-12-31": "66.91000", "2012-12-31": "41.45000"}, "Inventory": {"2020-09-30": "", "2020-06-30": "", "2020-03-31": "", "2019-12-31": "", "2019-09-30": "", "2019-06-30": "", "2019-03-31": "", "2018-12-31": "", "2018-09-30": "", "2018-06-30": "", "2018-03-31": "", "2017-12-31": "", "2017-09-30": "", "2017-06-30": "", "2017-03-31": "", "2016-12-31": "", "2016-09-30": "", "2016-06-30": "", "2016-03-31": "", "2015-12-31": "", "2015-09-30": "", "2015-06-30": "", "2015-03-31": "", "2014-12-31": "", "2014-09-30": "", "2014-06-30": "", "2014-03-31": "", "2013-12-31": "", "2012-12-31": ""}, "Pre-Paid Expenses": {"2020-09-30": "", "2020-06-30": "", "2020-03-31": "", "2019-12-31": "", "2019-09-30": "", "2019-06-30": "", "2019-03-31": "", "2018-12-31": "", "2018-09-30": "", "2018-06-30": "", "2018-03-31": "", "2017-12-31": "", "2017-09-30": "", "2017-06-30": "", "2017-03-31": "", "2016-12-31": "", "2016-09-30": "", "2016-06-30": "", "2016-03-31": "", "2015-12-31": "", "2015-09-30": "", "2015-06-30": "", "2015-03-31": "", "2014-12-31": "", "2014-09-30": "", "2014-06-30": "", "2014-03-31": "", "2013-12-31": "", "2012-12-31": ""}, "Other Current Assets": {"2020-09-30": "", "2020-06-30": "", "2020-03-31": "", "2019-12-31": "", "2019-09-30": "", "2019-06-30": "", "2019-03-31": "", "2018-12-31": "", "2018-09-30": "", "2018-06-30": "", "2018-03-31": "", "2017-12-31": "", "2017-09-30": "", "2017-06-30": "", "2017-03-31": "", "2016-12-31": "", "2016-09-30": "", "2016-06-30": "", "2016-03-31": "", "2015-12-31": "", "2015-09-30": "", "2015-06-30": "", "2015-03-31": "", "2014-12-31": "", "2014-09-30": "", "2014-06-30": "", "2014-03-31": "", "2013-12-31": "", "2012-12-31": ""}, "Total Current Assets": {"2020-09-30": "735.89200", "2020-06-30": "1317.62700", "2020-03-31": "1214.08800", "2019-12-31": "682.02000", "2019-09-30": "500.72800", "2019-06-30": "479.83200", "2019-03-31": "394.35100", "2018-12-31": "378.71300", "2018-09-30": "377.58800", "2018-06-30": "365.31600", "2018-03-31": "334.21400", "2017-12-31": "314.39000", "2017-09-30": "367.16100", "2017-06-30": "814.45200", "2017-03-31": "457.34000", "2016-12-31": "385.34600", "2016-09-30": "369.77200", "2016-06-30": "416.64400", "2016-03-31": "308.75600", "2015-12-31": "328.97000", "2015-09-30": "226.21800", "2015-06-30": "277.55600", "2015-03-31": "196.85800", "2014-12-31": "286.81700", "2014-09-30": "", "2014-06-30": "", "2014-03-31": "", "2013-12-31": "153.28000", "2012-12-31": "109.99000"}, "Property, Plant, And Equipment": {"2020-09-30": "7825.43300", "2020-06-30": "7674.13500", "2020-03-31": "7690.59000", "2019-12-31": "7508.27600", "2019-09-30": "7166.91100", "2019-06-30": "7104.64900", "2019-03-31": "6973.36600", "2018-12-31": "6667.95500", "2018-09-30": "6311.58900", "2018-06-30": "5889.33200", "2018-03-31": "5722.35700", "2017-12-31": "5516.81600", "2017-09-30": "5247.55600", "2017-06-30": "4917.68300", "2017-03-31": "4914.88900", "2016-12-31": "4556.32200", "2016-09-30": "4293.34900", "2016-06-30": "4128.44600", "2016-03-31": "3824.33300", "2015-12-31": "3582.41800", "2015-09-30": "3364.28800", "2015-06-30": "3157.39300", "2015-03-31": "2825.80100", "2014-12-31": "2595.88600", "2014-09-30": "", "2014-06-30": "", "2014-03-31": "", "2013-12-31": "", "2012-12-31": ""}, "Long-Term Investments": {"2020-09-30": "", "2020-06-30": "", "2020-03-31": "", "2019-12-31": "", "2019-09-30": "", "2019-06-30": "", "2019-03-31": "", "2018-12-31": "", "2018-09-30": "", "2018-06-30": "", "2018-03-31": "", "2017-12-31": "", "2017-09-30": "", "2017-06-30": "", "2017-03-31": "", "2016-12-31": "", "2016-09-30": "", "2016-06-30": "", "2016-03-31": "", "2015-12-31": "", "2015-09-30": "", "2015-06-30": "", "2015-03-31": "", "2014-12-31": "", "2014-09-30": "", "2014-06-30": "", "2014-03-31": "", "2013-12-31": "", "2012-12-31": ""}, "Goodwill And Intangible Assets": {"2020-09-30": "", "2020-06-30": "", "2020-03-31": "", "2019-12-31": "", "2019-09-30": "", "2019-06-30": "", "2019-03-31": "", "2018-12-31": "", "2018-09-30": "", "2018-06-30": "", "2018-03-31": "", "2017-12-31": "", "2017-09-30": "", "2017-06-30": "", "2017-03-31": "", "2016-12-31": "", "2016-09-30": "", "2016-06-30": "", "2016-03-31": "", "2015-12-31": "", "2015-09-30": "", "2015-06-30": "", "2015-03-31": "", "2014-12-31": "", "2014-09-30": "0.00000", "2014-06-30": "0.00000", "2014-03-31": "0.00000", "2013-12-31": "0.00000", "2012-12-31": "0.00000"}, "Other Long-Term Assets": {"2020-09-30": "135.29300", "2020-06-30": "121.70700", "2020-03-31": "75.61500", "2019-12-31": "81.97600", "2019-09-30": "121.29500", "2019-06-30": "93.63600", "2019-03-31": "89.51400", "2018-12-31": "67.30300", "2018-09-30": "62.56900", "2018-06-30": "67.09200", "2018-03-31": "72.27700", "2017-12-31": "68.57100", "2017-09-30": "", "2017-06-30": "4.25500", "2017-03-31": "", "2016-12-31": "", "2016-09-30": "", "2016-06-30": "", "2016-03-31": "2.27400", "2015-12-31": "", "2015-09-30": "38.08200", "2015-06-30": "10.63300", "2015-03-31": "6.80900", "2014-12-31": "", "2014-09-30": "", "2014-06-30": "", "2014-03-31": "", "2013-12-31": "1601.29000", "2012-12-31": "858.24000"}, "Total Long-Term Assets": {"2020-09-30": "7960.72600", "2020-06-30": "7795.84200", "2020-03-31": "7766.20500", "2019-12-31": "7590.25200", "2019-09-30": "7288.20600", "2019-06-30": "7198.28500", "2019-03-31": "7062.88000", "2018-12-31": "6735.25800", "2018-09-30": "6374.15800", "2018-06-30": "5956.42400", "2018-03-31": "5794.63400", "2017-12-31": "5585.38700", "2017-09-30": "5247.55600", "2017-06-30": "4921.93800", "2017-03-31": "4914.88900", "2016-12-31": "4556.32200", "2016-09-30": "4293.34900", "2016-06-30": "4128.44600", "2016-03-31": "3826.60700", "2015-12-31": "3582.41800", "2015-09-30": "3445.24000", "2015-06-30": "3210.30300", "2015-03-31": "2868.99500", "2014-12-31": "2595.88600", "2014-09-30": "", "2014-06-30": "", "2014-03-31": "", "2013-12-31": "1632.81000", "2012-12-31": "869.83000"}, "Total Assets": {"2020-09-30": "8720.43800", "2020-06-30": "9137.53800", "2020-03-31": "9004.30200", "2019-12-31": "8296.52600", "2019-09-30": "7813.42700", "2019-06-30": "7699.97400", "2019-03-31": "7479.34200", "2018-12-31": "7113.97100", "2018-09-30": "6751.74600", "2018-06-30": "6321.74000", "2018-03-31": "6128.84800", "2017-12-31": "5899.77700", "2017-09-30": "5614.71700", "2017-06-30": "5736.39000", "2017-03-31": "5372.22900", "2016-12-31": "4941.66800", "2016-09-30": "4663.12100", "2016-06-30": "4545.09000", "2016-03-31": "4135.36300", "2015-12-31": "3911.38800", "2015-09-30": "3671.45800", "2015-06-30": "3487.85900", "2015-03-31": "3065.85300", "2014-12-31": "2882.70300", "2014-09-30": "0.00000", "2014-06-30": "0.00000", "2014-03-31": "0.00000", "2013-12-31": "1786.10000", "2012-12-31": "979.83000"}, "Total Current Liabilities": {"2020-09-30": "1382.97100", "2020-06-30": "1376.21900", "2020-03-31": "1370.08400", "2019-12-31": "1369.36700", "2019-09-30": "1367.03100", "2019-06-30": "1373.97100", "2019-03-31": "1350.78700", "2018-12-31": "1033.92400", "2018-09-30": "1023.07200", "2018-06-30": "1005.94900", "2018-03-31": "995.87000", "2017-12-31": "642.46090", "2017-09-30": "639.26400", "2017-06-30": "616.77200", "2017-03-31": "627.12400", "2016-12-31": "530.72300", "2016-09-30": "524.97000", "2016-06-30": "502.55600", "2016-03-31": "207.00900", "2015-12-31": "216.05800", "2015-09-30": "28.23400", "2015-06-30": "25.65000", "2015-03-31": "21.06700", "2014-12-31": "30.48600", "2014-09-30": "", "2014-06-30": "", "2014-03-31": "", "2013-12-31": "13.26000", "2012-12-31": "6.42000"}, "Long Term Debt": {"2020-09-30": "2305.64200", "2020-06-30": "2913.30900", "2020-03-31": "2920.92400", "2019-12-31": "2328.48900", "2019-09-30": "2025.08200", "2019-06-30": "2104.14900", "2019-03-31": "2037.16500", "2018-12-31": "2143.59200", "2018-09-30": "2040.06000", "2018-06-30": "1801.12900", "2018-03-31": "1808.91400", "2017-12-31": "2026.30600", "2017-09-30": "1823.34300", "2017-06-30": "1943.05800", "2017-03-31": "1958.42600", "2016-12-31": "1881.48100", "2016-09-30": "1688.15700", "2016-06-30": "1650.53200", "2016-03-31": "1835.61200", "2015-12-31": "1597.50500", "2015-09-30": "1827.88600", "2015-06-30": "1638.81100", "2015-03-31": "1441.22000", "2014-12-31": "1253.24200", "2014-09-30": "", "2014-06-30": "", "2014-03-31": "", "2013-12-31": "991.57000", "2012-12-31": "467.24000"}, "Other Non-Current Liabilities": {"2020-09-30": "94.08500", "2020-06-30": "88.65400", "2020-03-31": "85.45500", "2019-12-31": "83.93800", "2019-09-30": "82.18100", "2019-06-30": "76.00900", "2019-03-31": "74.67600", "2018-12-31": "72.95400", "2018-09-30": "69.91200", "2018-06-30": "63.61400", "2018-03-31": "61.39400", "2017-12-31": "60.06800", "2017-09-30": "58.90400", "2017-06-30": "55.10500", "2017-03-31": "49.70000", "2016-12-31": "46.20900", "2016-09-30": "45.17000", "2016-06-30": "52.27500", "2016-03-31": "46.39300", "2015-12-31": "38.03200", "2015-09-30": "39.81700", "2015-06-30": "37.74500", "2015-03-31": "31.86600", "2014-12-31": "16.29100", "2014-09-30": "", "2014-06-30": "", "2014-03-31": "", "2013-12-31": "7.34000", "2012-12-31": "9.25000"}, "Total Long Term Liabilities": {"2020-09-30": "2399.72700", "2020-06-30": "3001.96300", "2020-03-31": "3006.37900", "2019-12-31": "2412.42700", "2019-09-30": "2107.26300", "2019-06-30": "2180.15800", "2019-03-31": "2111.84100", "2018-12-31": "2216.54600", "2018-09-30": "2109.97200", "2018-06-30": "1864.74300", "2018-03-31": "1870.30800", "2017-12-31": "2086.37400", "2017-09-30": "1882.24700", "2017-06-30": "1998.16300", "2017-03-31": "2008.12600", "2016-12-31": "1927.69000", "2016-09-30": "1733.32700", "2016-06-30": "1702.80700", "2016-03-31": "1882.00500", "2015-12-31": "1635.53700", "2015-09-30": "1867.70300", "2015-06-30": "1676.55600", "2015-03-31": "1473.08600", "2014-12-31": "1269.53300", "2014-09-30": "", "2014-06-30": "", "2014-03-31": "", "2013-12-31": "998.91000", "2012-12-31": "476.49000"}, "Total Liabilities": {"2020-09-30": "3811.71400", "2020-06-30": "4407.41200", "2020-03-31": "4405.59300", "2019-12-31": "3811.14100", "2019-09-30": "3504.33600", "2019-06-30": "3581.48500", "2019-03-31": "3490.18700", "2018-12-31": "3250.47000", "2018-09-30": "3133.04400", "2018-06-30": "2870.69200", "2018-03-31": "2866.17800", "2017-12-31": "2728.83500", "2017-09-30": "2521.51100", "2017-06-30": "2614.93500", "2017-03-31": "2635.25000", "2016-12-31": "2458.41300", "2016-09-30": "2258.29700", "2016-06-30": "2205.36300", "2016-03-31": "2089.01400", "2015-12-31": "1851.59500", "2015-09-30": "1895.93700", "2015-06-30": "1702.20600", "2015-03-31": "1494.15300", "2014-12-31": "1300.01900", "2014-09-30": "0.00000", "2014-06-30": "0.00000", "2014-03-31": "0.00000", "2013-12-31": "1012.18000", "2012-12-31": "482.91000"}, "Common Stock Net": {"2020-09-30": "2.61300", "2020-06-30": "2.53300", "2020-03-31": "2.44200", "2019-12-31": "2.39800", "2019-09-30": "2.34800", "2019-06-30": "2.30300", "2019-03-31": "2.26300", "2018-12-31": "2.21100", "2018-09-30": "2.11900", "2018-06-30": "2.05200", "2018-03-31": "1.98000", "2017-12-31": "1.93800", "2017-09-30": "1.90000", "2017-06-30": "1.90000", "2017-03-31": "1.71400", "2016-12-31": "1.59300", "2016-09-30": "1.55800", "2016-06-30": "1.53300", "2016-03-31": "1.40900", "2015-12-31": "1.40900", "2015-09-30": "1.26900", "2015-06-30": "1.26900", "2015-03-31": "1.15300", "2014-12-31": "1.15200", "2014-09-30": "0.00000", "2014-06-30": "0.00000", "2014-03-31": "0.00000", "2013-12-31": "0.63000", "2012-12-31": "0.42000"}, "Retained Earnings (Accumulated Deficit)": {"2020-09-30": "-417.86200", "2020-06-30": "-378.30800", "2020-03-31": "-330.25900", "2019-12-31": "-302.60900", "2019-09-30": "-277.40500", "2019-06-30": "-306.57300", "2019-03-31": "-298.33100", "2018-12-31": "-267.65100", "2018-09-30": "-250.17400", "2018-06-30": "-228.48700", "2018-03-31": "-227.07400", "2017-12-31": "-214.84500", "2017-09-30": "-194.67100", "2017-06-30": "-164.35300", "2017-03-31": "-170.31400", "2016-12-31": "-151.59200", "2016-09-30": "-137.32300", "2016-06-30": "-128.49600", "2016-03-31": "-117.36600", "2015-12-31": "-103.45300", "2015-09-30": "-89.49300", "2015-06-30": "-78.23900", "2015-03-31": "-66.16000", "2014-12-31": "-54.40500", "2014-09-30": "", "2014-06-30": "", "2014-03-31": "", "2013-12-31": "-24.81000", "2012-12-31": "-6.11000"}, "Comprehensive Income": {"2020-09-30": "-3.15100", "2020-06-30": "-3.50700", "2020-03-31": "-3.62200", "2019-12-31": "-2.33600", "2019-09-30": "-2.37300", "2019-06-30": "-2.12600", "2019-03-31": "-1.02700", "2018-12-31": "-0.14100", "2018-09-30": "8.34100", "2018-06-30": "8.51900", "2018-03-31": "8.30400", "2017-12-31": "2.75900", "2017-09-30": "1.62400", "2017-06-30": "1.47400", "2017-03-31": "1.80500", "2016-12-31": "1.40900", "2016-09-30": "-1.82600", "2016-06-30": "-2.34800", "2016-03-31": "-0.48200", "2015-12-31": "-0.29300", "2015-09-30": "-0.48600", "2015-06-30": "-0.32800", "2015-03-31": "-0.41700", "2014-12-31": "-0.26600", "2014-09-30": "", "2014-06-30": "", "2014-03-31": "", "2013-12-31": "", "2012-12-31": ""}, "Other Share Holders Equity": {"2020-09-30": "", "2020-06-30": "", "2020-03-31": "", "2019-12-31": "", "2019-09-30": "", "2019-06-30": "", "2019-03-31": "", "2018-12-31": "", "2018-09-30": "", "2018-06-30": "", "2018-03-31": "", "2017-12-31": "", "2017-09-30": "", "2017-06-30": "", "2017-03-31": "", "2016-12-31": "", "2016-09-30": "", "2016-06-30": "", "2016-03-31": "", "2015-12-31": "", "2015-09-30": "", "2015-06-30": "", "2015-03-31": "", "2014-12-31": "", "2014-09-30": "0.00000", "2014-06-30": "0.00000", "2014-03-31": "0.00000", "2013-12-31": "-0.12000", "2012-12-31": "-0.86000"}, "Share Holder Equity": {"2020-09-30": "4908.72400", "2020-06-30": "4730.12600", "2020-03-31": "4598.70900", "2019-12-31": "4485.38500", "2019-09-30": "4309.09100", "2019-06-30": "4118.48900", "2019-03-31": "3989.15500", "2018-12-31": "3863.50100", "2018-09-30": "3618.70200", "2018-06-30": "3451.04800", "2018-03-31": "3262.67000", "2017-12-31": "3170.94200", "2017-09-30": "3093.20600", "2017-06-30": "3121.45500", "2017-03-31": "2736.97900", "2016-12-31": "2483.25500", "2016-09-30": "2404.82400", "2016-06-30": "2339.72700", "2016-03-31": "2046.34900", "2015-12-31": "2059.79300", "2015-09-30": "1775.52100", "2015-06-30": "1785.65300", "2015-03-31": "1571.70000", "2014-12-31": "1582.68400", "2014-09-30": "0.00000", "2014-06-30": "0.00000", "2014-03-31": "0.00000", "2013-12-31": "773.91000", "2012-12-31": "496.91000"}, "Total Liabilities And Share Holders Equity": {"2020-09-30": "8720.43800", "2020-06-30": "9137.53800", "2020-03-31": "9004.30200", "2019-12-31": "8296.52600", "2019-09-30": "7813.42700", "2019-06-30": "7699.97400", "2019-03-31": "7479.34200", "2018-12-31": "7113.97100", "2018-09-30": "6751.74600", "2018-06-30": "6321.74000", "2018-03-31": "6128.84800", "2017-12-31": "5899.77700", "2017-09-30": "5614.71700", "2017-06-30": "5736.39000", "2017-03-31": "5372.22900", "2016-12-31": "4941.66800", "2016-09-30": "4663.12100", "2016-06-30": "4545.09000", "2016-03-31": "4135.36300", "2015-12-31": "3911.38800", "2015-09-30": "3671.45800", "2015-06-30": "3487.85900", "2015-03-31": "3065.85300", "2014-12-31": "2882.70300", "2014-09-30": "0.00000", "2014-06-30": "0.00000", "2014-03-31": "0.00000", "2013-12-31": "1786.10000", "2012-12-31": "979.83000"}}, "cash flow statement": {"Net Income/Loss": {"2019-12-31": "284.97500", "2018-12-31": "216.97000", "2017-12-31": "162.03800", "2016-12-31": "123.32500", "2015-12-31": "83.77000", "2014-12-31": "48.13900", "2013-12-31": "26.31300", "2012-12-31": "8.17600"}, "Total Depreciation And Amortization - Cash Flow": {"2019-12-31": "243.36700", "2018-12-31": "199.98300", "2017-12-31": "168.18800", "2016-12-31": "133.90700", "2015-12-31": "99.85700", "2014-12-31": "66.46500", "2013-12-31": "36.33800", "2012-12-31": "13.61900"}, "Other Non-Cash Items": {"2019-12-31": "-73.25600", "2018-12-31": "-31.95300", "2017-12-31": "-22.43600", "2016-12-31": "-11.52200", "2015-12-31": "-0.18700", "2014-12-31": "-6.59100", "2013-12-31": "-4.30900", "2012-12-31": "-0.33600"}, "Total Non-Cash Items": {"2019-12-31": "170.11100", "2018-12-31": "168.03000", "2017-12-31": "145.75200", "2016-12-31": "122.38500", "2015-12-31": "99.67000", "2014-12-31": "59.87400", "2013-12-31": "32.02900", "2012-12-31": "13.28300"}, "Change In Accounts Receivable": {"2019-12-31": "", "2018-12-31": "", "2017-12-31": "", "2016-12-31": "", "2015-12-31": "", "2014-12-31": "", "2013-12-31": "", "2012-12-31": ""}, "Change In Inventories": {"2019-12-31": "", "2018-12-31": "", "2017-12-31": "", "2016-12-31": "", "2015-12-31": "", "2014-12-31": "", "2013-12-31": "", "2012-12-31": ""}, "Change In Accounts Payable": {"2019-12-31": "", "2018-12-31": "", "2017-12-31": "", "2016-12-31": "", "2015-12-31": "", "2014-12-31": "", "2013-12-31": "", "2012-12-31": ""}, "Change In Assets/Liabilities": {"2019-12-31": "-5.60800", "2018-12-31": "-4.92600", "2017-12-31": "-4.12600", "2016-12-31": "-5.34000", "2015-12-31": "-3.80300", "2014-12-31": "-4.42000", "2013-12-31": "-15.64600", "2012-12-31": "-3.36000"}, "Total Change In Assets/Liabilities": {"2019-12-31": "3.24800", "2018-12-31": "6.67800", "2017-12-31": "1.63500", "2016-12-31": "0.59400", "2015-12-31": "3.56200", "2014-12-31": "-5.43200", "2013-12-31": "-3.40800", "2012-12-31": "0.95600"}, "Cash Flow From Operating Activities": {"2019-12-31": "458.33400", "2018-12-31": "391.67800", "2017-12-31": "309.42500", "2016-12-31": "246.30400", "2015-12-31": "187.00200", "2014-12-31": "102.58100", "2013-12-31": "54.93400", "2012-12-31": "22.41500"}, "Net Change In Property, Plant, And Equipment": {"2019-12-31": "-1012.63800", "2018-12-31": "-1284.15500", "2017-12-31": "-1095.41200", "2016-12-31": "-1091.75600", "2015-12-31": "-1075.97000", "2014-12-31": "-1004.98700", "2013-12-31": "-747.80100", "2012-12-31": "-635.56100"}, "Net Change In Intangible Assets": {"2019-12-31": "", "2018-12-31": "", "2017-12-31": "", "2016-12-31": "", "2015-12-31": "", "2014-12-31": "", "2013-12-31": "", "2012-12-31": ""}, "Net Acquisitions/Divestitures": {"2019-12-31": "", "2018-12-31": "", "2017-12-31": "", "2016-12-31": "", "2015-12-31": "", "2014-12-31": "", "2013-12-31": "", "2012-12-31": ""}, "Net Change In Short-term Investments": {"2019-12-31": "-237.17500", "2018-12-31": "-82.88300", "2017-12-31": "-5.45900", "2016-12-31": "-38.61700", "2015-12-31": "-102.03900", "2014-12-31": "-46.43000", "2013-12-31": "-33.40900", "2012-12-31": "-36.50400"}, "Net Change In Long-Term Investments": {"2019-12-31": "", "2018-12-31": "", "2017-12-31": "", "2016-12-31": "", "2015-12-31": "", "2014-12-31": "", "2013-12-31": "", "2012-12-31": ""}, "Net Change In Investments - Total": {"2019-12-31": "-237.17500", "2018-12-31": "-82.88300", "2017-12-31": "-5.45900", "2016-12-31": "-38.61700", "2015-12-31": "-102.03900", "2014-12-31": "-46.43000", "2013-12-31": "-33.40900", "2012-12-31": "-36.50400"}, "Investing Activities - Other": {"2019-12-31": "", "2018-12-31": "", "2017-12-31": "", "2016-12-31": "", "2015-12-31": "", "2014-12-31": "", "2013-12-31": "-5.30500", "2012-12-31": "-0.08900"}, "Cash Flow From Investing Activities": {"2019-12-31": "-1249.81300", "2018-12-31": "-1367.03800", "2017-12-31": "-1100.87100", "2016-12-31": "-1130.37300", "2015-12-31": "-1178.00900", "2014-12-31": "-1051.41700", "2013-12-31": "-786.51500", "2012-12-31": "-672.15400"}, "Net Long-Term Debt": {"2019-12-31": "668.75400", "2018-12-31": "656.37600", "2017-12-31": "-3.03700", "2016-12-31": "535.77910", "2015-12-31": "521.81800", "2014-12-31": "265.46800", "2013-12-31": "670.09300", "2012-12-31": "289.38300"}, "Net Current Debt": {"2019-12-31": "-135.00000", "2018-12-31": "-155.00000", "2017-12-31": "242.00000", "2016-12-31": "48.00000", "2015-12-31": "", "2014-12-31": "", "2013-12-31": "-160.66200", "2012-12-31": "130.69100"}, "Debt Issuance/Retirement Net - Total": {"2019-12-31": "533.75400", "2018-12-31": "501.37600", "2017-12-31": "238.96300", "2016-12-31": "583.77910", "2015-12-31": "521.81800", "2014-12-31": "265.46800", "2013-12-31": "509.43100", "2012-12-31": "420.07400"}, "Net Common Equity Issued/Repurchased": {"2019-12-31": "654.91100", "2018-12-31": "751.08300", "2017-12-31": "753.01100", "2016-12-31": "476.98500", "2015-12-31": "542.14200", "2014-12-31": "875.47600", "2013-12-31": "293.75100", "2012-12-31": "280.22600"}, "Net Total Equity Issued/Repurchased": {"2019-12-31": "654.91100", "2018-12-31": "751.08300", "2017-12-31": "753.01100", "2016-12-31": "476.98500", "2015-12-31": "542.14200", "2014-12-31": "875.35100", "2013-12-31": "293.75100", "2012-12-31": "280.35100"}, "Total Common And Preferred Stock Dividends Paid": {"2019-12-31": "-307.15700", "2018-12-31": "-255.57200", "2017-12-31": "-209.91800", "2016-12-31": "-162.61800", "2015-12-31": "-107.91200", "2014-12-31": "-64.56200", "2013-12-31": "-51.59700", "2012-12-31": "-5.68500"}, "Financial Activities - Other": {"2019-12-31": "-21.66500", "2018-12-31": "-27.68800", "2017-12-31": "-14.59800", "2016-12-31": "-24.34900", "2015-12-31": "-33.32900", "2014-12-31": "-50.05000", "2013-12-31": "-22.94200", "2012-12-31": "-11.45200"}, "Cash Flow From Financial Activities": {"2019-12-31": "859.84300", "2018-12-31": "969.19900", "2017-12-31": "767.45800", "2016-12-31": "873.79700", "2015-12-31": "922.71900", "2014-12-31": "1026.20700", "2013-12-31": "728.64300", "2012-12-31": "683.28800"}, "Net Cash Flow": {"2019-12-31": "68.36400", "2018-12-31": "-6.16100", "2017-12-31": "-23.98800", "2016-12-31": "-10.27200", "2015-12-31": "-68.28800", "2014-12-31": "77.37100", "2013-12-31": "-2.93800", "2012-12-31": "33.54900"}, "Stock-Based Compensation": {"2019-12-31": "", "2018-12-31": "", "2017-12-31": "", "2016-12-31": "", "2015-12-31": "", "2014-12-31": "", "2013-12-31": "", "2012-12-31": ""}, "Common Stock Dividends Paid": {"2019-12-31": "-307.15700", "2018-12-31": "-255.57200", "2017-12-31": "-209.91800", "2016-12-31": "-162.61800", "2015-12-31": "-107.91200", "2014-12-31": "-64.56200", "2013-12-31": "-51.59700", "2012-12-31": "-5.68500"}}, "cash flow statement, quarterly": {"Net Income/Loss": {"2020-09-30": 54.63, "2020-06-30": 40.6, "2020-03-31": "62.66000", "2019-12-31": 59.837, "2019-09-30": 111.618, "2019-06-30": 67.964, "2019-03-31": "45.55600", "2018-12-31": 56.584, "2018-09-30": 48.225, "2018-06-30": 62.201, "2018-03-31": "49.96000", "2017-12-31": 41.008, "2017-09-30": 28.58, "2017-06-30": 61.06, "2017-03-31": "31.39000", "2016-12-31": 31.94, "2016-09-30": 36.343, "2016-06-30": 30.249, "2016-03-31": "24.79300", "2015-12-31": 24.072, "2015-09-30": 22.998, "2015-06-30": 19.634, "2015-03-31": "17.06600", "2014-12-31": 17.414, "2014-09-30": 10.755, "2014-06-30": 10.422, "2014-03-31": "9.53900", "2013-12-31": 18.14, "2012-12-31": 8.17}, "Total Depreciation And Amortization - Cash Flow": {"2020-09-30": 65.945, "2020-06-30": 64.855, "2020-03-31": "57.90800", "2019-12-31": 64.197, "2019-09-30": 61.444, "2019-06-30": 60.273, "2019-03-31": "57.45300", "2018-12-31": 55.756, "2018-09-30": 49.909, "2018-06-30": 48.439, "2018-03-31": "45.87900", "2017-12-31": 43.981, "2017-09-30": 43.638, "2017-06-30": 41.471, "2017-03-31": "39.09800", "2016-12-31": 36.743, "2016-09-30": 34.74, "2016-06-30": 32.588, "2016-03-31": "29.83600", "2015-12-31": 27.833, "2015-09-30": 26.354, "2015-06-30": 24.484, "2015-03-31": "21.18600", "2014-12-31": 18.886, "2014-09-30": 18.912, "2014-06-30": 15.394, "2014-03-31": "13.26800", "2013-12-31": 22.72, "2012-12-31": 13.61}, "Other Non-Cash Items": {"2020-09-30": -15.928, "2020-06-30": -34.84, "2020-03-31": "-2.17200", "2019-12-31": -3.357, "2019-09-30": -52.735, "2019-06-30": -15.682, "2019-03-31": "-1.48200", "2018-12-31": -8.132, "2018-09-30": 0.353, "2018-06-30": -18.729, "2018-03-31": "-5.44500", "2017-12-31": -1.916, "2017-09-30": 5.357, "2017-06-30": -25.737, "2017-03-31": "-0.14000", "2016-12-31": -1.369, "2016-09-30": -7.066, "2016-06-30": -3.6, "2016-03-31": "0.51300", "2015-12-31": 0.76, "2015-09-30": -0.631, "2015-06-30": -1.649, "2015-03-31": "1.33300", "2014-12-31": -3.056, "2014-09-30": -0.425, "2014-06-30": -1.871, "2014-03-31": "-1.23900", "2013-12-31": 0, "2012-12-31": 0}, "Total Non-Cash Items": {"2020-09-30": 50.017, "2020-06-30": 30.015, "2020-03-31": "55.73600", "2019-12-31": 60.84, "2019-09-30": 8.709, "2019-06-30": 44.591, "2019-03-31": "55.97100", "2018-12-31": 47.624, "2018-09-30": 50.262, "2018-06-30": 29.71, "2018-03-31": "40.43400", "2017-12-31": 42.065, "2017-09-30": 48.995, "2017-06-30": 15.734, "2017-03-31": "38.95800", "2016-12-31": 35.374, "2016-09-30": 27.674, "2016-06-30": 28.988, "2016-03-31": "30.34900", "2015-12-31": 28.593, "2015-09-30": 25.723, "2015-06-30": 22.835, "2015-03-31": "22.51900", "2014-12-31": 22.421, "2014-09-30": 18.487, "2014-06-30": 13.523, "2014-03-31": "12.02900", "2013-12-31": 22.72, "2012-12-31": 13.61}, "Change In Accounts Receivable": {"2020-09-30": 0, "2020-06-30": 0, "2020-03-31": "", "2019-12-31": 0, "2019-09-30": 0, "2019-06-30": 0, "2019-03-31": "", "2018-12-31": 0, "2018-09-30": 0, "2018-06-30": 0, "2018-03-31": "", "2017-12-31": 0, "2017-09-30": 0, "2017-06-30": 0, "2017-03-31": "", "2016-12-31": 0, "2016-09-30": 0, "2016-06-30": 0, "2016-03-31": "", "2015-12-31": 0, "2015-09-30": 0, "2015-06-30": 0, "2015-03-31": "", "2014-12-31": 0, "2014-09-30": 0, "2014-06-30": 0, "2014-03-31": "", "2013-12-31": 0, "2012-12-31": 0}, "Change In Inventories": {"2020-09-30": 0, "2020-06-30": 0, "2020-03-31": "", "2019-12-31": 0, "2019-09-30": 0, "2019-06-30": 0, "2019-03-31": "", "2018-12-31": 0, "2018-09-30": 0, "2018-06-30": 0, "2018-03-31": "", "2017-12-31": 0, "2017-09-30": 0, "2017-06-30": 0, "2017-03-31": "", "2016-12-31": 0, "2016-09-30": 0, "2016-06-30": 0, "2016-03-31": "", "2015-12-31": 0, "2015-09-30": 0, "2015-06-30": 0, "2015-03-31": "", "2014-12-31": 0, "2014-09-30": 0, "2014-06-30": 0, "2014-03-31": "", "2013-12-31": 0, "2012-12-31": 0}, "Change In Accounts Payable": {"2020-09-30": 0, "2020-06-30": 0, "2020-03-31": "", "2019-12-31": 0, "2019-09-30": 0, "2019-06-30": 0, "2019-03-31": "", "2018-12-31": 0, "2018-09-30": 0, "2018-06-30": 0, "2018-03-31": "", "2017-12-31": 0, "2017-09-30": 0, "2017-06-30": 0, "2017-03-31": "", "2016-12-31": 0, "2016-09-30": 0, "2016-06-30": 0, "2016-03-31": "", "2015-12-31": 0, "2015-09-30": 0, "2015-06-30": 0, "2015-03-31": "", "2014-12-31": 0, "2014-09-30": 0, "2014-06-30": 0, "2014-03-31": "", "2013-12-31": 0, "2012-12-31": 0}, "Change In Assets/Liabilities": {"2020-09-30": 4.962, "2020-06-30": -6.145, "2020-03-31": "-0.08200", "2019-12-31": -1.74, "2019-09-30": -2.008, "2019-06-30": -0.986, "2019-03-31": "-0.87400", "2018-12-31": -1.826, "2018-09-30": 0.667, "2018-06-30": -1.491, "2018-03-31": "-2.27600", "2017-12-31": -0.242, "2017-09-30": 0.029, "2017-06-30": -2.054, "2017-03-31": "-1.85900", "2016-12-31": -2.309, "2016-09-30": -0.95, "2016-06-30": -0.139, "2016-03-31": "-1.94200", "2015-12-31": -0.469, "2015-09-30": -1.91, "2015-06-30": -1.145, "2015-03-31": "-0.27900", "2014-12-31": -4.163, "2014-09-30": -0.273, "2014-06-30": -3.767, "2014-03-31": "3.78300", "2013-12-31": 0, "2012-12-31": 0}, "Total Change In Assets/Liabilities": {"2020-09-30": 10.167, "2020-06-30": 1.019, "2020-03-31": "-6.19200", "2019-12-31": 1.983, "2019-09-30": -2.934, "2019-06-30": 10.879, "2019-03-31": "-6.68000", "2018-12-31": 4.397, "2018-09-30": 5.121, "2018-06-30": 0.316, "2018-03-31": "-3.15600", "2017-12-31": -3.053, "2017-09-30": 9.826, "2017-06-30": -3.907, "2017-03-31": "-1.23100", "2016-12-31": -3.969, "2016-09-30": 5.786, "2016-06-30": 1.306, "2016-03-31": "-2.52900", "2015-12-31": 3.752, "2015-09-30": -0.405, "2015-06-30": 3.727, "2015-03-31": "-3.51200", "2014-12-31": 1.438, "2014-09-30": -1.748, "2014-06-30": 0.992, "2014-03-31": "-0.59200", "2013-12-31": -4.35, "2012-12-31": 0.95}, "Cash Flow From Operating Activities": {"2020-09-30": 114.814, "2020-06-30": 71.634, "2020-03-31": "112.20400", "2019-12-31": 122.66, "2019-09-30": 117.393, "2019-06-30": 123.434, "2019-03-31": "94.84700", "2018-12-31": 108.605, "2018-09-30": 103.608, "2018-06-30": 92.227, "2018-03-31": "87.23800", "2017-12-31": 80.02, "2017-09-30": 87.401, "2017-06-30": 72.887, "2017-03-31": "69.11700", "2016-12-31": 63.345, "2016-09-30": 69.803, "2016-06-30": 60.543, "2016-03-31": "52.61300", "2015-12-31": 56.417, "2015-09-30": 48.316, "2015-06-30": 46.196, "2015-03-31": "36.07300", "2014-12-31": 34.693, "2014-09-30": 27.494, "2014-06-30": 24.937, "2014-03-31": "20.97600", "2013-12-31": 32.52, "2012-12-31": 22.41}, "Net Change In Property, Plant, And Equipment": {"2020-09-30": -198.666, "2020-06-30": -37.543, "2020-03-31": "-224.74900", "2019-12-31": -401.616, "2019-09-30": -66.762, "2019-06-30": -159.668, "2019-03-31": "-384.59200", "2018-12-31": -397.958, "2018-09-30": -458.015, "2018-06-30": -196.7, "2018-03-31": "-231.48200", "2017-12-31": -318.88, "2017-09-30": -352.38, "2017-06-30": -25.243, "2017-03-31": "-398.90900", "2016-12-31": -286.701, "2016-09-30": -202.4739, "2016-06-30": -329.8531, "2016-03-31": "-272.72800", "2015-12-31": -239.245, "2015-09-30": -219.174, "2015-06-30": -353.354, "2015-03-31": "-264.19700", "2014-12-31": 753.09, "2014-09-30": -247.074, "2014-06-30": -264.167, "2014-03-31": "-241.84900", "2013-12-31": 0, "2012-12-31": 0}, "Net Change In Intangible Assets": {"2020-09-30": 0, "2020-06-30": 0, "2020-03-31": "", "2019-12-31": 0, "2019-09-30": 0, "2019-06-30": 0, "2019-03-31": "", "2018-12-31": 0, "2018-09-30": 0, "2018-06-30": 0, "2018-03-31": "", "2017-12-31": 0, "2017-09-30": 0, "2017-06-30": 0, "2017-03-31": "", "2016-12-31": 0, "2016-09-30": 0, "2016-06-30": 0, "2016-03-31": "", "2015-12-31": 0, "2015-09-30": 0, "2015-06-30": 0, "2015-03-31": "", "2014-12-31": 0, "2014-09-30": 0, "2014-06-30": 0, "2014-03-31": "", "2013-12-31": 0, "2012-12-31": 0}, "Net Acquisitions/Divestitures": {"2020-09-30": 0, "2020-06-30": 0, "2020-03-31": "", "2019-12-31": 0, "2019-09-30": 0, "2019-06-30": 0, "2019-03-31": "", "2018-12-31": 0, "2018-09-30": 0, "2018-06-30": 0, "2018-03-31": "", "2017-12-31": 0, "2017-09-30": 0, "2017-06-30": 0, "2017-03-31": "", "2016-12-31": 0, "2016-09-30": 0, "2016-06-30": 0, "2016-03-31": "", "2015-12-31": 0, "2015-09-30": 0, "2015-06-30": 0, "2015-03-31": "", "2014-12-31": 0, "2014-09-30": 0, "2014-06-30": 0, "2014-03-31": "", "2013-12-31": 0, "2012-12-31": 0}, "Net Change In Short-term Investments": {"2020-09-30": 14.583, "2020-06-30": -50.512, "2020-03-31": "-1.11100", "2019-12-31": -100.11, "2019-09-30": -18.728, "2019-06-30": -101.889, "2019-03-31": "-16.44800", "2018-12-31": 0.769, "2018-09-30": -30.38, "2018-06-30": -23.651, "2018-03-31": "-29.62100", "2017-12-31": 0.286, "2017-09-30": -5.322, "2017-06-30": -7.089, "2017-03-31": "6.66600", "2016-12-31": -9.547, "2016-09-30": -6.291, "2016-06-30": -10.393, "2016-03-31": "-12.38600", "2015-12-31": -16.111, "2015-09-30": -28.988, "2015-06-30": -22.432, "2015-03-31": "-34.50800", "2014-12-31": -11.648, "2014-09-30": -0.044, "2014-06-30": -3.576, "2014-03-31": "-31.16200", "2013-12-31": 0, "2012-12-31": 0}, "Net Change In Long-Term Investments": {"2020-09-30": 0, "2020-06-30": 0, "2020-03-31": "", "2019-12-31": 0, "2019-09-30": 0, "2019-06-30": 0, "2019-03-31": "", "2018-12-31": 0, "2018-09-30": 0, "2018-06-30": 0, "2018-03-31": "", "2017-12-31": 0, "2017-09-30": 0, "2017-06-30": 0, "2017-03-31": "", "2016-12-31": 0, "2016-09-30": 0, "2016-06-30": 0, "2016-03-31": "", "2015-12-31": 0, "2015-09-30": 0, "2015-06-30": 0, "2015-03-31": "", "2014-12-31": 0, "2014-09-30": 0, "2014-06-30": 0, "2014-03-31": "", "2013-12-31": 0, "2012-12-31": 0}, "Net Change In Investments - Total": {"2020-09-30": 14.583, "2020-06-30": -50.512, "2020-03-31": "-1.11100", "2019-12-31": -100.11, "2019-09-30": -18.728, "2019-06-30": -101.889, "2019-03-31": "-16.44800", "2018-12-31": 0.769, "2018-09-30": -30.38, "2018-06-30": -23.651, "2018-03-31": "-29.62100", "2017-12-31": 0.286, "2017-09-30": -5.322, "2017-06-30": -7.089, "2017-03-31": "6.66600", "2016-12-31": -9.547, "2016-09-30": -6.291, "2016-06-30": -10.393, "2016-03-31": "-12.38600", "2015-12-31": -16.111, "2015-09-30": -28.988, "2015-06-30": -22.432, "2015-03-31": "-34.50800", "2014-12-31": -1016.628, "2014-09-30": -0.044, "2014-06-30": -3.576, "2014-03-31": "-31.16200", "2013-12-31": -109.15, "2012-12-31": -672.06}, "Investing Activities - Other": {"2020-09-30": 0, "2020-06-30": 0, "2020-03-31": "", "2019-12-31": 0, "2019-09-30": 0, "2019-06-30": 0, "2019-03-31": "", "2018-12-31": 0, "2018-09-30": 0, "2018-06-30": 0, "2018-03-31": "", "2017-12-31": 0, "2017-09-30": 0, "2017-06-30": 0, "2017-03-31": "", "2016-12-31": 0, "2016-09-30": 0, "2016-06-30": 0, "2016-03-31": "", "2015-12-31": 0.072, "2015-09-30": 7.574, "2015-06-30": -20.642, "2015-03-31": "12.99600", "2014-12-31": -12.548, "2014-09-30": 3.474, "2014-06-30": 3.587, "2014-03-31": "-2.90300", "2013-12-31": -5.22, "2012-12-31": -0.08}, "Cash Flow From Investing Activities": {"2020-09-30": -184.083, "2020-06-30": -88.055, "2020-03-31": "-225.86000", "2019-12-31": -501.726, "2019-09-30": -85.49, "2019-06-30": -261.557, "2019-03-31": "-401.04000", "2018-12-31": -397.189, "2018-09-30": -488.395, "2018-06-30": -220.351, "2018-03-31": "-261.10300", "2017-12-31": -318.594, "2017-09-30": -357.702, "2017-06-30": -32.332, "2017-03-31": "-392.24300", "2016-12-31": -296.248, "2016-09-30": -208.765, "2016-06-30": -340.246, "2016-03-31": "-285.11400", "2015-12-31": -255.284, "2015-09-30": -240.588, "2015-06-30": -396.428, "2015-03-31": "-285.70900", "2014-12-31": -276.096, "2014-09-30": -243.644, "2014-06-30": -264.156, "2014-03-31": "-275.91400", "2013-12-31": -114.36, "2012-12-31": -672.15}, "Net Long-Term Debt": {"2020-09-30": -8.974, "2020-06-30": -8.927, "2020-03-31": "-8.88200", "2019-12-31": 308.584, "2019-09-30": -7.445, "2019-06-30": -7.393, "2019-03-31": "375.00800", "2018-12-31": 334.047, "2018-09-30": -6.419, "2018-06-30": -6.454, "2018-03-31": "335.20200", "2017-12-31": -6.42, "2017-09-30": -205.283, "2017-06-30": -16.98, "2017-03-31": "225.64600", "2016-12-31": 193.6101, "2016-09-30": -8.984, "2016-06-30": 356.462, "2016-03-31": "-5.30900", "2015-12-31": 169.688, "2015-09-30": -2.827, "2015-06-30": 359.739, "2015-03-31": "-4.78200", "2014-12-31": -7.399, "2014-09-30": -4.649, "2014-06-30": 255.632, "2014-03-31": "21.88400", "2013-12-31": 0, "2012-12-31": 0}, "Net Current Debt": {"2020-09-30": -600, "2020-06-30": 0, "2020-03-31": "600.00000", "2019-12-31": 0, "2019-09-30": -73, "2019-06-30": 73, "2019-03-31": "-135.00000", "2018-12-31": -224, "2018-09-30": 244, "2018-06-30": 18, "2018-03-31": "-193.00000", "2017-12-31": 208, "2017-09-30": 82, "2017-06-30": 0, "2017-03-31": "-48.00000", "2016-12-31": 3, "2016-09-30": 45, "2016-06-30": -242, "2016-03-31": "242.00000", "2015-12-31": -192, "2015-09-30": 192, "2015-06-30": -162, "2015-03-31": "162.00000", "2014-12-31": -198, "2014-09-30": 198, "2014-06-30": -167.08, "2014-03-31": "167.08000", "2013-12-31": -291.35, "2012-12-31": 130.69}, "Debt Issuance/Retirement Net - Total": {"2020-09-30": -608.974, "2020-06-30": -8.927, "2020-03-31": "591.11800", "2019-12-31": 308.584, "2019-09-30": -80.445, "2019-06-30": 65.607, "2019-03-31": "240.00800", "2018-12-31": 110.047, "2018-09-30": 237.581, "2018-06-30": 11.546, "2018-03-31": "142.20200", "2017-12-31": 201.58, "2017-09-30": -123.283, "2017-06-30": -16.98, "2017-03-31": "177.64600", "2016-12-31": 196.6101, "2016-09-30": 36.016, "2016-06-30": 114.462, "2016-03-31": "236.69100", "2015-12-31": -22.312, "2015-09-30": 189.173, "2015-06-30": 197.739, "2015-03-31": "157.21800", "2014-12-31": -205.407, "2014-09-30": 193.351, "2014-06-30": 88.552, "2014-03-31": "188.96400", "2013-12-31": 380.71, "2012-12-31": 289.38}, "Net Common Equity Issued/Repurchased": {"2020-09-30": 218.414, "2020-06-30": 179.689, "2020-03-31": "144.43600", "2019-12-31": 200.019, "2019-09-30": 160.657, "2019-06-30": 137.685, "2019-03-31": "156.55000", "2018-12-31": 272.494, "2018-09-30": 190.252, "2018-06-30": 190.324, "2018-03-31": "98.01300", "2017-12-31": 96.247, "2017-09-30": 0, "2017-06-30": 377.089, "2017-03-31": "279.67500", "2016-12-31": 89.14, "2016-09-30": 73.083, "2016-06-30": 316.48, "2016-03-31": "-1.71800", "2015-12-31": 308, "2015-09-30": 0.001, "2015-06-30": 234.14, "2015-03-31": "0.00100", "2014-12-31": 585.064, "2014-09-30": 0, "2014-06-30": 215.411, "2014-03-31": "75.00100", "2013-12-31": 0, "2012-12-31": 0}, "Net Total Equity Issued/Repurchased": {"2020-09-30": 218.414, "2020-06-30": 179.689, "2020-03-31": "144.43600", "2019-12-31": 200.019, "2019-09-30": 160.657, "2019-06-30": 137.685, "2019-03-31": "156.55000", "2018-12-31": 272.494, "2018-09-30": 190.252, "2018-06-30": 190.324, "2018-03-31": "98.01300", "2017-12-31": 96.247, "2017-09-30": 0, "2017-06-30": 377.089, "2017-03-31": "279.67500", "2016-12-31": 89.14, "2016-09-30": 73.083, "2016-06-30": 316.48, "2016-03-31": "-1.71800", "2015-12-31": 308, "2015-09-30": 0.001, "2015-06-30": 234.14, "2015-03-31": "0.00100", "2014-12-31": 584.938, "2014-09-30": 0, "2014-06-30": 215.411, "2014-03-31": "75.00100", "2013-12-31": 13.4, "2012-12-31": 280.35}, "Total Common And Preferred Stock Dividends Paid": {"2020-09-30": -88.655, "2020-06-30": -85.455, "2020-03-31": "-85.00900", "2019-12-31": -82.182, "2019-09-30": -76.139, "2019-06-30": -74.676, "2019-03-31": "-74.16000", "2018-12-31": -69.912, "2018-09-30": -63.614, "2018-06-30": -61.393, "2018-03-31": "-60.65300", "2017-12-31": -58.904, "2017-09-30": -55.105, "2017-06-30": -49.7, "2017-03-31": "-46.20900", "2016-12-31": -45.17, "2016-09-30": -41.379, "2016-06-30": -38.037, "2016-03-31": "-38.03200", "2015-12-31": -34.252, "2015-09-30": -31.715, "2015-06-30": -28.822, "2015-03-31": "-13.12300", "2014-12-31": -8.671, "2014-09-30": -23.941, "2014-06-30": -16.808, "2014-03-31": "-15.14000", "2013-12-31": -45.91, "2012-12-31": -5.68}, "Financial Activities - Other": {"2020-09-30": -3.331, "2020-06-30": -2.776, "2020-03-31": "-1.08300", "2019-12-31": -9.756, "2019-09-30": -2.449, "2019-06-30": -2.207, "2019-03-31": "-7.25300", "2018-12-31": -13.985, "2018-09-30": -3.001, "2018-06-30": -3.788, "2018-03-31": "-6.91400", "2017-12-31": -1.525, "2017-09-30": -0.291, "2017-06-30": -0.633, "2017-03-31": "-12.14900", "2016-12-31": -6.422, "2016-09-30": -1.213, "2016-06-30": -16.268, "2016-03-31": "-0.44600", "2015-12-31": -13.513, "2015-09-30": -2.462, "2015-06-30": -16.905, "2015-03-31": "-0.44900", "2014-12-31": -37.551, "2014-09-30": -3.555, "2014-06-30": -8.457, "2014-03-31": "-0.48700", "2013-12-31": -11.49, "2012-12-31": -11.45}, "Cash Flow From Financial Activities": {"2020-09-30": -482.546, "2020-06-30": 82.531, "2020-03-31": "649.46200", "2019-12-31": 416.665, "2019-09-30": 1.624, "2019-06-30": 126.409, "2019-03-31": "315.14500", "2018-12-31": 298.644, "2018-09-30": 361.218, "2018-06-30": 136.689, "2018-03-31": "172.64800", "2017-12-31": 237.398, "2017-09-30": -178.679, "2017-06-30": 309.776, "2017-03-31": "398.96300", "2016-12-31": 234.158, "2016-09-30": 66.507, "2016-06-30": 376.637, "2016-03-31": "196.49500", "2015-12-31": 237.923, "2015-09-30": 154.997, "2015-06-30": 386.152, "2015-03-31": "143.64700", "2014-12-31": 333.309, "2014-09-30": 165.855, "2014-06-30": 278.698, "2014-03-31": "248.33800", "2013-12-31": 45.36, "2012-12-31": 683.28}, "Net Cash Flow": {"2020-09-30": -551.815, "2020-06-30": 66.11, "2020-03-31": "535.80600", "2019-12-31": 37.599, "2019-09-30": 33.527, "2019-06-30": -11.714, "2019-03-31": "8.95200", "2018-12-31": 10.06, "2018-09-30": -23.569, "2018-06-30": 8.565, "2018-03-31": "-1.21700", "2017-12-31": -1.176, "2017-09-30": -448.98, "2017-06-30": 350.331, "2017-03-31": "75.83700", "2016-12-31": 1.255, "2016-09-30": -72.455, "2016-06-30": 96.934, "2016-03-31": "-36.00600", "2015-12-31": 39.056, "2015-09-30": -37.275, "2015-06-30": 35.92, "2015-03-31": "-105.98900", "2014-12-31": 91.906, "2014-09-30": -50.295, "2014-06-30": 39.479, "2014-03-31": "-6.60000", "2013-12-31": -36.47, "2012-12-31": 33.54}, "Stock-Based Compensation": {"2020-09-30": 0, "2020-06-30": 0, "2020-03-31": "", "2019-12-31": 0, "2019-09-30": 0, "2019-06-30": 0, "2019-03-31": "", "2018-12-31": 0, "2018-09-30": 0, "2018-06-30": 0, "2018-03-31": "", "2017-12-31": 0, "2017-09-30": 0, "2017-06-30": 0, "2017-03-31": "", "2016-12-31": 0, "2016-09-30": 0, "2016-06-30": 0, "2016-03-31": "", "2015-12-31": 0, "2015-09-30": 0, "2015-06-30": 0, "2015-03-31": "", "2014-12-31": 0, "2014-09-30": 0, "2014-06-30": 0, "2014-03-31": "", "2013-12-31": 0, "2012-12-31": 0}, "Common Stock Dividends Paid": {"2020-09-30": -88.655, "2020-06-30": -85.455, "2020-03-31": "-85.00900", "2019-12-31": -82.182, "2019-09-30": -76.139, "2019-06-30": -74.676, "2019-03-31": "-74.16000", "2018-12-31": -69.912, "2018-09-30": -63.614, "2018-06-30": -61.393, "2018-03-31": "-60.65300", "2017-12-31": -58.904, "2017-09-30": -55.105, "2017-06-30": -49.7, "2017-03-31": "-46.20900", "2016-12-31": -45.17, "2016-09-30": -41.379, "2016-06-30": -38.037, "2016-03-31": "-38.03200", "2015-12-31": -34.252, "2015-09-30": -31.715, "2015-06-30": -28.822, "2015-03-31": "-13.12300", "2014-12-31": -8.673, "2014-09-30": -23.941, "2014-06-30": -16.808, "2014-03-31": "-15.14000", "2013-12-31": 0, "2012-12-31": 0}}, "financial ratios": {"Current Ratio": {"2019-12-31": "", "2018-12-31": "", "2017-12-31": "", "2016-12-31": "", "2015-12-31": "", "2014-12-31": "", "2013-12-31": "", "2012-12-31": ""}, "Long-term Debt / Capital": {"2019-12-31": "0.34170", "2018-12-31": "0.35680", "2017-12-31": "0.38990", "2016-12-31": "0.43110", "2015-12-31": "0.43680", "2014-12-31": "0.44190", "2013-12-31": "0.56160", "2012-12-31": "0.48460"}, "Debt/Equity Ratio": {"2019-12-31": "0.80060", "2018-12-31": "0.79210", "2017-12-31": "0.81900", "2016-12-31": "0.94700", "2015-12-31": "0.85930", "2014-12-31": "0.79180", "2013-12-31": "1.28130", "2012-12-31": "0.94030"}, "Gross Margin": {"2019-12-31": "", "2018-12-31": "", "2017-12-31": "", "2016-12-31": "", "2015-12-31": "", "2014-12-31": "", "2013-12-31": "", "2012-12-31": ""}, "Operating Margin": {"2019-12-31": "54.06540", "2018-12-31": "55.68960", "2017-12-31": "53.74110", "2016-12-31": "57.29960", "2015-12-31": "57.76900", "2014-12-31": "58.09940", "2013-12-31": "56.61220", "2012-12-31": "46.39010"}, "EBIT Margin": {"2019-12-31": "54.06540", "2018-12-31": "55.68960", "2017-12-31": "53.74110", "2016-12-31": "57.29960", "2015-12-31": "57.76900", "2014-12-31": "58.09940", "2013-12-31": "56.61220", "2012-12-31": "46.39010"}, "EBITDA Margin": {"2019-12-31": "90.62270", "2018-12-31": "92.67170", "2017-12-31": "90.88130", "2016-12-31": "92.88070", "2015-12-31": "92.83580", "2014-12-31": "92.99990", "2013-12-31": "89.97920", "2012-12-31": "79.92610"}, "Pre-Tax Profit Margin": {"2019-12-31": "42.91360", "2018-12-31": "40.24220", "2017-12-31": "35.88320", "2016-12-31": "32.88460", "2015-12-31": "29.04950", "2014-12-31": "22.41430", "2013-12-31": "20.63560", "2012-12-31": "18.14090"}, "Net Profit Margin": {"2019-12-31": "42.80740", "2018-12-31": "40.12350", "2017-12-31": "35.78210", "2016-12-31": "32.63300", "2015-12-31": "29.41760", "2014-12-31": "25.27770", "2013-12-31": "24.16170", "2012-12-31": "20.09360"}, "Asset Turnover": {"2019-12-31": "0.08020", "2018-12-31": "0.07600", "2017-12-31": "0.07680", "2016-12-31": "0.07620", "2015-12-31": "0.07280", "2014-12-31": "0.06610", "2013-12-31": "0.06100", "2012-12-31": "0.04140"}, "Inventory Turnover Ratio": {"2019-12-31": "", "2018-12-31": "", "2017-12-31": "", "2016-12-31": "", "2015-12-31": "", "2014-12-31": "", "2013-12-31": "", "2012-12-31": ""}, "Receiveable Turnover": {"2019-12-31": "", "2018-12-31": "", "2017-12-31": "", "2016-12-31": "", "2015-12-31": "", "2014-12-31": "", "2013-12-31": "", "2012-12-31": ""}, "Days Sales In Receivables": {"2019-12-31": "", "2018-12-31": "", "2017-12-31": "", "2016-12-31": "", "2015-12-31": "", "2014-12-31": "", "2013-12-31": "", "2012-12-31": ""}, "ROE - Return On Equity": {"2019-12-31": "6.35340", "2018-12-31": "5.61590", "2017-12-31": "5.11010", "2016-12-31": "4.96630", "2015-12-31": "4.00270", "2014-12-31": "2.68570", "2013-12-31": "2.88380", "2012-12-31": "1.46850"}, "Return On Tangible Equity": {"2019-12-31": "6.35340", "2018-12-31": "5.61590", "2017-12-31": "5.11010", "2016-12-31": "4.96630", "2015-12-31": "4.00270", "2014-12-31": "2.68570", "2013-12-31": "2.88380", "2012-12-31": "1.46850"}, "ROA - Return On Assets": {"2019-12-31": "3.43490", "2018-12-31": "3.04990", "2017-12-31": "2.74650", "2016-12-31": "2.49560", "2015-12-31": "2.10790", "2014-12-31": "1.47450", "2013-12-31": "1.24950", "2012-12-31": "0.74470"}, "ROI - Return On Investment": {"2019-12-31": "4.18230", "2018-12-31": "3.61190", "2017-12-31": "3.11780", "2016-12-31": "2.82550", "2015-12-31": "2.25430", "2014-12-31": "1.49880", "2013-12-31": "1.26410", "2012-12-31": "0.75680"}, "Book Value Per Share": {"2019-12-31": "18.70290", "2018-12-31": "17.47620", "2017-12-31": "16.36470", "2016-12-31": "15.58440", "2015-12-31": "14.62310", "2014-12-31": "13.73700", "2013-12-31": "12.29080", "2012-12-31": "11.76180"}, "Operating Cash Flow Per Share": {"2019-12-31": 0.0791, "2018-12-31": 0.1792, "2017-12-31": 0.0803, "2016-12-31": 0.1215, "2015-12-31": 0.2227, "2014-12-31": 0.2065, "2013-12-31": 0.2811, "2012-12-31": 0.8199}, "Free Cash Flow Per Share": {"2019-12-31": 1.948, "2018-12-31": 0.0444, "2017-12-31": 1.2701, "2016-12-31": 1.6047, "2015-12-31": 4.228, "2014-12-31": 2.3846, "2013-12-31": 8.5415, "2012-12-31": -22.4283}}, "financial ratios, quarterly": {"Current Ratio": {"2020-09-30": "", "2020-06-30": "", "2020-03-31": "", "2019-12-31": "", "2019-09-30": "", "2019-06-30": "", "2019-03-31": "", "2018-12-31": "", "2018-09-30": "", "2018-06-30": "", "2018-03-31": "", "2017-12-31": "", "2017-09-30": "", "2017-06-30": "", "2017-03-31": "", "2016-12-31": "", "2016-09-30": "", "2016-06-30": "", "2016-03-31": "", "2015-12-31": "", "2015-09-30": "", "2015-06-30": "", "2015-03-31": "", "2014-12-31": "", "2014-09-30": "", "2014-06-30": "", "2014-03-31": "", "2013-12-31": "", "2012-12-31": ""}, "Long-term Debt / Capital": {"2020-09-30": "0.31960", "2020-06-30": "0.38120", "2020-03-31": "0.38840", "2019-12-31": "0.34170", "2019-09-30": "0.31970", "2019-06-30": "0.33810", "2019-03-31": "0.33800", "2018-12-31": "0.35680", "2018-09-30": "0.36050", "2018-06-30": "0.34290", "2018-03-31": "0.35670", "2017-12-31": "0.38990", "2017-09-30": "0.37090", "2017-06-30": "0.38370", "2017-03-31": "0.41710", "2016-12-31": "0.43110", "2016-09-30": "0.41250", "2016-06-30": "0.41360", "2016-03-31": "0.47290", "2015-12-31": "0.43680", "2015-09-30": "0.50730", "2015-06-30": "0.47860", "2015-03-31": "0.47830", "2014-12-31": "0.44190", "2014-09-30": "", "2014-06-30": "", "2014-03-31": "", "2013-12-31": "", "2012-12-31": ""}, "Debt/Equity Ratio": {"2020-09-30": "0.72720", "2020-06-30": "0.88300", "2020-03-31": "0.90980", "2019-12-31": "0.80060", "2019-09-30": "0.76280", "2019-06-30": "0.81720", "2019-03-31": "0.82680", "2018-12-31": "0.79210", "2018-09-30": "0.81700", "2018-06-30": "0.78730", "2018-03-31": "0.83510", "2017-12-31": "0.81900", "2017-09-30": "0.77390", "2017-06-30": "0.80510", "2017-03-31": "0.92380", "2016-12-31": "0.94700", "2016-09-30": "0.89740", "2016-06-30": "0.90630", "2016-03-31": "0.98130", "2015-12-31": "0.85930", "2015-09-30": "1.02950", "2015-06-30": "0.91780", "2015-03-31": "0.91700", "2014-12-31": "0.79180", "2014-09-30": "", "2014-06-30": "", "2014-03-31": "", "2013-12-31": "", "2012-12-31": ""}, "Gross Margin": {"2020-09-30": "", "2020-06-30": "", "2020-03-31": "", "2019-12-31": "", "2019-09-30": "", "2019-06-30": "", "2019-03-31": "", "2018-12-31": "", "2018-09-30": "", "2018-06-30": "", "2018-03-31": "", "2017-12-31": "", "2017-09-30": "", "2017-06-30": "", "2017-03-31": "", "2016-12-31": "", "2016-09-30": "", "2016-06-30": "", "2016-03-31": "", "2015-12-31": "", "2015-09-30": "", "2015-06-30": "", "2015-03-31": "", "2014-12-31": "", "2014-09-30": "", "2014-06-30": "", "2014-03-31": "", "2013-12-31": "", "2012-12-31": ""}, "Operating Margin": {"2020-09-30": "53.24300", "2020-06-30": "50.07130", "2020-03-31": "57.21060", "2019-12-31": "51.78460", "2019-09-30": "53.45040", "2019-06-30": "56.48010", "2019-03-31": "54.74090", "2018-12-31": "53.20710", "2018-09-30": "57.63290", "2018-06-30": "56.67320", "2018-03-31": "55.44250", "2017-12-31": "54.81080", "2017-09-30": "48.57340", "2017-06-30": "58.13250", "2017-03-31": "53.19670", "2016-12-31": "55.91880", "2016-09-30": "58.57850", "2016-06-30": "57.69600", "2016-03-31": "57.07110", "2015-12-31": "59.27880", "2015-09-30": "58.52840", "2015-06-30": "56.83450", "2015-03-31": "55.93650", "2014-12-31": "57.97830", "2014-09-30": "58.45900", "2014-06-30": "57.13210", "2014-03-31": "58.86240", "2013-12-31": "", "2012-12-31": ""}, "EBIT Margin": {"2020-09-30": "53.24300", "2020-06-30": "50.07130", "2020-03-31": "57.21060", "2019-12-31": "51.78460", "2019-09-30": "53.45040", "2019-06-30": "56.48010", "2019-03-31": "54.74090", "2018-12-31": "53.20710", "2018-09-30": "57.63290", "2018-06-30": "56.67320", "2018-03-31": "55.44250", "2017-12-31": "54.81090", "2017-09-30": "48.57340", "2017-06-30": "58.13250", "2017-03-31": "53.19670", "2016-12-31": "55.91880", "2016-09-30": "58.57850", "2016-06-30": "57.69600", "2016-03-31": "57.07110", "2015-12-31": "59.27880", "2015-09-30": "58.52840", "2015-06-30": "56.83450", "2015-03-31": "55.93650", "2014-12-31": "57.97830", "2014-09-30": "58.45900", "2014-06-30": "57.13210", "2014-03-31": "58.86240", "2013-12-31": "", "2012-12-31": ""}, "EBITDA Margin": {"2020-09-30": "", "2020-06-30": "", "2020-03-31": "", "2019-12-31": "", "2019-09-30": "", "2019-06-30": "", "2019-03-31": "", "2018-12-31": "", "2018-09-30": "", "2018-06-30": "", "2018-03-31": "", "2017-12-31": "", "2017-09-30": "", "2017-06-30": "", "2017-03-31": "", "2016-12-31": "", "2016-09-30": "", "2016-06-30": "", "2016-03-31": "", "2015-12-31": "", "2015-09-30": "", "2015-06-30": "", "2015-03-31": "", "2014-12-31": "", "2014-09-30": "", "2014-06-30": "", "2014-03-31": "", "2013-12-31": "", "2012-12-31": ""}, "Pre-Tax Profit Margin": {"2020-09-30": "31.24080", "2020-06-30": "24.22090", "2020-03-31": "35.31710", "2019-12-31": "34.59740", "2019-09-30": "65.06920", "2019-06-30": "41.58510", "2019-03-31": "29.20680", "2018-12-31": "38.69630", "2018-09-30": "35.31840", "2018-06-30": "47.55150", "2018-03-31": "39.78400", "2017-12-31": "64.02550", "2017-09-30": "20.18740", "2017-06-30": "31.06000", "2017-03-31": "25.74490", "2016-12-31": "40.78580", "2016-09-30": "30.61820", "2016-06-30": "29.56620", "2016-03-31": "29.57620", "2015-12-31": "30.98530", "2015-09-30": "29.92740", "2015-06-30": "26.88240", "2015-03-31": "27.90320", "2014-12-31": "25.68800", "2014-09-30": "20.99240", "2014-06-30": "20.17900", "2014-03-31": "22.23550", "2013-12-31": "", "2012-12-31": ""}, "Net Profit Margin": {"2020-09-30": "31.04390", "2020-06-30": "23.99810", "2020-03-31": "35.16870", "2019-12-31": "34.67930", "2019-09-30": "64.87600", "2019-06-30": "41.43800", "2019-03-31": "29.03060", "2018-12-31": "38.76720", "2018-09-30": "35.11990", "2018-06-30": "47.32820", "2018-03-31": "39.64020", "2017-12-31": "34.13810", "2017-09-30": "25.85400", "2017-06-30": "53.46390", "2017-03-31": "29.07260", "2016-12-31": "30.76830", "2016-09-30": "37.46780", "2016-06-30": "32.89010", "2016-03-31": "29.08820", "2015-12-31": "30.23660", "2015-09-30": "30.74970", "2015-06-30": "28.49640", "2015-03-31": "27.76810", "2014-12-31": "31.58520", "2014-09-30": "21.11810", "2014-06-30": "23.14870", "2014-03-31": "24.25440", "2013-12-31": "", "2012-12-31": ""}, "Asset Turnover": {"2020-09-30": "0.02010", "2020-06-30": "0.01840", "2020-03-31": "0.01980", "2019-12-31": "0.02090", "2019-09-30": "0.02200", "2019-06-30": "0.02130", "2019-03-31": "0.02090", "2018-12-31": "0.02060", "2018-09-30": "0.02030", "2018-06-30": "0.02080", "2018-03-31": "0.02050", "2017-12-31": "0.02040", "2017-09-30": "0.01970", "2017-06-30": "0.01990", "2017-03-31": "0.02010", "2016-12-31": "0.02070", "2016-09-30": "0.02080", "2016-06-30": "0.02020", "2016-03-31": "0.02060", "2015-12-31": "0.02040", "2015-09-30": "0.02040", "2015-06-30": "0.01980", "2015-03-31": "0.02000", "2014-12-31": "0.01910", "2014-09-30": "", "2014-06-30": "", "2014-03-31": "", "2013-12-31": "", "2012-12-31": ""}, "Inventory Turnover Ratio": {"2020-09-30": "", "2020-06-30": "", "2020-03-31": "", "2019-12-31": "", "2019-09-30": "", "2019-06-30": "", "2019-03-31": "", "2018-12-31": "", "2018-09-30": "", "2018-06-30": "", "2018-03-31": "", "2017-12-31": "", "2017-09-30": "", "2017-06-30": "", "2017-03-31": "", "2016-12-31": "", "2016-09-30": "", "2016-06-30": "", "2016-03-31": "", "2015-12-31": "", "2015-09-30": "", "2015-06-30": "", "2015-03-31": "", "2014-12-31": "", "2014-09-30": "", "2014-06-30": "", "2014-03-31": "", "2013-12-31": "", "2012-12-31": ""}, "Receiveable Turnover": {"2020-09-30": "", "2020-06-30": "", "2020-03-31": "", "2019-12-31": "", "2019-09-30": "", "2019-06-30": "", "2019-03-31": "", "2018-12-31": "", "2018-09-30": "", "2018-06-30": "", "2018-03-31": "", "2017-12-31": "", "2017-09-30": "", "2017-06-30": "", "2017-03-31": "", "2016-12-31": "", "2016-09-30": "", "2016-06-30": "", "2016-03-31": "", "2015-12-31": "", "2015-09-30": "", "2015-06-30": "", "2015-03-31": "", "2014-12-31": "", "2014-09-30": "", "2014-06-30": "", "2014-03-31": "", "2013-12-31": "", "2012-12-31": ""}, "Days Sales In Receivables": {"2020-09-30": "", "2020-06-30": "", "2020-03-31": "", "2019-12-31": "", "2019-09-30": "", "2019-06-30": "", "2019-03-31": "", "2018-12-31": "", "2018-09-30": "", "2018-06-30": "", "2018-03-31": "", "2017-12-31": "", "2017-09-30": "", "2017-06-30": "", "2017-03-31": "", "2016-12-31": "", "2016-09-30": "", "2016-06-30": "", "2016-03-31": "", "2015-12-31": "", "2015-09-30": "", "2015-06-30": "", "2015-03-31": "", "2014-12-31": "", "2014-09-30": "", "2014-06-30": "", "2014-03-31": "", "2013-12-31": "", "2012-12-31": ""}, "ROE - Return On Equity": {"2020-09-30": "1.11290", "2020-06-30": "0.85830", "2020-03-31": "1.36260", "2019-12-31": "1.33400", "2019-09-30": "2.59030", "2019-06-30": "1.65020", "2019-03-31": "1.14200", "2018-12-31": "1.46460", "2018-09-30": "1.33270", "2018-06-30": "1.80240", "2018-03-31": "1.53130", "2017-12-31": "2.42160", "2017-09-30": "0.71880", "2017-06-30": "1.13170", "2017-03-31": "1.01170", "2016-12-31": "1.67010", "2016-09-30": "1.23130", "2016-06-30": "1.15830", "2016-03-31": "1.22850", "2015-12-31": "1.19580", "2015-09-30": "1.25660", "2015-06-30": "1.03260", "2015-03-31": "1.08580", "2014-12-31": "1.10090", "2014-09-30": "", "2014-06-30": "", "2014-03-31": "", "2013-12-31": "", "2012-12-31": ""}, "Return On Tangible Equity": {"2020-09-30": "1.11290", "2020-06-30": "0.85830", "2020-03-31": "1.36260", "2019-12-31": "1.33400", "2019-09-30": "2.59030", "2019-06-30": "1.65020", "2019-03-31": "1.14200", "2018-12-31": "1.46460", "2018-09-30": "1.33270", "2018-06-30": "1.80240", "2018-03-31": "1.53130", "2017-12-31": "2.42160", "2017-09-30": "0.71880", "2017-06-30": "1.13170", "2017-03-31": "1.01170", "2016-12-31": "1.67010", "2016-09-30": "1.23130", "2016-06-30": "1.15830", "2016-03-31": "1.22850", "2015-12-31": "1.19580", "2015-09-30": "1.25660", "2015-06-30": "1.03260", "2015-03-31": "1.08580", "2014-12-31": "1.10090", "2014-09-30": "", "2014-06-30": "", "2014-03-31": "", "2013-12-31": "", "2012-12-31": ""}, "ROA - Return On Assets": {"2020-09-30": "0.62650", "2020-06-30": "0.44430", "2020-03-31": "0.69590", "2019-12-31": "0.72120", "2019-09-30": "1.42850", "2019-06-30": "0.88270", "2019-03-31": "0.60910", "2018-12-31": "0.79540", "2018-09-30": "0.71430", "2018-06-30": "0.98390", "2018-03-31": "0.81520", "2017-12-31": "1.30150", "2017-09-30": "0.39600", "2017-06-30": "0.61580", "2017-03-31": "0.51540", "2016-12-31": "0.83930", "2016-09-30": "0.63500", "2016-06-30": "0.59630", "2016-03-31": "0.60790", "2015-12-31": "0.62980", "2015-09-30": "0.60770", "2015-06-30": "0.52870", "2015-03-31": "0.55660", "2014-12-31": "0.60440", "2014-09-30": "", "2014-06-30": "", "2014-03-31": "", "2013-12-31": "", "2012-12-31": ""}, "ROI - Return On Investment": {"2020-09-30": "0.75720", "2020-06-30": "0.53120", "2020-03-31": "0.83330", "2019-12-31": "0.87820", "2019-09-30": "1.76220", "2019-06-30": "1.09220", "2019-03-31": "0.75600", "2018-12-31": "0.94200", "2018-09-30": "0.85220", "2018-06-30": "1.18430", "2018-03-31": "0.98510", "2017-12-31": "1.47740", "2017-09-30": "0.45220", "2017-06-30": "0.69750", "2017-03-31": "0.58970", "2016-12-31": "0.95020", "2016-09-30": "0.72340", "2016-06-30": "0.67920", "2016-03-31": "0.64760", "2015-12-31": "0.67350", "2015-09-30": "0.61920", "2015-06-30": "0.53840", "2015-03-31": "0.56640", "2014-12-31": "0.61440", "2014-09-30": "", "2014-06-30": "", "2014-03-31": "", "2013-12-31": "", "2012-12-31": ""}, "Book Value Per Share": {"2020-09-30": "18.78230", "2020-06-30": "18.67420", "2020-03-31": "18.83500", "2019-12-31": "18.70290", "2019-09-30": "18.35190", "2019-06-30": "17.88080", "2019-03-31": "17.62840", "2018-12-31": "17.47620", "2018-09-30": "17.08100", "2018-06-30": "16.81760", "2018-03-31": "16.47450", "2017-12-31": "16.36470", "2017-09-30": "16.27890", "2017-06-30": "16.42720", "2017-03-31": "15.97040", "2016-12-31": "15.58440", "2016-09-30": "15.43950", "2016-06-30": "15.26690", "2016-03-31": "14.52560", "2015-12-31": "14.62310", "2015-09-30": "13.99600", "2015-06-30": "14.07590", "2015-03-31": "13.63260", "2014-12-31": "13.73700", "2014-09-30": "", "2014-06-30": "", "2014-03-31": "", "2013-12-31": "", "2012-12-31": ""}, "Operating Cash Flow Per Share": {"2020-09-30": 0.4279, "2020-06-30": 0.2794, "2020-03-31": "0.46110", "2019-12-31": 0.5474, "2019-09-30": 0.4865, "2019-06-30": 0.5304, "2019-03-31": "0.42600", "2018-12-31": 0.5498, "2018-09-30": 0.4647, "2018-06-30": 0.449, "2018-03-31": "0.44770", "2017-12-31": 0.5249, "2017-09-30": 0.3847, "2017-06-30": 0.3926, "2017-03-31": "0.42980", "2016-12-31": 0.4595, "2016-09-30": 0.4178, "2016-06-30": 0.4001, "2016-03-31": "0.37430", "2015-12-31": 0.4961, "2015-09-30": 0.334, "2015-06-30": 0.3854, "2015-03-31": "0.31470", "2014-12-31": 0.229, "2014-09-30": 0.233, "2014-06-30": 0.3193, "2014-03-31": "0.33280", "2013-12-31": 0, "2012-12-31": 0}, "Free Cash Flow Per Share": {"2020-09-30": -0.319, "2020-06-30": 0.1465, "2020-03-31": "-0.46250", "2019-12-31": -1.2235, "2019-09-30": 0.2447, "2019-06-30": -0.1268, "2019-03-31": "-1.30140", "2018-12-31": -1.4544, "2018-09-30": -1.6579, "2018-06-30": -0.5025, "2018-03-31": "-0.74020", "2017-12-31": -1.5204, "2017-09-30": -1.2449, "2017-06-30": 0.4167, "2017-03-31": "-2.05080", "2016-12-31": -1.6158, "2016-09-30": -0.7041, "2016-06-30": -1.7837, "2016-03-31": "-1.56590", "2015-12-31": -1.6824, "2015-09-30": -1.0365, "2015-06-30": -2.5653, "2015-03-31": "-1.99000", "2014-12-31": 9.3098, "2014-09-30": -1.6614, "2014-06-30": -3.0298, "2014-03-31": "-3.50450", "2013-12-31": 0, "2012-12-31": 0}}, "revenue": {"STORE Capital Annual Revenue (Millions of US $)": {"2019": "$666", "2018": "$541", "2017": "$453", "2016": "$376", "2015": "$285", "2014": "$190", "2013": "$109", "2012": "$41"}, "STORE Capital Quarterly Revenue (Millions of US $)": {"2020-09-30": "$175", "2020-06-30": "$168", "2020-03-31": "$178", "2019-12-31": "$173", "2019-09-30": "$172", "2019-06-30": "$164", "2019-03-31": "$157", "2018-12-31": "$147", "2018-09-30": "$137", "2018-06-30": "$131", "2018-03-31": "$126", "2017-12-31": "$120", "2017-09-30": "$111", "2017-06-30": "$114", "2017-03-31": "$108", "2016-12-31": "$102", "2016-09-30": "$97", "2016-06-30": "$92", "2016-03-31": "$85", "2015-12-31": "$80", "2015-09-30": "$75", "2015-06-30": "$69", "2015-03-31": "$61", "2014-12-31": "$55", "2014-09-30": "$51", "2014-06-30": "$45", "2014-03-31": "$39", "2013-12-31": "", "2012-12-31": ""}}, "gross-profit": {"STORE Capital Annual Gross Profit (Millions of US $)": {"2019": "$655", "2018": "$537", "2017": "$448", "2016": "$372", "2015": "$283", "2014": "$190", "2013": "$109", "2012": "$41"}, "STORE Capital Quarterly Gross Profit (Millions of US $)": {"2020-09-30": "$172", "2020-06-30": "$163", "2020-03-31": "$172", "2019-12-31": "$170", "2019-09-30": "$169", "2019-06-30": "$162", "2019-03-31": "$154", "2018-12-31": "$145", "2018-09-30": "$136", "2018-06-30": "$130", "2018-03-31": "$125", "2017-12-31": "$119", "2017-09-30": "$109", "2017-06-30": "$113", "2017-03-31": "$107", "2016-12-31": "$101", "2016-09-30": "$96", "2016-06-30": "$91", "2016-03-31": "$85", "2015-12-31": "$79", "2015-09-30": "$74", "2015-06-30": "$69", "2015-03-31": "$61", "2014-12-31": "$55", "2014-09-30": "$51", "2014-06-30": "$45", "2014-03-31": "$39", "2013-12-31": "", "2012-12-31": ""}}, "operating-income": {"STORE Capital Annual Operating Income (Millions of US $)": {"2019": "$360", "2018": "$301", "2017": "$243", "2016": "$216", "2015": "$165", "2014": "$111", "2013": "$62", "2012": "$19"}, "STORE Capital Quarterly Operating Income (Millions of US $)": {"2020-09-30": "$93", "2020-06-30": "$84", "2020-03-31": "$102", "2019-12-31": "$90", "2019-09-30": "$92", "2019-06-30": "$93", "2019-03-31": "$86", "2018-12-31": "$78", "2018-09-30": "$79", "2018-06-30": "$74", "2018-03-31": "$70", "2017-12-31": "$66", "2017-09-30": "$54", "2017-06-30": "$66", "2017-03-31": "$57", "2016-12-31": "$57", "2016-09-30": "$57", "2016-06-30": "$53", "2016-03-31": "$49", "2015-12-31": "$47", "2015-09-30": "$44", "2015-06-30": "$39", "2015-03-31": "$34", "2014-12-31": "$32", "2014-09-30": "$30", "2014-06-30": "$26", "2014-03-31": "$23", "2013-12-31": "", "2012-12-31": ""}}, "ebitda": {"STORE Capital Annual EBITDA (Millions of US $)": {"2019": "$603", "2018": "$501", "2017": "$412", "2016": "$350", "2015": "$264", "2014": "$177", "2013": "$98", "2012": "$32"}, "STORE Capital Quarterly EBITDA (Millions of US $)": {"2020-09-30": "$159", "2020-06-30": "$149", "2020-03-31": "$160", "2019-12-31": "$154", "2019-09-30": "$153", "2019-06-30": "$153", "2019-03-31": "$143", "2018-12-31": "$134", "2018-09-30": "$129", "2018-06-30": "$123", "2018-03-31": "$116", "2017-12-31": "$110", "2017-09-30": "$97", "2017-06-30": "$108", "2017-03-31": "$97", "2016-12-31": "$94", "2016-09-30": "$92", "2016-06-30": "$86", "2016-03-31": "$78", "2015-12-31": "$75", "2015-09-30": "$70", "2015-06-30": "$64", "2015-03-31": "$56", "2014-12-31": "$51", "2014-09-30": "$49", "2014-06-30": "$41", "2014-03-31": "$36", "2013-12-31": "", "2012-12-31": ""}}, "net-income": {"STORE Capital Annual Net Income (Millions of US $)": {"2019": "$285", "2018": "$217", "2017": "$162", "2016": "$123", "2015": "$84", "2014": "$48", "2013": "$26", "2012": "$8"}, "STORE Capital Quarterly Net Income (Millions of US $)": {"2020-09-30": "$54", "2020-06-30": "$40", "2020-03-31": "$63", "2019-12-31": "$60", "2019-09-30": "$111", "2019-06-30": "$68", "2019-03-31": "$45", "2018-12-31": "$57", "2018-09-30": "$48", "2018-06-30": "$62", "2018-03-31": "$50", "2017-12-31": "$41", "2017-09-30": "$29", "2017-06-30": "$61", "2017-03-31": "$31", "2016-12-31": "$31", "2016-09-30": "$36", "2016-06-30": "$30", "2016-03-31": "$25", "2015-12-31": "$24", "2015-09-30": "$23", "2015-06-30": "$20", "2015-03-31": "$17", "2014-12-31": "$17", "2014-09-30": "$11", "2014-06-30": "$10", "2014-03-31": "$10", "2013-12-31": "", "2012-12-31": ""}}, "eps-earnings-per-share-diluted": {"STORE Capital Annual EPS": {"2019": "$1.24", "2018": "$1.06", "2017": "$0.90", "2016": "$0.82", "2015": "$0.68", "2014": "$0.61", "2013": "$0.52", "2012": "$0.30"}, "STORE Capital Quarterly EPS": {"2020-09-30": "$0.21", "2020-06-30": "$0.16", "2020-03-31": "$0.26", "2019-12-31": "$0.26", "2019-09-30": "$0.48", "2019-06-30": "$0.30", "2019-03-31": "$0.20", "2018-12-31": "$0.26", "2018-09-30": "$0.23", "2018-06-30": "$0.31", "2018-03-31": "$0.26", "2017-12-31": "$0.21", "2017-09-30": "$0.15", "2017-06-30": "$0.35", "2017-03-31": "$0.19", "2016-12-31": "$0.19", "2016-09-30": "$0.24", "2016-06-30": "$0.21", "2016-03-31": "$0.18", "2015-12-31": "$0.18", "2015-09-30": "$0.18", "2015-06-30": "$0.17", "2015-03-31": "$0.15", "2014-12-31": "$0.18", "2014-09-30": "$0.13", "2014-06-30": "$0.15", "2014-03-31": "$0.15", "2013-12-31": "$0.00", "2012-12-31": "$0.00"}}, "shares-outstanding": {"STORE Capital Annual Shares Outstanding (Millions of Shares)": {"2019": "230", "2018": "205", "2017": "179", "2016": "149", "2015": "122", "2014": "78", "2013": "50", "2012": "27"}, "STORE Capital Quarterly Shares Outstanding (Millions of Shares)": {"2020-09-30": "256", "2020-06-30": "248", "2020-03-31": "243", "2019-12-31": "230", "2019-09-30": "233", "2019-06-30": "228", "2019-03-31": "223", "2018-12-31": "205", "2018-09-30": "208", "2018-06-30": "200", "2018-03-31": "195", "2017-12-31": "179", "2017-09-30": "190", "2017-06-30": "173", "2017-03-31": "161", "2016-12-31": "149", "2016-09-30": "153", "2016-06-30": "146", "2016-03-31": "141", "2015-12-31": "122", "2015-09-30": "126", "2015-06-30": "118", "2015-03-31": "115", "2014-12-31": "97", "2014-09-30": "83", "2014-06-30": "70", "2014-03-31": "63", "2013-12-31": "", "2012-12-31": ""}}, "total-assets": {"STORE Capital Annual Total Assets (Millions of US $)": {"2019": "$8,297", "2018": "$7,114", "2017": "$5,900", "2016": "$4,942", "2015": "$3,911", "2014": "$2,883", "2013": "$1,786", "2012": "$980"}, "STORE Capital Quarterly Total Assets (Millions of US $)": {"2020-09-30": "$8,720", "2020-06-30": "$9,138", "2020-03-31": "$9,004", "2019-12-31": "$8,297", "2019-09-30": "$7,813", "2019-06-30": "$7,700", "2019-03-31": "$7,479", "2018-12-31": "$7,114", "2018-09-30": "$6,752", "2018-06-30": "$6,322", "2018-03-31": "$6,129", "2017-12-31": "$5,900", "2017-09-30": "$5,615", "2017-06-30": "$5,736", "2017-03-31": "$5,372", "2016-12-31": "$4,942", "2016-09-30": "$4,663", "2016-06-30": "$4,545", "2016-03-31": "$4,135", "2015-12-31": "$3,911", "2015-09-30": "$3,671", "2015-06-30": "$3,488", "2015-03-31": "$3,066", "2014-12-31": "$2,883", "2014-09-30": "$0", "2014-06-30": "$0", "2014-03-31": "$0", "2013-12-31": "$1,786", "2012-12-31": "$980"}}, "cash-on-hand": {"STORE Capital Annual Cash on Hand (Millions of US $)": {"2019": "$100", "2018": "$28", "2017": "$43", "2016": "$116", "2015": "$116", "2014": "$175", "2013": "$86", "2012": "$69"}, "STORE Capital Quarterly Cash on Hand (Millions of US $)": {"2020-09-30": "$144", "2020-06-30": "$699", "2020-03-31": "$633", "2019-12-31": "$100", "2019-09-30": "$28", "2019-06-30": "$25", "2019-03-31": "$37", "2018-12-31": "$28", "2018-09-30": "$26", "2018-06-30": "$44", "2018-03-31": "$35", "2017-12-31": "$43", "2017-09-30": "$94", "2017-06-30": "$546", "2017-03-31": "$195", "2016-12-31": "$116", "2016-09-30": "$110", "2016-06-30": "$181", "2016-03-31": "$83", "2015-12-31": "$116", "2015-09-30": "$29", "2015-06-30": "$109", "2015-03-31": "$51", "2014-12-31": "$175", "2014-09-30": "", "2014-06-30": "", "2014-03-31": "", "2013-12-31": "$86", "2012-12-31": "$69"}}, "long-term-debt": {"STORE Capital Annual Long Term Debt (Millions of US $)": {"2019": "$2,328", "2018": "$2,144", "2017": "$2,026", "2016": "$1,881", "2015": "$1,598", "2014": "$1,253", "2013": "$992", "2012": "$467"}, "STORE Capital Quarterly Long Term Debt (Millions of US $)": {"2020-09-30": "$2,306", "2020-06-30": "$2,913", "2020-03-31": "$2,921", "2019-12-31": "$2,328", "2019-09-30": "$2,025", "2019-06-30": "$2,104", "2019-03-31": "$2,037", "2018-12-31": "$2,144", "2018-09-30": "$2,040", "2018-06-30": "$1,801", "2018-03-31": "$1,809", "2017-12-31": "$2,026", "2017-09-30": "$1,823", "2017-06-30": "$1,943", "2017-03-31": "$1,958", "2016-12-31": "$1,881", "2016-09-30": "$1,688", "2016-06-30": "$1,651", "2016-03-31": "$1,836", "2015-12-31": "$1,598", "2015-09-30": "$1,828", "2015-06-30": "$1,639", "2015-03-31": "$1,441", "2014-12-31": "$1,253", "2014-09-30": "", "2014-06-30": "", "2014-03-31": "", "2013-12-31": "$992", "2012-12-31": "$467"}}, "total-liabilities": {"STORE Capital Annual Total Liabilities (Millions of US $)": {"2019": "$3,811", "2018": "$3,250", "2017": "$2,729", "2016": "$2,458", "2015": "$1,852", "2014": "$1,300", "2013": "$1,012", "2012": "$483"}, "STORE Capital Quarterly Total Liabilities (Millions of US $)": {"2020-09-30": "$3,812", "2020-06-30": "$4,407", "2020-03-31": "$4,406", "2019-12-31": "$3,811", "2019-09-30": "$3,504", "2019-06-30": "$3,581", "2019-03-31": "$3,490", "2018-12-31": "$3,250", "2018-09-30": "$3,133", "2018-06-30": "$2,871", "2018-03-31": "$2,866", "2017-12-31": "$2,729", "2017-09-30": "$2,522", "2017-06-30": "$2,615", "2017-03-31": "$2,635", "2016-12-31": "$2,458", "2016-09-30": "$2,258", "2016-06-30": "$2,205", "2016-03-31": "$2,089", "2015-12-31": "$1,852", "2015-09-30": "$1,896", "2015-06-30": "$1,702", "2015-03-31": "$1,494", "2014-12-31": "$1,300", "2014-09-30": "$0", "2014-06-30": "$0", "2014-03-31": "$0", "2013-12-31": "$1,012", "2012-12-31": "$483"}}, "total-share-holder-equity": {"STORE Capital Annual Share Holder Equity (Millions of US $)": {"2019": "$4,485", "2018": "$3,864", "2017": "$3,171", "2016": "$2,483", "2015": "$2,060", "2014": "$1,583", "2013": "$774", "2012": "$497"}, "STORE Capital Quarterly Share Holder Equity (Millions of US $)": {"2020-09-30": "$4,909", "2020-06-30": "$4,730", "2020-03-31": "$4,599", "2019-12-31": "$4,485", "2019-09-30": "$4,309", "2019-06-30": "$4,118", "2019-03-31": "$3,989", "2018-12-31": "$3,864", "2018-09-30": "$3,619", "2018-06-30": "$3,451", "2018-03-31": "$3,263", "2017-12-31": "$3,171", "2017-09-30": "$3,093", "2017-06-30": "$3,121", "2017-03-31": "$2,737", "2016-12-31": "$2,483", "2016-09-30": "$2,405", "2016-06-30": "$2,340", "2016-03-31": "$2,046", "2015-12-31": "$2,060", "2015-09-30": "$1,776", "2015-06-30": "$1,786", "2015-03-31": "$1,572", "2014-12-31": "$1,583", "2014-09-30": "$0", "2014-06-30": "$0", "2014-03-31": "$0", "2013-12-31": "$774", "2012-12-31": "$497"}}, "profit-margins": {"current": "31.33%"}, "gross margin": {"2020-09-30": "97.55%", "2020-06-30": "97.54%", "2020-03-31": "97.96%", "2019-12-31": "98.35%", "2019-09-30": "98.44%", "2019-06-30": "98.68%", "2019-03-31": "98.78%", "2018-12-31": "99.08%", "2018-09-30": "99.22%", "2018-06-30": "98.98%", "2018-03-31": "98.94%", "2017-12-31": "98.90%", "2017-09-30": "98.85%", "2017-06-30": "99.05%", "2017-03-31": "99.00%", "2016-12-31": "99.20%", "2016-09-30": "99.15%", "2016-06-30": "99.10%", "2016-03-31": "99.35%", "2015-12-31": "99.30%", "2015-09-30": "99.62%", "2015-06-30": "100.00%", "2015-03-31": "100.00%", "2014-12-31": "100.00%"}, "operating margin": {"2020-09-30": "53.17%", "2020-06-30": "53.26%", "2020-03-31": "54.88%", "2019-12-31": "54.20%", "2019-09-30": "54.53%", "2019-06-30": "55.54%", "2019-03-31": "55.42%", "2018-12-31": "55.64%", "2018-09-30": "56.23%", "2018-06-30": "54.10%", "2018-03-31": "54.35%", "2017-12-31": "53.64%", "2017-09-30": "53.79%", "2017-06-30": "56.29%", "2017-03-31": "56.14%", "2016-12-31": "57.45%", "2016-09-30": "58.19%", "2016-06-30": "58.13%", "2016-03-31": "57.93%", "2015-12-31": "57.54%", "2015-09-30": "57.31%", "2015-06-30": "57.20%", "2015-03-31": "57.55%", "2014-12-31": "58.42%"}, "ebitda margin": {"2020-09-30": "89.63%", "2020-06-30": "89.15%", "2020-03-31": "90.25%", "2019-12-31": "90.54%", "2019-09-30": "91.09%", "2019-06-30": "92.40%", "2019-03-31": "92.48%", "2018-12-31": "92.79%", "2018-09-30": "93.00%", "2018-06-30": "91.39%", "2018-03-31": "91.51%", "2017-12-31": "90.95%", "2017-09-30": "91.03%", "2017-06-30": "92.87%", "2017-03-31": "92.48%", "2016-12-31": "93.09%", "2016-09-30": "93.50%", "2016-06-30": "93.07%", "2016-03-31": "92.88%", "2015-12-31": "92.98%", "2015-09-30": "92.69%", "2015-06-30": "93.22%", "2015-03-31": "92.92%", "2014-12-31": "93.16%"}, "pre tax profit margin": {"2020-09-30": "31.56%", "2020-06-30": "39.94%", "2020-03-31": "44.10%", "2019-12-31": "42.94%", "2019-09-30": "44.22%", "2019-06-30": "36.20%", "2019-03-31": "37.24%", "2018-12-31": "40.11%", "2018-09-30": "46.11%", "2018-06-30": "43.24%", "2018-03-31": "39.07%", "2017-12-31": "35.76%", "2017-09-30": "29.20%", "2017-06-30": "32.07%", "2017-03-31": "31.83%", "2016-12-31": "32.98%", "2016-09-30": "30.23%", "2016-06-30": "29.82%", "2016-03-31": "29.45%", "2015-12-31": "29.12%", "2015-09-30": "27.69%", "2015-06-30": "25.85%", "2015-03-31": "24.06%", "2014-12-31": "22.63%"}, "net profit margin": {"2020-09-30": "31.27%", "2020-06-30": "39.65%", "2020-03-31": "43.96%", "2019-12-31": "42.64%", "2019-09-30": "43.91%", "2019-06-30": "36.03%", "2019-03-31": "37.06%", "2018-12-31": "40.11%", "2018-09-30": "39.11%", "2018-06-30": "37.30%", "2018-03-31": "38.43%", "2017-12-31": "35.76%", "2017-09-30": "34.94%", "2017-06-30": "37.77%", "2017-03-31": "32.08%", "2016-12-31": "32.45%", "2016-09-30": "32.49%", "2016-06-30": "30.72%", "2016-03-31": "29.77%", "2015-12-31": "29.47%", "2015-09-30": "29.62%", "2015-06-30": "27.54%", "2015-03-31": "25.94%", "2014-12-31": "25.26%"}, "pe ratio": {"current": "17.54", "2021-02-05": "37.47", "2020-09-30": "30.84", "2020-06-30": "20.22", "2020-03-31": "13.52", "2019-12-31": "28.60", "2019-09-30": "28.23", "2019-06-30": "31.08", "2019-03-31": "30.75", "2018-12-31": "24.28", "2018-09-30": "24.73", "2018-06-30": "26.16", "2018-03-31": "22.47", "2017-12-31": "25.09", "2017-09-30": "23.95", "2017-06-30": "19.39", "2017-03-31": "23.76", "2016-12-31": "24.59", "2016-09-30": "29.69", "2016-06-30": "31.73", "2016-03-31": "29.18", "2015-12-31": "27.03", "2015-09-30": "23.79"}, "price sales": {"2021-02-05": "11.58", "2020-09-30": "9.53", "2020-06-30": "8.02", "2020-03-31": "5.93", "2019-12-31": "12.08", "2019-09-30": "12.17", "2019-06-30": "11.01", "2019-03-31": "11.25", "2018-12-31": "9.62", "2018-09-30": "9.49", "2018-06-30": "9.52", "2018-03-31": "8.51", "2017-12-31": "8.73", "2017-09-30": "8.20", "2017-06-30": "7.17", "2017-03-31": "7.62", "2016-12-31": "7.99", "2016-09-30": "9.55", "2016-06-30": "9.60", "2016-03-31": "8.50", "2015-12-31": "7.77", "2015-09-30": "7.09"}, "price book": {"current": "1.64", "2021-02-05": "1.76", "2020-09-30": "1.45", "2020-06-30": "1.25", "2020-03-31": "0.93", "2019-12-31": "1.88", "2019-09-30": "1.91", "2019-06-30": "1.72", "2019-03-31": "1.74", "2018-12-31": "1.47", "2018-09-30": "1.46", "2018-06-30": "1.45", "2018-03-31": "1.32", "2017-12-31": "1.38", "2017-09-30": "1.31", "2017-06-30": "1.16", "2017-03-31": "1.25", "2016-12-31": "1.31", "2016-09-30": "1.56", "2016-06-30": "1.56", "2016-03-31": "1.43", "2015-12-31": "1.26", "2015-09-30": "1.16", "2015-06-30": "1.10", "2015-03-31": "1.31", "2014-12-31": "1.19"}, "price fcf": {"2021-02-05": "", "2020-09-30": "$-1.86", "2020-06-30": "$-1.29", "2020-03-31": "$-1.57", "2019-12-31": "$-2.41", "2019-09-30": "$-2.64", "2019-06-30": "$-4.54", "2019-03-31": "$-4.92", "2018-12-31": "$-4.36", "2018-09-30": "$-4.42", "2018-06-30": "$-4.01", "2018-03-31": "$-3.09", "2017-12-31": "$-4.40", "2017-09-30": "$-4.49", "2017-06-30": "$-3.95", "2017-03-31": "$-6.15", "2016-12-31": "$-5.67", "2016-09-30": "$-5.74", "2016-06-30": "$-6.07", "2016-03-31": "$-6.85", "2015-12-31": "$-7.27", "2015-09-30": "$-4.48"}, "net worth": {"value": "$8.66B"}, "current ratio": {"2020-09-30": "0.53", "2020-06-30": "0.96", "2020-03-31": "0.89", "2019-12-31": "0.50", "2019-09-30": "0.37", "2019-06-30": "0.35", "2019-03-31": "0.29", "2018-12-31": "0.37", "2018-09-30": "0.37", "2018-06-30": "0.36", "2018-03-31": "0.34", "2017-12-31": "0.49", "2017-09-30": "0.57", "2017-06-30": "1.32", "2017-03-31": "0.73", "2016-12-31": "0.73", "2016-09-30": "0.70", "2016-06-30": "0.83", "2016-03-31": "1.49", "2015-12-31": "1.52", "2015-09-30": "8.01", "2015-06-30": "10.82", "2015-03-31": "9.34", "2014-12-31": "9.41", "2014-09-30": "0.00", "2014-06-30": "0.00", "2014-03-31": "0.00", "2013-12-31": "11.56", "2012-12-31": "17.13"}, "quick ratio": {"2020-09-30": "0.00", "2020-06-30": "0.00", "2020-03-31": "0.00", "2019-12-31": "0.00", "2019-09-30": "0.00", "2019-06-30": "0.00", "2019-03-31": "0.00", "2018-12-31": "0.00", "2018-09-30": "0.00", "2018-06-30": "0.00", "2018-03-31": "0.00", "2017-12-31": "0.00", "2017-09-30": "0.00", "2017-06-30": "0.00", "2017-03-31": "0.00", "2016-12-31": "0.00", "2016-09-30": "0.00", "2016-06-30": "0.00", "2016-03-31": "0.00", "2015-12-31": "0.00", "2015-09-30": "0.00", "2015-06-30": "0.00", "2015-03-31": "0.00", "2014-12-31": "0.00", "2014-09-30": "0.00", "2014-06-30": "0.00", "2014-03-31": "0.00", "2013-12-31": "0.00", "2012-12-31": "0.00"}, "debt equity ratio": {"current": "0.47", "2020-09-30": "0.78", "2020-06-30": "0.93", "2020-03-31": "0.96", "2019-12-31": "0.85", "2019-09-30": "0.81", "2019-06-30": "0.87", "2019-03-31": "0.88", "2018-12-31": "0.84", "2018-09-30": "0.87", "2018-06-30": "0.83", "2018-03-31": "0.88", "2017-12-31": "0.86", "2017-09-30": "0.82", "2017-06-30": "0.84", "2017-03-31": "0.96", "2016-12-31": "0.99", "2016-09-30": "0.94", "2016-06-30": "0.94", "2016-03-31": "1.02", "2015-12-31": "0.90", "2015-09-30": "1.07", "2015-06-30": "0.95", "2015-03-31": "0.95", "2014-12-31": "0.82", "2014-09-30": "0.00", "2014-06-30": "0.00", "2014-03-31": "0.00", "2013-12-31": "1.31", "2012-12-31": "0.97"}, "return on equity": {"2020-09-30": "4.64%", "2020-06-30": "6.05%", "2020-03-31": "6.90%", "2019-12-31": "6.72%", "2019-09-30": "6.90%", "2019-06-30": "5.59%", "2019-03-31": "5.68%", "2018-12-31": "6.11%", "2018-09-30": "5.95%", "2018-06-30": "5.61%", "2018-03-31": "5.72%", "2017-12-31": "5.35%", "2017-09-30": "5.32%", "2017-06-30": "5.92%", "2017-03-31": "5.14%", "2016-12-31": "5.26%", "2016-09-30": "5.20%", "2016-06-30": "4.96%", "2016-03-31": "4.80%", "2015-12-31": "4.67%", "2015-09-30": "4.59%", "2015-06-30": "5.26%", "2015-03-31": "6.97%", "2014-12-31": "12.13%"}, "return on assets": {"2020-09-30": "2.47%", "2020-06-30": "3.20%", "2020-03-31": "3.68%", "2019-12-31": "3.63%", "2019-09-30": "3.73%", "2019-06-30": "3.00%", "2019-03-31": "3.07%", "2018-12-31": "3.30%", "2018-09-30": "3.20%", "2018-06-30": "3.04%", "2018-03-31": "3.10%", "2017-12-31": "2.86%", "2017-09-30": "2.81%", "2017-06-30": "3.07%", "2017-03-31": "2.62%", "2016-12-31": "2.67%", "2016-09-30": "2.67%", "2016-06-30": "2.51%", "2016-03-31": "2.42%", "2015-12-31": "2.38%", "2015-09-30": "2.35%", "2015-06-30": "2.76%", "2015-03-31": "3.70%", "2014-12-31": "6.66%"}, "return on investments": {"2020-09-30": "5.06%", "2020-06-30": "5.20%", "2020-03-31": "5.61%", "2019-12-31": "5.69%", "2019-09-30": "5.68%", "2019-06-30": "5.62%", "2019-03-31": "5.53%", "2018-12-31": "5.48%", "2018-09-30": "5.46%", "2018-06-30": "5.17%", "2018-03-31": "5.06%", "2017-12-31": "4.89%", "2017-09-30": "4.92%", "2017-06-30": "5.20%", "2017-03-31": "5.23%", "2016-12-31": "5.29%", "2016-09-30": "5.27%", "2016-06-30": "5.10%", "2016-03-31": "4.92%", "2015-12-31": "4.79%", "2015-09-30": "4.63%", "2015-06-30": "5.82%", "2015-03-31": "8.34%", "2014-12-31": "15.66%"}, "return on tangible equity": {"2020-09-30": "4.64%", "2020-06-30": "6.05%", "2020-03-31": "6.90%", "2019-12-31": "6.72%", "2019-09-30": "6.90%", "2019-06-30": "5.59%", "2019-03-31": "5.68%", "2018-12-31": "6.11%", "2018-09-30": "5.95%", "2018-06-30": "5.61%", "2018-03-31": "5.72%", "2017-12-31": "5.35%", "2017-09-30": "5.32%", "2017-06-30": "5.92%", "2017-03-31": "5.14%", "2016-12-31": "5.26%", "2016-09-30": "5.20%", "2016-06-30": "4.96%", "2016-03-31": "4.80%", "2015-12-31": "4.67%", "2015-09-30": "4.59%", "2015-06-30": "5.26%", "2015-03-31": "6.97%", "2014-12-31": "12.13%"}, "dividend yield history": {"last payout": "$1.44", "last yield": "4.37%"}}