{"ticker": "STX", "price": {"title": "Seagate Technology Historical Annual Stock Price Data", "value": 72.46, "historical": {"2020": {"Average Stock Price": "51.6850", "Year Open": "60.5000", "Year High": "66.3100", "Year Low": "40.7300", "Year Close": "62.1600", "Annual % Change": "4.47%"}, "2019": {"Average Stock Price": "49.4163", "Year Open": "39.0800", "Year High": "60.3700", "Year Low": "36.5200", "Year Close": "59.5000", "Annual % Change": "54.19%"}, "2018": {"Average Stock Price": "51.6523", "Year Open": "42.9300", "Year High": "62.1100", "Year Low": "36.1300", "Year Close": "38.5900", "Annual % Change": "-7.77%"}, "2017": {"Average Stock Price": "40.0336", "Year Open": "39.6200", "Year High": "50.5100", "Year Low": "30.9500", "Year Close": "41.8400", "Annual % Change": "9.61%"}, "2016": {"Average Stock Price": "31.5339", "Year Open": "36.2700", "Year High": "40.8400", "Year Low": "18.7200", "Year Close": "38.1700", "Annual % Change": "4.12%"}, "2015": {"Average Stock Price": "50.1480", "Year Open": "66.0200", "Year High": "66.4450", "Year Low": "33.0700", "Year Close": "36.6600", "Annual % Change": "-44.87%"}, "2014": {"Average Stock Price": "57.2293", "Year Open": "55.4100", "Year High": "68.8200", "Year Low": "49.0300", "Year Close": "66.5000", "Annual % Change": "18.41%"}, "2013": {"Average Stock Price": "41.5718", "Year Open": "31.9500", "Year High": "56.5300", "Year Low": "30.8400", "Year Close": "56.1600", "Annual % Change": "84.62%"}, "2012": {"Average Stock Price": "27.5119", "Year Open": "16.4300", "Year High": "35.6700", "Year Low": "16.4300", "Year Close": "30.4200", "Annual % Change": "85.49%"}, "2011": {"Average Stock Price": "14.5292", "Year Open": "14.9700", "Year High": "18.3500", "Year Low": "9.4900", "Year Close": "16.4000", "Annual % Change": "9.12%"}, "2010": {"Average Stock Price": "15.5451", "Year Open": "18.8900", "Year High": "21.3500", "Year Low": "10.1400", "Year Close": "15.0300", "Annual % Change": "-17.37%"}, "2009": {"Average Stock Price": "10.3960", "Year Open": "5.0800", "Year High": "18.4400", "Year Low": "3.1100", "Year Close": "18.1900", "Annual % Change": "310.61%"}, "2008": {"Average Stock Price": "15.8658", "Year Open": "24.4400", "Year High": "24.5100", "Year Low": "3.8300", "Year Close": "4.4300", "Annual % Change": "-82.63%"}, "2007": {"Average Stock Price": "24.6561", "Year Open": "26.0700", "Year High": "28.6000", "Year Low": "20.3000", "Year Close": "25.5000", "Annual % Change": "-3.77%"}, "2006": {"Average Stock Price": "23.8872", "Year Open": "20.0700", "Year High": "28.0800", "Year Low": "19.9500", "Year Close": "26.5000", "Annual % Change": "32.57%"}, "2005": {"Average Stock Price": "17.8726", "Year Open": "17.3900", "Year High": "21.3000", "Year Low": "13.9600", "Year Close": "19.9900", "Annual % Change": "15.75%"}, "2004": {"Average Stock Price": "14.3798", "Year Open": "19.3100", "Year High": "21.5100", "Year Low": "10.2800", "Year Close": "17.2700", "Annual % Change": "-8.62%"}, "2003": {"Average Stock Price": "17.1116", "Year Open": "10.5000", "Year High": "30.6000", "Year Low": "8.0600", "Year Close": "18.9000", "Annual % Change": "76.14%"}, "2002": {"Average Stock Price": "10.8557", "Year Open": "11.5000", "Year High": "11.6100", "Year Low": "10.0300", "Year Close": "10.7300", "Annual % Change": "0.00%"}}}, "market cap": {"value": "$17.13B"}, "income statement": {"Revenue": {"2020-06-30": "10509.00000", "2019-06-30": "10390.00000", "2018-06-30": "11184.00000", "2017-06-30": "10771.00000", "2016-06-30": "11160.00000", "2015-06-30": "13739.00000", "2014-06-30": "13724.00000", "2013-06-30": "14351.00000", "2012-06-30": "14939.00000", "2011-06-30": "10971.00000", "2010-06-30": "11395.00000", "2009-06-30": "9805.00000", "2008-06-30": "12708.00000", "2007-06-30": "11360.00000", "2006-06-30": "9206.00000", "2005-06-30": "7553.00000"}, "Cost Of Goods Sold": {"2020-06-30": "7667.00000", "2019-06-30": "7458.00000", "2018-06-30": "7820.00000", "2017-06-30": "7597.00000", "2016-06-30": "8545.00000", "2015-06-30": "9930.00000", "2014-06-30": "9878.00000", "2013-06-30": "10411.00000", "2012-06-30": "10255.00000", "2011-06-30": "8825.00000", "2010-06-30": "8191.00000", "2009-06-30": "8395.00000", "2008-06-30": "9503.00000", "2007-06-30": "9175.00000", "2006-06-30": "7069.00000", "2005-06-30": "5880.00000"}, "Gross Profit": {"2020-06-30": "2842.00000", "2019-06-30": "2932.00000", "2018-06-30": "3364.00000", "2017-06-30": "3174.00000", "2016-06-30": "2615.00000", "2015-06-30": "3809.00000", "2014-06-30": "3846.00000", "2013-06-30": "3940.00000", "2012-06-30": "4684.00000", "2011-06-30": "2146.00000", "2010-06-30": "3204.00000", "2009-06-30": "1410.00000", "2008-06-30": "3205.00000", "2007-06-30": "2185.00000", "2006-06-30": "2137.00000", "2005-06-30": "1673.00000"}, "Research And Development Expenses": {"2020-06-30": "973.00000", "2019-06-30": "991.00000", "2018-06-30": "1026.00000", "2017-06-30": "1232.00000", "2016-06-30": "1237.00000", "2015-06-30": "1353.00000", "2014-06-30": "1226.00000", "2013-06-30": "1133.00000", "2012-06-30": "1006.00000", "2011-06-30": "875.00000", "2010-06-30": "877.00000", "2009-06-30": "953.00000", "2008-06-30": "1028.00000", "2007-06-30": "904.00000", "2006-06-30": "805.00000", "2005-06-30": "645.00000"}, "SG&A Expenses": {"2020-06-30": "473.00000", "2019-06-30": "453.00000", "2018-06-30": "562.00000", "2017-06-30": "606.00000", "2016-06-30": "635.00000", "2015-06-30": "857.00000", "2014-06-30": "722.00000", "2013-06-30": "635.00000", "2012-06-30": "528.00000", "2011-06-30": "445.00000", "2010-06-30": "437.00000", "2009-06-30": "537.00000", "2008-06-30": "659.00000", "2007-06-30": "589.00000", "2006-06-30": "447.00000", "2005-06-30": "306.00000"}, "Other Operating Income Or Expenses": {"2020-06-30": "", "2019-06-30": "", "2018-06-30": "", "2017-06-30": "", "2016-06-30": "", "2015-06-30": "620.00000", "2014-06-30": "", "2013-06-30": "", "2012-06-30": "", "2011-06-30": "", "2010-06-30": "", "2009-06-30": "", "2008-06-30": "", "2007-06-30": "", "2006-06-30": "", "2005-06-30": ""}, "Operating Expenses": {"2020-06-30": "9209.00000", "2019-06-30": "8903.00000", "2018-06-30": "9550.00000", "2017-06-30": "9717.00000", "2016-06-30": "10715.00000", "2015-06-30": "11681.00000", "2014-06-30": "11948.00000", "2013-06-30": "12260.00000", "2012-06-30": "11831.00000", "2011-06-30": "10165.00000", "2010-06-30": "9655.00000", "2009-06-30": "12470.00000", "2008-06-30": "11332.00000", "2007-06-30": "10746.00000", "2006-06-30": "8332.00000", "2005-06-30": "6831.00000"}, "Operating Income": {"2020-06-30": "1300.00000", "2019-06-30": "1487.00000", "2018-06-30": "1634.00000", "2017-06-30": "1054.00000", "2016-06-30": "445.00000", "2015-06-30": "2058.00000", "2014-06-30": "1776.00000", "2013-06-30": "2091.00000", "2012-06-30": "3108.00000", "2011-06-30": "806.00000", "2010-06-30": "1740.00000", "2009-06-30": "-2665.00000", "2008-06-30": "1376.00000", "2007-06-30": "614.00000", "2006-06-30": "874.00000", "2005-06-30": "722.00000"}, "Total Non-Operating Income/Expense": {"2020-06-30": "-268.00000", "2019-06-30": "-115.00000", "2018-06-30": "-216.00000", "2017-06-30": "-239.00000", "2016-06-30": "-171.00000", "2015-06-30": "-88.00000", "2014-06-30": "-220.00000", "2013-06-30": "-260.00000", "2012-06-30": "-226.00000", "2011-06-30": "-227.00000", "2010-06-30": "-171.00000", "2009-06-30": "-149.00000", "2008-06-30": "-58.00000", "2007-06-30": "-53.00000", "2006-06-30": "50.00000", "2005-06-30": "10.00000"}, "Pre-Tax Income": {"2020-06-30": "1032.00000", "2019-06-30": "1372.00000", "2018-06-30": "1418.00000", "2017-06-30": "815.00000", "2016-06-30": "274.00000", "2015-06-30": "1970.00000", "2014-06-30": "1556.00000", "2013-06-30": "1831.00000", "2012-06-30": "2882.00000", "2011-06-30": "579.00000", "2010-06-30": "1569.00000", "2009-06-30": "-2814.00000", "2008-06-30": "1318.00000", "2007-06-30": "561.00000", "2006-06-30": "924.00000", "2005-06-30": "732.00000"}, "Income Taxes": {"2020-06-30": "28.00000", "2019-06-30": "-640.00000", "2018-06-30": "236.00000", "2017-06-30": "43.00000", "2016-06-30": "26.00000", "2015-06-30": "228.00000", "2014-06-30": "-14.00000", "2013-06-30": "-7.00000", "2012-06-30": "20.00000", "2011-06-30": "68.00000", "2010-06-30": "-40.00000", "2009-06-30": "311.00000", "2008-06-30": "67.00000", "2007-06-30": "-352.00000", "2006-06-30": "84.00000", "2005-06-30": "25.00000"}, "Income After Taxes": {"2020-06-30": "1004.00000", "2019-06-30": "2012.00000", "2018-06-30": "1182.00000", "2017-06-30": "772.00000", "2016-06-30": "248.00000", "2015-06-30": "1742.00000", "2014-06-30": "1570.00000", "2013-06-30": "1838.00000", "2012-06-30": "2862.00000", "2011-06-30": "511.00000", "2010-06-30": "1609.00000", "2009-06-30": "-3125.00000", "2008-06-30": "1251.00000", "2007-06-30": "913.00000", "2006-06-30": "840.00000", "2005-06-30": "707.00000"}, "Other Income": {"2020-06-30": "", "2019-06-30": "", "2018-06-30": "", "2017-06-30": "", "2016-06-30": "", "2015-06-30": "", "2014-06-30": "", "2013-06-30": "", "2012-06-30": "", "2011-06-30": "", "2010-06-30": "", "2009-06-30": "", "2008-06-30": "", "2007-06-30": "", "2006-06-30": "", "2005-06-30": ""}, "Income From Continuous Operations": {"2020-06-30": "1004.00000", "2019-06-30": "2012.00000", "2018-06-30": "1182.00000", "2017-06-30": "772.00000", "2016-06-30": "248.00000", "2015-06-30": "1742.00000", "2014-06-30": "1570.00000", "2013-06-30": "1838.00000", "2012-06-30": "2862.00000", "2011-06-30": "511.00000", "2010-06-30": "1609.00000", "2009-06-30": "-3125.00000", "2008-06-30": "1251.00000", "2007-06-30": "913.00000", "2006-06-30": "840.00000", "2005-06-30": "707.00000"}, "Income From Discontinued Operations": {"2020-06-30": "", "2019-06-30": "", "2018-06-30": "", "2017-06-30": "", "2016-06-30": "", "2015-06-30": "", "2014-06-30": "", "2013-06-30": "", "2012-06-30": "", "2011-06-30": "", "2010-06-30": "", "2009-06-30": "", "2008-06-30": "", "2007-06-30": "", "2006-06-30": "", "2005-06-30": ""}, "Net Income": {"2020-06-30": "1004.00000", "2019-06-30": "2012.00000", "2018-06-30": "1182.00000", "2017-06-30": "772.00000", "2016-06-30": "248.00000", "2015-06-30": "1742.00000", "2014-06-30": "1570.00000", "2013-06-30": "1838.00000", "2012-06-30": "2862.00000", "2011-06-30": "511.00000", "2010-06-30": "1609.00000", "2009-06-30": "-3125.00000", "2008-06-30": "1251.00000", "2007-06-30": "913.00000", "2006-06-30": "840.00000", "2005-06-30": "707.00000"}, "EBITDA": {"2020-06-30": "1679.00000", "2019-06-30": "2028.00000", "2018-06-30": "2232.00000", "2017-06-30": "1803.00000", "2016-06-30": "1286.00000", "2015-06-30": "2899.00000", "2014-06-30": "2655.00000", "2013-06-30": "2964.00000", "2012-06-30": "3922.00000", "2011-06-30": "1560.00000", "2010-06-30": "2577.00000", "2009-06-30": "586.00000", "2008-06-30": "2220.00000", "2007-06-30": "1465.00000", "2006-06-30": "1486.00000", "2005-06-30": "1186.00000"}, "EBIT": {"2020-06-30": "1300.00000", "2019-06-30": "1487.00000", "2018-06-30": "1634.00000", "2017-06-30": "1054.00000", "2016-06-30": "445.00000", "2015-06-30": "2058.00000", "2014-06-30": "1776.00000", "2013-06-30": "2091.00000", "2012-06-30": "3108.00000", "2011-06-30": "806.00000", "2010-06-30": "1740.00000", "2009-06-30": "-2665.00000", "2008-06-30": "1376.00000", "2007-06-30": "614.00000", "2006-06-30": "874.00000", "2005-06-30": "722.00000"}, "Basic Shares Outstanding": {"2020-06-30": "262.00000", "2019-06-30": "282.00000", "2018-06-30": "288.00000", "2017-06-30": "296.00000", "2016-06-30": "299.00000", "2015-06-30": "324.00000", "2014-06-30": "337.00000", "2013-06-30": "370.00000", "2012-06-30": "426.00000", "2011-06-30": "451.00000", "2010-06-30": "491.00000", "2009-06-30": "488.00000", "2008-06-30": "512.00000", "2007-06-30": "558.00000", "2006-06-30": "495.00000", "2005-06-30": "468.00000"}, "Shares Outstanding": {"2020-06-30": "265.00000", "2019-06-30": "285.00000", "2018-06-30": "292.00000", "2017-06-30": "299.00000", "2016-06-30": "302.00000", "2015-06-30": "331.00000", "2014-06-30": "347.00000", "2013-06-30": "382.00000", "2012-06-30": "441.00000", "2011-06-30": "467.00000", "2010-06-30": "514.00000", "2009-06-30": "488.00000", "2008-06-30": "538.00000", "2007-06-30": "587.00000", "2006-06-30": "524.00000", "2005-06-30": "502.00000"}, "Basic EPS": {"2020-06-30": "3.83000", "2019-06-30": "7.13000", "2018-06-30": "4.10000", "2017-06-30": "2.61000", "2016-06-30": "0.83000", "2015-06-30": "5.38000", "2014-06-30": "4.66000", "2013-06-30": "4.97000", "2012-06-30": "6.72000", "2011-06-30": "1.13000", "2010-06-30": "3.28000", "2009-06-30": "-6.40000", "2008-06-30": "2.44000", "2007-06-30": "1.64000", "2006-06-30": "1.70000", "2005-06-30": "1.51000"}, "EPS - Earnings Per Share": {"2020-06-30": "3.79000", "2019-06-30": "7.06000", "2018-06-30": "4.05000", "2017-06-30": "2.58000", "2016-06-30": "0.82000", "2015-06-30": "5.26000", "2014-06-30": "4.52000", "2013-06-30": "4.81000", "2012-06-30": "6.49000", "2011-06-30": "1.09000", "2010-06-30": "3.14000", "2009-06-30": "-6.40000", "2008-06-30": "2.34000", "2007-06-30": "1.56000", "2006-06-30": "1.60000", "2005-06-30": "1.41000"}}, "income statement, quarterly": {"Revenue": {"2020-12-31": "2623.00000", "2020-09-30": "2314.00000", "2020-06-30": "2517.00000", "2020-03-31": "2718.00000", "2019-12-31": "2696.00000", "2019-09-30": "2578.00000", "2019-06-30": "2371.00000", "2019-03-31": "2313.00000", "2018-12-31": "2715.00000", "2018-09-30": "2991.00000", "2018-06-30": "2835.00000", "2018-03-31": "2803.00000", "2017-12-31": "2914.00000", "2017-09-30": "2632.00000", "2017-06-30": "2406.00000", "2017-03-31": "2674.00000", "2016-12-31": "2894.00000", "2016-09-30": "2797.00000", "2016-06-30": "2654.00000", "2016-03-31": "2595.00000", "2015-12-31": "2986.00000", "2015-09-30": "2925.00000", "2015-06-30": "2928.00000", "2015-03-31": "3330.00000", "2014-12-31": "3696.00000", "2014-09-30": "3785.00000", "2014-06-30": "3301.00000", "2014-03-31": "3406.00000", "2013-12-31": "3528.00000", "2013-09-30": "3489.00000", "2013-06-30": "3425.00000", "2013-03-31": "3526.00000", "2012-12-31": "3668.00000", "2012-09-30": "3732.00000", "2012-06-30": "4483.00000", "2012-03-31": "4450.00000", "2011-12-31": "3195.00000", "2011-09-30": "2811.00000", "2011-06-30": "2860.00000", "2011-03-31": "2695.00000", "2010-12-31": "2719.00000", "2010-09-30": "2697.00000", "2010-06-30": "2656.00000", "2010-03-31": "3049.00000", "2009-12-31": "3027.00000", "2009-09-30": "2663.00000", "2009-06-30": "2352.00000", "2009-03-31": "2150.00000", "2008-12-31": "2270.00000", "2008-09-30": "3033.00000", "2008-06-30": "2899.00000", "2008-03-31": "3104.00000", "2007-12-31": "3420.00000", "2007-09-30": "3285.00000", "2007-06-30": "2743.00000", "2007-03-31": "2828.00000", "2006-12-31": "2996.00000", "2006-09-30": "2793.00000", "2006-06-30": "2529.00000", "2006-03-31": "2289.00000", "2005-12-31": "2300.00000", "2005-09-30": "2088.00000", "2005-06-30": "2179.00000", "2005-03-31": "1969.00000"}, "Cost Of Goods Sold": {"2020-12-31": "1927.00000", "2020-09-30": "1718.00000", "2020-06-30": "1850.00000", "2020-03-31": "1972.00000", "2019-12-31": "1938.00000", "2019-09-30": "1907.00000", "2019-06-30": "1747.00000", "2019-03-31": "1712.00000", "2018-12-31": "1921.00000", "2018-09-30": "2078.00000", "2018-06-30": "1931.00000", "2018-03-31": "1956.00000", "2017-12-31": "2037.00000", "2017-09-30": "1896.00000", "2017-06-30": "1740.00000", "2017-03-31": "1858.00000", "2016-12-31": "2003.00000", "2016-09-30": "1996.00000", "2016-06-30": "1993.00000", "2016-03-31": "2071.00000", "2015-12-31": "2245.00000", "2015-09-30": "2236.00000", "2015-06-30": "2152.00000", "2015-03-31": "2375.00000", "2014-12-31": "2669.00000", "2014-09-30": "2734.00000", "2014-06-30": "2376.00000", "2014-03-31": "2447.00000", "2013-12-31": "2541.00000", "2013-09-30": "2514.00000", "2013-06-30": "2486.00000", "2013-03-31": "2578.00000", "2012-12-31": "2676.00000", "2012-09-30": "2671.00000", "2012-06-30": "2999.00000", "2012-03-31": "2809.00000", "2011-12-31": "2185.00000", "2011-09-30": "2262.00000", "2011-06-30": "2309.00000", "2011-03-31": "2179.00000", "2010-12-31": "2190.00000", "2010-09-30": "2147.00000", "2010-06-30": "1929.00000", "2010-03-31": "2148.00000", "2009-12-31": "2104.00000", "2009-09-30": "2010.00000", "2009-06-30": "1937.00000", "2009-03-31": "1997.00000", "2008-12-31": "1954.00000", "2008-09-30": "2507.00000", "2008-06-30": "2208.00000", "2008-03-31": "2288.00000", "2007-12-31": "2531.00000", "2007-09-30": "2476.00000", "2007-06-30": "2149.00000", "2007-03-31": "2225.00000", "2006-12-31": "2450.00000", "2006-09-30": "2351.00000", "2006-06-30": "2074.00000", "2006-03-31": "1733.00000", "2005-12-31": "1709.00000", "2005-09-30": "1553.00000", "2005-06-30": "1638.00000", "2005-03-31": "1492.00000"}, "Gross Profit": {"2020-12-31": "696.00000", "2020-09-30": "596.00000", "2020-06-30": "667.00000", "2020-03-31": "746.00000", "2019-12-31": "758.00000", "2019-09-30": "671.00000", "2019-06-30": "624.00000", "2019-03-31": "601.00000", "2018-12-31": "794.00000", "2018-09-30": "913.00000", "2018-06-30": "904.00000", "2018-03-31": "847.00000", "2017-12-31": "877.00000", "2017-09-30": "736.00000", "2017-06-30": "666.00000", "2017-03-31": "816.00000", "2016-12-31": "891.00000", "2016-09-30": "801.00000", "2016-06-30": "661.00000", "2016-03-31": "524.00000", "2015-12-31": "741.00000", "2015-09-30": "689.00000", "2015-06-30": "776.00000", "2015-03-31": "955.00000", "2014-12-31": "1027.00000", "2014-09-30": "1051.00000", "2014-06-30": "925.00000", "2014-03-31": "959.00000", "2013-12-31": "987.00000", "2013-09-30": "975.00000", "2013-06-30": "939.00000", "2013-03-31": "948.00000", "2012-12-31": "992.00000", "2012-09-30": "1061.00000", "2012-06-30": "1484.00000", "2012-03-31": "1641.00000", "2011-12-31": "1010.00000", "2011-09-30": "549.00000", "2011-06-30": "551.00000", "2011-03-31": "516.00000", "2010-12-31": "529.00000", "2010-09-30": "550.00000", "2010-06-30": "727.00000", "2010-03-31": "901.00000", "2009-12-31": "923.00000", "2009-09-30": "653.00000", "2009-06-30": "415.00000", "2009-03-31": "153.00000", "2008-12-31": "316.00000", "2008-09-30": "526.00000", "2008-06-30": "691.00000", "2008-03-31": "816.00000", "2007-12-31": "889.00000", "2007-09-30": "809.00000", "2007-06-30": "594.00000", "2007-03-31": "603.00000", "2006-12-31": "546.00000", "2006-09-30": "442.00000", "2006-06-30": "455.00000", "2006-03-31": "556.00000", "2005-12-31": "591.00000", "2005-09-30": "535.00000", "2005-06-30": "541.00000", "2005-03-31": "477.00000"}, "Research And Development Expenses": {"2020-12-31": "221.00000", "2020-09-30": "223.00000", "2020-06-30": "222.00000", "2020-03-31": "246.00000", "2019-12-31": "250.00000", "2019-09-30": "255.00000", "2019-06-30": "241.00000", "2019-03-31": "238.00000", "2018-12-31": "246.00000", "2018-09-30": "266.00000", "2018-06-30": "259.00000", "2018-03-31": "254.00000", "2017-12-31": "250.00000", "2017-09-30": "263.00000", "2017-06-30": "288.00000", "2017-03-31": "324.00000", "2016-12-31": "305.00000", "2016-09-30": "315.00000", "2016-06-30": "307.00000", "2016-03-31": "298.00000", "2015-12-31": "304.00000", "2015-09-30": "328.00000", "2015-06-30": "670.00000", "2015-03-31": "", "2014-12-31": "341.00000", "2014-09-30": "342.00000", "2014-06-30": "620.00000", "2014-03-31": "", "2013-12-31": "312.00000", "2013-09-30": "294.00000", "2013-06-30": "588.00000", "2013-03-31": "", "2012-12-31": "277.00000", "2012-09-30": "268.00000", "2012-06-30": "798.00000", "2012-03-31": "", "2011-12-31": "", "2011-09-30": "208.00000", "2011-06-30": "229.00000", "2011-03-31": "224.00000", "2010-12-31": "213.00000", "2010-09-30": "209.00000", "2010-06-30": "218.00000", "2010-03-31": "224.00000", "2009-12-31": "227.00000", "2009-09-30": "208.00000", "2009-06-30": "215.00000", "2009-03-31": "243.00000", "2008-12-31": "235.00000", "2008-09-30": "260.00000", "2008-06-30": "270.00000", "2008-03-31": "254.00000", "2007-12-31": "262.00000", "2007-09-30": "242.00000", "2007-06-30": "221.00000", "2007-03-31": "214.00000", "2006-12-31": "226.00000", "2006-09-30": "243.00000", "2006-06-30": "231.00000", "2006-03-31": "195.00000", "2005-12-31": "199.00000", "2005-09-30": "180.00000", "2005-06-30": "171.00000", "2005-03-31": "164.00000"}, "SG&A Expenses": {"2020-12-31": "122.00000", "2020-09-30": "118.00000", "2020-06-30": "112.00000", "2020-03-31": "119.00000", "2019-12-31": "120.00000", "2019-09-30": "122.00000", "2019-06-30": "108.00000", "2019-03-31": "110.00000", "2018-12-31": "120.00000", "2018-09-30": "115.00000", "2018-06-30": "140.00000", "2018-03-31": "135.00000", "2017-12-31": "142.00000", "2017-09-30": "145.00000", "2017-06-30": "146.00000", "2017-03-31": "150.00000", "2016-12-31": "155.00000", "2016-09-30": "155.00000", "2016-06-30": "143.00000", "2016-03-31": "150.00000", "2015-12-31": "160.00000", "2015-09-30": "182.00000", "2015-06-30": "204.00000", "2015-03-31": "219.00000", "2014-12-31": "218.00000", "2014-09-30": "216.00000", "2014-06-30": "161.00000", "2014-03-31": "190.00000", "2013-12-31": "190.00000", "2013-09-30": "181.00000", "2013-06-30": "178.00000", "2013-03-31": "168.00000", "2012-12-31": "139.00000", "2012-09-30": "150.00000", "2012-06-30": "140.00000", "2012-03-31": "142.00000", "2011-12-31": "141.00000", "2011-09-30": "105.00000", "2011-06-30": "128.00000", "2011-03-31": "110.00000", "2010-12-31": "102.00000", "2010-09-30": "105.00000", "2010-06-30": "116.00000", "2010-03-31": "105.00000", "2009-12-31": "110.00000", "2009-09-30": "106.00000", "2009-06-30": "113.00000", "2009-03-31": "134.00000", "2008-12-31": "142.00000", "2008-09-30": "148.00000", "2008-06-30": "175.00000", "2008-03-31": "164.00000", "2007-12-31": "167.00000", "2007-09-30": "153.00000", "2007-06-30": "142.00000", "2007-03-31": "126.00000", "2006-12-31": "141.00000", "2006-09-30": "180.00000", "2006-06-30": "145.00000", "2006-03-31": "108.00000", "2005-12-31": "108.00000", "2005-09-30": "86.00000", "2005-06-30": "88.00000", "2005-03-31": "78.00000"}, "Other Operating Income Or Expenses": {"2020-12-31": "", "2020-09-30": "", "2020-06-30": "", "2020-03-31": "", "2019-12-31": "", "2019-09-30": "", "2019-06-30": "", "2019-03-31": "", "2018-12-31": "", "2018-09-30": "", "2018-06-30": "", "2018-03-31": "", "2017-12-31": "", "2017-09-30": "", "2017-06-30": "", "2017-03-31": "", "2016-12-31": "", "2016-09-30": "", "2016-06-30": "", "2016-03-31": "", "2015-12-31": "", "2015-09-30": "", "2015-06-30": "", "2015-03-31": "", "2014-12-31": "620.00000", "2014-09-30": "", "2014-06-30": "", "2014-03-31": "", "2013-12-31": "", "2013-09-30": "", "2013-06-30": "", "2013-03-31": "", "2012-12-31": "", "2012-09-30": "", "2012-06-30": "", "2012-03-31": "", "2011-12-31": "", "2011-09-30": "", "2011-06-30": "", "2011-03-31": "", "2010-12-31": "", "2010-09-30": "", "2010-06-30": "", "2010-03-31": "", "2009-12-31": "", "2009-09-30": "-64.00000", "2009-06-30": "", "2009-03-31": "", "2008-12-31": "", "2008-09-30": "", "2008-06-30": "", "2008-03-31": "", "2007-12-31": "", "2007-09-30": "", "2007-06-30": "", "2007-03-31": "", "2006-12-31": "", "2006-09-30": "", "2006-06-30": "", "2006-03-31": "", "2005-12-31": "", "2005-09-30": "", "2005-06-30": "", "2005-03-31": ""}, "Operating Expenses": {"2020-12-31": "2275.00000", "2020-09-30": "2063.00000", "2020-06-30": "2250.00000", "2020-03-31": "2342.00000", "2019-12-31": "2312.00000", "2019-09-30": "2305.00000", "2019-06-30": "2039.00000", "2019-03-31": "2077.00000", "2018-12-31": "2299.00000", "2018-09-30": "2488.00000", "2018-06-30": "2330.00000", "2018-03-31": "2362.00000", "2017-12-31": "2481.00000", "2017-09-30": "2377.00000", "2017-06-30": "2209.00000", "2017-03-31": "2408.00000", "2016-12-31": "2524.00000", "2016-09-30": "2576.00000", "2016-06-30": "2551.00000", "2016-03-31": "2568.00000", "2015-12-31": "2757.00000", "2015-09-30": "2839.00000", "2015-06-30": "2722.00000", "2015-03-31": "2987.00000", "2014-12-31": "2643.00000", "2014-09-30": "3329.00000", "2014-06-30": "2891.00000", "2014-03-31": "2962.00000", "2013-12-31": "3084.00000", "2013-09-30": "3011.00000", "2013-06-30": "2978.00000", "2013-03-31": "3061.00000", "2012-12-31": "3113.00000", "2012-09-30": "3108.00000", "2012-06-30": "3426.00000", "2012-03-31": "3240.00000", "2011-12-31": "2590.00000", "2011-09-30": "2575.00000", "2011-06-30": "2670.00000", "2011-03-31": "2516.00000", "2010-12-31": "2513.00000", "2010-09-30": "2466.00000", "2010-06-30": "2275.00000", "2010-03-31": "2489.00000", "2009-12-31": "2449.00000", "2009-09-30": "2442.00000", "2009-06-30": "2363.00000", "2009-03-31": "2412.00000", "2008-12-31": "4743.00000", "2008-09-30": "2952.00000", "2008-06-30": "2702.00000", "2008-03-31": "2741.00000", "2007-12-31": "3000.00000", "2007-09-30": "2889.00000", "2007-06-30": "2554.00000", "2007-03-31": "2581.00000", "2006-12-31": "2830.00000", "2006-09-30": "2781.00000", "2006-06-30": "2457.00000", "2006-03-31": "2036.00000", "2005-12-31": "2016.00000", "2005-09-30": "1823.00000", "2005-06-30": "1898.00000", "2005-03-31": "1732.00000"}, "Operating Income": {"2020-12-31": "348.00000", "2020-09-30": "251.00000", "2020-06-30": "267.00000", "2020-03-31": "376.00000", "2019-12-31": "384.00000", "2019-09-30": "273.00000", "2019-06-30": "332.00000", "2019-03-31": "236.00000", "2018-12-31": "416.00000", "2018-09-30": "503.00000", "2018-06-30": "505.00000", "2018-03-31": "441.00000", "2017-12-31": "433.00000", "2017-09-30": "255.00000", "2017-06-30": "197.00000", "2017-03-31": "266.00000", "2016-12-31": "370.00000", "2016-09-30": "221.00000", "2016-06-30": "103.00000", "2016-03-31": "27.00000", "2015-12-31": "229.00000", "2015-09-30": "86.00000", "2015-06-30": "206.00000", "2015-03-31": "343.00000", "2014-12-31": "1053.00000", "2014-09-30": "456.00000", "2014-06-30": "410.00000", "2014-03-31": "444.00000", "2013-12-31": "444.00000", "2013-09-30": "478.00000", "2013-06-30": "447.00000", "2013-03-31": "465.00000", "2012-12-31": "555.00000", "2012-09-30": "624.00000", "2012-06-30": "1057.00000", "2012-03-31": "1210.00000", "2011-12-31": "605.00000", "2011-09-30": "236.00000", "2011-06-30": "190.00000", "2011-03-31": "179.00000", "2010-12-31": "206.00000", "2010-09-30": "231.00000", "2010-06-30": "381.00000", "2010-03-31": "560.00000", "2009-12-31": "578.00000", "2009-09-30": "221.00000", "2009-06-30": "-11.00000", "2009-03-31": "-262.00000", "2008-12-31": "-2473.00000", "2008-09-30": "81.00000", "2008-06-30": "197.00000", "2008-03-31": "363.00000", "2007-12-31": "420.00000", "2007-09-30": "396.00000", "2007-06-30": "189.00000", "2007-03-31": "247.00000", "2006-12-31": "166.00000", "2006-09-30": "12.00000", "2006-06-30": "72.00000", "2006-03-31": "253.00000", "2005-12-31": "284.00000", "2005-09-30": "265.00000", "2005-06-30": "281.00000", "2005-03-31": "237.00000"}, "Total Non-Operating Income/Expense": {"2020-12-31": "-57.00000", "2020-09-30": "-30.00000", "2020-06-30": "-107.00000", "2020-03-31": "-38.00000", "2019-12-31": "-48.00000", "2019-09-30": "-75.00000", "2019-06-30": "-41.00000", "2019-03-31": "-21.00000", "2018-12-31": "-18.00000", "2018-09-30": "-35.00000", "2018-06-30": "-39.00000", "2018-03-31": "-48.00000", "2017-12-31": "-62.00000", "2017-09-30": "-67.00000", "2017-06-30": "-77.00000", "2017-03-31": "-54.00000", "2016-12-31": "-60.00000", "2016-09-30": "-48.00000", "2016-06-30": "-49.00000", "2016-03-31": "-18.00000", "2015-12-31": "-49.00000", "2015-09-30": "-55.00000", "2015-06-30": "-58.00000", "2015-03-31": "-39.00000", "2014-12-31": "73.00000", "2014-09-30": "-64.00000", "2014-06-30": "-126.00000", "2014-03-31": "-54.00000", "2013-12-31": "-2.00000", "2013-09-30": "-38.00000", "2013-06-30": "-145.00000", "2013-03-31": "-35.00000", "2012-12-31": "-56.00000", "2012-09-30": "-24.00000", "2012-06-30": "-44.00000", "2012-03-31": "-51.00000", "2011-12-31": "-47.00000", "2011-09-30": "-84.00000", "2011-06-30": "-61.00000", "2011-03-31": "-57.00000", "2010-12-31": "-31.00000", "2010-09-30": "-78.00000", "2010-06-30": "-41.00000", "2010-03-31": "-38.00000", "2009-12-31": "-51.00000", "2009-09-30": "-41.00000", "2009-06-30": "-45.00000", "2009-03-31": "-29.00000", "2008-12-31": "-35.00000", "2008-09-30": "-40.00000", "2008-06-30": "-26.00000", "2008-03-31": "-14.00000", "2007-12-31": "3.00000", "2007-09-30": "-21.00000", "2007-06-30": "-17.00000", "2007-03-31": "-17.00000", "2006-12-31": "-21.00000", "2006-09-30": "2.00000", "2006-06-30": "12.00000", "2006-03-31": "24.00000", "2005-12-31": "7.00000", "2005-09-30": "7.00000", "2005-06-30": "10.00000", "2005-03-31": ""}, "Pre-Tax Income": {"2020-12-31": "291.00000", "2020-09-30": "221.00000", "2020-06-30": "160.00000", "2020-03-31": "338.00000", "2019-12-31": "336.00000", "2019-09-30": "198.00000", "2019-06-30": "291.00000", "2019-03-31": "215.00000", "2018-12-31": "398.00000", "2018-09-30": "468.00000", "2018-06-30": "466.00000", "2018-03-31": "393.00000", "2017-12-31": "371.00000", "2017-09-30": "188.00000", "2017-06-30": "120.00000", "2017-03-31": "212.00000", "2016-12-31": "310.00000", "2016-09-30": "173.00000", "2016-06-30": "54.00000", "2016-03-31": "9.00000", "2015-12-31": "180.00000", "2015-09-30": "31.00000", "2015-06-30": "148.00000", "2015-03-31": "304.00000", "2014-12-31": "1126.00000", "2014-09-30": "392.00000", "2014-06-30": "284.00000", "2014-03-31": "390.00000", "2013-12-31": "442.00000", "2013-09-30": "440.00000", "2013-06-30": "302.00000", "2013-03-31": "430.00000", "2012-12-31": "499.00000", "2012-09-30": "600.00000", "2012-06-30": "1013.00000", "2012-03-31": "1159.00000", "2011-12-31": "558.00000", "2011-09-30": "152.00000", "2011-06-30": "129.00000", "2011-03-31": "122.00000", "2010-12-31": "175.00000", "2010-09-30": "153.00000", "2010-06-30": "340.00000", "2010-03-31": "522.00000", "2009-12-31": "527.00000", "2009-09-30": "180.00000", "2009-06-30": "-56.00000", "2009-03-31": "-291.00000", "2008-12-31": "-2508.00000", "2008-09-30": "41.00000", "2008-06-30": "171.00000", "2008-03-31": "349.00000", "2007-12-31": "423.00000", "2007-09-30": "375.00000", "2007-06-30": "172.00000", "2007-03-31": "230.00000", "2006-12-31": "145.00000", "2006-09-30": "14.00000", "2006-06-30": "84.00000", "2006-03-31": "277.00000", "2005-12-31": "291.00000", "2005-09-30": "272.00000", "2005-06-30": "291.00000", "2005-03-31": "237.00000"}, "Income Taxes": {"2020-12-31": "11.00000", "2020-09-30": "-2.00000", "2020-06-30": "-6.00000", "2020-03-31": "18.00000", "2019-12-31": "18.00000", "2019-09-30": "-2.00000", "2019-06-30": "-692.00000", "2019-03-31": "20.00000", "2018-12-31": "14.00000", "2018-09-30": "18.00000", "2018-06-30": "5.00000", "2018-03-31": "12.00000", "2017-12-31": "212.00000", "2017-09-30": "7.00000", "2017-06-30": "6.00000", "2017-03-31": "18.00000", "2016-12-31": "13.00000", "2016-09-30": "6.00000", "2016-06-30": "-16.00000", "2016-03-31": "30.00000", "2015-12-31": "15.00000", "2015-09-30": "-3.00000", "2015-06-30": "11.00000", "2015-03-31": "13.00000", "2014-12-31": "193.00000", "2014-09-30": "11.00000", "2014-06-30": "-36.00000", "2014-03-31": "-5.00000", "2013-12-31": "14.00000", "2013-09-30": "13.00000", "2013-06-30": "-46.00000", "2013-03-31": "14.00000", "2012-12-31": "7.00000", "2012-09-30": "18.00000", "2012-06-30": "", "2012-03-31": "13.00000", "2011-12-31": "-5.00000", "2011-09-30": "12.00000", "2011-06-30": "10.00000", "2011-03-31": "29.00000", "2010-12-31": "25.00000", "2010-09-30": "4.00000", "2010-06-30": "-39.00000", "2010-03-31": "4.00000", "2009-12-31": "-6.00000", "2009-09-30": "1.00000", "2009-06-30": "27.00000", "2009-03-31": "-16.00000", "2008-12-31": "316.00000", "2008-09-30": "-16.00000", "2008-06-30": "22.00000", "2008-03-31": "5.00000", "2007-12-31": "20.00000", "2007-09-30": "20.00000", "2007-06-30": "-370.00000", "2007-03-31": "18.00000", "2006-12-31": "5.00000", "2006-09-30": "-5.00000", "2006-06-30": "77.00000", "2006-03-31": "3.00000", "2005-12-31": "4.00000", "2005-09-30": "", "2005-06-30": "11.00000", "2005-03-31": "8.00000"}, "Income After Taxes": {"2020-12-31": "280.00000", "2020-09-30": "223.00000", "2020-06-30": "166.00000", "2020-03-31": "320.00000", "2019-12-31": "318.00000", "2019-09-30": "200.00000", "2019-06-30": "983.00000", "2019-03-31": "195.00000", "2018-12-31": "384.00000", "2018-09-30": "450.00000", "2018-06-30": "461.00000", "2018-03-31": "381.00000", "2017-12-31": "159.00000", "2017-09-30": "181.00000", "2017-06-30": "114.00000", "2017-03-31": "194.00000", "2016-12-31": "297.00000", "2016-09-30": "167.00000", "2016-06-30": "70.00000", "2016-03-31": "-21.00000", "2015-12-31": "165.00000", "2015-09-30": "34.00000", "2015-06-30": "137.00000", "2015-03-31": "291.00000", "2014-12-31": "933.00000", "2014-09-30": "381.00000", "2014-06-30": "320.00000", "2014-03-31": "395.00000", "2013-12-31": "428.00000", "2013-09-30": "427.00000", "2013-06-30": "348.00000", "2013-03-31": "416.00000", "2012-12-31": "492.00000", "2012-09-30": "582.00000", "2012-06-30": "1013.00000", "2012-03-31": "1146.00000", "2011-12-31": "563.00000", "2011-09-30": "140.00000", "2011-06-30": "119.00000", "2011-03-31": "93.00000", "2010-12-31": "150.00000", "2010-09-30": "149.00000", "2010-06-30": "379.00000", "2010-03-31": "518.00000", "2009-12-31": "533.00000", "2009-09-30": "179.00000", "2009-06-30": "-83.00000", "2009-03-31": "-275.00000", "2008-12-31": "-2824.00000", "2008-09-30": "57.00000", "2008-06-30": "149.00000", "2008-03-31": "344.00000", "2007-12-31": "403.00000", "2007-09-30": "355.00000", "2007-06-30": "542.00000", "2007-03-31": "212.00000", "2006-12-31": "140.00000", "2006-09-30": "19.00000", "2006-06-30": "7.00000", "2006-03-31": "274.00000", "2005-12-31": "287.00000", "2005-09-30": "272.00000", "2005-06-30": "280.00000", "2005-03-31": "229.00000"}, "Other Income": {"2020-12-31": "", "2020-09-30": "", "2020-06-30": "", "2020-03-31": "", "2019-12-31": "", "2019-09-30": "", "2019-06-30": "", "2019-03-31": "", "2018-12-31": "", "2018-09-30": "", "2018-06-30": "", "2018-03-31": "", "2017-12-31": "", "2017-09-30": "", "2017-06-30": "", "2017-03-31": "", "2016-12-31": "", "2016-09-30": "", "2016-06-30": "", "2016-03-31": "", "2015-12-31": "", "2015-09-30": "", "2015-06-30": "", "2015-03-31": "", "2014-12-31": "", "2014-09-30": "", "2014-06-30": "", "2014-03-31": "", "2013-12-31": "", "2013-09-30": "", "2013-06-30": "", "2013-03-31": "", "2012-12-31": "", "2012-09-30": "", "2012-06-30": "", "2012-03-31": "", "2011-12-31": "", "2011-09-30": "", "2011-06-30": "", "2011-03-31": "", "2010-12-31": "", "2010-09-30": "", "2010-06-30": "", "2010-03-31": "", "2009-12-31": "", "2009-09-30": "", "2009-06-30": "", "2009-03-31": "", "2008-12-31": "", "2008-09-30": "", "2008-06-30": "", "2008-03-31": "", "2007-12-31": "", "2007-09-30": "", "2007-06-30": "", "2007-03-31": "", "2006-12-31": "", "2006-09-30": "", "2006-06-30": "", "2006-03-31": "", "2005-12-31": "", "2005-09-30": "", "2005-06-30": "", "2005-03-31": ""}, "Income From Continuous Operations": {"2020-12-31": "280.00000", "2020-09-30": "223.00000", "2020-06-30": "166.00000", "2020-03-31": "320.00000", "2019-12-31": "318.00000", "2019-09-30": "200.00000", "2019-06-30": "983.00000", "2019-03-31": "195.00000", "2018-12-31": "384.00000", "2018-09-30": "450.00000", "2018-06-30": "461.00000", "2018-03-31": "381.00000", "2017-12-31": "159.00000", "2017-09-30": "181.00000", "2017-06-30": "114.00000", "2017-03-31": "194.00000", "2016-12-31": "297.00000", "2016-09-30": "167.00000", "2016-06-30": "70.00000", "2016-03-31": "-21.00000", "2015-12-31": "165.00000", "2015-09-30": "34.00000", "2015-06-30": "137.00000", "2015-03-31": "291.00000", "2014-12-31": "933.00000", "2014-09-30": "381.00000", "2014-06-30": "320.00000", "2014-03-31": "395.00000", "2013-12-31": "428.00000", "2013-09-30": "427.00000", "2013-06-30": "348.00000", "2013-03-31": "416.00000", "2012-12-31": "492.00000", "2012-09-30": "582.00000", "2012-06-30": "1013.00000", "2012-03-31": "1146.00000", "2011-12-31": "563.00000", "2011-09-30": "140.00000", "2011-06-30": "119.00000", "2011-03-31": "93.00000", "2010-12-31": "150.00000", "2010-09-30": "149.00000", "2010-06-30": "379.00000", "2010-03-31": "518.00000", "2009-12-31": "533.00000", "2009-09-30": "179.00000", "2009-06-30": "-83.00000", "2009-03-31": "-275.00000", "2008-12-31": "-2824.00000", "2008-09-30": "57.00000", "2008-06-30": "149.00000", "2008-03-31": "344.00000", "2007-12-31": "403.00000", "2007-09-30": "355.00000", "2007-06-30": "542.00000", "2007-03-31": "212.00000", "2006-12-31": "140.00000", "2006-09-30": "19.00000", "2006-06-30": "7.00000", "2006-03-31": "274.00000", "2005-12-31": "287.00000", "2005-09-30": "272.00000", "2005-06-30": "280.00000", "2005-03-31": "229.00000"}, "Income From Discontinued Operations": {"2020-12-31": "", "2020-09-30": "", "2020-06-30": "", "2020-03-31": "", "2019-12-31": "", "2019-09-30": "", "2019-06-30": "", "2019-03-31": "", "2018-12-31": "", "2018-09-30": "", "2018-06-30": "", "2018-03-31": "", "2017-12-31": "", "2017-09-30": "", "2017-06-30": "", "2017-03-31": "", "2016-12-31": "", "2016-09-30": "", "2016-06-30": "", "2016-03-31": "", "2015-12-31": "", "2015-09-30": "", "2015-06-30": "", "2015-03-31": "", "2014-12-31": "", "2014-09-30": "", "2014-06-30": "", "2014-03-31": "", "2013-12-31": "", "2013-09-30": "", "2013-06-30": "", "2013-03-31": "", "2012-12-31": "", "2012-09-30": "", "2012-06-30": "", "2012-03-31": "", "2011-12-31": "", "2011-09-30": "", "2011-06-30": "", "2011-03-31": "", "2010-12-31": "", "2010-09-30": "", "2010-06-30": "", "2010-03-31": "", "2009-12-31": "", "2009-09-30": "", "2009-06-30": "", "2009-03-31": "", "2008-12-31": "", "2008-09-30": "", "2008-06-30": "", "2008-03-31": "", "2007-12-31": "", "2007-09-30": "", "2007-06-30": "", "2007-03-31": "", "2006-12-31": "", "2006-09-30": "", "2006-06-30": "", "2006-03-31": "", "2005-12-31": "", "2005-09-30": "", "2005-06-30": "", "2005-03-31": ""}, "Net Income": {"2020-12-31": "280.00000", "2020-09-30": "223.00000", "2020-06-30": "166.00000", "2020-03-31": "320.00000", "2019-12-31": "318.00000", "2019-09-30": "200.00000", "2019-06-30": "983.00000", "2019-03-31": "195.00000", "2018-12-31": "384.00000", "2018-09-30": "450.00000", "2018-06-30": "461.00000", "2018-03-31": "381.00000", "2017-12-31": "159.00000", "2017-09-30": "181.00000", "2017-06-30": "114.00000", "2017-03-31": "194.00000", "2016-12-31": "297.00000", "2016-09-30": "167.00000", "2016-06-30": "70.00000", "2016-03-31": "-21.00000", "2015-12-31": "165.00000", "2015-09-30": "34.00000", "2015-06-30": "137.00000", "2015-03-31": "291.00000", "2014-12-31": "933.00000", "2014-09-30": "381.00000", "2014-06-30": "320.00000", "2014-03-31": "395.00000", "2013-12-31": "428.00000", "2013-09-30": "427.00000", "2013-06-30": "348.00000", "2013-03-31": "416.00000", "2012-12-31": "492.00000", "2012-09-30": "582.00000", "2012-06-30": "1013.00000", "2012-03-31": "1146.00000", "2011-12-31": "563.00000", "2011-09-30": "140.00000", "2011-06-30": "119.00000", "2011-03-31": "93.00000", "2010-12-31": "150.00000", "2010-09-30": "149.00000", "2010-06-30": "379.00000", "2010-03-31": "518.00000", "2009-12-31": "533.00000", "2009-09-30": "179.00000", "2009-06-30": "-83.00000", "2009-03-31": "-275.00000", "2008-12-31": "-2824.00000", "2008-09-30": "57.00000", "2008-06-30": "149.00000", "2008-03-31": "344.00000", "2007-12-31": "403.00000", "2007-09-30": "355.00000", "2007-06-30": "542.00000", "2007-03-31": "212.00000", "2006-12-31": "140.00000", "2006-09-30": "19.00000", "2006-06-30": "7.00000", "2006-03-31": "274.00000", "2005-12-31": "287.00000", "2005-09-30": "272.00000", "2005-06-30": "280.00000", "2005-03-31": "229.00000"}, "EBITDA": {"2020-12-31": "444.00000", "2020-09-30": "350.00000", "2020-06-30": "367.00000", "2020-03-31": "470.00000", "2019-12-31": "477.00000", "2019-09-30": "365.00000", "2019-06-30": "466.00000", "2019-03-31": "371.00000", "2018-12-31": "554.00000", "2018-09-30": "637.00000", "2018-06-30": "642.00000", "2018-03-31": "584.00000", "2017-12-31": "590.00000", "2017-09-30": "416.00000", "2017-06-30": "373.00000", "2017-03-31": "448.00000", "2016-12-31": "561.00000", "2016-09-30": "421.00000", "2016-06-30": "329.00000", "2016-03-31": "225.00000", "2015-12-31": "438.00000", "2015-09-30": "294.00000", "2015-06-30": "418.00000", "2015-03-31": "546.00000", "2014-12-31": "1261.00000", "2014-09-30": "674.00000", "2014-06-30": "621.00000", "2014-03-31": "655.00000", "2013-12-31": "673.00000", "2013-09-30": "706.00000", "2013-06-30": "669.00000", "2013-03-31": "686.00000", "2012-12-31": "773.00000", "2012-09-30": "836.00000", "2012-06-30": "1274.00000", "2012-03-31": "1434.00000", "2011-12-31": "796.00000", "2011-09-30": "418.00000", "2011-06-30": "377.00000", "2011-03-31": "367.00000", "2010-12-31": "396.00000", "2010-09-30": "420.00000", "2010-06-30": "570.00000", "2010-03-31": "748.00000", "2009-12-31": "770.00000", "2009-09-30": "489.00000", "2009-06-30": "213.00000", "2009-03-31": "-36.00000", "2008-12-31": "75.00000", "2008-09-30": "334.00000", "2008-06-30": "410.00000", "2008-03-31": "574.00000", "2007-12-31": "635.00000", "2007-09-30": "601.00000", "2007-06-30": "390.00000", "2007-03-31": "483.00000", "2006-12-31": "381.00000", "2006-09-30": "211.00000", "2006-06-30": "248.00000", "2006-03-31": "403.00000", "2005-12-31": "433.00000", "2005-09-30": "402.00000", "2005-06-30": "400.00000", "2005-03-31": "349.00000"}, "EBIT": {"2020-12-31": "348.00000", "2020-09-30": "251.00000", "2020-06-30": "267.00000", "2020-03-31": "376.00000", "2019-12-31": "384.00000", "2019-09-30": "273.00000", "2019-06-30": "332.00000", "2019-03-31": "236.00000", "2018-12-31": "416.00000", "2018-09-30": "503.00000", "2018-06-30": "505.00000", "2018-03-31": "441.00000", "2017-12-31": "433.00000", "2017-09-30": "255.00000", "2017-06-30": "197.00000", "2017-03-31": "266.00000", "2016-12-31": "370.00000", "2016-09-30": "221.00000", "2016-06-30": "103.00000", "2016-03-31": "27.00000", "2015-12-31": "229.00000", "2015-09-30": "86.00000", "2015-06-30": "206.00000", "2015-03-31": "343.00000", "2014-12-31": "1053.00000", "2014-09-30": "456.00000", "2014-06-30": "410.00000", "2014-03-31": "444.00000", "2013-12-31": "444.00000", "2013-09-30": "478.00000", "2013-06-30": "447.00000", "2013-03-31": "465.00000", "2012-12-31": "555.00000", "2012-09-30": "624.00000", "2012-06-30": "1057.00000", "2012-03-31": "1210.00000", "2011-12-31": "605.00000", "2011-09-30": "236.00000", "2011-06-30": "190.00000", "2011-03-31": "179.00000", "2010-12-31": "206.00000", "2010-09-30": "231.00000", "2010-06-30": "381.00000", "2010-03-31": "560.00000", "2009-12-31": "578.00000", "2009-09-30": "221.00000", "2009-06-30": "-11.00000", "2009-03-31": "-262.00000", "2008-12-31": "-2473.00000", "2008-09-30": "81.00000", "2008-06-30": "197.00000", "2008-03-31": "363.00000", "2007-12-31": "420.00000", "2007-09-30": "396.00000", "2007-06-30": "189.00000", "2007-03-31": "247.00000", "2006-12-31": "166.00000", "2006-09-30": "12.00000", "2006-06-30": "72.00000", "2006-03-31": "253.00000", "2005-12-31": "284.00000", "2005-09-30": "265.00000", "2005-06-30": "281.00000", "2005-03-31": "237.00000"}, "Basic Shares Outstanding": {"2020-12-31": "249.00000", "2020-09-30": "257.00000", "2020-06-30": "262.00000", "2020-03-31": "261.00000", "2019-12-31": "262.00000", "2019-09-30": "266.00000", "2019-06-30": "282.00000", "2019-03-31": "281.00000", "2018-12-31": "285.00000", "2018-09-30": "287.00000", "2018-06-30": "288.00000", "2018-03-31": "286.00000", "2017-12-31": "288.00000", "2017-09-30": "290.00000", "2017-06-30": "296.00000", "2017-03-31": "296.00000", "2016-12-31": "296.00000", "2016-09-30": "299.00000", "2016-06-30": "299.00000", "2016-03-31": "298.00000", "2015-12-31": "299.00000", "2015-09-30": "302.00000", "2015-06-30": "324.00000", "2015-03-31": "323.00000", "2014-12-31": "328.00000", "2014-09-30": "327.00000", "2014-06-30": "337.00000", "2014-03-31": "327.00000", "2013-12-31": "336.00000", "2013-09-30": "357.00000", "2013-06-30": "370.00000", "2013-03-31": "358.00000", "2012-12-31": "369.00000", "2012-09-30": "394.00000", "2012-06-30": "426.00000", "2012-03-31": "446.00000", "2011-12-31": "427.00000", "2011-09-30": "421.00000", "2011-06-30": "451.00000", "2011-03-31": "437.00000", "2010-12-31": "469.00000", "2010-09-30": "471.00000", "2010-06-30": "491.00000", "2010-03-31": "520.00000", "2009-12-31": "498.00000", "2009-09-30": "494.00000", "2009-06-30": "488.00000", "2009-03-31": "489.00000", "2008-12-31": "487.00000", "2008-09-30": "485.00000", "2008-06-30": "512.00000", "2008-03-31": "507.00000", "2007-12-31": "526.00000", "2007-09-30": "531.00000", "2007-06-30": "558.00000", "2007-03-31": "546.00000", "2006-12-31": "571.00000", "2006-09-30": "576.00000", "2006-06-30": "495.00000", "2006-03-31": "489.00000", "2005-12-31": "482.00000", "2005-09-30": "479.00000", "2005-06-30": "468.00000", "2005-03-31": "472.00000"}, "Shares Outstanding": {"2020-12-31": "251.00000", "2020-09-30": "259.00000", "2020-06-30": "265.00000", "2020-03-31": "263.00000", "2019-12-31": "265.00000", "2019-09-30": "270.00000", "2019-06-30": "285.00000", "2019-03-31": "284.00000", "2018-12-31": "287.00000", "2018-09-30": "292.00000", "2018-06-30": "292.00000", "2018-03-31": "291.00000", "2017-12-31": "291.00000", "2017-09-30": "292.00000", "2017-06-30": "299.00000", "2017-03-31": "300.00000", "2016-12-31": "298.00000", "2016-09-30": "301.00000", "2016-06-30": "302.00000", "2016-03-31": "298.00000", "2015-12-31": "301.00000", "2015-09-30": "308.00000", "2015-06-30": "331.00000", "2015-03-31": "330.00000", "2014-12-31": "336.00000", "2014-09-30": "337.00000", "2014-06-30": "347.00000", "2014-03-31": "338.00000", "2013-12-31": "346.00000", "2013-09-30": "368.00000", "2013-06-30": "382.00000", "2013-03-31": "369.00000", "2012-12-31": "379.00000", "2012-09-30": "409.00000", "2012-06-30": "441.00000", "2012-03-31": "463.00000", "2011-12-31": "439.00000", "2011-09-30": "433.00000", "2011-06-30": "467.00000", "2011-03-31": "453.00000", "2010-12-31": "486.00000", "2010-09-30": "487.00000", "2010-06-30": "514.00000", "2010-03-31": "520.00000", "2009-12-31": "520.00000", "2009-09-30": "512.00000", "2009-06-30": "488.00000", "2009-03-31": "489.00000", "2008-12-31": "487.00000", "2008-09-30": "494.00000", "2008-06-30": "538.00000", "2008-03-31": "530.00000", "2007-12-31": "556.00000", "2007-09-30": "560.00000", "2007-06-30": "587.00000", "2007-03-31": "577.00000", "2006-12-31": "598.00000", "2006-09-30": "606.00000", "2006-06-30": "524.00000", "2006-03-31": "521.00000", "2005-12-31": "507.00000", "2005-09-30": "506.00000", "2005-06-30": "502.00000", "2005-03-31": "507.00000"}, "Basic EPS": {"2020-12-31": "1.12000", "2020-09-30": "0.87000", "2020-06-30": "0.64000", "2020-03-31": "1.23000", "2019-12-31": "1.21000", "2019-09-30": "0.75000", "2019-06-30": "3.52000", "2019-03-31": "0.69000", "2018-12-31": "1.35000", "2018-09-30": "1.57000", "2018-06-30": "1.60000", "2018-03-31": "1.33000", "2017-12-31": "0.55000", "2017-09-30": "0.62000", "2017-06-30": "0.39000", "2017-03-31": "0.66000", "2016-12-31": "1.00000", "2016-09-30": "0.56000", "2016-06-30": "0.24000", "2016-03-31": "-0.07000", "2015-12-31": "0.55000", "2015-09-30": "0.11000", "2015-06-30": "0.47000", "2015-03-31": "0.90000", "2014-12-31": "2.84000", "2014-09-30": "1.17000", "2014-06-30": "0.98000", "2014-03-31": "1.21000", "2013-12-31": "1.27000", "2013-09-30": "1.20000", "2013-06-30": "1.00000", "2013-03-31": "1.16000", "2012-12-31": "1.33000", "2012-09-30": "1.48000", "2012-06-30": "2.50000", "2012-03-31": "2.57000", "2011-12-31": "1.32000", "2011-09-30": "0.33000", "2011-06-30": "0.28000", "2011-03-31": "0.21000", "2010-12-31": "0.32000", "2010-09-30": "0.32000", "2010-06-30": "0.80000", "2010-03-31": "1.05000", "2009-12-31": "1.07000", "2009-09-30": "0.36000", "2009-06-30": "-0.16000", "2009-03-31": "-0.56000", "2008-12-31": "-5.80000", "2008-09-30": "0.12000", "2008-06-30": "0.32000", "2008-03-31": "0.68000", "2007-12-31": "0.77000", "2007-09-30": "0.67000", "2007-06-30": "0.97000", "2007-03-31": "0.39000", "2006-12-31": "0.25000", "2006-09-30": "0.03000", "2006-06-30": "-0.03000", "2006-03-31": "0.56000", "2005-12-31": "0.60000", "2005-09-30": "0.57000", "2005-06-30": "0.59000", "2005-03-31": "0.49000"}, "EPS - Earnings Per Share": {"2020-12-31": "1.12000", "2020-09-30": "0.86000", "2020-06-30": "0.63000", "2020-03-31": "1.22000", "2019-12-31": "1.20000", "2019-09-30": "0.74000", "2019-06-30": "3.49000", "2019-03-31": "0.69000", "2018-12-31": "1.34000", "2018-09-30": "1.54000", "2018-06-30": "1.57000", "2018-03-31": "1.31000", "2017-12-31": "0.55000", "2017-09-30": "0.62000", "2017-06-30": "0.38000", "2017-03-31": "0.65000", "2016-12-31": "1.00000", "2016-09-30": "0.55000", "2016-06-30": "0.23000", "2016-03-31": "-0.07000", "2015-12-31": "0.55000", "2015-09-30": "0.11000", "2015-06-30": "0.47000", "2015-03-31": "0.88000", "2014-12-31": "2.78000", "2014-09-30": "1.13000", "2014-06-30": "0.95000", "2014-03-31": "1.17000", "2013-12-31": "1.24000", "2013-09-30": "1.16000", "2013-06-30": "0.96000", "2013-03-31": "1.13000", "2012-12-31": "1.30000", "2012-09-30": "1.42000", "2012-06-30": "2.41000", "2012-03-31": "2.48000", "2011-12-31": "1.28000", "2011-09-30": "0.32000", "2011-06-30": "0.26000", "2011-03-31": "0.21000", "2010-12-31": "0.31000", "2010-09-30": "0.31000", "2010-06-30": "0.76000", "2010-03-31": "1.00000", "2009-12-31": "1.03000", "2009-09-30": "0.35000", "2009-06-30": "-0.16000", "2009-03-31": "-0.56000", "2008-12-31": "-5.80000", "2008-09-30": "0.12000", "2008-06-30": "0.32000", "2008-03-31": "0.65000", "2007-12-31": "0.73000", "2007-09-30": "0.64000", "2007-06-30": "0.93000", "2007-03-31": "0.37000", "2006-12-31": "0.23000", "2006-09-30": "0.03000", "2006-06-30": "-0.04000", "2006-03-31": "0.53000", "2005-12-31": "0.57000", "2005-09-30": "0.54000", "2005-06-30": "0.56000", "2005-03-31": "0.45000"}}, "balance sheet": {"Cash On Hand": {"2020-06-30": "1722.00000", "2019-06-30": "2220.00000", "2018-06-30": "1853.00000", "2017-06-30": "2539.00000", "2016-06-30": "1131.00000", "2015-06-30": "2485.00000", "2014-06-30": "2658.00000", "2013-06-30": "2289.00000", "2012-06-30": "2211.00000", "2011-06-30": "3253.00000", "2010-06-30": "2629.00000", "2009-06-30": "2049.00000", "2008-06-30": "1141.00000", "2007-06-30": "1144.00000", "2006-06-30": "1733.00000", "2005-06-30": "1836.00000"}, "Receivables": {"2020-06-30": "1115.00000", "2019-06-30": "989.00000", "2018-06-30": "1184.00000", "2017-06-30": "1199.00000", "2016-06-30": "1318.00000", "2015-06-30": "1735.00000", "2014-06-30": "1729.00000", "2013-06-30": "1670.00000", "2012-06-30": "2319.00000", "2011-06-30": "1495.00000", "2010-06-30": "1400.00000", "2009-06-30": "1033.00000", "2008-06-30": "1410.00000", "2007-06-30": "1383.00000", "2006-06-30": "1445.00000", "2005-06-30": "1094.00000"}, "Inventory": {"2020-06-30": "1142.00000", "2019-06-30": "970.00000", "2018-06-30": "1053.00000", "2017-06-30": "982.00000", "2016-06-30": "868.00000", "2015-06-30": "993.00000", "2014-06-30": "985.00000", "2013-06-30": "854.00000", "2012-06-30": "909.00000", "2011-06-30": "872.00000", "2010-06-30": "757.00000", "2009-06-30": "587.00000", "2008-06-30": "945.00000", "2007-06-30": "794.00000", "2006-06-30": "891.00000", "2005-06-30": "431.00000"}, "Pre-Paid Expenses": {"2020-06-30": "", "2019-06-30": "", "2018-06-30": "", "2017-06-30": "", "2016-06-30": "", "2015-06-30": "", "2014-06-30": "", "2013-06-30": "", "2012-06-30": "", "2011-06-30": "", "2010-06-30": "", "2009-06-30": "", "2008-06-30": "", "2007-06-30": "", "2006-06-30": "", "2005-06-30": ""}, "Other Current Assets": {"2020-06-30": "135.00000", "2019-06-30": "184.00000", "2018-06-30": "220.00000", "2017-06-30": "321.00000", "2016-06-30": "216.00000", "2015-06-30": "233.00000", "2014-06-30": "279.00000", "2013-06-30": "484.00000", "2012-06-30": "767.00000", "2011-06-30": "706.00000", "2010-06-30": "514.00000", "2009-06-30": "528.00000", "2008-06-30": "502.00000", "2007-06-30": "284.00000", "2006-06-30": "216.00000", "2005-06-30": "141.00000"}, "Total Current Assets": {"2020-06-30": "4114.00000", "2019-06-30": "4363.00000", "2018-06-30": "4310.00000", "2017-06-30": "5041.00000", "2016-06-30": "3533.00000", "2015-06-30": "5568.00000", "2014-06-30": "5777.00000", "2013-06-30": "5412.00000", "2012-06-30": "6310.00000", "2011-06-30": "6425.00000", "2010-06-30": "5418.00000", "2009-06-30": "4294.00000", "2008-06-30": "4272.00000", "2007-06-30": "3801.00000", "2006-06-30": "4333.00000", "2005-06-30": "3502.00000"}, "Property, Plant, And Equipment": {"2020-06-30": "2129.00000", "2019-06-30": "1869.00000", "2018-06-30": "1792.00000", "2017-06-30": "1875.00000", "2016-06-30": "2160.00000", "2015-06-30": "2278.00000", "2014-06-30": "2136.00000", "2013-06-30": "2269.00000", "2012-06-30": "2284.00000", "2011-06-30": "2245.00000", "2010-06-30": "2263.00000", "2009-06-30": "2229.00000", "2008-06-30": "2464.00000", "2007-06-30": "2278.00000", "2006-06-30": "2106.00000", "2005-06-30": "1529.00000"}, "Long-Term Investments": {"2020-06-30": "", "2019-06-30": "", "2018-06-30": "1275.00000", "2017-06-30": "", "2016-06-30": "", "2015-06-30": "", "2014-06-30": "", "2013-06-30": "", "2012-06-30": "", "2011-06-30": "", "2010-06-30": "", "2009-06-30": "", "2008-06-30": "", "2007-06-30": "", "2006-06-30": "", "2005-06-30": ""}, "Goodwill And Intangible Assets": {"2020-06-30": "1295.00000", "2019-06-30": "1348.00000", "2018-06-30": "1425.00000", "2017-06-30": "1519.00000", "2016-06-30": "1685.00000", "2015-06-30": "1244.00000", "2014-06-30": "896.00000", "2013-06-30": "881.00000", "2012-06-30": "969.00000", "2011-06-30": "32.00000", "2010-06-30": "", "2009-06-30": "73.00000", "2008-06-30": "2463.00000", "2007-06-30": "2488.00000", "2006-06-30": "2782.00000", "2005-06-30": "3.00000"}, "Other Long-Term Assets": {"2020-06-30": "272.00000", "2019-06-30": "191.00000", "2018-06-30": "191.00000", "2017-06-30": "224.00000", "2016-06-30": "219.00000", "2015-06-30": "259.00000", "2014-06-30": "184.00000", "2013-06-30": "225.00000", "2012-06-30": "147.00000", "2011-06-30": "149.00000", "2010-06-30": "171.00000", "2009-06-30": "119.00000", "2008-06-30": "305.00000", "2007-06-30": "331.00000", "2006-06-30": "290.00000", "2005-06-30": "210.00000"}, "Total Long-Term Assets": {"2020-06-30": "4816.00000", "2019-06-30": "4522.00000", "2018-06-30": "5100.00000", "2017-06-30": "4227.00000", "2016-06-30": "4680.00000", "2015-06-30": "4277.00000", "2014-06-30": "3715.00000", "2013-06-30": "3831.00000", "2012-06-30": "3796.00000", "2011-06-30": "2800.00000", "2010-06-30": "2829.00000", "2009-06-30": "2793.00000", "2008-06-30": "5848.00000", "2007-06-30": "5671.00000", "2006-06-30": "5211.00000", "2005-06-30": "1742.00000"}, "Total Assets": {"2020-06-30": "8930.00000", "2019-06-30": "8885.00000", "2018-06-30": "9410.00000", "2017-06-30": "9268.00000", "2016-06-30": "8213.00000", "2015-06-30": "9845.00000", "2014-06-30": "9492.00000", "2013-06-30": "9243.00000", "2012-06-30": "10106.00000", "2011-06-30": "9225.00000", "2010-06-30": "8247.00000", "2009-06-30": "7087.00000", "2008-06-30": "10120.00000", "2007-06-30": "9472.00000", "2006-06-30": "9544.00000", "2005-06-30": "5244.00000"}, "Total Current Liabilities": {"2020-06-30": "2722.00000", "2019-06-30": "2232.00000", "2018-06-30": "3190.00000", "2017-06-30": "2626.00000", "2016-06-30": "2249.00000", "2015-06-30": "2343.00000", "2014-06-30": "2398.00000", "2013-06-30": "2611.00000", "2012-06-30": "3396.00000", "2011-06-30": "3463.00000", "2010-06-30": "2997.00000", "2009-06-30": "3194.00000", "2008-06-30": "3287.00000", "2007-06-30": "2649.00000", "2006-06-30": "3337.00000", "2005-06-30": "1780.00000"}, "Long Term Debt": {"2020-06-30": "4156.00000", "2019-06-30": "4253.00000", "2018-06-30": "4320.00000", "2017-06-30": "5021.00000", "2016-06-30": "4091.00000", "2015-06-30": "4155.00000", "2014-06-30": "3920.00000", "2013-06-30": "2774.00000", "2012-06-30": "2863.00000", "2011-06-30": "2952.00000", "2010-06-30": "2173.00000", "2009-06-30": "1926.00000", "2008-06-30": "1670.00000", "2007-06-30": "1733.00000", "2006-06-30": "640.00000", "2005-06-30": "736.00000"}, "Other Non-Current Liabilities": {"2020-06-30": "265.00000", "2019-06-30": "238.00000", "2018-06-30": "235.00000", "2017-06-30": "257.00000", "2016-06-30": "280.00000", "2015-06-30": "329.00000", "2014-06-30": "342.00000", "2013-06-30": "352.00000", "2012-06-30": "350.00000", "2011-06-30": "347.00000", "2010-06-30": "353.00000", "2009-06-30": "413.00000", "2008-06-30": "577.00000", "2007-06-30": "353.00000", "2006-06-30": "355.00000", "2005-06-30": "187.00000"}, "Total Long Term Liabilities": {"2020-06-30": "4421.00000", "2019-06-30": "4491.00000", "2018-06-30": "4555.00000", "2017-06-30": "5278.00000", "2016-06-30": "4371.00000", "2015-06-30": "4484.00000", "2014-06-30": "4262.00000", "2013-06-30": "3126.00000", "2012-06-30": "3213.00000", "2011-06-30": "3299.00000", "2010-06-30": "2526.00000", "2009-06-30": "2339.00000", "2008-06-30": "2247.00000", "2007-06-30": "2086.00000", "2006-06-30": "995.00000", "2005-06-30": "923.00000"}, "Total Liabilities": {"2020-06-30": "7143.00000", "2019-06-30": "6723.00000", "2018-06-30": "7745.00000", "2017-06-30": "7904.00000", "2016-06-30": "6620.00000", "2015-06-30": "6827.00000", "2014-06-30": "6660.00000", "2013-06-30": "5737.00000", "2012-06-30": "6609.00000", "2011-06-30": "6762.00000", "2010-06-30": "5523.00000", "2009-06-30": "5533.00000", "2008-06-30": "5534.00000", "2007-06-30": "4735.00000", "2006-06-30": "4332.00000", "2005-06-30": "2703.00000"}, "Common Stock Net": {"2020-06-30": "", "2019-06-30": "", "2018-06-30": "", "2017-06-30": "", "2016-06-30": "", "2015-06-30": "", "2014-06-30": "", "2013-06-30": "", "2012-06-30": "", "2011-06-30": "", "2010-06-30": "", "2009-06-30": "", "2008-06-30": "", "2007-06-30": "", "2006-06-30": "", "2005-06-30": ""}, "Retained Earnings (Accumulated Deficit)": {"2020-06-30": "-4904.00000", "2019-06-30": "-4349.00000", "2018-06-30": "-4696.00000", "2017-06-30": "-4771.00000", "2016-06-30": "-4311.00000", "2015-06-30": "-2686.00000", "2014-06-30": "-2677.00000", "2013-06-30": "-1778.00000", "2012-06-30": "-1444.00000", "2011-06-30": "-1511.00000", "2010-06-30": "-1123.00000", "2009-06-30": "-2148.00000", "2008-06-30": "1101.00000", "2007-06-30": "1537.00000", "2006-06-30": "2362.00000", "2005-06-30": "1921.00000"}, "Comprehensive Income": {"2020-06-30": "-66.00000", "2019-06-30": "-34.00000", "2018-06-30": "-16.00000", "2017-06-30": "-17.00000", "2016-06-30": "-25.00000", "2015-06-30": "-30.00000", "2014-06-30": "-2.00000", "2013-06-30": "-13.00000", "2012-06-30": "-9.00000", "2011-06-30": "-6.00000", "2010-06-30": "-4.00000", "2009-06-30": "-6.00000", "2008-06-30": "-16.00000", "2007-06-30": "-4.00000", "2006-06-30": "-7.00000", "2005-06-30": "-9.00000"}, "Other Share Holders Equity": {"2020-06-30": "", "2019-06-30": "", "2018-06-30": "", "2017-06-30": "", "2016-06-30": "", "2015-06-30": "", "2014-06-30": "", "2013-06-30": "", "2012-06-30": "", "2011-06-30": "", "2010-06-30": "", "2009-06-30": "", "2008-06-30": "", "2007-06-30": "", "2006-06-30": "", "2005-06-30": ""}, "Share Holder Equity": {"2020-06-30": "1787.00000", "2019-06-30": "2162.00000", "2018-06-30": "1665.00000", "2017-06-30": "1364.00000", "2016-06-30": "1593.00000", "2015-06-30": "3018.00000", "2014-06-30": "2832.00000", "2013-06-30": "3506.00000", "2012-06-30": "3497.00000", "2011-06-30": "2463.00000", "2010-06-30": "2724.00000", "2009-06-30": "1554.00000", "2008-06-30": "4586.00000", "2007-06-30": "4737.00000", "2006-06-30": "5212.00000", "2005-06-30": "2541.00000"}, "Total Liabilities And Share Holders Equity": {"2020-06-30": "8930.00000", "2019-06-30": "8885.00000", "2018-06-30": "9410.00000", "2017-06-30": "9268.00000", "2016-06-30": "8213.00000", "2015-06-30": "9845.00000", "2014-06-30": "9492.00000", "2013-06-30": "9243.00000", "2012-06-30": "10106.00000", "2011-06-30": "9225.00000", "2010-06-30": "8247.00000", "2009-06-30": "7087.00000", "2008-06-30": "10120.00000", "2007-06-30": "9472.00000", "2006-06-30": "9544.00000", "2005-06-30": "5244.00000"}}, "balance sheet, quarterly": {"Cash On Hand": {"2020-12-31": "1799.00000", "2020-09-30": "1664.00000", "2020-06-30": "1722.00000", "2020-03-31": "1612.00000", "2019-12-31": "1744.00000", "2019-09-30": "1784.00000", "2019-06-30": "2220.00000", "2019-03-31": "1388.00000", "2018-12-31": "1357.00000", "2018-09-30": "1942.00000", "2018-06-30": "1853.00000", "2018-03-31": "2926.00000", "2017-12-31": "2556.00000", "2017-09-30": "2285.00000", "2017-06-30": "2539.00000", "2017-03-31": "3026.00000", "2016-12-31": "1716.00000", "2016-09-30": "1494.00000", "2016-06-30": "1131.00000", "2016-03-31": "1199.00000", "2015-12-31": "1264.00000", "2015-09-30": "1921.00000", "2015-06-30": "2485.00000", "2015-03-31": "2614.00000", "2014-12-31": "3306.00000", "2014-09-30": "2205.00000", "2014-06-30": "2658.00000", "2014-03-31": "2310.00000", "2013-12-31": "2343.00000", "2013-09-30": "2521.00000", "2013-06-30": "2289.00000", "2013-03-31": "2010.00000", "2012-12-31": "1970.00000", "2012-09-30": "2470.00000", "2012-06-30": "2211.00000", "2012-03-31": "2144.00000", "2011-12-31": "2325.00000", "2011-09-30": "2988.00000", "2011-06-30": "3253.00000", "2011-03-31": "2583.00000", "2010-12-31": "2911.00000", "2010-09-30": "2168.00000", "2010-06-30": "2629.00000", "2010-03-31": "2379.00000", "2009-12-31": "2210.00000", "2009-09-30": "1792.00000", "2009-06-30": "2049.00000", "2009-03-31": "1481.00000", "2008-12-31": "1309.00000", "2008-09-30": "1153.00000", "2008-06-30": "1141.00000", "2008-03-31": "1283.00000", "2007-12-31": "1750.00000", "2007-09-30": "1498.00000", "2007-06-30": "1144.00000", "2007-03-31": "1210.00000", "2006-12-31": "1560.00000", "2006-09-30": "2653.00000", "2006-06-30": "1733.00000", "2006-03-31": "2040.00000", "2005-12-31": "1751.00000", "2005-09-30": "1792.00000", "2005-06-30": "1836.00000", "2005-03-31": "1695.00000"}, "Receivables": {"2020-12-31": "801.00000", "2020-09-30": "866.00000", "2020-06-30": "1115.00000", "2020-03-31": "1160.00000", "2019-12-31": "1112.00000", "2019-09-30": "1065.00000", "2019-06-30": "989.00000", "2019-03-31": "897.00000", "2018-12-31": "1058.00000", "2018-09-30": "1202.00000", "2018-06-30": "1184.00000", "2018-03-31": "1076.00000", "2017-12-31": "1055.00000", "2017-09-30": "1209.00000", "2017-06-30": "1199.00000", "2017-03-31": "1156.00000", "2016-12-31": "1211.00000", "2016-09-30": "1307.00000", "2016-06-30": "1318.00000", "2016-03-31": "1250.00000", "2015-12-31": "1398.00000", "2015-09-30": "1522.00000", "2015-06-30": "1735.00000", "2015-03-31": "1769.00000", "2014-12-31": "1829.00000", "2014-09-30": "1909.00000", "2014-06-30": "1729.00000", "2014-03-31": "1633.00000", "2013-12-31": "1615.00000", "2013-09-30": "1618.00000", "2013-06-30": "1670.00000", "2013-03-31": "1562.00000", "2012-12-31": "1648.00000", "2012-09-30": "1684.00000", "2012-06-30": "2319.00000", "2012-03-31": "2478.00000", "2011-12-31": "1627.00000", "2011-09-30": "1449.00000", "2011-06-30": "1495.00000", "2011-03-31": "1394.00000", "2010-12-31": "1392.00000", "2010-09-30": "1511.00000", "2010-06-30": "1400.00000", "2010-03-31": "1451.00000", "2009-12-31": "1333.00000", "2009-09-30": "1242.00000", "2009-06-30": "1033.00000", "2009-03-31": "872.00000", "2008-12-31": "1040.00000", "2008-09-30": "1393.00000", "2008-06-30": "1410.00000", "2008-03-31": "1351.00000", "2007-12-31": "1593.00000", "2007-09-30": "1519.00000", "2007-06-30": "1383.00000", "2007-03-31": "1367.00000", "2006-12-31": "1251.00000", "2006-09-30": "1331.00000", "2006-06-30": "1445.00000", "2006-03-31": "1152.00000", "2005-12-31": "1091.00000", "2005-09-30": "1116.00000", "2005-06-30": "1094.00000", "2005-03-31": "988.00000"}, "Inventory": {"2020-12-31": "1318.00000", "2020-09-30": "1323.00000", "2020-06-30": "1142.00000", "2020-03-31": "1102.00000", "2019-12-31": "1148.00000", "2019-09-30": "1041.00000", "2019-06-30": "970.00000", "2019-03-31": "1001.00000", "2018-12-31": "1097.00000", "2018-09-30": "1116.00000", "2018-06-30": "1053.00000", "2018-03-31": "1002.00000", "2017-12-31": "1014.00000", "2017-09-30": "1014.00000", "2017-06-30": "982.00000", "2017-03-31": "1038.00000", "2016-12-31": "1008.00000", "2016-09-30": "914.00000", "2016-06-30": "868.00000", "2016-03-31": "928.00000", "2015-12-31": "1046.00000", "2015-09-30": "1098.00000", "2015-06-30": "993.00000", "2015-03-31": "1083.00000", "2014-12-31": "1129.00000", "2014-09-30": "1071.00000", "2014-06-30": "985.00000", "2014-03-31": "846.00000", "2013-12-31": "948.00000", "2013-09-30": "871.00000", "2013-06-30": "854.00000", "2013-03-31": "833.00000", "2012-12-31": "800.00000", "2012-09-30": "845.00000", "2012-06-30": "909.00000", "2012-03-31": "841.00000", "2011-12-31": "827.00000", "2011-09-30": "825.00000", "2011-06-30": "872.00000", "2011-03-31": "834.00000", "2010-12-31": "808.00000", "2010-09-30": "743.00000", "2010-06-30": "757.00000", "2010-03-31": "685.00000", "2009-12-31": "645.00000", "2009-09-30": "622.00000", "2009-06-30": "587.00000", "2009-03-31": "577.00000", "2008-12-31": "796.00000", "2008-09-30": "909.00000", "2008-06-30": "945.00000", "2008-03-31": "1073.00000", "2007-12-31": "830.00000", "2007-09-30": "763.00000", "2007-06-30": "794.00000", "2007-03-31": "832.00000", "2006-12-31": "771.00000", "2006-09-30": "939.00000", "2006-06-30": "891.00000", "2006-03-31": "549.00000", "2005-12-31": "505.00000", "2005-09-30": "477.00000", "2005-06-30": "431.00000", "2005-03-31": "412.00000"}, "Pre-Paid Expenses": {"2020-12-31": "", "2020-09-30": "", "2020-06-30": "", "2020-03-31": "", "2019-12-31": "", "2019-09-30": "", "2019-06-30": "", "2019-03-31": "", "2018-12-31": "", "2018-09-30": "", "2018-06-30": "", "2018-03-31": "", "2017-12-31": "", "2017-09-30": "", "2017-06-30": "", "2017-03-31": "", "2016-12-31": "", "2016-09-30": "", "2016-06-30": "", "2016-03-31": "", "2015-12-31": "", "2015-09-30": "", "2015-06-30": "", "2015-03-31": "", "2014-12-31": "", "2014-09-30": "", "2014-06-30": "", "2014-03-31": "", "2013-12-31": "", "2013-09-30": "", "2013-06-30": "", "2013-03-31": "", "2012-12-31": "", "2012-09-30": "", "2012-06-30": "", "2012-03-31": "", "2011-12-31": "", "2011-09-30": "", "2011-06-30": "", "2011-03-31": "", "2010-12-31": "", "2010-09-30": "", "2010-06-30": "", "2010-03-31": "", "2009-12-31": "", "2009-09-30": "", "2009-06-30": "", "2009-03-31": "", "2008-12-31": "", "2008-09-30": "", "2008-06-30": "", "2008-03-31": "", "2007-12-31": "", "2007-09-30": "", "2007-06-30": "", "2007-03-31": "", "2006-12-31": "", "2006-09-30": "", "2006-06-30": "", "2006-03-31": "", "2005-12-31": "", "2005-09-30": "", "2005-06-30": "", "2005-03-31": ""}, "Other Current Assets": {"2020-12-31": "163.00000", "2020-09-30": "141.00000", "2020-06-30": "135.00000", "2020-03-31": "141.00000", "2019-12-31": "148.00000", "2019-09-30": "141.00000", "2019-06-30": "184.00000", "2019-03-31": "201.00000", "2018-12-31": "164.00000", "2018-09-30": "263.00000", "2018-06-30": "220.00000", "2018-03-31": "243.00000", "2017-12-31": "285.00000", "2017-09-30": "316.00000", "2017-06-30": "321.00000", "2017-03-31": "240.00000", "2016-12-31": "205.00000", "2016-09-30": "213.00000", "2016-06-30": "216.00000", "2016-03-31": "223.00000", "2015-12-31": "223.00000", "2015-09-30": "221.00000", "2015-06-30": "233.00000", "2015-03-31": "244.00000", "2014-12-31": "245.00000", "2014-09-30": "273.00000", "2014-06-30": "279.00000", "2014-03-31": "246.00000", "2013-12-31": "267.00000", "2013-09-30": "501.00000", "2013-06-30": "484.00000", "2013-03-31": "471.00000", "2012-12-31": "487.00000", "2012-09-30": "638.00000", "2012-06-30": "767.00000", "2012-03-31": "808.00000", "2011-12-31": "522.00000", "2011-09-30": "639.00000", "2011-06-30": "706.00000", "2011-03-31": "586.00000", "2010-12-31": "603.00000", "2010-09-30": "609.00000", "2010-06-30": "514.00000", "2010-03-31": "560.00000", "2009-12-31": "594.00000", "2009-09-30": "552.00000", "2009-06-30": "528.00000", "2009-03-31": "464.00000", "2008-12-31": "486.00000", "2008-09-30": "640.00000", "2008-06-30": "502.00000", "2008-03-31": "675.00000", "2007-12-31": "469.00000", "2007-09-30": "354.00000", "2007-06-30": "284.00000", "2007-03-31": "400.00000", "2006-12-31": "410.00000", "2006-09-30": "315.00000", "2006-06-30": "216.00000", "2006-03-31": "171.00000", "2005-12-31": "151.00000", "2005-09-30": "144.00000", "2005-06-30": "141.00000", "2005-03-31": "127.00000"}, "Total Current Assets": {"2020-12-31": "4081.00000", "2020-09-30": "3994.00000", "2020-06-30": "4114.00000", "2020-03-31": "4015.00000", "2019-12-31": "4152.00000", "2019-09-30": "4031.00000", "2019-06-30": "4363.00000", "2019-03-31": "3487.00000", "2018-12-31": "3676.00000", "2018-09-30": "4523.00000", "2018-06-30": "4310.00000", "2018-03-31": "5247.00000", "2017-12-31": "4910.00000", "2017-09-30": "4824.00000", "2017-06-30": "5041.00000", "2017-03-31": "5460.00000", "2016-12-31": "4140.00000", "2016-09-30": "3928.00000", "2016-06-30": "3533.00000", "2016-03-31": "3600.00000", "2015-12-31": "3931.00000", "2015-09-30": "4882.00000", "2015-06-30": "5568.00000", "2015-03-31": "5831.00000", "2014-12-31": "6632.00000", "2014-09-30": "5583.00000", "2014-06-30": "5777.00000", "2014-03-31": "5151.00000", "2013-12-31": "5289.00000", "2013-09-30": "5625.00000", "2013-06-30": "5412.00000", "2013-03-31": "4987.00000", "2012-12-31": "5017.00000", "2012-09-30": "5749.00000", "2012-06-30": "6310.00000", "2012-03-31": "6368.00000", "2011-12-31": "5400.00000", "2011-09-30": "5998.00000", "2011-06-30": "6425.00000", "2011-03-31": "5504.00000", "2010-12-31": "5826.00000", "2010-09-30": "5156.00000", "2010-06-30": "5418.00000", "2010-03-31": "5156.00000", "2009-12-31": "4881.00000", "2009-09-30": "4307.00000", "2009-06-30": "4294.00000", "2009-03-31": "3544.00000", "2008-12-31": "3788.00000", "2008-09-30": "4367.00000", "2008-06-30": "4272.00000", "2008-03-31": "4607.00000", "2007-12-31": "4857.00000", "2007-09-30": "4349.00000", "2007-06-30": "3801.00000", "2007-03-31": "3809.00000", "2006-12-31": "3992.00000", "2006-09-30": "5238.00000", "2006-06-30": "4333.00000", "2006-03-31": "3912.00000", "2005-12-31": "3498.00000", "2005-09-30": "3529.00000", "2005-06-30": "3502.00000", "2005-03-31": "3222.00000"}, "Property, Plant, And Equipment": {"2020-12-31": "2218.00000", "2020-09-30": "2167.00000", "2020-06-30": "2129.00000", "2020-03-31": "2093.00000", "2019-12-31": "2049.00000", "2019-09-30": "1991.00000", "2019-06-30": "1869.00000", "2019-03-31": "1822.00000", "2018-12-31": "1823.00000", "2018-09-30": "1789.00000", "2018-06-30": "1792.00000", "2018-03-31": "1720.00000", "2017-12-31": "1762.00000", "2017-09-30": "1817.00000", "2017-06-30": "1875.00000", "2017-03-31": "1911.00000", "2016-12-31": "2012.00000", "2016-09-30": "2093.00000", "2016-06-30": "2160.00000", "2016-03-31": "2165.00000", "2015-12-31": "2230.00000", "2015-09-30": "2247.00000", "2015-06-30": "2278.00000", "2015-03-31": "2182.00000", "2014-12-31": "2155.00000", "2014-09-30": "2156.00000", "2014-06-30": "2136.00000", "2014-03-31": "2065.00000", "2013-12-31": "2128.00000", "2013-09-30": "2187.00000", "2013-06-30": "2269.00000", "2013-03-31": "2256.00000", "2012-12-31": "2228.00000", "2012-09-30": "2243.00000", "2012-06-30": "2284.00000", "2012-03-31": "2179.00000", "2011-12-31": "2210.00000", "2011-09-30": "2190.00000", "2011-06-30": "2245.00000", "2011-03-31": "2208.00000", "2010-12-31": "2262.00000", "2010-09-30": "2275.00000", "2010-06-30": "2263.00000", "2010-03-31": "2054.00000", "2009-12-31": "1983.00000", "2009-09-30": "2039.00000", "2009-06-30": "2229.00000", "2009-03-31": "2355.00000", "2008-12-31": "2510.00000", "2008-09-30": "2509.00000", "2008-06-30": "2464.00000", "2008-03-31": "2357.00000", "2007-12-31": "2267.00000", "2007-09-30": "2246.00000", "2007-06-30": "2278.00000", "2007-03-31": "2279.00000", "2006-12-31": "2240.00000", "2006-09-30": "2179.00000", "2006-06-30": "2106.00000", "2006-03-31": "1717.00000", "2005-12-31": "1606.00000", "2005-09-30": "1565.00000", "2005-06-30": "1529.00000", "2005-03-31": "1346.00000"}, "Long-Term Investments": {"2020-12-31": "", "2020-09-30": "", "2020-06-30": "", "2020-03-31": "", "2019-12-31": "", "2019-09-30": "", "2019-06-30": "", "2019-03-31": "1318.00000", "2018-12-31": "1300.00000", "2018-09-30": "1259.00000", "2018-06-30": "1275.00000", "2018-03-31": "", "2017-12-31": "", "2017-09-30": "", "2017-06-30": "", "2017-03-31": "", "2016-12-31": "", "2016-09-30": "", "2016-06-30": "", "2016-03-31": "", "2015-12-31": "", "2015-09-30": "", "2015-06-30": "", "2015-03-31": "", "2014-12-31": "", "2014-09-30": "", "2014-06-30": "", "2014-03-31": "", "2013-12-31": "", "2013-09-30": "", "2013-06-30": "", "2013-03-31": "", "2012-12-31": "", "2012-09-30": "", "2012-06-30": "", "2012-03-31": "", "2011-12-31": "", "2011-09-30": "", "2011-06-30": "", "2011-03-31": "", "2010-12-31": "", "2010-09-30": "", "2010-06-30": "", "2010-03-31": "", "2009-12-31": "", "2009-09-30": "", "2009-06-30": "", "2009-03-31": "", "2008-12-31": "", "2008-09-30": "", "2008-06-30": "", "2008-03-31": "", "2007-12-31": "", "2007-09-30": "", "2007-06-30": "", "2007-03-31": "", "2006-12-31": "", "2006-09-30": "", "2006-06-30": "", "2006-03-31": "", "2005-12-31": "", "2005-09-30": "", "2005-06-30": "", "2005-03-31": ""}, "Goodwill And Intangible Assets": {"2020-12-31": "1277.00000", "2020-09-30": "1282.00000", "2020-06-30": "1295.00000", "2020-03-31": "1307.00000", "2019-12-31": "1320.00000", "2019-09-30": "1334.00000", "2019-06-30": "1348.00000", "2019-03-31": "1366.00000", "2018-12-31": "1386.00000", "2018-09-30": "1406.00000", "2018-06-30": "1425.00000", "2018-03-31": "1442.00000", "2017-12-31": "1460.00000", "2017-09-30": "1492.00000", "2017-06-30": "1519.00000", "2017-03-31": "1560.00000", "2016-12-31": "1601.00000", "2016-09-30": "1643.00000", "2016-06-30": "1685.00000", "2016-03-31": "1730.00000", "2015-12-31": "1773.00000", "2015-09-30": "1203.00000", "2015-06-30": "1244.00000", "2015-03-31": "1281.00000", "2014-12-31": "1321.00000", "2014-09-30": "1341.00000", "2014-06-30": "896.00000", "2014-03-31": "781.00000", "2013-12-31": "806.00000", "2013-09-30": "846.00000", "2013-06-30": "881.00000", "2013-03-31": "918.00000", "2012-12-31": "956.00000", "2012-09-30": "992.00000", "2012-06-30": "969.00000", "2012-03-31": "1005.00000", "2011-12-31": "1044.00000", "2011-09-30": "", "2011-06-30": "32.00000", "2011-03-31": "", "2010-12-31": "", "2010-09-30": "", "2010-06-30": "", "2010-03-31": "", "2009-12-31": "", "2009-09-30": "", "2009-06-30": "73.00000", "2009-03-31": "93.00000", "2008-12-31": "109.00000", "2008-09-30": "2443.00000", "2008-06-30": "2463.00000", "2008-03-31": "2498.00000", "2007-12-31": "2542.00000", "2007-09-30": "2496.00000", "2007-06-30": "2488.00000", "2007-03-31": "2659.00000", "2006-12-31": "2548.00000", "2006-09-30": "2760.00000", "2006-06-30": "2782.00000", "2006-03-31": "", "2005-12-31": "", "2005-09-30": "", "2005-06-30": "3.00000", "2005-03-31": ""}, "Other Long-Term Assets": {"2020-12-31": "290.00000", "2020-09-30": "294.00000", "2020-06-30": "272.00000", "2020-03-31": "302.00000", "2019-12-31": "292.00000", "2019-09-30": "254.00000", "2019-06-30": "191.00000", "2019-03-31": "187.00000", "2018-12-31": "188.00000", "2018-09-30": "185.00000", "2018-06-30": "191.00000", "2018-03-31": "205.00000", "2017-12-31": "216.00000", "2017-09-30": "214.00000", "2017-06-30": "224.00000", "2017-03-31": "203.00000", "2016-12-31": "194.00000", "2016-09-30": "216.00000", "2016-06-30": "219.00000", "2016-03-31": "260.00000", "2015-12-31": "245.00000", "2015-09-30": "250.00000", "2015-06-30": "259.00000", "2015-03-31": "243.00000", "2014-12-31": "208.00000", "2014-09-30": "186.00000", "2014-06-30": "184.00000", "2014-03-31": "195.00000", "2013-12-31": "202.00000", "2013-09-30": "230.00000", "2013-06-30": "225.00000", "2013-03-31": "169.00000", "2012-12-31": "132.00000", "2012-09-30": "135.00000", "2012-06-30": "147.00000", "2012-03-31": "134.00000", "2011-12-31": "141.00000", "2011-09-30": "170.00000", "2011-06-30": "149.00000", "2011-03-31": "195.00000", "2010-12-31": "194.00000", "2010-09-30": "178.00000", "2010-06-30": "171.00000", "2010-03-31": "153.00000", "2009-12-31": "160.00000", "2009-09-30": "184.00000", "2009-06-30": "119.00000", "2009-03-31": "181.00000", "2008-12-31": "217.00000", "2008-09-30": "234.00000", "2008-06-30": "305.00000", "2008-03-31": "292.00000", "2007-12-31": "276.00000", "2007-09-30": "296.00000", "2007-06-30": "331.00000", "2007-03-31": "517.00000", "2006-12-31": "498.00000", "2006-09-30": "343.00000", "2006-06-30": "290.00000", "2006-03-31": "348.00000", "2005-12-31": "330.00000", "2005-09-30": "284.00000", "2005-06-30": "210.00000", "2005-03-31": "189.00000"}, "Total Long-Term Assets": {"2020-12-31": "4905.00000", "2020-09-30": "4868.00000", "2020-06-30": "4816.00000", "2020-03-31": "4814.00000", "2019-12-31": "4780.00000", "2019-09-30": "4707.00000", "2019-06-30": "4522.00000", "2019-03-31": "5109.00000", "2018-12-31": "5113.00000", "2018-09-30": "5055.00000", "2018-06-30": "5100.00000", "2018-03-31": "3765.00000", "2017-12-31": "3840.00000", "2017-09-30": "4132.00000", "2017-06-30": "4227.00000", "2017-03-31": "4279.00000", "2016-12-31": "4421.00000", "2016-09-30": "4567.00000", "2016-06-30": "4680.00000", "2016-03-31": "4774.00000", "2015-12-31": "4865.00000", "2015-09-30": "4197.00000", "2015-06-30": "4277.00000", "2015-03-31": "4205.00000", "2014-12-31": "4182.00000", "2014-09-30": "4182.00000", "2014-06-30": "3715.00000", "2014-03-31": "3508.00000", "2013-12-31": "3601.00000", "2013-09-30": "3720.00000", "2013-06-30": "3831.00000", "2013-03-31": "3756.00000", "2012-12-31": "3725.00000", "2012-09-30": "3773.00000", "2012-06-30": "3796.00000", "2012-03-31": "3696.00000", "2011-12-31": "3771.00000", "2011-09-30": "2734.00000", "2011-06-30": "2800.00000", "2011-03-31": "2776.00000", "2010-12-31": "2832.00000", "2010-09-30": "2832.00000", "2010-06-30": "2829.00000", "2010-03-31": "2591.00000", "2009-12-31": "2507.00000", "2009-09-30": "2592.00000", "2009-06-30": "2793.00000", "2009-03-31": "3082.00000", "2008-12-31": "3272.00000", "2008-09-30": "5802.00000", "2008-06-30": "5848.00000", "2008-03-31": "5806.00000", "2007-12-31": "5759.00000", "2007-09-30": "5716.00000", "2007-06-30": "5671.00000", "2007-03-31": "5455.00000", "2006-12-31": "5286.00000", "2006-09-30": "5282.00000", "2006-06-30": "5211.00000", "2006-03-31": "2065.00000", "2005-12-31": "1936.00000", "2005-09-30": "1849.00000", "2005-06-30": "1742.00000", "2005-03-31": "1535.00000"}, "Total Assets": {"2020-12-31": "8986.00000", "2020-09-30": "8862.00000", "2020-06-30": "8930.00000", "2020-03-31": "8829.00000", "2019-12-31": "8932.00000", "2019-09-30": "8738.00000", "2019-06-30": "8885.00000", "2019-03-31": "8596.00000", "2018-12-31": "8789.00000", "2018-09-30": "9578.00000", "2018-06-30": "9410.00000", "2018-03-31": "9012.00000", "2017-12-31": "8750.00000", "2017-09-30": "8956.00000", "2017-06-30": "9268.00000", "2017-03-31": "9739.00000", "2016-12-31": "8561.00000", "2016-09-30": "8495.00000", "2016-06-30": "8213.00000", "2016-03-31": "8374.00000", "2015-12-31": "8796.00000", "2015-09-30": "9079.00000", "2015-06-30": "9845.00000", "2015-03-31": "10036.00000", "2014-12-31": "10814.00000", "2014-09-30": "9765.00000", "2014-06-30": "9492.00000", "2014-03-31": "8659.00000", "2013-12-31": "8890.00000", "2013-09-30": "9345.00000", "2013-06-30": "9243.00000", "2013-03-31": "8743.00000", "2012-12-31": "8742.00000", "2012-09-30": "9522.00000", "2012-06-30": "10106.00000", "2012-03-31": "10064.00000", "2011-12-31": "9171.00000", "2011-09-30": "8732.00000", "2011-06-30": "9225.00000", "2011-03-31": "8280.00000", "2010-12-31": "8658.00000", "2010-09-30": "7988.00000", "2010-06-30": "8247.00000", "2010-03-31": "7747.00000", "2009-12-31": "7388.00000", "2009-09-30": "6899.00000", "2009-06-30": "7087.00000", "2009-03-31": "6626.00000", "2008-12-31": "7060.00000", "2008-09-30": "10169.00000", "2008-06-30": "10120.00000", "2008-03-31": "10413.00000", "2007-12-31": "10616.00000", "2007-09-30": "10065.00000", "2007-06-30": "9472.00000", "2007-03-31": "9264.00000", "2006-12-31": "9278.00000", "2006-09-30": "10520.00000", "2006-06-30": "9544.00000", "2006-03-31": "5977.00000", "2005-12-31": "5434.00000", "2005-09-30": "5378.00000", "2005-06-30": "5244.00000", "2005-03-31": "4757.00000"}, "Total Current Liabilities": {"2020-12-31": "2621.00000", "2020-09-30": "2644.00000", "2020-06-30": "2722.00000", "2020-03-31": "2690.00000", "2019-12-31": "2700.00000", "2019-09-30": "2549.00000", "2019-06-30": "2232.00000", "2019-03-31": "2146.00000", "2018-12-31": "2300.00000", "2018-09-30": "3175.00000", "2018-06-30": "3190.00000", "2018-03-31": "3055.00000", "2017-12-31": "3113.00000", "2017-09-30": "2458.00000", "2017-06-30": "2626.00000", "2017-03-31": "2789.00000", "2016-12-31": "2681.00000", "2016-09-30": "2608.00000", "2016-06-30": "2249.00000", "2016-03-31": "2259.00000", "2015-12-31": "2539.00000", "2015-09-30": "2718.00000", "2015-06-30": "2343.00000", "2015-03-31": "3043.00000", "2014-12-31": "2819.00000", "2014-09-30": "2596.00000", "2014-06-30": "2398.00000", "2014-03-31": "2162.00000", "2013-12-31": "2457.00000", "2013-09-30": "2514.00000", "2013-06-30": "2611.00000", "2013-03-31": "2601.00000", "2012-12-31": "2643.00000", "2012-09-30": "2753.00000", "2012-06-30": "3396.00000", "2012-03-31": "3154.00000", "2011-12-31": "2372.00000", "2011-09-30": "3039.00000", "2011-06-30": "3463.00000", "2011-03-31": "3105.00000", "2010-12-31": "3178.00000", "2010-09-30": "3116.00000", "2010-06-30": "2997.00000", "2010-03-31": "3136.00000", "2009-12-31": "2793.00000", "2009-09-30": "2797.00000", "2009-06-30": "3194.00000", "2009-03-31": "2849.00000", "2008-12-31": "3007.00000", "2008-09-30": "3587.00000", "2008-06-30": "3287.00000", "2008-03-31": "3454.00000", "2007-12-31": "3187.00000", "2007-09-30": "2863.00000", "2007-06-30": "2649.00000", "2007-03-31": "2748.00000", "2006-12-31": "2815.00000", "2006-09-30": "3304.00000", "2006-06-30": "3337.00000", "2006-03-31": "1940.00000", "2005-12-31": "1728.00000", "2005-09-30": "1622.00000", "2005-06-30": "1780.00000", "2005-03-31": "1598.00000"}, "Long Term Debt": {"2020-12-31": "5120.00000", "2020-09-30": "4138.00000", "2020-06-30": "4156.00000", "2020-03-31": "4091.00000", "2019-12-31": "4135.00000", "2019-09-30": "4140.00000", "2019-06-30": "4253.00000", "2019-03-31": "4522.00000", "2018-12-31": "4324.00000", "2018-09-30": "4322.00000", "2018-06-30": "4320.00000", "2018-03-31": "4319.00000", "2017-12-31": "4316.00000", "2017-09-30": "5002.00000", "2017-06-30": "5021.00000", "2017-03-31": "5073.00000", "2016-12-31": "4093.00000", "2016-09-30": "4092.00000", "2016-06-30": "4091.00000", "2016-03-31": "4130.00000", "2015-12-31": "4140.00000", "2015-09-30": "4140.00000", "2015-06-30": "4155.00000", "2015-03-31": "3457.00000", "2014-12-31": "3932.00000", "2014-09-30": "3809.00000", "2014-06-30": "3920.00000", "2014-03-31": "3514.00000", "2013-12-31": "3572.00000", "2013-09-30": "2772.00000", "2013-06-30": "2774.00000", "2013-03-31": "2474.00000", "2012-12-31": "2815.00000", "2012-09-30": "2867.00000", "2012-06-30": "2863.00000", "2012-03-31": "2862.00000", "2011-12-31": "2925.00000", "2011-09-30": "2924.00000", "2011-06-30": "2952.00000", "2011-03-31": "2352.00000", "2010-12-31": "2365.00000", "2010-09-30": "1614.00000", "2010-06-30": "2173.00000", "2010-03-31": "1598.00000", "2009-12-31": "1895.00000", "2009-09-30": "1910.00000", "2009-06-30": "1926.00000", "2009-03-31": "1680.00000", "2008-12-31": "1684.00000", "2008-09-30": "1370.00000", "2008-06-30": "1670.00000", "2008-03-31": "1685.00000", "2007-12-31": "1734.00000", "2007-09-30": "1734.00000", "2007-06-30": "1733.00000", "2007-03-31": "1733.00000", "2006-12-31": "1738.00000", "2006-09-30": "1737.00000", "2006-06-30": "640.00000", "2006-03-31": "400.00000", "2005-12-31": "400.00000", "2005-09-30": "736.00000", "2005-06-30": "736.00000", "2005-03-31": "738.00000"}, "Other Non-Current Liabilities": {"2020-12-31": "255.00000", "2020-09-30": "259.00000", "2020-06-30": "265.00000", "2020-03-31": "256.00000", "2019-12-31": "267.00000", "2019-09-30": "279.00000", "2019-06-30": "238.00000", "2019-03-31": "239.00000", "2018-12-31": "231.00000", "2018-09-30": "235.00000", "2018-06-30": "235.00000", "2018-03-31": "274.00000", "2017-12-31": "260.00000", "2017-09-30": "254.00000", "2017-06-30": "257.00000", "2017-03-31": "269.00000", "2016-12-31": "264.00000", "2016-09-30": "271.00000", "2016-06-30": "280.00000", "2016-03-31": "302.00000", "2015-12-31": "296.00000", "2015-09-30": "299.00000", "2015-06-30": "329.00000", "2015-03-31": "345.00000", "2014-12-31": "348.00000", "2014-09-30": "414.00000", "2014-06-30": "342.00000", "2014-03-31": "345.00000", "2013-12-31": "366.00000", "2013-09-30": "370.00000", "2013-06-30": "352.00000", "2013-03-31": "356.00000", "2012-12-31": "359.00000", "2012-09-30": "367.00000", "2012-06-30": "350.00000", "2012-03-31": "374.00000", "2011-12-31": "409.00000", "2011-09-30": "344.00000", "2011-06-30": "347.00000", "2011-03-31": "336.00000", "2010-12-31": "339.00000", "2010-09-30": "335.00000", "2010-06-30": "353.00000", "2010-03-31": "356.00000", "2009-12-31": "365.00000", "2009-09-30": "413.00000", "2009-06-30": "413.00000", "2009-03-31": "513.00000", "2008-12-31": "529.00000", "2008-09-30": "567.00000", "2008-06-30": "577.00000", "2008-03-31": "611.00000", "2007-12-31": "613.00000", "2007-09-30": "588.00000", "2007-06-30": "353.00000", "2007-03-31": "363.00000", "2006-12-31": "348.00000", "2006-09-30": "355.00000", "2006-06-30": "355.00000", "2006-03-31": "194.00000", "2005-12-31": "192.00000", "2005-09-30": "195.00000", "2005-06-30": "187.00000", "2005-03-31": "145.00000"}, "Total Long Term Liabilities": {"2020-12-31": "5375.00000", "2020-09-30": "4397.00000", "2020-06-30": "4421.00000", "2020-03-31": "4347.00000", "2019-12-31": "4402.00000", "2019-09-30": "4419.00000", "2019-06-30": "4491.00000", "2019-03-31": "4761.00000", "2018-12-31": "4555.00000", "2018-09-30": "4557.00000", "2018-06-30": "4555.00000", "2018-03-31": "4593.00000", "2017-12-31": "4576.00000", "2017-09-30": "5256.00000", "2017-06-30": "5278.00000", "2017-03-31": "5342.00000", "2016-12-31": "4357.00000", "2016-09-30": "4363.00000", "2016-06-30": "4371.00000", "2016-03-31": "4432.00000", "2015-12-31": "4436.00000", "2015-09-30": "4439.00000", "2015-06-30": "4484.00000", "2015-03-31": "3802.00000", "2014-12-31": "4280.00000", "2014-09-30": "4223.00000", "2014-06-30": "4262.00000", "2014-03-31": "3859.00000", "2013-12-31": "3938.00000", "2013-09-30": "3142.00000", "2013-06-30": "3126.00000", "2013-03-31": "2830.00000", "2012-12-31": "3174.00000", "2012-09-30": "3234.00000", "2012-06-30": "3213.00000", "2012-03-31": "3236.00000", "2011-12-31": "3334.00000", "2011-09-30": "3268.00000", "2011-06-30": "3299.00000", "2011-03-31": "2688.00000", "2010-12-31": "2704.00000", "2010-09-30": "1949.00000", "2010-06-30": "2526.00000", "2010-03-31": "1954.00000", "2009-12-31": "2260.00000", "2009-09-30": "2323.00000", "2009-06-30": "2339.00000", "2009-03-31": "2193.00000", "2008-12-31": "2213.00000", "2008-09-30": "1937.00000", "2008-06-30": "2247.00000", "2008-03-31": "2296.00000", "2007-12-31": "2347.00000", "2007-09-30": "2322.00000", "2007-06-30": "2086.00000", "2007-03-31": "2096.00000", "2006-12-31": "2086.00000", "2006-09-30": "2092.00000", "2006-06-30": "995.00000", "2006-03-31": "594.00000", "2005-12-31": "592.00000", "2005-09-30": "931.00000", "2005-06-30": "923.00000", "2005-03-31": "883.00000"}, "Total Liabilities": {"2020-12-31": "7996.00000", "2020-09-30": "7041.00000", "2020-06-30": "7143.00000", "2020-03-31": "7037.00000", "2019-12-31": "7102.00000", "2019-09-30": "6968.00000", "2019-06-30": "6723.00000", "2019-03-31": "6907.00000", "2018-12-31": "6855.00000", "2018-09-30": "7732.00000", "2018-06-30": "7745.00000", "2018-03-31": "7648.00000", "2017-12-31": "7689.00000", "2017-09-30": "7714.00000", "2017-06-30": "7904.00000", "2017-03-31": "8131.00000", "2016-12-31": "7038.00000", "2016-09-30": "6971.00000", "2016-06-30": "6620.00000", "2016-03-31": "6691.00000", "2015-12-31": "6975.00000", "2015-09-30": "7157.00000", "2015-06-30": "6827.00000", "2015-03-31": "6845.00000", "2014-12-31": "7099.00000", "2014-09-30": "6819.00000", "2014-06-30": "6660.00000", "2014-03-31": "6021.00000", "2013-12-31": "6395.00000", "2013-09-30": "5656.00000", "2013-06-30": "5737.00000", "2013-03-31": "5431.00000", "2012-12-31": "5817.00000", "2012-09-30": "5987.00000", "2012-06-30": "6609.00000", "2012-03-31": "6390.00000", "2011-12-31": "5706.00000", "2011-09-30": "6307.00000", "2011-06-30": "6762.00000", "2011-03-31": "5793.00000", "2010-12-31": "5882.00000", "2010-09-30": "5065.00000", "2010-06-30": "5523.00000", "2010-03-31": "5090.00000", "2009-12-31": "5053.00000", "2009-09-30": "5120.00000", "2009-06-30": "5533.00000", "2009-03-31": "5042.00000", "2008-12-31": "5220.00000", "2008-09-30": "5524.00000", "2008-06-30": "5534.00000", "2008-03-31": "5750.00000", "2007-12-31": "5534.00000", "2007-09-30": "5185.00000", "2007-06-30": "4735.00000", "2007-03-31": "4844.00000", "2006-12-31": "4901.00000", "2006-09-30": "5396.00000", "2006-06-30": "4332.00000", "2006-03-31": "2534.00000", "2005-12-31": "2320.00000", "2005-09-30": "2553.00000", "2005-06-30": "2703.00000", "2005-03-31": "2481.00000"}, "Common Stock Net": {"2020-12-31": "", "2020-09-30": "", "2020-06-30": "", "2020-03-31": "", "2019-12-31": "", "2019-09-30": "", "2019-06-30": "", "2019-03-31": "", "2018-12-31": "", "2018-09-30": "", "2018-06-30": "", "2018-03-31": "", "2017-12-31": "", "2017-09-30": "", "2017-06-30": "", "2017-03-31": "", "2016-12-31": "", "2016-09-30": "", "2016-06-30": "", "2016-03-31": "", "2015-12-31": "", "2015-09-30": "", "2015-06-30": "", "2015-03-31": "", "2014-12-31": "", "2014-09-30": "", "2014-06-30": "", "2014-03-31": "", "2013-12-31": "", "2013-09-30": "", "2013-06-30": "", "2013-03-31": "", "2012-12-31": "", "2012-09-30": "", "2012-06-30": "", "2012-03-31": "", "2011-12-31": "", "2011-09-30": "", "2011-06-30": "", "2011-03-31": "", "2010-12-31": "", "2010-09-30": "", "2010-06-30": "", "2010-03-31": "", "2009-12-31": "", "2009-09-30": "", "2009-06-30": "", "2009-03-31": "", "2008-12-31": "", "2008-09-30": "", "2008-06-30": "", "2008-03-31": "", "2007-12-31": "", "2007-09-30": "", "2007-06-30": "", "2007-03-31": "", "2006-12-31": "", "2006-09-30": "", "2006-06-30": "", "2006-03-31": "", "2005-12-31": "", "2005-09-30": "", "2005-06-30": "", "2005-03-31": ""}, "Retained Earnings (Accumulated Deficit)": {"2020-12-31": "-5829.00000", "2020-09-30": "-4947.00000", "2020-06-30": "-4904.00000", "2020-03-31": "-4866.00000", "2019-12-31": "-4804.00000", "2019-09-30": "-4800.00000", "2019-06-30": "-4349.00000", "2019-03-31": "-4808.00000", "2018-12-31": "-4502.00000", "2018-09-30": "-4569.00000", "2018-06-30": "-4696.00000", "2018-03-31": "-4975.00000", "2017-12-31": "-5174.00000", "2017-09-30": "-4958.00000", "2017-06-30": "-4771.00000", "2017-03-31": "-4487.00000", "2016-12-31": "-4493.00000", "2016-09-30": "-4456.00000", "2016-06-30": "-4311.00000", "2016-03-31": "-4192.00000", "2015-12-31": "-3983.00000", "2015-09-30": "-3851.00000", "2015-06-30": "-2686.00000", "2015-03-31": "-2472.00000", "2014-12-31": "-1881.00000", "2014-09-30": "-2619.00000", "2014-06-30": "-2677.00000", "2014-03-31": "-2831.00000", "2013-12-31": "-2902.00000", "2013-09-30": "-1668.00000", "2013-06-30": "-1778.00000", "2013-03-31": "-1947.00000", "2012-12-31": "-2261.00000", "2012-09-30": "-1658.00000", "2012-06-30": "-1444.00000", "2012-03-31": "-1121.00000", "2011-12-31": "-1150.00000", "2011-09-30": "-1574.00000", "2011-06-30": "-1511.00000", "2011-03-31": "-1441.00000", "2010-12-31": "-1129.00000", "2010-09-30": "-974.00000", "2010-06-30": "-1123.00000", "2010-03-31": "-1169.00000", "2009-12-31": "-1436.00000", "2009-09-30": "-1969.00000", "2009-06-30": "-2148.00000", "2009-03-31": "-2036.00000", "2008-12-31": "-1748.00000", "2008-09-30": "1102.00000", "2008-06-30": "1101.00000", "2008-03-31": "1193.00000", "2007-12-31": "1685.00000", "2007-09-30": "1586.00000", "2007-06-30": "1537.00000", "2007-03-31": "1251.00000", "2006-12-31": "1342.00000", "2006-09-30": "2185.00000", "2006-06-30": "2362.00000", "2006-03-31": "2754.00000", "2005-12-31": "2480.00000", "2005-09-30": "2193.00000", "2005-06-30": "1921.00000", "2005-03-31": "1641.00000"}, "Comprehensive Income": {"2020-12-31": "-36.00000", "2020-09-30": "-46.00000", "2020-06-30": "-66.00000", "2020-03-31": "-67.00000", "2019-12-31": "-33.00000", "2019-09-30": "-40.00000", "2019-06-30": "-34.00000", "2019-03-31": "-21.00000", "2018-12-31": "-21.00000", "2018-09-30": "-12.00000", "2018-06-30": "-16.00000", "2018-03-31": "-8.00000", "2017-12-31": "-11.00000", "2017-09-30": "-13.00000", "2017-06-30": "-17.00000", "2017-03-31": "-27.00000", "2016-12-31": "-33.00000", "2016-09-30": "-24.00000", "2016-06-30": "-25.00000", "2016-03-31": "-28.00000", "2015-12-31": "-32.00000", "2015-09-30": "-30.00000", "2015-06-30": "-30.00000", "2015-03-31": "-33.00000", "2014-12-31": "-25.00000", "2014-09-30": "-15.00000", "2014-06-30": "-2.00000", "2014-03-31": "-2.00000", "2013-12-31": "-7.00000", "2013-09-30": "-6.00000", "2013-06-30": "-13.00000", "2013-03-31": "7.00000", "2012-12-31": "18.00000", "2012-09-30": "17.00000", "2012-06-30": "-9.00000", "2012-03-31": "-9.00000", "2011-12-31": "-13.00000", "2011-09-30": "-20.00000", "2011-06-30": "-6.00000", "2011-03-31": "-2.00000", "2010-12-31": "11.00000", "2010-09-30": "24.00000", "2010-06-30": "-4.00000", "2010-03-31": "-1.00000", "2009-12-31": "-5.00000", "2009-09-30": "", "2009-06-30": "-6.00000", "2009-03-31": "-8.00000", "2008-12-31": "-14.00000", "2008-09-30": "-20.00000", "2008-06-30": "-16.00000", "2008-03-31": "6.00000", "2007-12-31": "1.00000", "2007-09-30": "-1.00000", "2007-06-30": "-4.00000", "2007-03-31": "4.00000", "2006-12-31": "5.00000", "2006-09-30": "-5.00000", "2006-06-30": "-7.00000", "2006-03-31": "-2.00000", "2005-12-31": "-7.00000", "2005-09-30": "-8.00000", "2005-06-30": "-9.00000", "2005-03-31": "-7.00000"}, "Other Share Holders Equity": {"2020-12-31": "", "2020-09-30": "", "2020-06-30": "", "2020-03-31": "", "2019-12-31": "", "2019-09-30": "", "2019-06-30": "", "2019-03-31": "", "2018-12-31": "", "2018-09-30": "", "2018-06-30": "", "2018-03-31": "", "2017-12-31": "", "2017-09-30": "", "2017-06-30": "", "2017-03-31": "", "2016-12-31": "", "2016-09-30": "", "2016-06-30": "", "2016-03-31": "", "2015-12-31": "", "2015-09-30": "", "2015-06-30": "", "2015-03-31": "", "2014-12-31": "", "2014-09-30": "", "2014-06-30": "", "2014-03-31": "", "2013-12-31": "", "2013-09-30": "", "2013-06-30": "", "2013-03-31": "", "2012-12-31": "", "2012-09-30": "", "2012-06-30": "", "2012-03-31": "", "2011-12-31": "", "2011-09-30": "", "2011-06-30": "", "2011-03-31": "", "2010-12-31": "", "2010-09-30": "", "2010-06-30": "", "2010-03-31": "", "2009-12-31": "", "2009-09-30": "", "2009-06-30": "", "2009-03-31": "", "2008-12-31": "", "2008-09-30": "", "2008-06-30": "", "2008-03-31": "", "2007-12-31": "", "2007-09-30": "", "2007-06-30": "", "2007-03-31": "", "2006-12-31": "", "2006-09-30": "", "2006-06-30": "", "2006-03-31": "", "2005-12-31": "", "2005-09-30": "", "2005-06-30": "", "2005-03-31": ""}, "Share Holder Equity": {"2020-12-31": "990.00000", "2020-09-30": "1821.00000", "2020-06-30": "1787.00000", "2020-03-31": "1792.00000", "2019-12-31": "1830.00000", "2019-09-30": "1770.00000", "2019-06-30": "2162.00000", "2019-03-31": "1689.00000", "2018-12-31": "1934.00000", "2018-09-30": "1846.00000", "2018-06-30": "1665.00000", "2018-03-31": "1364.00000", "2017-12-31": "1061.00000", "2017-09-30": "1242.00000", "2017-06-30": "1364.00000", "2017-03-31": "1608.00000", "2016-12-31": "1523.00000", "2016-09-30": "1524.00000", "2016-06-30": "1593.00000", "2016-03-31": "1683.00000", "2015-12-31": "1821.00000", "2015-09-30": "1922.00000", "2015-06-30": "3018.00000", "2015-03-31": "3191.00000", "2014-12-31": "3715.00000", "2014-09-30": "2946.00000", "2014-06-30": "2832.00000", "2014-03-31": "2638.00000", "2013-12-31": "2495.00000", "2013-09-30": "3689.00000", "2013-06-30": "3506.00000", "2013-03-31": "3312.00000", "2012-12-31": "2925.00000", "2012-09-30": "3535.00000", "2012-06-30": "3497.00000", "2012-03-31": "3674.00000", "2011-12-31": "3465.00000", "2011-09-30": "2425.00000", "2011-06-30": "2463.00000", "2011-03-31": "2487.00000", "2010-12-31": "2776.00000", "2010-09-30": "2923.00000", "2010-06-30": "2724.00000", "2010-03-31": "2657.00000", "2009-12-31": "2335.00000", "2009-09-30": "1779.00000", "2009-06-30": "1554.00000", "2009-03-31": "1584.00000", "2008-12-31": "1840.00000", "2008-09-30": "4645.00000", "2008-06-30": "4586.00000", "2008-03-31": "4663.00000", "2007-12-31": "5082.00000", "2007-09-30": "4880.00000", "2007-06-30": "4737.00000", "2007-03-31": "4420.00000", "2006-12-31": "4377.00000", "2006-09-30": "5124.00000", "2006-06-30": "5212.00000", "2006-03-31": "3443.00000", "2005-12-31": "3114.00000", "2005-09-30": "2825.00000", "2005-06-30": "2541.00000", "2005-03-31": "2276.00000"}, "Total Liabilities And Share Holders Equity": {"2020-12-31": "8986.00000", "2020-09-30": "8862.00000", "2020-06-30": "8930.00000", "2020-03-31": "8829.00000", "2019-12-31": "8932.00000", "2019-09-30": "8738.00000", "2019-06-30": "8885.00000", "2019-03-31": "8596.00000", "2018-12-31": "8789.00000", "2018-09-30": "9578.00000", "2018-06-30": "9410.00000", "2018-03-31": "9012.00000", "2017-12-31": "8750.00000", "2017-09-30": "8956.00000", "2017-06-30": "9268.00000", "2017-03-31": "9739.00000", "2016-12-31": "8561.00000", "2016-09-30": "8495.00000", "2016-06-30": "8213.00000", "2016-03-31": "8374.00000", "2015-12-31": "8796.00000", "2015-09-30": "9079.00000", "2015-06-30": "9845.00000", "2015-03-31": "10036.00000", "2014-12-31": "10814.00000", "2014-09-30": "9765.00000", "2014-06-30": "9492.00000", "2014-03-31": "8659.00000", "2013-12-31": "8890.00000", "2013-09-30": "9345.00000", "2013-06-30": "9243.00000", "2013-03-31": "8743.00000", "2012-12-31": "8742.00000", "2012-09-30": "9522.00000", "2012-06-30": "10106.00000", "2012-03-31": "10064.00000", "2011-12-31": "9171.00000", "2011-09-30": "8732.00000", "2011-06-30": "9225.00000", "2011-03-31": "8280.00000", "2010-12-31": "8658.00000", "2010-09-30": "7988.00000", "2010-06-30": "8247.00000", "2010-03-31": "7747.00000", "2009-12-31": "7388.00000", "2009-09-30": "6899.00000", "2009-06-30": "7087.00000", "2009-03-31": "6626.00000", "2008-12-31": "7060.00000", "2008-09-30": "10169.00000", "2008-06-30": "10120.00000", "2008-03-31": "10413.00000", "2007-12-31": "10616.00000", "2007-09-30": "10065.00000", "2007-06-30": "9472.00000", "2007-03-31": "9264.00000", "2006-12-31": "9278.00000", "2006-09-30": "10520.00000", "2006-06-30": "9544.00000", "2006-03-31": "5977.00000", "2005-12-31": "5434.00000", "2005-09-30": "5378.00000", "2005-06-30": "5244.00000", "2005-03-31": "4757.00000"}}, "cash flow statement": {"Net Income/Loss": {"2020-06-30": "1004.00000", "2019-06-30": "2012.00000", "2018-06-30": "1182.00000", "2017-06-30": "772.00000", "2016-06-30": "248.00000", "2015-06-30": "1742.00000", "2014-06-30": "1570.00000", "2013-06-30": "1838.00000", "2012-06-30": "2862.00000", "2011-06-30": "511.00000", "2010-06-30": "1609.00000", "2009-06-30": "-3125.00000", "2008-06-30": "1251.00000", "2007-06-30": "913.00000", "2006-06-30": "840.00000", "2005-06-30": "707.00000"}, "Total Depreciation And Amortization - Cash Flow": {"2020-06-30": "379.00000", "2019-06-30": "541.00000", "2018-06-30": "598.00000", "2017-06-30": "749.00000", "2016-06-30": "841.00000", "2015-06-30": "841.00000", "2014-06-30": "879.00000", "2013-06-30": "873.00000", "2012-06-30": "814.00000", "2011-06-30": "754.00000", "2010-06-30": "837.00000", "2009-06-30": "3251.00000", "2008-06-30": "844.00000", "2007-06-30": "851.00000", "2006-06-30": "612.00000", "2005-06-30": "464.00000"}, "Other Non-Cash Items": {"2020-06-30": "213.00000", "2019-06-30": "-688.00000", "2018-06-30": "294.00000", "2017-06-30": "209.00000", "2016-06-30": "127.00000", "2015-06-30": "206.00000", "2014-06-30": "110.00000", "2013-06-30": "62.00000", "2012-06-30": "10.00000", "2011-06-30": "100.00000", "2010-06-30": "55.00000", "2009-06-30": "397.00000", "2008-06-30": "119.00000", "2007-06-30": "-138.00000", "2006-06-30": "81.00000", "2005-06-30": "21.00000"}, "Total Non-Cash Items": {"2020-06-30": "592.00000", "2019-06-30": "-147.00000", "2018-06-30": "892.00000", "2017-06-30": "958.00000", "2016-06-30": "968.00000", "2015-06-30": "1047.00000", "2014-06-30": "989.00000", "2013-06-30": "935.00000", "2012-06-30": "824.00000", "2011-06-30": "854.00000", "2010-06-30": "892.00000", "2009-06-30": "3648.00000", "2008-06-30": "963.00000", "2007-06-30": "713.00000", "2006-06-30": "693.00000", "2005-06-30": "485.00000"}, "Change In Accounts Receivable": {"2020-06-30": "-127.00000", "2019-06-30": "204.00000", "2018-06-30": "16.00000", "2017-06-30": "122.00000", "2016-06-30": "464.00000", "2015-06-30": "-2.00000", "2014-06-30": "4.00000", "2013-06-30": "661.00000", "2012-06-30": "-824.00000", "2011-06-30": "-95.00000", "2010-06-30": "-367.00000", "2009-06-30": "372.00000", "2008-06-30": "-67.00000", "2007-06-30": "34.00000", "2006-06-30": "-190.00000", "2005-06-30": "-403.00000"}, "Change In Inventories": {"2020-06-30": "-166.00000", "2019-06-30": "80.00000", "2018-06-30": "-71.00000", "2017-06-30": "-114.00000", "2016-06-30": "145.00000", "2015-06-30": "29.00000", "2014-06-30": "-20.00000", "2013-06-30": "102.00000", "2012-06-30": "99.00000", "2011-06-30": "-115.00000", "2010-06-30": "-170.00000", "2009-06-30": "358.00000", "2008-06-30": "-151.00000", "2007-06-30": "106.00000", "2006-06-30": "-113.00000", "2005-06-30": "18.00000"}, "Change In Accounts Payable": {"2020-06-30": "394.00000", "2019-06-30": "-268.00000", "2018-06-30": "65.00000", "2017-06-30": "121.00000", "2016-06-30": "-24.00000", "2015-06-30": "-58.00000", "2014-06-30": "-190.00000", "2013-06-30": "-538.00000", "2012-06-30": "157.00000", "2011-06-30": "386.00000", "2010-06-30": "2.00000", "2009-06-30": "-79.00000", "2008-06-30": "351.00000", "2007-06-30": "-391.00000", "2006-06-30": "91.00000", "2005-06-30": "368.00000"}, "Change In Assets/Liabilities": {"2020-06-30": "1.00000", "2019-06-30": "45.00000", "2018-06-30": "59.00000", "2017-06-30": "-43.00000", "2016-06-30": "-1.00000", "2015-06-30": "44.00000", "2014-06-30": "340.00000", "2013-06-30": "233.00000", "2012-06-30": "-55.00000", "2011-06-30": "-200.00000", "2010-06-30": "16.00000", "2009-06-30": "76.00000", "2008-06-30": "37.00000", "2007-06-30": "-60.00000", "2006-06-30": "-38.00000", "2005-06-30": "98.00000"}, "Total Change In Assets/Liabilities": {"2020-06-30": "118.00000", "2019-06-30": "-104.00000", "2018-06-30": "39.00000", "2017-06-30": "186.00000", "2016-06-30": "464.00000", "2015-06-30": "-139.00000", "2014-06-30": "-1.00000", "2013-06-30": "274.00000", "2012-06-30": "-424.00000", "2011-06-30": "-116.00000", "2010-06-30": "-569.00000", "2009-06-30": "300.00000", "2008-06-30": "324.00000", "2007-06-30": "-683.00000", "2006-06-30": "-76.00000", "2005-06-30": "236.00000"}, "Cash Flow From Operating Activities": {"2020-06-30": "1714.00000", "2019-06-30": "1761.00000", "2018-06-30": "2113.00000", "2017-06-30": "1916.00000", "2016-06-30": "1680.00000", "2015-06-30": "2650.00000", "2014-06-30": "2558.00000", "2013-06-30": "3047.00000", "2012-06-30": "3262.00000", "2011-06-30": "1264.00000", "2010-06-30": "1932.00000", "2009-06-30": "823.00000", "2008-06-30": "2538.00000", "2007-06-30": "943.00000", "2006-06-30": "1457.00000", "2005-06-30": "1428.00000"}, "Net Change In Property, Plant, And Equipment": {"2020-06-30": "-584.00000", "2019-06-30": "-458.00000", "2018-06-30": "-295.00000", "2017-06-30": "-434.00000", "2016-06-30": "-587.00000", "2015-06-30": "-747.00000", "2014-06-30": "-556.00000", "2013-06-30": "-757.00000", "2012-06-30": "-616.00000", "2011-06-30": "-766.00000", "2010-06-30": "-618.00000", "2009-06-30": "-626.00000", "2008-06-30": "-901.00000", "2007-06-30": "-851.00000", "2006-06-30": "-1008.00000", "2005-06-30": "-691.00000"}, "Net Change In Intangible Assets": {"2020-06-30": "", "2019-06-30": "", "2018-06-30": "", "2017-06-30": "", "2016-06-30": "", "2015-06-30": "", "2014-06-30": "", "2013-06-30": "", "2012-06-30": "", "2011-06-30": "", "2010-06-30": "", "2009-06-30": "", "2008-06-30": "", "2007-06-30": "", "2006-06-30": "", "2005-06-30": ""}, "Net Acquisitions/Divestitures": {"2020-06-30": "", "2019-06-30": "", "2018-06-30": "", "2017-06-30": "", "2016-06-30": "-634.00000", "2015-06-30": "-453.00000", "2014-06-30": "-285.00000", "2013-06-30": "-36.00000", "2012-06-30": "-561.00000", "2011-06-30": "", "2010-06-30": "", "2009-06-30": "", "2008-06-30": "-78.00000", "2007-06-30": "-178.00000", "2006-06-30": "269.00000", "2005-06-30": ""}, "Net Change In Short-term Investments": {"2020-06-30": "7.00000", "2019-06-30": "10.00000", "2018-06-30": "", "2017-06-30": "6.00000", "2016-06-30": "", "2015-06-30": "18.00000", "2014-06-30": "553.00000", "2013-06-30": "-17.00000", "2012-06-30": "62.00000", "2011-06-30": "-227.00000", "2010-06-30": "-125.00000", "2009-06-30": "-6.00000", "2008-06-30": "-26.00000", "2007-06-30": "675.00000", "2006-06-30": "308.00000", "2005-06-30": "-331.00000"}, "Net Change In Long-Term Investments": {"2020-06-30": "-58.00000", "2019-06-30": "1265.00000", "2018-06-30": "-1285.00000", "2017-06-30": "-37.00000", "2016-06-30": "", "2015-06-30": "", "2014-06-30": "", "2013-06-30": "", "2012-06-30": "", "2011-06-30": "", "2010-06-30": "", "2009-06-30": "", "2008-06-30": "", "2007-06-30": "", "2006-06-30": "", "2005-06-30": ""}, "Net Change In Investments - Total": {"2020-06-30": "-51.00000", "2019-06-30": "1275.00000", "2018-06-30": "-1285.00000", "2017-06-30": "-31.00000", "2016-06-30": "", "2015-06-30": "18.00000", "2014-06-30": "553.00000", "2013-06-30": "-17.00000", "2012-06-30": "62.00000", "2011-06-30": "-227.00000", "2010-06-30": "-125.00000", "2009-06-30": "-6.00000", "2008-06-30": "-26.00000", "2007-06-30": "675.00000", "2006-06-30": "308.00000", "2005-06-30": "-331.00000"}, "Investing Activities - Other": {"2020-06-30": "", "2019-06-30": "29.00000", "2018-06-30": "-8.00000", "2017-06-30": "6.00000", "2016-06-30": "10.00000", "2015-06-30": "-105.00000", "2014-06-30": "-34.00000", "2013-06-30": "-15.00000", "2012-06-30": "1.00000", "2011-06-30": "12.00000", "2010-06-30": "-9.00000", "2009-06-30": "14.00000", "2008-06-30": "14.00000", "2007-06-30": "-48.00000", "2006-06-30": "-130.00000", "2005-06-30": "-47.00000"}, "Cash Flow From Investing Activities": {"2020-06-30": "-635.00000", "2019-06-30": "846.00000", "2018-06-30": "-1588.00000", "2017-06-30": "-459.00000", "2016-06-30": "-1211.00000", "2015-06-30": "-1287.00000", "2014-06-30": "-322.00000", "2013-06-30": "-825.00000", "2012-06-30": "-1114.00000", "2011-06-30": "-981.00000", "2010-06-30": "-752.00000", "2009-06-30": "-618.00000", "2008-06-30": "-991.00000", "2007-06-30": "-402.00000", "2006-06-30": "-561.00000", "2005-06-30": "-1069.00000"}, "Net Long-Term Debt": {"2020-06-30": "-143.00000", "2019-06-30": "-574.00000", "2018-06-30": "-214.00000", "2017-06-30": "916.00000", "2016-06-30": "-22.00000", "2015-06-30": "170.00000", "2014-06-30": "1056.00000", "2013-06-30": "-238.00000", "2012-06-30": "-670.00000", "2011-06-30": "947.00000", "2010-06-30": "125.00000", "2009-06-30": "344.00000", "2008-06-30": "-34.00000", "2007-06-30": "1056.00000", "2006-06-30": "-340.00000", "2005-06-30": "-3.00000"}, "Net Current Debt": {"2020-06-30": "", "2019-06-30": "", "2018-06-30": "", "2017-06-30": "", "2016-06-30": "", "2015-06-30": "", "2014-06-30": "", "2013-06-30": "", "2012-06-30": "", "2011-06-30": "", "2010-06-30": "-350.00000", "2009-06-30": "350.00000", "2008-06-30": "", "2007-06-30": "", "2006-06-30": "", "2005-06-30": ""}, "Debt Issuance/Retirement Net - Total": {"2020-06-30": "-143.00000", "2019-06-30": "-574.00000", "2018-06-30": "-214.00000", "2017-06-30": "916.00000", "2016-06-30": "-22.00000", "2015-06-30": "170.00000", "2014-06-30": "1056.00000", "2013-06-30": "-238.00000", "2012-06-30": "-670.00000", "2011-06-30": "947.00000", "2010-06-30": "-225.00000", "2009-06-30": "694.00000", "2008-06-30": "-34.00000", "2007-06-30": "1056.00000", "2006-06-30": "-340.00000", "2005-06-30": "-3.00000"}, "Net Common Equity Issued/Repurchased": {"2020-06-30": "-747.00000", "2019-06-30": "-894.00000", "2018-06-30": "-248.00000", "2017-06-30": "-374.00000", "2016-06-30": "-1011.00000", "2015-06-30": "-989.00000", "2014-06-30": "-1805.00000", "2013-06-30": "-1395.00000", "2012-06-30": "-2082.00000", "2011-06-30": "-739.00000", "2010-06-30": "-498.00000", "2009-06-30": "54.00000", "2008-06-30": "-1301.00000", "2007-06-30": "-1307.00000", "2006-06-30": "-281.00000", "2005-06-30": "90.00000"}, "Net Total Equity Issued/Repurchased": {"2020-06-30": "-747.00000", "2019-06-30": "-894.00000", "2018-06-30": "-248.00000", "2017-06-30": "-374.00000", "2016-06-30": "-1011.00000", "2015-06-30": "-989.00000", "2014-06-30": "-1805.00000", "2013-06-30": "-1395.00000", "2012-06-30": "-2082.00000", "2011-06-30": "-739.00000", "2010-06-30": "-498.00000", "2009-06-30": "54.00000", "2008-06-30": "-1301.00000", "2007-06-30": "-1307.00000", "2006-06-30": "-281.00000", "2005-06-30": "90.00000"}, "Total Common And Preferred Stock Dividends Paid": {"2020-06-30": "-673.00000", "2019-06-30": "-713.00000", "2018-06-30": "-726.00000", "2017-06-30": "-561.00000", "2016-06-30": "-727.00000", "2015-06-30": "-664.00000", "2014-06-30": "-557.00000", "2013-06-30": "-518.00000", "2012-06-30": "-372.00000", "2011-06-30": "-74.00000", "2010-06-30": "", "2009-06-30": "-132.00000", "2008-06-30": "-216.00000", "2007-06-30": "-212.00000", "2006-06-30": "-155.00000", "2005-06-30": "-122.00000"}, "Financial Activities - Other": {"2020-06-30": "-42.00000", "2019-06-30": "-31.00000", "2018-06-30": "-23.00000", "2017-06-30": "-27.00000", "2016-06-30": "-60.00000", "2015-06-30": "-12.00000", "2014-06-30": "-5.00000", "2013-06-30": "-71.00000", "2012-06-30": "6.00000", "2011-06-30": "-3.00000", "2010-06-30": "379.00000", "2009-06-30": "-384.00000", "2008-06-30": "6.00000", "2007-06-30": "", "2006-06-30": "44.00000", "2005-06-30": ""}, "Cash Flow From Financial Activities": {"2020-06-30": "-1605.00000", "2019-06-30": "-2212.00000", "2018-06-30": "-1211.00000", "2017-06-30": "-46.00000", "2016-06-30": "-1820.00000", "2015-06-30": "-1495.00000", "2014-06-30": "-1311.00000", "2013-06-30": "-2222.00000", "2012-06-30": "-3118.00000", "2011-06-30": "131.00000", "2010-06-30": "-344.00000", "2009-06-30": "232.00000", "2008-06-30": "-1545.00000", "2007-06-30": "-463.00000", "2006-06-30": "-732.00000", "2005-06-30": "-35.00000"}, "Net Cash Flow": {"2020-06-30": "-527.00000", "2019-06-30": "394.00000", "2018-06-30": "-686.00000", "2017-06-30": "1411.00000", "2016-06-30": "-1354.00000", "2015-06-30": "-152.00000", "2014-06-30": "926.00000", "2013-06-30": "1.00000", "2012-06-30": "-970.00000", "2011-06-30": "414.00000", "2010-06-30": "836.00000", "2009-06-30": "437.00000", "2008-06-30": "2.00000", "2007-06-30": "78.00000", "2006-06-30": "164.00000", "2005-06-30": "324.00000"}, "Stock-Based Compensation": {"2020-06-30": "109.00000", "2019-06-30": "99.00000", "2018-06-30": "112.00000", "2017-06-30": "137.00000", "2016-06-30": "120.00000", "2015-06-30": "137.00000", "2014-06-30": "118.00000", "2013-06-30": "76.00000", "2012-06-30": "51.00000", "2011-06-30": "51.00000", "2010-06-30": "57.00000", "2009-06-30": "83.00000", "2008-06-30": "113.00000", "2007-06-30": "128.00000", "2006-06-30": "90.00000", "2005-06-30": "2.00000"}, "Common Stock Dividends Paid": {"2020-06-30": "-673.00000", "2019-06-30": "-713.00000", "2018-06-30": "-726.00000", "2017-06-30": "-561.00000", "2016-06-30": "-727.00000", "2015-06-30": "-664.00000", "2014-06-30": "-557.00000", "2013-06-30": "-518.00000", "2012-06-30": "-372.00000", "2011-06-30": "-74.00000", "2010-06-30": "0.00000", "2009-06-30": "-132.00000", "2008-06-30": "-216.00000", "2007-06-30": "-212.00000", "2006-06-30": "-155.00000", "2005-06-30": "-122.00000"}}, "cash flow statement, quarterly": {"Net Income/Loss": {"2020-12-31": 280, "2020-09-30": "223.00000", "2020-06-30": 166, "2020-03-31": 320, "2019-12-31": 318, "2019-09-30": "200.00000", "2019-06-30": 983, "2019-03-31": 195, "2018-12-31": 384, "2018-09-30": "450.00000", "2018-06-30": 461, "2018-03-31": 381, "2017-12-31": 159, "2017-09-30": "181.00000", "2017-06-30": 114, "2017-03-31": 194, "2016-12-31": 297, "2016-09-30": "167.00000", "2016-06-30": 70, "2016-03-31": -20, "2015-12-31": 164, "2015-09-30": "34.00000", "2015-06-30": 137, "2015-03-31": 291, "2014-12-31": 933, "2014-09-30": "381.00000", "2014-06-30": 320, "2014-03-31": 395, "2013-12-31": 428, "2013-09-30": "427.00000", "2013-06-30": 348, "2013-03-31": 416, "2012-12-31": 492, "2012-09-30": "582.00000", "2012-06-30": 1013, "2012-03-31": 1146, "2011-12-31": 563, "2011-09-30": "140.00000", "2011-06-30": 119, "2011-03-31": 93, "2010-12-31": 150, "2010-09-30": "149.00000", "2010-06-30": 379, "2010-03-31": 518, "2009-12-31": 533, "2009-09-30": "179.00000", "2009-06-30": -83, "2009-03-31": -275, "2008-12-31": -2824, "2008-09-30": "57.00000", "2008-06-30": 149, "2008-03-31": 344, "2007-12-31": 403, "2007-09-30": "355.00000", "2007-06-30": 542, "2007-03-31": 212, "2006-12-31": 140, "2006-09-30": "19.00000", "2006-06-30": 7, "2006-03-31": 274, "2005-12-31": 287, "2005-09-30": "272.00000", "2005-06-30": 280, "2005-03-31": 427}, "Total Depreciation And Amortization - Cash Flow": {"2020-12-31": 96, "2020-09-30": "99.00000", "2020-06-30": 100, "2020-03-31": 94, "2019-12-31": 93, "2019-09-30": "92.00000", "2019-06-30": 134, "2019-03-31": 135, "2018-12-31": 138, "2018-09-30": "134.00000", "2018-06-30": 137, "2018-03-31": 143, "2017-12-31": 157, "2017-09-30": "161.00000", "2017-06-30": 176, "2017-03-31": 182, "2016-12-31": 191, "2016-09-30": "200.00000", "2016-06-30": 226, "2016-03-31": 198, "2015-12-31": 209, "2015-09-30": "208.00000", "2015-06-30": 212, "2015-03-31": 203, "2014-12-31": 208, "2014-09-30": "218.00000", "2014-06-30": 211, "2014-03-31": 211, "2013-12-31": 229, "2013-09-30": "228.00000", "2013-06-30": 222, "2013-03-31": 221, "2012-12-31": 218, "2012-09-30": "212.00000", "2012-06-30": 217, "2012-03-31": 224, "2011-12-31": 191, "2011-09-30": "182.00000", "2011-06-30": 187, "2011-03-31": 188, "2010-12-31": 190, "2010-09-30": "189.00000", "2010-06-30": 189, "2010-03-31": 188, "2009-12-31": 192, "2009-09-30": "268.00000", "2009-06-30": 224, "2009-03-31": 226, "2008-12-31": 2548, "2008-09-30": "253.00000", "2008-06-30": 213, "2008-03-31": 211, "2007-12-31": 215, "2007-09-30": "205.00000", "2007-06-30": 201, "2007-03-31": 236, "2006-12-31": 215, "2006-09-30": "199.00000", "2006-06-30": 176, "2006-03-31": 150, "2005-12-31": 149, "2005-09-30": "137.00000", "2005-06-30": 119, "2005-03-31": 345}, "Other Non-Cash Items": {"2020-12-31": 47, "2020-09-30": "2.00000", "2020-06-30": 75, "2020-03-31": 42, "2019-12-31": 38, "2019-09-30": "58.00000", "2019-06-30": -707, "2019-03-31": 17, "2018-12-31": 0, "2018-09-30": "2.00000", "2018-06-30": -9, "2018-03-31": 37, "2017-12-31": 236, "2017-09-30": "30.00000", "2017-06-30": 35, "2017-03-31": 71, "2016-12-31": 69, "2016-09-30": "34.00000", "2016-06-30": -4, "2016-03-31": 55, "2015-12-31": 33, "2015-09-30": "43.00000", "2015-06-30": 59, "2015-03-31": 23, "2014-12-31": 68, "2014-09-30": "56.00000", "2014-06-30": 55, "2014-03-31": 41, "2013-12-31": -14, "2013-09-30": "28.00000", "2013-06-30": 73, "2013-03-31": -6, "2012-12-31": 22, "2012-09-30": "-27.00000", "2012-06-30": -17, "2012-03-31": 4, "2011-12-31": 6, "2011-09-30": "17.00000", "2011-06-30": 6, "2011-03-31": 26, "2010-12-31": 30, "2010-09-30": "38.00000", "2010-06-30": -15, "2010-03-31": 17, "2009-12-31": 38, "2009-09-30": "15.00000", "2009-06-30": 33, "2009-03-31": 14, "2008-12-31": 331, "2008-09-30": "19.00000", "2008-06-30": 26, "2008-03-31": 32, "2007-12-31": 17, "2007-09-30": "44.00000", "2007-06-30": -320, "2007-03-31": 51, "2006-12-31": 57, "2006-09-30": "74.00000", "2006-06-30": 51, "2006-03-31": 4, "2005-12-31": 17, "2005-09-30": "9.00000", "2005-06-30": 6, "2005-03-31": 15}, "Total Non-Cash Items": {"2020-12-31": 143, "2020-09-30": "101.00000", "2020-06-30": 175, "2020-03-31": 136, "2019-12-31": 131, "2019-09-30": "150.00000", "2019-06-30": -573, "2019-03-31": 152, "2018-12-31": 138, "2018-09-30": "136.00000", "2018-06-30": 128, "2018-03-31": 180, "2017-12-31": 393, "2017-09-30": "191.00000", "2017-06-30": 211, "2017-03-31": 253, "2016-12-31": 260, "2016-09-30": "234.00000", "2016-06-30": 222, "2016-03-31": 253, "2015-12-31": 242, "2015-09-30": "251.00000", "2015-06-30": 271, "2015-03-31": 226, "2014-12-31": 276, "2014-09-30": "274.00000", "2014-06-30": 266, "2014-03-31": 252, "2013-12-31": 215, "2013-09-30": "256.00000", "2013-06-30": 295, "2013-03-31": 215, "2012-12-31": 240, "2012-09-30": "185.00000", "2012-06-30": 200, "2012-03-31": 228, "2011-12-31": 197, "2011-09-30": "199.00000", "2011-06-30": 193, "2011-03-31": 214, "2010-12-31": 220, "2010-09-30": "227.00000", "2010-06-30": 174, "2010-03-31": 205, "2009-12-31": 230, "2009-09-30": "283.00000", "2009-06-30": 257, "2009-03-31": 240, "2008-12-31": 2879, "2008-09-30": "272.00000", "2008-06-30": 239, "2008-03-31": 243, "2007-12-31": 232, "2007-09-30": "249.00000", "2007-06-30": -119, "2007-03-31": 287, "2006-12-31": 272, "2006-09-30": "273.00000", "2006-06-30": 227, "2006-03-31": 154, "2005-12-31": 166, "2005-09-30": "146.00000", "2005-06-30": 125, "2005-03-31": 360}, "Change In Accounts Receivable": {"2020-12-31": 66, "2020-09-30": "249.00000", "2020-06-30": 45, "2020-03-31": -48, "2019-12-31": -47, "2019-09-30": "-77.00000", "2019-06-30": -92, "2019-03-31": 161, "2018-12-31": 144, "2018-09-30": "-9.00000", "2018-06-30": -108, "2018-03-31": -21, "2017-12-31": 155, "2017-09-30": "-10.00000", "2017-06-30": -43, "2017-03-31": 55, "2016-12-31": 98, "2016-09-30": "12.00000", "2016-06-30": -67, "2016-03-31": 147, "2015-12-31": 171, "2015-09-30": "213.00000", "2015-06-30": 34, "2015-03-31": 63, "2014-12-31": 80, "2014-09-30": "-179.00000", "2014-06-30": -28, "2014-03-31": -19, "2013-12-31": 2, "2013-09-30": "49.00000", "2013-06-30": -108, "2013-03-31": 86, "2012-12-31": 35, "2012-09-30": "648.00000", "2012-06-30": 159, "2012-03-31": -853, "2011-12-31": -179, "2011-09-30": "49.00000", "2011-06-30": -102, "2011-03-31": -2, "2010-12-31": 120, "2010-09-30": "-111.00000", "2010-06-30": 51, "2010-03-31": -118, "2009-12-31": -91, "2009-09-30": "-209.00000", "2009-06-30": -162, "2009-03-31": 166, "2008-12-31": 352, "2008-09-30": "16.00000", "2008-06-30": -59, "2008-03-31": 241, "2007-12-31": -116, "2007-09-30": "-133.00000", "2007-06-30": -14, "2007-03-31": -108, "2006-12-31": 78, "2006-09-30": "78.00000", "2006-06-30": -132, "2006-03-31": -61, "2005-12-31": 25, "2005-09-30": "-22.00000", "2005-06-30": -106, "2005-03-31": -297}, "Change In Inventories": {"2020-12-31": 5, "2020-09-30": "-181.00000", "2020-06-30": -40, "2020-03-31": 46, "2019-12-31": -107, "2019-09-30": "-65.00000", "2019-06-30": 31, "2019-03-31": 96, "2018-12-31": 19, "2018-09-30": "-66.00000", "2018-06-30": -51, "2018-03-31": 12, "2017-12-31": 0, "2017-09-30": "-32.00000", "2017-06-30": 56, "2017-03-31": -30, "2016-12-31": -94, "2016-09-30": "-46.00000", "2016-06-30": 60, "2016-03-31": 117, "2015-12-31": 73, "2015-09-30": "-105.00000", "2015-06-30": 90, "2015-03-31": 46, "2014-12-31": -58, "2014-09-30": "-49.00000", "2014-06-30": -28, "2014-03-31": 102, "2013-12-31": -77, "2013-09-30": "-17.00000", "2013-06-30": -21, "2013-03-31": -33, "2012-12-31": 46, "2012-09-30": "110.00000", "2012-06-30": -68, "2012-03-31": -14, "2011-12-31": 134, "2011-09-30": "47.00000", "2011-06-30": -38, "2011-03-31": -26, "2010-12-31": -65, "2010-09-30": "14.00000", "2010-06-30": -72, "2010-03-31": -40, "2009-12-31": -23, "2009-09-30": "-35.00000", "2009-06-30": -10, "2009-03-31": 219, "2008-12-31": 113, "2008-09-30": "36.00000", "2008-06-30": 128, "2008-03-31": -243, "2007-12-31": -67, "2007-09-30": "31.00000", "2007-06-30": 38, "2007-03-31": -61, "2006-12-31": 171, "2006-09-30": "-42.00000", "2006-06-30": 5, "2006-03-31": -44, "2005-12-31": -28, "2005-09-30": "-46.00000", "2005-06-30": -19, "2005-03-31": 37}, "Change In Accounts Payable": {"2020-12-31": -51, "2020-09-30": "-24.00000", "2020-06-30": -30, "2020-03-31": -34, "2019-12-31": 177, "2019-09-30": "281.00000", "2019-06-30": 98, "2019-03-31": -126, "2018-12-31": -359, "2018-09-30": "119.00000", "2018-06-30": -9, "2018-03-31": 15, "2017-12-31": 89, "2017-09-30": "-30.00000", "2017-06-30": -3, "2017-03-31": -46, "2016-12-31": 69, "2016-09-30": "101.00000", "2016-06-30": 7, "2016-03-31": -288, "2015-12-31": -169, "2015-09-30": "426.00000", "2015-06-30": -207, "2015-03-31": -60, "2014-12-31": 26, "2014-09-30": "183.00000", "2014-06-30": 84, "2014-03-31": -228, "2013-12-31": -93, "2013-09-30": "47.00000", "2013-06-30": -76, "2013-03-31": 34, "2012-12-31": -123, "2012-09-30": "-373.00000", "2012-06-30": -34, "2012-03-31": 691, "2011-12-31": -202, "2011-09-30": "-298.00000", "2011-06-30": 205, "2011-03-31": -62, "2010-12-31": 84, "2010-09-30": "159.00000", "2010-06-30": -240, "2010-03-31": 13, "2009-12-31": 117, "2009-09-30": "112.00000", "2009-06-30": 184, "2009-03-31": 19, "2008-12-31": -560, "2008-09-30": "278.00000", "2008-06-30": -263, "2008-03-31": 139, "2007-12-31": 225, "2007-09-30": "250.00000", "2007-06-30": -96, "2007-03-31": -28, "2006-12-31": -23, "2006-09-30": "-244.00000", "2006-06-30": 17, "2006-03-31": 125, "2005-12-31": 57, "2005-09-30": "-108.00000", "2005-06-30": 103, "2005-03-31": 265}, "Change In Assets/Liabilities": {"2020-12-31": -4, "2020-09-30": "17.00000", "2020-06-30": 24, "2020-03-31": -14, "2019-12-31": -3, "2019-09-30": "-6.00000", "2019-06-30": 26, "2019-03-31": -5, "2018-12-31": 33, "2018-09-30": "-9.00000", "2018-06-30": 4, "2018-03-31": 13, "2017-12-31": 34, "2017-09-30": "8.00000", "2017-06-30": -62, "2017-03-31": 9, "2016-12-31": 8, "2016-09-30": "2.00000", "2016-06-30": 6, "2016-03-31": -5, "2015-12-31": -4, "2015-09-30": "2.00000", "2015-06-30": 9, "2015-03-31": 0, "2014-12-31": 21, "2014-09-30": "14.00000", "2014-06-30": -9, "2014-03-31": 21, "2013-12-31": 330, "2013-09-30": "-2.00000", "2013-06-30": -75, "2013-03-31": 15, "2012-12-31": 124, "2012-09-30": "169.00000", "2012-06-30": 11, "2012-03-31": -273, "2011-12-31": 139, "2011-09-30": "68.00000", "2011-06-30": -120, "2011-03-31": 1, "2010-12-31": -14, "2010-09-30": "-67.00000", "2010-06-30": 21, "2010-03-31": 36, "2009-12-31": -61, "2009-09-30": "20.00000", "2009-06-30": -40, "2009-03-31": -46, "2008-12-31": 256, "2008-09-30": "-94.00000", "2008-06-30": 194, "2008-03-31": -132, "2007-12-31": -29, "2007-09-30": "4.00000", "2007-06-30": -22, "2007-03-31": 57, "2006-12-31": -81, "2006-09-30": "-14.00000", "2006-06-30": 25, "2006-03-31": -28, "2005-12-31": -32, "2005-09-30": "-3.00000", "2005-06-30": 45, "2005-03-31": 53}, "Total Change In Assets/Liabilities": {"2020-12-31": 50, "2020-09-30": "-27.00000", "2020-06-30": 47, "2020-03-31": -66, "2019-12-31": 31, "2019-09-30": "106.00000", "2019-06-30": 38, "2019-03-31": 91, "2018-12-31": -234, "2018-09-30": "1.00000", "2018-06-30": -121, "2018-03-31": -3, "2017-12-31": 298, "2017-09-30": "-135.00000", "2017-06-30": -82, "2017-03-31": -21, "2016-12-31": 99, "2016-09-30": "190.00000", "2016-06-30": -23, "2016-03-31": -28, "2015-12-31": -24, "2015-09-30": "539.00000", "2015-06-30": -177, "2015-03-31": -143, "2014-12-31": 234, "2014-09-30": "-53.00000", "2014-06-30": -9, "2014-03-31": -204, "2013-12-31": 213, "2013-09-30": "-1.00000", "2013-06-30": -255, "2013-03-31": 52, "2012-12-31": 112, "2012-09-30": "365.00000", "2012-06-30": 232, "2012-03-31": -436, "2011-12-31": -41, "2011-09-30": "-179.00000", "2011-06-30": -10, "2011-03-31": -112, "2010-12-31": 137, "2010-09-30": "-131.00000", "2010-06-30": -229, "2010-03-31": -146, "2009-12-31": -10, "2009-09-30": "-184.00000", "2009-06-30": 18, "2009-03-31": 274, "2008-12-31": 33, "2008-09-30": "-25.00000", "2008-06-30": 7, "2008-03-31": 78, "2007-12-31": 89, "2007-09-30": "150.00000", "2007-06-30": -50, "2007-03-31": -230, "2006-12-31": 70, "2006-09-30": "-473.00000", "2006-06-30": -72, "2006-03-31": 99, "2005-12-31": 109, "2005-09-30": "-212.00000", "2005-06-30": 95, "2005-03-31": 141}, "Cash Flow From Operating Activities": {"2020-12-31": 473, "2020-09-30": "297.00000", "2020-06-30": 388, "2020-03-31": 390, "2019-12-31": 480, "2019-09-30": "456.00000", "2019-06-30": 448, "2019-03-31": 438, "2018-12-31": 288, "2018-09-30": "587.00000", "2018-06-30": 468, "2018-03-31": 558, "2017-12-31": 850, "2017-09-30": "237.00000", "2017-06-30": 243, "2017-03-31": 426, "2016-12-31": 656, "2016-09-30": "591.00000", "2016-06-30": 269, "2016-03-31": 205, "2015-12-31": 382, "2015-09-30": "824.00000", "2015-06-30": 231, "2015-03-31": 374, "2014-12-31": 1443, "2014-09-30": "602.00000", "2014-06-30": 577, "2014-03-31": 443, "2013-12-31": 856, "2013-09-30": "682.00000", "2013-06-30": 388, "2013-03-31": 683, "2012-12-31": 844, "2012-09-30": "1132.00000", "2012-06-30": 1445, "2012-03-31": 938, "2011-12-31": 719, "2011-09-30": "160.00000", "2011-06-30": 317, "2011-03-31": 195, "2010-12-31": 507, "2010-09-30": "245.00000", "2010-06-30": 324, "2010-03-31": 577, "2009-12-31": 753, "2009-09-30": "278.00000", "2009-06-30": 192, "2009-03-31": 239, "2008-12-31": 88, "2008-09-30": "304.00000", "2008-06-30": 395, "2008-03-31": 665, "2007-12-31": 724, "2007-09-30": "754.00000", "2007-06-30": 373, "2007-03-31": 269, "2006-12-31": 482, "2006-09-30": "-181.00000", "2006-06-30": 162, "2006-03-31": 527, "2005-12-31": 562, "2005-09-30": "206.00000", "2005-06-30": 500, "2005-03-31": 928}, "Net Change In Property, Plant, And Equipment": {"2020-12-31": -159, "2020-09-30": "-111.00000", "2020-06-30": -114, "2020-03-31": -130, "2019-12-31": -193, "2019-09-30": "-147.00000", "2019-06-30": -37, "2019-03-31": -123, "2018-12-31": -127, "2018-09-30": "-171.00000", "2018-06-30": -70, "2018-03-31": -26, "2017-12-31": -75, "2017-09-30": "-124.00000", "2017-06-30": -104, "2017-03-31": -94, "2016-12-31": -96, "2016-09-30": "-140.00000", "2016-06-30": -146, "2016-03-31": -95, "2015-12-31": -137, "2015-09-30": "-209.00000", "2015-06-30": -201, "2015-03-31": -159, "2014-12-31": -215, "2014-09-30": "-172.00000", "2014-06-30": -128, "2014-03-31": -124, "2013-12-31": -143, "2013-09-30": "-161.00000", "2013-06-30": -128, "2013-03-31": -206, "2012-12-31": -164, "2012-09-30": "-259.00000", "2012-06-30": -130, "2012-03-31": -134, "2011-12-31": -142, "2011-09-30": "-210.00000", "2011-06-30": -83, "2011-03-31": -123, "2010-12-31": -202, "2010-09-30": "-358.00000", "2010-06-30": -246, "2010-03-31": -180, "2009-12-31": -103, "2009-09-30": "-89.00000", "2009-06-30": -73, "2009-03-31": -59, "2008-12-31": -214, "2008-09-30": "-280.00000", "2008-06-30": -293, "2008-03-31": -270, "2007-12-31": -188, "2007-09-30": "-150.00000", "2007-06-30": -192, "2007-03-31": -221, "2006-12-31": -211, "2006-09-30": "-227.00000", "2006-06-30": -402, "2006-03-31": -253, "2005-12-31": -184, "2005-09-30": "-169.00000", "2005-06-30": -307, "2005-03-31": -384}, "Net Change In Intangible Assets": {"2020-12-31": 0, "2020-09-30": "", "2020-06-30": 0, "2020-03-31": 0, "2019-12-31": 0, "2019-09-30": "", "2019-06-30": 0, "2019-03-31": 0, "2018-12-31": 0, "2018-09-30": "", "2018-06-30": 0, "2018-03-31": 0, "2017-12-31": 0, "2017-09-30": "", "2017-06-30": 0, "2017-03-31": 0, "2016-12-31": 0, "2016-09-30": "", "2016-06-30": 0, "2016-03-31": 0, "2015-12-31": 0, "2015-09-30": "", "2015-06-30": 0, "2015-03-31": 0, "2014-12-31": 0, "2014-09-30": "", "2014-06-30": 0, "2014-03-31": 0, "2013-12-31": 0, "2013-09-30": "", "2013-06-30": 0, "2013-03-31": 0, "2012-12-31": 0, "2012-09-30": "", "2012-06-30": 0, "2012-03-31": 0, "2011-12-31": 0, "2011-09-30": "", "2011-06-30": 0, "2011-03-31": 0, "2010-12-31": 0, "2010-09-30": "", "2010-06-30": 0, "2010-03-31": 0, "2009-12-31": 0, "2009-09-30": "", "2009-06-30": 0, "2009-03-31": 0, "2008-12-31": 0, "2008-09-30": "", "2008-06-30": 0, "2008-03-31": 0, "2007-12-31": 0, "2007-09-30": "", "2007-06-30": 0, "2007-03-31": 0, "2006-12-31": 0, "2006-09-30": "", "2006-06-30": 0, "2006-03-31": 0, "2005-12-31": 0, "2005-09-30": "", "2005-06-30": 0, "2005-03-31": 0}, "Net Acquisitions/Divestitures": {"2020-12-31": 0, "2020-09-30": "", "2020-06-30": 0, "2020-03-31": 0, "2019-12-31": 0, "2019-09-30": "", "2019-06-30": 0, "2019-03-31": 0, "2018-12-31": 0, "2018-09-30": "", "2018-06-30": 0, "2018-03-31": 0, "2017-12-31": 0, "2017-09-30": "", "2017-06-30": 0, "2017-03-31": 0, "2016-12-31": 0, "2016-09-30": "", "2016-06-30": 0, "2016-03-31": 0, "2015-12-31": -634, "2015-09-30": "", "2015-06-30": -3, "2015-03-31": 0, "2014-12-31": 0, "2014-09-30": "-450.00000", "2014-06-30": -285, "2014-03-31": 0, "2013-12-31": 0, "2013-09-30": "", "2013-06-30": 0, "2013-03-31": 0, "2012-12-31": 0, "2012-09-30": "-36.00000", "2012-06-30": 0, "2012-03-31": 0, "2011-12-31": -561, "2011-09-30": "", "2011-06-30": 0, "2011-03-31": 0, "2010-12-31": 0, "2010-09-30": "", "2010-06-30": 0, "2010-03-31": 0, "2009-12-31": 0, "2009-09-30": "", "2009-06-30": 0, "2009-03-31": 0, "2008-12-31": 0, "2008-09-30": "", "2008-06-30": 0, "2008-03-31": 0, "2007-12-31": -72, "2007-09-30": "-6.00000", "2007-06-30": 0, "2007-03-31": -178, "2006-12-31": 0, "2006-09-30": "", "2006-06-30": 297, "2006-03-31": 0, "2005-12-31": -13, "2005-09-30": "-15.00000", "2005-06-30": 0, "2005-03-31": 0}, "Net Change In Short-term Investments": {"2020-12-31": 0, "2020-09-30": "7.00000", "2020-06-30": 64, "2020-03-31": -12, "2019-12-31": -41, "2019-09-30": "-4.00000", "2019-06-30": 14, "2019-03-31": -6, "2018-12-31": 2, "2018-09-30": "", "2018-06-30": 0, "2018-03-31": 0, "2017-12-31": 0, "2017-09-30": "", "2017-06-30": 0, "2017-03-31": 0, "2016-12-31": 5, "2016-09-30": "1.00000", "2016-06-30": 0, "2016-03-31": 0, "2015-12-31": 0, "2015-09-30": "", "2015-06-30": 0, "2015-03-31": 0, "2014-12-31": 9, "2014-09-30": "9.00000", "2014-06-30": 44, "2014-03-31": 0, "2013-12-31": 515, "2013-09-30": "-6.00000", "2013-06-30": -17, "2013-03-31": -20, "2012-12-31": -10, "2012-09-30": "30.00000", "2012-06-30": -4, "2012-03-31": -4, "2011-12-31": 9, "2011-09-30": "61.00000", "2011-06-30": -209, "2011-03-31": 1, "2010-12-31": 0, "2010-09-30": "-19.00000", "2010-06-30": -49, "2010-03-31": 2, "2009-12-31": -105, "2009-09-30": "27.00000", "2009-06-30": -39, "2009-03-31": 18, "2008-12-31": 12, "2008-09-30": "3.00000", "2008-06-30": -12, "2008-03-31": 147, "2007-12-31": -82, "2007-09-30": "-79.00000", "2007-06-30": 146, "2007-03-31": 164, "2006-12-31": 335, "2006-09-30": "30.00000", "2006-06-30": 211, "2006-03-31": -7, "2005-12-31": -21, "2005-09-30": "125.00000", "2005-06-30": -114, "2005-03-31": -217}, "Net Change In Long-Term Investments": {"2020-12-31": 0, "2020-09-30": "", "2020-06-30": -58, "2020-03-31": 0, "2019-12-31": 0, "2019-09-30": "", "2019-06-30": 1265, "2019-03-31": 0, "2018-12-31": 5, "2018-09-30": "-5.00000", "2018-06-30": -1277, "2018-03-31": -8, "2017-12-31": 0, "2017-09-30": "", "2017-06-30": -37, "2017-03-31": 0, "2016-12-31": 0, "2016-09-30": "", "2016-06-30": 0, "2016-03-31": 0, "2015-12-31": 0, "2015-09-30": "", "2015-06-30": 0, "2015-03-31": 0, "2014-12-31": 0, "2014-09-30": "", "2014-06-30": 0, "2014-03-31": 0, "2013-12-31": 0, "2013-09-30": "", "2013-06-30": 0, "2013-03-31": 0, "2012-12-31": 0, "2012-09-30": "", "2012-06-30": 0, "2012-03-31": 0, "2011-12-31": 0, "2011-09-30": "", "2011-06-30": 0, "2011-03-31": 0, "2010-12-31": 0, "2010-09-30": "", "2010-06-30": 0, "2010-03-31": 0, "2009-12-31": 0, "2009-09-30": "", "2009-06-30": 0, "2009-03-31": 0, "2008-12-31": 0, "2008-09-30": "", "2008-06-30": 0, "2008-03-31": 0, "2007-12-31": 0, "2007-09-30": "", "2007-06-30": 0, "2007-03-31": 0, "2006-12-31": 0, "2006-09-30": "", "2006-06-30": 0, "2006-03-31": 0, "2005-12-31": 0, "2005-09-30": "", "2005-06-30": 0, "2005-03-31": 0}, "Net Change In Investments - Total": {"2020-12-31": 0, "2020-09-30": "7.00000", "2020-06-30": 6, "2020-03-31": -12, "2019-12-31": -41, "2019-09-30": "-4.00000", "2019-06-30": 1279, "2019-03-31": -6, "2018-12-31": 7, "2018-09-30": "-5.00000", "2018-06-30": -1277, "2018-03-31": -8, "2017-12-31": 0, "2017-09-30": "", "2017-06-30": -37, "2017-03-31": 0, "2016-12-31": 5, "2016-09-30": "1.00000", "2016-06-30": 0, "2016-03-31": 0, "2015-12-31": 0, "2015-09-30": "", "2015-06-30": 0, "2015-03-31": 0, "2014-12-31": 9, "2014-09-30": "9.00000", "2014-06-30": 44, "2014-03-31": 0, "2013-12-31": 515, "2013-09-30": "-6.00000", "2013-06-30": -17, "2013-03-31": -20, "2012-12-31": -10, "2012-09-30": "30.00000", "2012-06-30": -4, "2012-03-31": -4, "2011-12-31": 9, "2011-09-30": "61.00000", "2011-06-30": -209, "2011-03-31": 1, "2010-12-31": 0, "2010-09-30": "-19.00000", "2010-06-30": -49, "2010-03-31": 2, "2009-12-31": -105, "2009-09-30": "27.00000", "2009-06-30": -39, "2009-03-31": 18, "2008-12-31": 12, "2008-09-30": "3.00000", "2008-06-30": -12, "2008-03-31": 147, "2007-12-31": -82, "2007-09-30": "-79.00000", "2007-06-30": 146, "2007-03-31": 164, "2006-12-31": 335, "2006-09-30": "30.00000", "2006-06-30": 211, "2006-03-31": -7, "2005-12-31": -21, "2005-09-30": "125.00000", "2005-06-30": -114, "2005-03-31": -217}, "Investing Activities - Other": {"2020-12-31": 0, "2020-09-30": "", "2020-06-30": 0, "2020-03-31": 0, "2019-12-31": 0, "2019-09-30": "", "2019-06-30": -37, "2019-03-31": 0, "2018-12-31": 66, "2018-09-30": "", "2018-06-30": -2, "2018-03-31": 5, "2017-12-31": -3, "2017-09-30": "-8.00000", "2017-06-30": 19, "2017-03-31": -9, "2016-12-31": -4, "2016-09-30": "", "2016-06-30": 0, "2016-03-31": 10, "2015-12-31": 0, "2015-09-30": "", "2015-06-30": -15, "2015-03-31": -56, "2014-12-31": -28, "2014-09-30": "-6.00000", "2014-06-30": -5, "2014-03-31": -1, "2013-12-31": -9, "2013-09-30": "-19.00000", "2013-06-30": 1, "2013-03-31": -2, "2012-12-31": -14, "2012-09-30": "", "2012-06-30": -15, "2012-03-31": 16, "2011-12-31": 0, "2011-09-30": "", "2011-06-30": 14, "2011-03-31": -1, "2010-12-31": 1, "2010-09-30": "-2.00000", "2010-06-30": -10, "2010-03-31": 4, "2009-12-31": -1, "2009-09-30": "-2.00000", "2009-06-30": 6, "2009-03-31": 4, "2008-12-31": -8, "2008-09-30": "12.00000", "2008-06-30": -1, "2008-03-31": -2, "2007-12-31": 20, "2007-09-30": "-3.00000", "2007-06-30": -4, "2007-03-31": -15, "2006-12-31": -23, "2006-09-30": "-6.00000", "2006-06-30": 4, "2006-03-31": -29, "2005-12-31": -48, "2005-09-30": "-57.00000", "2005-06-30": -23, "2005-03-31": -24}, "Cash Flow From Investing Activities": {"2020-12-31": -159, "2020-09-30": "-104.00000", "2020-06-30": -108, "2020-03-31": -142, "2019-12-31": -234, "2019-09-30": "-151.00000", "2019-06-30": 1205, "2019-03-31": -129, "2018-12-31": -54, "2018-09-30": "-176.00000", "2018-06-30": -1349, "2018-03-31": -29, "2017-12-31": -78, "2017-09-30": "-132.00000", "2017-06-30": -122, "2017-03-31": -103, "2016-12-31": -95, "2016-09-30": "-139.00000", "2016-06-30": -146, "2016-03-31": -85, "2015-12-31": -771, "2015-09-30": "-209.00000", "2015-06-30": -219, "2015-03-31": -215, "2014-12-31": -234, "2014-09-30": "-619.00000", "2014-06-30": -374, "2014-03-31": -125, "2013-12-31": 363, "2013-09-30": "-186.00000", "2013-06-30": -144, "2013-03-31": -228, "2012-12-31": -188, "2012-09-30": "-265.00000", "2012-06-30": -149, "2012-03-31": -122, "2011-12-31": -694, "2011-09-30": "-149.00000", "2011-06-30": -278, "2011-03-31": -123, "2010-12-31": -201, "2010-09-30": "-379.00000", "2010-06-30": -305, "2010-03-31": -174, "2009-12-31": -209, "2009-09-30": "-64.00000", "2009-06-30": -106, "2009-03-31": -37, "2008-12-31": -210, "2008-09-30": "-265.00000", "2008-06-30": -306, "2008-03-31": -125, "2007-12-31": -322, "2007-09-30": "-238.00000", "2007-06-30": -50, "2007-03-31": -250, "2006-12-31": 101, "2006-09-30": "-203.00000", "2006-06-30": 110, "2006-03-31": -289, "2005-12-31": -266, "2005-09-30": "-116.00000", "2005-06-30": -444, "2005-03-31": -625}, "Net Long-Term Debt": {"2020-12-31": 992, "2020-09-30": "-13.00000", "2020-06-30": 44, "2020-03-31": -40, "2019-12-31": 0, "2019-09-30": "-147.00000", "2019-06-30": -271, "2019-03-31": 196, "2018-12-31": -499, "2018-09-30": "", "2018-06-30": -5, "2018-03-31": -57, "2017-12-31": -130, "2017-09-30": "-22.00000", "2017-06-30": -219, "2017-03-31": 1135, "2016-12-31": 0, "2016-09-30": "", "2016-06-30": 0, "2016-03-31": -7, "2015-12-31": 0, "2015-09-30": "-15.00000", "2015-06-30": 208, "2015-03-31": -1, "2014-12-31": 87, "2014-09-30": "-124.00000", "2014-06-30": 329, "2014-03-31": -64, "2013-12-31": 791, "2013-09-30": "", "2013-06-30": 183, "2013-03-31": -363, "2012-12-31": -58, "2012-09-30": "", "2012-06-30": 0, "2012-03-31": -76, "2011-12-31": -560, "2011-09-30": "-34.00000", "2011-06-30": 588, "2011-03-31": -15, "2010-12-31": 736, "2010-09-30": "-362.00000", "2010-06-30": 510, "2010-03-31": -5, "2009-12-31": -46, "2009-09-30": "-334.00000", "2009-06-30": 364, "2009-03-31": -5, "2008-12-31": -15, "2008-09-30": "", "2008-06-30": 0, "2008-03-31": -34, "2007-12-31": 0, "2007-09-30": "", "2007-06-30": 0, "2007-03-31": -5, "2006-12-31": -416, "2006-09-30": "1477.00000", "2006-06-30": 0, "2006-03-31": 0, "2005-12-31": -340, "2005-09-30": "", "2005-06-30": -2, "2005-03-31": -1}, "Net Current Debt": {"2020-12-31": 0, "2020-09-30": "", "2020-06-30": 0, "2020-03-31": 0, "2019-12-31": 0, "2019-09-30": "", "2019-06-30": 0, "2019-03-31": 0, "2018-12-31": 0, "2018-09-30": "", "2018-06-30": 0, "2018-03-31": 0, "2017-12-31": 0, "2017-09-30": "", "2017-06-30": 0, "2017-03-31": 0, "2016-12-31": 0, "2016-09-30": "", "2016-06-30": 0, "2016-03-31": 0, "2015-12-31": 0, "2015-09-30": "", "2015-06-30": 0, "2015-03-31": 0, "2014-12-31": 0, "2014-09-30": "", "2014-06-30": 0, "2014-03-31": 0, "2013-12-31": 0, "2013-09-30": "", "2013-06-30": 0, "2013-03-31": 0, "2012-12-31": 0, "2012-09-30": "", "2012-06-30": 0, "2012-03-31": 0, "2011-12-31": 0, "2011-09-30": "", "2011-06-30": 0, "2011-03-31": 0, "2010-12-31": 0, "2010-09-30": "", "2010-06-30": 0, "2010-03-31": -15, "2009-12-31": -200, "2009-09-30": "-135.00000", "2009-06-30": 0, "2009-03-31": 0, "2008-12-31": 350, "2008-09-30": "", "2008-06-30": 0, "2008-03-31": 0, "2007-12-31": 0, "2007-09-30": "", "2007-06-30": 0, "2007-03-31": 0, "2006-12-31": 0, "2006-09-30": "", "2006-06-30": 0, "2006-03-31": 0, "2005-12-31": 0, "2005-09-30": "", "2005-06-30": 0, "2005-03-31": 0}, "Debt Issuance/Retirement Net - Total": {"2020-12-31": 992, "2020-09-30": "-13.00000", "2020-06-30": 44, "2020-03-31": -40, "2019-12-31": 0, "2019-09-30": "-147.00000", "2019-06-30": -271, "2019-03-31": 196, "2018-12-31": -499, "2018-09-30": "", "2018-06-30": -5, "2018-03-31": -57, "2017-12-31": -130, "2017-09-30": "-22.00000", "2017-06-30": -219, "2017-03-31": 1135, "2016-12-31": 0, "2016-09-30": "", "2016-06-30": 0, "2016-03-31": -7, "2015-12-31": 0, "2015-09-30": "-15.00000", "2015-06-30": 208, "2015-03-31": -1, "2014-12-31": 87, "2014-09-30": "-124.00000", "2014-06-30": 329, "2014-03-31": -64, "2013-12-31": 791, "2013-09-30": "", "2013-06-30": 183, "2013-03-31": -363, "2012-12-31": -58, "2012-09-30": "", "2012-06-30": 0, "2012-03-31": -76, "2011-12-31": -560, "2011-09-30": "-34.00000", "2011-06-30": 588, "2011-03-31": -15, "2010-12-31": 736, "2010-09-30": "-362.00000", "2010-06-30": 510, "2010-03-31": -20, "2009-12-31": -246, "2009-09-30": "-469.00000", "2009-06-30": 364, "2009-03-31": -5, "2008-12-31": 335, "2008-09-30": "", "2008-06-30": 0, "2008-03-31": -34, "2007-12-31": 0, "2007-09-30": "", "2007-06-30": 0, "2007-03-31": -5, "2006-12-31": -416, "2006-09-30": "1477.00000", "2006-06-30": 0, "2006-03-31": 0, "2005-12-31": -340, "2005-09-30": "", "2005-06-30": -2, "2005-03-31": -1}, "Net Common Equity Issued/Repurchased": {"2020-12-31": -989, "2020-09-30": "-39.00000", "2020-06-30": -52, "2020-03-31": -164, "2019-12-31": -120, "2019-09-30": "-411.00000", "2019-06-30": -349, "2019-03-31": -294, "2018-12-31": -133, "2018-09-30": "-118.00000", "2018-06-30": 3, "2018-03-31": 75, "2017-12-31": -189, "2017-09-30": "-137.00000", "2017-06-30": -209, "2017-03-31": 36, "2016-12-31": -135, "2016-09-30": "-66.00000", "2016-06-30": 1, "2016-03-31": 8, "2015-12-31": -77, "2015-09-30": "-943.00000", "2015-06-30": -173, "2015-03-31": -664, "2014-12-31": -8, "2014-09-30": "-144.00000", "2014-06-30": -17, "2014-03-31": -147, "2013-12-31": -1498, "2013-09-30": "-143.00000", "2013-06-30": -16, "2013-03-31": -37, "2012-12-31": -860, "2012-09-30": "-482.00000", "2012-06-30": -1124, "2012-03-31": -818, "2011-12-31": -38, "2011-09-30": "-102.00000", "2011-06-30": -77, "2011-03-31": -381, "2010-12-31": -297, "2010-09-30": "16.00000", "2010-06-30": -328, "2010-03-31": -212, "2009-12-31": 16, "2009-09-30": "26.00000", "2009-06-30": 9, "2009-03-31": 9, "2008-12-31": 1, "2008-09-30": "35.00000", "2008-06-30": -189, "2008-03-31": -744, "2007-12-31": -181, "2007-09-30": "-187.00000", "2007-06-30": -190, "2007-03-31": -146, "2006-12-31": -870, "2006-09-30": "-101.00000", "2006-06-30": -387, "2006-03-31": 68, "2005-12-31": 10, "2005-09-30": "28.00000", "2005-06-30": 10, "2005-03-31": 80}, "Net Total Equity Issued/Repurchased": {"2020-12-31": -989, "2020-09-30": "-39.00000", "2020-06-30": -52, "2020-03-31": -164, "2019-12-31": -120, "2019-09-30": "-411.00000", "2019-06-30": -349, "2019-03-31": -294, "2018-12-31": -133, "2018-09-30": "-118.00000", "2018-06-30": 3, "2018-03-31": 75, "2017-12-31": -189, "2017-09-30": "-137.00000", "2017-06-30": -209, "2017-03-31": 36, "2016-12-31": -135, "2016-09-30": "-66.00000", "2016-06-30": 1, "2016-03-31": 8, "2015-12-31": -77, "2015-09-30": "-943.00000", "2015-06-30": -173, "2015-03-31": -664, "2014-12-31": -8, "2014-09-30": "-144.00000", "2014-06-30": -17, "2014-03-31": -147, "2013-12-31": -1498, "2013-09-30": "-143.00000", "2013-06-30": -16, "2013-03-31": -37, "2012-12-31": -860, "2012-09-30": "-482.00000", "2012-06-30": -1124, "2012-03-31": -818, "2011-12-31": -38, "2011-09-30": "-102.00000", "2011-06-30": -77, "2011-03-31": -381, "2010-12-31": -297, "2010-09-30": "16.00000", "2010-06-30": -328, "2010-03-31": -212, "2009-12-31": 16, "2009-09-30": "26.00000", "2009-06-30": 9, "2009-03-31": 9, "2008-12-31": 1, "2008-09-30": "35.00000", "2008-06-30": -189, "2008-03-31": -744, "2007-12-31": -181, "2007-09-30": "-187.00000", "2007-06-30": -190, "2007-03-31": -146, "2006-12-31": -870, "2006-09-30": "-101.00000", "2006-06-30": -387, "2006-03-31": 68, "2005-12-31": 10, "2005-09-30": "28.00000", "2005-06-30": 10, "2005-03-31": 80}, "Total Common And Preferred Stock Dividends Paid": {"2020-12-31": -167, "2020-09-30": "-167.00000", "2020-06-30": -168, "2020-03-31": -170, "2019-12-31": -165, "2019-09-30": "-170.00000", "2019-06-30": -174, "2019-03-31": -178, "2018-12-31": -180, "2018-09-30": "-181.00000", "2018-06-30": -181, "2018-03-31": -179, "2017-12-31": -182, "2017-09-30": "-184.00000", "2017-06-30": -187, "2017-03-31": -186, "2016-12-31": -188, "2016-09-30": "", "2016-06-30": -188, "2016-03-31": -188, "2015-12-31": -188, "2015-09-30": "-163.00000", "2015-06-30": -171, "2015-03-31": -176, "2014-12-31": -177, "2014-09-30": "-140.00000", "2014-06-30": -140, "2014-03-31": -140, "2013-12-31": -142, "2013-09-30": "-135.00000", "2013-06-30": -137, "2013-03-31": -4, "2012-12-31": -250, "2012-09-30": "-127.00000", "2012-06-30": -106, "2012-03-31": -112, "2011-12-31": -76, "2011-09-30": "-78.00000", "2011-06-30": -74, "2011-03-31": 0, "2010-12-31": 0, "2010-09-30": "", "2010-06-30": 0, "2010-03-31": 0, "2009-12-31": 0, "2009-09-30": "", "2009-06-30": 0, "2009-03-31": -15, "2008-12-31": -58, "2008-09-30": "-59.00000", "2008-06-30": -57, "2008-03-31": -52, "2007-12-31": -53, "2007-09-30": "-54.00000", "2007-06-30": -54, "2007-03-31": -54, "2006-12-31": -58, "2006-09-30": "-46.00000", "2006-06-30": -40, "2006-03-31": -39, "2005-12-31": -38, "2005-09-30": "-38.00000", "2005-06-30": -38, "2005-03-31": -84}, "Financial Activities - Other": {"2020-12-31": -15, "2020-09-30": "-32.00000", "2020-06-30": -1, "2020-03-31": 0, "2019-12-31": -4, "2019-09-30": "-37.00000", "2019-06-30": -1, "2019-03-31": 0, "2018-12-31": -3, "2018-09-30": "-27.00000", "2018-06-30": -1, "2018-03-31": -1, "2017-12-31": -1, "2017-09-30": "-20.00000", "2017-06-30": -2, "2017-03-31": -1, "2016-12-31": -1, "2016-09-30": "-23.00000", "2016-06-30": -1, "2016-03-31": -1, "2015-12-31": -1, "2015-09-30": "-57.00000", "2015-06-30": 0, "2015-03-31": 0, "2014-12-31": 0, "2014-09-30": "-12.00000", "2014-06-30": 0, "2014-03-31": 0, "2013-12-31": -1, "2013-09-30": "-4.00000", "2013-06-30": 1, "2013-03-31": 0, "2012-12-31": 0, "2012-09-30": "-72.00000", "2012-06-30": 3, "2012-03-31": 3, "2011-12-31": 0, "2011-09-30": "", "2011-06-30": 0, "2011-03-31": -3, "2010-12-31": 0, "2010-09-30": "", "2010-06-30": 0, "2010-03-31": 0, "2009-12-31": 47, "2009-09-30": "332.00000", "2009-06-30": -384, "2009-03-31": 0, "2008-12-31": 0, "2008-09-30": "", "2008-06-30": 4, "2008-03-31": 0, "2007-12-31": 2, "2007-09-30": "", "2007-06-30": 0, "2007-03-31": -1, "2006-12-31": 1, "2006-09-30": "", "2006-06-30": 30, "2006-03-31": 0, "2005-12-31": 9, "2005-09-30": "5.00000", "2005-06-30": 0, "2005-03-31": 0}, "Cash Flow From Financial Activities": {"2020-12-31": -179, "2020-09-30": "-251.00000", "2020-06-30": -177, "2020-03-31": -374, "2019-12-31": -289, "2019-09-30": "-765.00000", "2019-06-30": -795, "2019-03-31": -276, "2018-12-31": -815, "2018-09-30": "-326.00000", "2018-06-30": -184, "2018-03-31": -162, "2017-12-31": -502, "2017-09-30": "-363.00000", "2017-06-30": -617, "2017-03-31": 984, "2016-12-31": -324, "2016-09-30": "-89.00000", "2016-06-30": -188, "2016-03-31": -188, "2015-12-31": -266, "2015-09-30": "-1178.00000", "2015-06-30": -136, "2015-03-31": -841, "2014-12-31": -98, "2014-09-30": "-420.00000", "2014-06-30": 172, "2014-03-31": -351, "2013-12-31": -850, "2013-09-30": "-282.00000", "2013-06-30": 31, "2013-03-31": -404, "2012-12-31": -1168, "2012-09-30": "-681.00000", "2012-06-30": -1227, "2012-03-31": -1003, "2011-12-31": -674, "2011-09-30": "-214.00000", "2011-06-30": 437, "2011-03-31": -399, "2010-12-31": 439, "2010-09-30": "-346.00000", "2010-06-30": 182, "2010-03-31": -232, "2009-12-31": -183, "2009-09-30": "-111.00000", "2009-06-30": -11, "2009-03-31": -11, "2008-12-31": 278, "2008-09-30": "-24.00000", "2008-06-30": -242, "2008-03-31": -830, "2007-12-31": -232, "2007-09-30": "-241.00000", "2007-06-30": -244, "2007-03-31": -206, "2006-12-31": -1343, "2006-09-30": "1330.00000", "2006-06-30": -397, "2006-03-31": 29, "2005-12-31": -359, "2005-09-30": "-5.00000", "2005-06-30": -30, "2005-03-31": -5}, "Net Cash Flow": {"2020-12-31": 135, "2020-09-30": "-58.00000", "2020-06-30": 110, "2020-03-31": -132, "2019-12-31": -40, "2019-09-30": "-465.00000", "2019-06-30": 860, "2019-03-31": 31, "2018-12-31": -585, "2018-09-30": "88.00000", "2018-06-30": -1073, "2018-03-31": 370, "2017-12-31": 271, "2017-09-30": "-254.00000", "2017-06-30": -488, "2017-03-31": 1311, "2016-12-31": 225, "2016-09-30": "363.00000", "2016-06-30": -68, "2016-03-31": -65, "2015-12-31": -657, "2015-09-30": "-564.00000", "2015-06-30": -122, "2015-03-31": -692, "2014-12-31": 1106, "2014-09-30": "-444.00000", "2014-06-30": 375, "2014-03-31": -34, "2013-12-31": 369, "2013-09-30": "216.00000", "2013-06-30": 275, "2013-03-31": 50, "2012-12-31": -511, "2012-09-30": "187.00000", "2012-06-30": 69, "2012-03-31": -187, "2011-12-31": -649, "2011-09-30": "-203.00000", "2011-06-30": 476, "2011-03-31": -327, "2010-12-31": 745, "2010-09-30": "-480.00000", "2010-06-30": 201, "2010-03-31": 171, "2009-12-31": 361, "2009-09-30": "103.00000", "2009-06-30": 75, "2009-03-31": 191, "2008-12-31": 156, "2008-09-30": "15.00000", "2008-06-30": -153, "2008-03-31": -290, "2007-12-31": 170, "2007-09-30": "275.00000", "2007-06-30": 79, "2007-03-31": -187, "2006-12-31": -760, "2006-09-30": "946.00000", "2006-06-30": -125, "2006-03-31": 267, "2005-12-31": -63, "2005-09-30": "85.00000", "2005-06-30": 26, "2005-03-31": 298}, "Stock-Based Compensation": {"2020-12-31": 30, "2020-09-30": "28.00000", "2020-06-30": 29, "2020-03-31": 27, "2019-12-31": 27, "2019-09-30": "26.00000", "2019-06-30": 26, "2019-03-31": 28, "2018-12-31": 27, "2018-09-30": "18.00000", "2018-06-30": 27, "2018-03-31": 26, "2017-12-31": 27, "2017-09-30": "32.00000", "2017-06-30": 27, "2017-03-31": 37, "2016-12-31": 33, "2016-09-30": "40.00000", "2016-06-30": 25, "2016-03-31": 30, "2015-12-31": 32, "2015-09-30": "33.00000", "2015-06-30": 31, "2015-03-31": 33, "2014-12-31": 31, "2014-09-30": "42.00000", "2014-06-30": 31, "2014-03-31": 30, "2013-12-31": 30, "2013-09-30": "27.00000", "2013-06-30": 20, "2013-03-31": 20, "2012-12-31": 19, "2012-09-30": "17.00000", "2012-06-30": 13, "2012-03-31": 12, "2011-12-31": 14, "2011-09-30": "12.00000", "2011-06-30": 13, "2011-03-31": 12, "2010-12-31": 13, "2010-09-30": "13.00000", "2010-06-30": 19, "2010-03-31": 13, "2009-12-31": 14, "2009-09-30": "11.00000", "2009-06-30": 13, "2009-03-31": 17, "2008-12-31": 26, "2008-09-30": "27.00000", "2008-06-30": 27, "2008-03-31": 28, "2007-12-31": 29, "2007-09-30": "29.00000", "2007-06-30": 27, "2007-03-31": 32, "2006-12-31": 31, "2006-09-30": "38.00000", "2006-06-30": 33, "2006-03-31": 21, "2005-12-31": 36, "2005-09-30": "", "2005-06-30": 0, "2005-03-31": 2}, "Common Stock Dividends Paid": {"2020-12-31": -167, "2020-09-30": "-167.00000", "2020-06-30": -168, "2020-03-31": -170, "2019-12-31": -165, "2019-09-30": "-170.00000", "2019-06-30": -174, "2019-03-31": -178, "2018-12-31": -180, "2018-09-30": "-181.00000", "2018-06-30": -181, "2018-03-31": -179, "2017-12-31": -182, "2017-09-30": "-184.00000", "2017-06-30": -187, "2017-03-31": -186, "2016-12-31": -188, "2016-09-30": "", "2016-06-30": -188, "2016-03-31": -188, "2015-12-31": -188, "2015-09-30": "-163.00000", "2015-06-30": -171, "2015-03-31": -176, "2014-12-31": -177, "2014-09-30": "-140.00000", "2014-06-30": -140, "2014-03-31": -140, "2013-12-31": -142, "2013-09-30": "-135.00000", "2013-06-30": -137, "2013-03-31": -4, "2012-12-31": -250, "2012-09-30": "-127.00000", "2012-06-30": -106, "2012-03-31": -112, "2011-12-31": -76, "2011-09-30": "-78.00000", "2011-06-30": -74, "2011-03-31": 0, "2010-12-31": 0, "2010-09-30": "0.00000", "2010-06-30": 0, "2010-03-31": 0, "2009-12-31": 0, "2009-09-30": "", "2009-06-30": 0, "2009-03-31": -15, "2008-12-31": -58, "2008-09-30": "-59.00000", "2008-06-30": -57, "2008-03-31": -52, "2007-12-31": -53, "2007-09-30": "-54.00000", "2007-06-30": -54, "2007-03-31": -54, "2006-12-31": -58, "2006-09-30": "-46.00000", "2006-06-30": -40, "2006-03-31": -39, "2005-12-31": -38, "2005-09-30": "-38.00000", "2005-06-30": -38, "2005-03-31": -84}}, "financial ratios": {"Current Ratio": {"2020-06-30": "1.51140", "2019-06-30": "1.95470", "2018-06-30": "1.35110", "2017-06-30": "1.91970", "2016-06-30": "1.57090", "2015-06-30": "2.37640", "2014-06-30": "2.40910", "2013-06-30": "2.07280", "2012-06-30": "1.85810", "2011-06-30": "1.85530", "2010-06-30": "1.80780", "2009-06-30": "1.34440", "2008-06-30": "1.29970", "2007-06-30": "1.43490", "2006-06-30": "1.29850", "2005-06-30": "1.96740"}, "Long-term Debt / Capital": {"2020-06-30": "0.69930", "2019-06-30": "0.66300", "2018-06-30": "0.72180", "2017-06-30": "0.78640", "2016-06-30": "0.71970", "2015-06-30": "0.57930", "2014-06-30": "0.58060", "2013-06-30": "0.44170", "2012-06-30": "0.45020", "2011-06-30": "0.54520", "2010-06-30": "0.44370", "2009-06-30": "0.55340", "2008-06-30": "0.26690", "2007-06-30": "0.26790", "2006-06-30": "0.10940", "2005-06-30": "0.22460"}, "Debt/Equity Ratio": {"2020-06-30": "2.33630", "2019-06-30": "1.96720", "2018-06-30": "2.89430", "2017-06-30": "3.68110", "2016-06-30": "2.56810", "2015-06-30": "1.37670", "2014-06-30": "1.38420", "2013-06-30": "0.79210", "2012-06-30": "0.81870", "2011-06-30": "1.42590", "2010-06-30": "0.91850", "2009-06-30": "1.73550", "2008-06-30": "0.44270", "2007-06-30": "0.43550", "2006-06-30": "0.18610", "2005-06-30": "0.29120"}, "Gross Margin": {"2020-06-30": "27.04350", "2019-06-30": "28.21940", "2018-06-30": "30.07870", "2017-06-30": "29.46800", "2016-06-30": "23.43190", "2015-06-30": "27.72400", "2014-06-30": "28.02390", "2013-06-30": "27.45450", "2012-06-30": "31.35420", "2011-06-30": "19.56070", "2010-06-30": "28.11760", "2009-06-30": "14.38040", "2008-06-30": "25.22030", "2007-06-30": "19.23420", "2006-06-30": "23.21310", "2005-06-30": "22.15010"}, "Operating Margin": {"2020-06-30": "12.37040", "2019-06-30": "14.31180", "2018-06-30": "14.61020", "2017-06-30": "9.78550", "2016-06-30": "3.98750", "2015-06-30": "14.97930", "2014-06-30": "12.94080", "2013-06-30": "14.57040", "2012-06-30": "20.80460", "2011-06-30": "7.34660", "2010-06-30": "15.26990", "2009-06-30": "-27.18000", "2008-06-30": "10.82780", "2007-06-30": "5.40490", "2006-06-30": "9.49380", "2005-06-30": "9.55910"}, "EBIT Margin": {"2020-06-30": "12.37040", "2019-06-30": "14.31180", "2018-06-30": "14.61020", "2017-06-30": "9.78550", "2016-06-30": "3.98750", "2015-06-30": "14.97930", "2014-06-30": "12.94080", "2013-06-30": "14.57040", "2012-06-30": "20.80460", "2011-06-30": "7.34660", "2010-06-30": "15.26990", "2009-06-30": "-27.18000", "2008-06-30": "10.82780", "2007-06-30": "5.40490", "2006-06-30": "9.49380", "2005-06-30": "9.55910"}, "EBITDA Margin": {"2020-06-30": "15.97680", "2019-06-30": "19.51880", "2018-06-30": "19.95710", "2017-06-30": "16.73940", "2016-06-30": "11.52330", "2015-06-30": "21.10050", "2014-06-30": "19.34570", "2013-06-30": "20.65360", "2012-06-30": "26.25340", "2011-06-30": "14.21930", "2010-06-30": "22.61520", "2009-06-30": "5.97650", "2008-06-30": "17.46930", "2007-06-30": "12.89610", "2006-06-30": "16.14170", "2005-06-30": "15.70240"}, "Pre-Tax Profit Margin": {"2020-06-30": "9.82020", "2019-06-30": "13.20500", "2018-06-30": "12.67880", "2017-06-30": "7.56660", "2016-06-30": "2.45520", "2015-06-30": "14.33870", "2014-06-30": "11.33780", "2013-06-30": "12.75870", "2012-06-30": "19.29180", "2011-06-30": "5.27760", "2010-06-30": "13.76920", "2009-06-30": "-28.69960", "2008-06-30": "10.37140", "2007-06-30": "4.93840", "2006-06-30": "10.03690", "2005-06-30": "9.69150"}, "Net Profit Margin": {"2020-06-30": "9.55370", "2019-06-30": "19.36480", "2018-06-30": "10.56870", "2017-06-30": "7.16740", "2016-06-30": "2.22220", "2015-06-30": "12.67920", "2014-06-30": "11.43980", "2013-06-30": "12.80750", "2012-06-30": "19.15790", "2011-06-30": "4.65770", "2010-06-30": "14.12020", "2009-06-30": "-31.87150", "2008-06-30": "9.84420", "2007-06-30": "8.03700", "2006-06-30": "9.12450", "2005-06-30": "9.36050"}, "Asset Turnover": {"2020-06-30": "1.17680", "2019-06-30": "1.16940", "2018-06-30": "1.18850", "2017-06-30": "1.16220", "2016-06-30": "1.35880", "2015-06-30": "1.39550", "2014-06-30": "1.44580", "2013-06-30": "1.55260", "2012-06-30": "1.47820", "2011-06-30": "1.18930", "2010-06-30": "1.38170", "2009-06-30": "1.38350", "2008-06-30": "1.25570", "2007-06-30": "1.19930", "2006-06-30": "0.96460", "2005-06-30": "1.44030"}, "Inventory Turnover Ratio": {"2020-06-30": "6.71370", "2019-06-30": "7.68870", "2018-06-30": "7.42640", "2017-06-30": "7.73630", "2016-06-30": "9.84450", "2015-06-30": "10.00000", "2014-06-30": "10.02840", "2013-06-30": "12.19090", "2012-06-30": "11.28160", "2011-06-30": "10.12040", "2010-06-30": "10.82030", "2009-06-30": "14.30150", "2008-06-30": "10.05610", "2007-06-30": "11.55540", "2006-06-30": "7.93380", "2005-06-30": "13.64270"}, "Receiveable Turnover": {"2020-06-30": "9.42510", "2019-06-30": "10.50560", "2018-06-30": "9.44590", "2017-06-30": "8.98330", "2016-06-30": "8.46740", "2015-06-30": "7.91870", "2014-06-30": "7.93750", "2013-06-30": "8.59340", "2012-06-30": "6.44200", "2011-06-30": "7.33850", "2010-06-30": "8.13930", "2009-06-30": "9.49180", "2008-06-30": "9.01280", "2007-06-30": "8.21400", "2006-06-30": "6.37090", "2005-06-30": "6.90400"}, "Days Sales In Receivables": {"2020-06-30": "38.72630", "2019-06-30": "34.74350", "2018-06-30": "38.64090", "2017-06-30": "40.63090", "2016-06-30": "43.10660", "2015-06-30": "46.09320", "2014-06-30": "45.98400", "2013-06-30": "42.47440", "2012-06-30": "56.65940", "2011-06-30": "49.73800", "2010-06-30": "44.84420", "2009-06-30": "38.45440", "2008-06-30": "40.49810", "2007-06-30": "44.43620", "2006-06-30": "57.29140", "2005-06-30": "52.86770"}, "ROE - Return On Equity": {"2020-06-30": "56.18360", "2019-06-30": "93.06200", "2018-06-30": "70.99100", "2017-06-30": "56.59820", "2016-06-30": "15.56810", "2015-06-30": "57.72030", "2014-06-30": "55.43790", "2013-06-30": "52.42440", "2012-06-30": "81.84160", "2011-06-30": "20.74710", "2010-06-30": "59.06760", "2009-06-30": "-201.09400", "2008-06-30": "27.27870", "2007-06-30": "19.27380", "2006-06-30": "16.11670", "2005-06-30": "27.82370"}, "Return On Tangible Equity": {"2020-06-30": "204.06500", "2019-06-30": "247.17450", "2018-06-30": "492.50000", "2017-06-30": "-498.06450", "2016-06-30": "-269.56520", "2015-06-30": "98.19620", "2014-06-30": "81.09500", "2013-06-30": "70.01910", "2012-06-30": "113.21200", "2011-06-30": "21.02020", "2010-06-30": "59.06760", "2009-06-30": "-211.00610", "2008-06-30": "58.92600", "2007-06-30": "40.59580", "2006-06-30": "34.56790", "2005-06-30": "27.85660"}, "ROA - Return On Assets": {"2020-06-30": "11.24300", "2019-06-30": "22.64490", "2018-06-30": "12.56110", "2017-06-30": "8.32970", "2016-06-30": "3.01960", "2015-06-30": "17.69430", "2014-06-30": "16.54030", "2013-06-30": "19.88530", "2012-06-30": "28.31980", "2011-06-30": "5.53930", "2010-06-30": "19.51010", "2009-06-30": "-44.09480", "2008-06-30": "12.36170", "2007-06-30": "9.63890", "2006-06-30": "8.80130", "2005-06-30": "13.48210"}, "ROI - Return On Investment": {"2020-06-30": "16.89380", "2019-06-30": "31.36400", "2018-06-30": "19.74940", "2017-06-30": "12.09080", "2016-06-30": "4.36310", "2015-06-30": "24.28550", "2014-06-30": "23.25240", "2013-06-30": "29.26750", "2012-06-30": "45.00000", "2011-06-30": "9.43670", "2010-06-30": "32.85690", "2009-06-30": "-89.79890", "2008-06-30": "19.99680", "2007-06-30": "14.11130", "2006-06-30": "14.35410", "2005-06-30": "21.57460"}, "Book Value Per Share": {"2020-06-30": "6.96090", "2019-06-30": "8.03420", "2018-06-30": "5.79800", "2017-06-30": "4.67440", "2016-06-30": "5.33540", "2015-06-30": "9.56740", "2014-06-30": "8.67280", "2013-06-30": "9.75410", "2012-06-30": "8.83010", "2011-06-30": "5.80060", "2010-06-30": "5.52530", "2009-06-30": "3.15210", "2008-06-30": "9.45320", "2007-06-30": "8.85450", "2006-06-30": "9.04940", "2005-06-30": "5.32970"}, "Operating Cash Flow Per Share": {"2020-06-30": 0.289, "2019-06-30": -1.0574, "2018-06-30": 0.8283, "2017-06-30": 0.8451, "2016-06-30": -2.4431, "2015-06-30": 0.6342, "2014-06-30": -0.6046, "2013-06-30": 0.5796, "2012-06-30": 4.6902, "2011-06-30": -1.0522, "2010-06-30": 2.0723, "2009-06-30": -3.031, "2008-06-30": 3.111, "2007-06-30": -1.174, "2006-06-30": -0.0641, "2005-06-30": 2.8446}, "Free Cash Flow Per Share": {"2020-06-30": -0.3077, "2019-06-30": -1.6541, "2018-06-30": 1.2695, "2017-06-30": 1.3373, "2016-06-30": -2.13, "2015-06-30": -0.0203, "2014-06-30": -0.2253, "2013-06-30": -0.0052, "2012-06-30": 4.9336, "2011-06-30": -1.49, "2010-06-30": 2.1527, "2009-06-30": -2.6391, "2008-06-30": 2.8861, "2007-06-30": -0.7002, "2006-06-30": -0.6112, "2005-06-30": 1.4681}}, "financial ratios, quarterly": {"Current Ratio": {"2020-12-31": "1.55700", "2020-09-30": "1.51060", "2020-06-30": "1.51140", "2020-03-31": "1.49260", "2019-12-31": "1.53780", "2019-09-30": "1.58140", "2019-06-30": "1.95470", "2019-03-31": "1.62490", "2018-12-31": "1.59830", "2018-09-30": "1.42460", "2018-06-30": "1.35110", "2018-03-31": "1.71750", "2017-12-31": "1.57730", "2017-09-30": "1.96260", "2017-06-30": "1.91970", "2017-03-31": "1.95770", "2016-12-31": "1.54420", "2016-09-30": "1.50610", "2016-06-30": "1.57090", "2016-03-31": "1.59360", "2015-12-31": "1.54820", "2015-09-30": "1.79620", "2015-06-30": "2.37640", "2015-03-31": "1.91620", "2014-12-31": "2.35260", "2014-09-30": "2.15060", "2014-06-30": "2.40910", "2014-03-31": "2.38250", "2013-12-31": "2.15260", "2013-09-30": "2.23750", "2013-06-30": "2.07280", "2013-03-31": "1.91730", "2012-12-31": "1.89820", "2012-09-30": "2.08830", "2012-06-30": "1.85810", "2012-03-31": "2.01900", "2011-12-31": "2.27660", "2011-09-30": "1.97370", "2011-06-30": "1.85530", "2011-03-31": "1.77260", "2010-12-31": "1.83320", "2010-09-30": "1.65470", "2010-06-30": "1.80780", "2010-03-31": "1.64410", "2009-12-31": "1.74760", "2009-09-30": "1.53990", "2009-06-30": "1.34440", "2009-03-31": "1.24390", "2008-12-31": "1.25970", "2008-09-30": "1.21750", "2008-06-30": "1.29970", "2008-03-31": "1.33380", "2007-12-31": "1.52400", "2007-09-30": "1.51900", "2007-06-30": "1.43490", "2007-03-31": "1.38610", "2006-12-31": "1.41810", "2006-09-30": "1.58540", "2006-06-30": "1.29850", "2006-03-31": "2.01650", "2005-12-31": "2.02430", "2005-09-30": "2.17570", "2005-06-30": "1.96740", "2005-03-31": "2.01630"}, "Long-term Debt / Capital": {"2020-12-31": "0.83800", "2020-09-30": "0.69440", "2020-06-30": "0.69930", "2020-03-31": "0.69540", "2019-12-31": "0.69320", "2019-09-30": "0.70050", "2019-06-30": "0.66300", "2019-03-31": "0.72810", "2018-12-31": "0.69100", "2018-09-30": "0.70070", "2018-06-30": "0.72180", "2018-03-31": "0.76000", "2017-12-31": "0.80270", "2017-09-30": "0.80110", "2017-06-30": "0.78640", "2017-03-31": "0.75930", "2016-12-31": "0.72880", "2016-09-30": "0.72860", "2016-06-30": "0.71970", "2016-03-31": "0.71050", "2015-12-31": "0.69450", "2015-09-30": "0.68290", "2015-06-30": "0.57930", "2015-03-31": "0.52000", "2014-12-31": "0.51420", "2014-09-30": "0.56390", "2014-06-30": "0.58060", "2014-03-31": "0.57120", "2013-12-31": "0.58880", "2013-09-30": "0.42900", "2013-06-30": "0.44170", "2013-03-31": "0.42760", "2012-12-31": "0.49040", "2012-09-30": "0.44780", "2012-06-30": "0.45020", "2012-03-31": "0.43790", "2011-12-31": "0.45770", "2011-09-30": "0.54660", "2011-06-30": "0.54520", "2011-03-31": "0.48610", "2010-12-31": "0.46000", "2010-09-30": "0.35570", "2010-06-30": "0.44370", "2010-03-31": "0.37560", "2009-12-31": "0.44800", "2009-09-30": "0.51780", "2009-06-30": "0.55340", "2009-03-31": "0.51470", "2008-12-31": "0.47790", "2008-09-30": "0.22780", "2008-06-30": "0.26690", "2008-03-31": "0.26540", "2007-12-31": "0.25440", "2007-09-30": "0.26220", "2007-06-30": "0.26790", "2007-03-31": "0.28170", "2006-12-31": "0.28420", "2006-09-30": "0.25320", "2006-06-30": "0.10940", "2006-03-31": "0.10410", "2005-12-31": "0.11380", "2005-09-30": "0.20670", "2005-06-30": "0.22460", "2005-03-31": "0.24490"}, "Debt/Equity Ratio": {"2020-12-31": "5.19700", "2020-09-30": "2.28610", "2020-06-30": "2.33630", "2020-03-31": "2.28960", "2019-12-31": "2.26280", "2019-09-30": "2.33900", "2019-06-30": "1.96720", "2019-03-31": "2.67730", "2018-12-31": "2.23580", "2018-09-30": "2.61160", "2018-06-30": "2.89430", "2018-03-31": "3.53520", "2017-12-31": "4.59570", "2017-09-30": "4.02740", "2017-06-30": "3.68110", "2017-03-31": "3.25310", "2016-12-31": "2.68750", "2016-09-30": "2.68500", "2016-06-30": "2.56810", "2016-03-31": "2.45400", "2015-12-31": "2.27350", "2015-09-30": "2.15400", "2015-06-30": "1.37670", "2015-03-31": "1.23190", "2014-12-31": "1.05840", "2014-09-30": "1.29290", "2014-06-30": "1.38420", "2014-03-31": "1.33210", "2013-12-31": "1.43170", "2013-09-30": "0.75170", "2013-06-30": "0.79210", "2013-03-31": "0.74820", "2012-12-31": "0.96340", "2012-09-30": "0.81190", "2012-06-30": "0.81870", "2012-03-31": "0.77900", "2011-12-31": "0.84420", "2011-09-30": "1.43670", "2011-06-30": "1.42590", "2011-03-31": "1.17090", "2010-12-31": "1.05370", "2010-09-30": "0.74380", "2010-06-30": "0.91850", "2010-03-31": "0.74330", "2009-12-31": "0.85270", "2009-09-30": "1.25460", "2009-06-30": "1.73550", "2009-03-31": "1.48360", "2008-12-31": "1.27930", "2008-09-30": "0.43700", "2008-06-30": "0.44270", "2008-03-31": "0.43530", "2007-12-31": "0.40610", "2007-09-30": "0.42300", "2007-06-30": "0.43550", "2007-03-31": "0.46670", "2006-12-31": "0.47250", "2006-09-30": "0.48170", "2006-06-30": "0.18610", "2006-03-31": "0.11620", "2005-12-31": "0.12850", "2005-09-30": "0.26190", "2005-06-30": "0.29120", "2005-03-31": "0.32600"}, "Gross Margin": {"2020-12-31": "26.53450", "2020-09-30": "25.75630", "2020-06-30": "26.49980", "2020-03-31": "27.44670", "2019-12-31": "28.11570", "2019-09-30": "26.02790", "2019-06-30": "26.31800", "2019-03-31": "25.98360", "2018-12-31": "29.24490", "2018-09-30": "30.52490", "2018-06-30": "31.88710", "2018-03-31": "30.21760", "2017-12-31": "30.09610", "2017-09-30": "27.96350", "2017-06-30": "27.68080", "2017-03-31": "30.51610", "2016-12-31": "30.78780", "2016-09-30": "28.63780", "2016-06-30": "24.90580", "2016-03-31": "20.19270", "2015-12-31": "24.81580", "2015-09-30": "23.55560", "2015-06-30": "26.50270", "2015-03-31": "28.67870", "2014-12-31": "27.78680", "2014-09-30": "27.76750", "2014-06-30": "28.02180", "2014-03-31": "28.15620", "2013-12-31": "27.97620", "2013-09-30": "27.94500", "2013-06-30": "27.41610", "2013-03-31": "26.88600", "2012-12-31": "27.04470", "2012-09-30": "28.42980", "2012-06-30": "33.10280", "2012-03-31": "36.87640", "2011-12-31": "31.61190", "2011-09-30": "19.53040", "2011-06-30": "19.26570", "2011-03-31": "19.14660", "2010-12-31": "19.45570", "2010-09-30": "20.39300", "2010-06-30": "27.37200", "2010-03-31": "29.55070", "2009-12-31": "30.49220", "2009-09-30": "24.52120", "2009-06-30": "17.64460", "2009-03-31": "7.11630", "2008-12-31": "13.92070", "2008-09-30": "17.34260", "2008-06-30": "23.83580", "2008-03-31": "26.28870", "2007-12-31": "25.99420", "2007-09-30": "24.62710", "2007-06-30": "21.65510", "2007-03-31": "21.32250", "2006-12-31": "18.22430", "2006-09-30": "15.82530", "2006-06-30": "17.99130", "2006-03-31": "24.29010", "2005-12-31": "25.69570", "2005-09-30": "25.62260", "2005-06-30": "24.82790", "2005-03-31": "24.22550"}, "Operating Margin": {"2020-12-31": "13.26730", "2020-09-30": "10.84700", "2020-06-30": "10.60790", "2020-03-31": "13.83370", "2019-12-31": "14.24330", "2019-09-30": "10.58960", "2019-06-30": "14.00250", "2019-03-31": "10.20320", "2018-12-31": "15.32230", "2018-09-30": "16.81710", "2018-06-30": "17.81310", "2018-03-31": "15.73310", "2017-12-31": "14.85930", "2017-09-30": "9.68850", "2017-06-30": "8.18790", "2017-03-31": "9.94760", "2016-12-31": "12.78510", "2016-09-30": "7.90130", "2016-06-30": "3.88090", "2016-03-31": "1.04050", "2015-12-31": "7.66910", "2015-09-30": "2.94020", "2015-06-30": "7.03550", "2015-03-31": "10.30030", "2014-12-31": "28.49030", "2014-09-30": "12.04760", "2014-06-30": "12.42050", "2014-03-31": "13.03580", "2013-12-31": "12.58500", "2013-09-30": "13.70020", "2013-06-30": "13.05110", "2013-03-31": "13.18780", "2012-12-31": "15.13090", "2012-09-30": "16.72030", "2012-06-30": "23.57800", "2012-03-31": "27.19100", "2011-12-31": "18.93580", "2011-09-30": "8.39560", "2011-06-30": "6.64340", "2011-03-31": "6.64190", "2010-12-31": "7.57630", "2010-09-30": "8.56510", "2010-06-30": "14.34490", "2010-03-31": "18.36670", "2009-12-31": "19.09480", "2009-09-30": "8.29890", "2009-06-30": "-0.46770", "2009-03-31": "-12.18610", "2008-12-31": "-108.94270", "2008-09-30": "2.67060", "2008-06-30": "6.79540", "2008-03-31": "11.69460", "2007-12-31": "12.28070", "2007-09-30": "12.05480", "2007-06-30": "6.89030", "2007-03-31": "8.73410", "2006-12-31": "5.54070", "2006-09-30": "0.42960", "2006-06-30": "2.84700", "2006-03-31": "11.05290", "2005-12-31": "12.34780", "2005-09-30": "12.69160", "2005-06-30": "12.89580", "2005-03-31": "12.03660"}, "EBIT Margin": {"2020-12-31": "13.26730", "2020-09-30": "10.84700", "2020-06-30": "10.60790", "2020-03-31": "13.83370", "2019-12-31": "14.24330", "2019-09-30": "10.58960", "2019-06-30": "14.00250", "2019-03-31": "10.20320", "2018-12-31": "15.32230", "2018-09-30": "16.81710", "2018-06-30": "17.81310", "2018-03-31": "15.73310", "2017-12-31": "14.85930", "2017-09-30": "9.68850", "2017-06-30": "8.18790", "2017-03-31": "9.94760", "2016-12-31": "12.78510", "2016-09-30": "7.90130", "2016-06-30": "3.88090", "2016-03-31": "1.04050", "2015-12-31": "7.66910", "2015-09-30": "2.94020", "2015-06-30": "7.03550", "2015-03-31": "10.30030", "2014-12-31": "28.49030", "2014-09-30": "12.04760", "2014-06-30": "12.42050", "2014-03-31": "13.03580", "2013-12-31": "12.58500", "2013-09-30": "13.70020", "2013-06-30": "13.05110", "2013-03-31": "13.18780", "2012-12-31": "15.13090", "2012-09-30": "16.72030", "2012-06-30": "23.57800", "2012-03-31": "27.19100", "2011-12-31": "18.93580", "2011-09-30": "8.39560", "2011-06-30": "6.64340", "2011-03-31": "6.64190", "2010-12-31": "7.57630", "2010-09-30": "8.56510", "2010-06-30": "14.34490", "2010-03-31": "18.36670", "2009-12-31": "19.09480", "2009-09-30": "8.29890", "2009-06-30": "-0.46770", "2009-03-31": "-12.18610", "2008-12-31": "-108.94270", "2008-09-30": "2.67060", "2008-06-30": "6.79540", "2008-03-31": "11.69460", "2007-12-31": "12.28070", "2007-09-30": "12.05480", "2007-06-30": "6.89030", "2007-03-31": "8.73410", "2006-12-31": "5.54070", "2006-09-30": "0.42960", "2006-06-30": "2.84700", "2006-03-31": "11.05290", "2005-12-31": "12.34780", "2005-09-30": "12.69160", "2005-06-30": "12.89580", "2005-03-31": "12.03660"}, "EBITDA Margin": {"2020-12-31": "", "2020-09-30": "", "2020-06-30": "", "2020-03-31": "", "2019-12-31": "", "2019-09-30": "", "2019-06-30": "", "2019-03-31": "", "2018-12-31": "", "2018-09-30": "", "2018-06-30": "", "2018-03-31": "", "2017-12-31": "", "2017-09-30": "", "2017-06-30": "", "2017-03-31": "", "2016-12-31": "", "2016-09-30": "", "2016-06-30": "", "2016-03-31": "", "2015-12-31": "", "2015-09-30": "", "2015-06-30": "", "2015-03-31": "", "2014-12-31": "", "2014-09-30": "", "2014-06-30": "", "2014-03-31": "", "2013-12-31": "", "2013-09-30": "", "2013-06-30": "", "2013-03-31": "", "2012-12-31": "", "2012-09-30": "", "2012-06-30": "", "2012-03-31": "", "2011-12-31": "", "2011-09-30": "", "2011-06-30": "", "2011-03-31": "", "2010-12-31": "", "2010-09-30": "", "2010-06-30": "", "2010-03-31": "", "2009-12-31": "", "2009-09-30": "", "2009-06-30": "", "2009-03-31": "", "2008-12-31": "", "2008-09-30": "", "2008-06-30": "", "2008-03-31": "", "2007-12-31": "", "2007-09-30": "", "2007-06-30": "", "2007-03-31": "", "2006-12-31": "", "2006-09-30": "", "2006-06-30": "", "2006-03-31": "", "2005-12-31": "", "2005-09-30": "", "2005-06-30": "", "2005-03-31": ""}, "Pre-Tax Profit Margin": {"2020-12-31": "11.09420", "2020-09-30": "9.55060", "2020-06-30": "6.35680", "2020-03-31": "12.43560", "2019-12-31": "12.46290", "2019-09-30": "7.68040", "2019-06-30": "12.27330", "2019-03-31": "9.29530", "2018-12-31": "14.65930", "2018-09-30": "15.64690", "2018-06-30": "16.43740", "2018-03-31": "14.02070", "2017-12-31": "12.73160", "2017-09-30": "7.14290", "2017-06-30": "4.98750", "2017-03-31": "7.92820", "2016-12-31": "10.71180", "2016-09-30": "6.18520", "2016-06-30": "2.03470", "2016-03-31": "0.34680", "2015-12-31": "6.02810", "2015-09-30": "1.05980", "2015-06-30": "5.05460", "2015-03-31": "9.12910", "2014-12-31": "30.46540", "2014-09-30": "10.35670", "2014-06-30": "8.60350", "2014-03-31": "11.45040", "2013-12-31": "12.52840", "2013-09-30": "12.61110", "2013-06-30": "8.81750", "2013-03-31": "12.19510", "2012-12-31": "13.60410", "2012-09-30": "16.07720", "2012-06-30": "22.59650", "2012-03-31": "26.04490", "2011-12-31": "17.46480", "2011-09-30": "5.40730", "2011-06-30": "4.51050", "2011-03-31": "4.52690", "2010-12-31": "6.43620", "2010-09-30": "5.67300", "2010-06-30": "12.80120", "2010-03-31": "17.12040", "2009-12-31": "17.41000", "2009-09-30": "6.75930", "2009-06-30": "-2.38100", "2009-03-31": "-13.53490", "2008-12-31": "-110.48460", "2008-09-30": "1.35180", "2008-06-30": "5.89860", "2008-03-31": "11.24360", "2007-12-31": "12.36840", "2007-09-30": "11.41550", "2007-06-30": "6.27050", "2007-03-31": "8.13300", "2006-12-31": "4.83980", "2006-09-30": "0.50130", "2006-06-30": "3.32150", "2006-03-31": "12.10140", "2005-12-31": "12.65220", "2005-09-30": "13.02680", "2005-06-30": "13.35480", "2005-03-31": "12.03660"}, "Net Profit Margin": {"2020-12-31": "10.67480", "2020-09-30": "9.63700", "2020-06-30": "6.59520", "2020-03-31": "11.77340", "2019-12-31": "11.79530", "2019-09-30": "7.75800", "2019-06-30": "41.45930", "2019-03-31": "8.43060", "2018-12-31": "14.14370", "2018-09-30": "15.04510", "2018-06-30": "16.26100", "2018-03-31": "13.59260", "2017-12-31": "5.45640", "2017-09-30": "6.87690", "2017-06-30": "4.73820", "2017-03-31": "7.25500", "2016-12-31": "10.26260", "2016-09-30": "5.97070", "2016-06-30": "2.63750", "2016-03-31": "-0.80920", "2015-12-31": "5.52580", "2015-09-30": "1.16240", "2015-06-30": "4.67900", "2015-03-31": "8.73870", "2014-12-31": "25.24350", "2014-09-30": "10.06610", "2014-06-30": "9.69400", "2014-03-31": "11.59720", "2013-12-31": "12.13150", "2013-09-30": "12.23850", "2013-06-30": "10.16060", "2013-03-31": "11.79810", "2012-12-31": "13.41330", "2012-09-30": "15.59490", "2012-06-30": "22.59650", "2012-03-31": "25.75280", "2011-12-31": "17.62130", "2011-09-30": "4.98040", "2011-06-30": "4.16080", "2011-03-31": "3.45080", "2010-12-31": "5.51670", "2010-09-30": "5.52470", "2010-06-30": "14.26960", "2010-03-31": "16.98920", "2009-12-31": "17.60820", "2009-09-30": "6.72170", "2009-06-30": "-3.52890", "2009-03-31": "-12.79070", "2008-12-31": "-124.40530", "2008-09-30": "1.87930", "2008-06-30": "5.13970", "2008-03-31": "11.08250", "2007-12-31": "11.78360", "2007-09-30": "10.80670", "2007-06-30": "19.75940", "2007-03-31": "7.49650", "2006-12-31": "4.67290", "2006-09-30": "0.68030", "2006-06-30": "0.27680", "2006-03-31": "11.97030", "2005-12-31": "12.47830", "2005-09-30": "13.02680", "2005-06-30": "12.84990", "2005-03-31": "11.63030"}, "Asset Turnover": {"2020-12-31": "0.29190", "2020-09-30": "0.26110", "2020-06-30": "0.28190", "2020-03-31": "0.30780", "2019-12-31": "0.30180", "2019-09-30": "0.29500", "2019-06-30": "0.26690", "2019-03-31": "0.26910", "2018-12-31": "0.30890", "2018-09-30": "0.31230", "2018-06-30": "0.30130", "2018-03-31": "0.31100", "2017-12-31": "0.33300", "2017-09-30": "0.29390", "2017-06-30": "0.25960", "2017-03-31": "0.27460", "2016-12-31": "0.33800", "2016-09-30": "0.32930", "2016-06-30": "0.32310", "2016-03-31": "0.30990", "2015-12-31": "0.33950", "2015-09-30": "0.32220", "2015-06-30": "0.29740", "2015-03-31": "0.33180", "2014-12-31": "0.34180", "2014-09-30": "0.38760", "2014-06-30": "0.34780", "2014-03-31": "0.39330", "2013-12-31": "0.39690", "2013-09-30": "0.37340", "2013-06-30": "0.37060", "2013-03-31": "0.40330", "2012-12-31": "0.41960", "2012-09-30": "0.39190", "2012-06-30": "0.44360", "2012-03-31": "0.44220", "2011-12-31": "0.34840", "2011-09-30": "0.32190", "2011-06-30": "0.31000", "2011-03-31": "0.32550", "2010-12-31": "0.31400", "2010-09-30": "0.33760", "2010-06-30": "0.32210", "2010-03-31": "0.39360", "2009-12-31": "0.40970", "2009-09-30": "0.38600", "2009-06-30": "0.33190", "2009-03-31": "0.32450", "2008-12-31": "0.32150", "2008-09-30": "0.29830", "2008-06-30": "0.28650", "2008-03-31": "0.29810", "2007-12-31": "0.32220", "2007-09-30": "0.32640", "2007-06-30": "0.28960", "2007-03-31": "0.30530", "2006-12-31": "0.32290", "2006-09-30": "0.26550", "2006-06-30": "0.26500", "2006-03-31": "0.38300", "2005-12-31": "0.42330", "2005-09-30": "0.38820", "2005-06-30": "0.41550", "2005-03-31": "0.41390"}, "Inventory Turnover Ratio": {"2020-12-31": "1.46210", "2020-09-30": "1.29860", "2020-06-30": "1.62000", "2020-03-31": "1.78950", "2019-12-31": "1.68820", "2019-09-30": "1.83190", "2019-06-30": "1.80100", "2019-03-31": "1.71030", "2018-12-31": "1.75110", "2018-09-30": "1.86200", "2018-06-30": "1.83380", "2018-03-31": "1.95210", "2017-12-31": "2.00890", "2017-09-30": "1.86980", "2017-06-30": "1.77190", "2017-03-31": "1.79000", "2016-12-31": "1.98710", "2016-09-30": "2.18380", "2016-06-30": "2.29610", "2016-03-31": "2.23170", "2015-12-31": "2.14630", "2015-09-30": "2.03640", "2015-06-30": "2.16720", "2015-03-31": "2.19300", "2014-12-31": "2.36400", "2014-09-30": "2.55280", "2014-06-30": "2.41220", "2014-03-31": "2.89240", "2013-12-31": "2.68040", "2013-09-30": "2.88630", "2013-06-30": "2.91100", "2013-03-31": "3.09480", "2012-12-31": "3.34500", "2012-09-30": "3.16090", "2012-06-30": "3.29920", "2012-03-31": "3.34010", "2011-12-31": "2.64210", "2011-09-30": "2.74180", "2011-06-30": "2.64790", "2011-03-31": "2.61270", "2010-12-31": "2.71040", "2010-09-30": "2.88960", "2010-06-30": "2.54820", "2010-03-31": "3.13580", "2009-12-31": "3.26200", "2009-09-30": "3.23150", "2009-06-30": "3.29980", "2009-03-31": "3.46100", "2008-12-31": "2.45480", "2008-09-30": "2.75800", "2008-06-30": "2.33650", "2008-03-31": "2.13230", "2007-12-31": "3.04940", "2007-09-30": "3.24510", "2007-06-30": "2.70650", "2007-03-31": "2.67430", "2006-12-31": "3.17770", "2006-09-30": "2.50370", "2006-06-30": "2.32770", "2006-03-31": "3.15660", "2005-12-31": "3.38420", "2005-09-30": "3.25580", "2005-06-30": "3.80050", "2005-03-31": "3.62140"}, "Receiveable Turnover": {"2020-12-31": "3.27470", "2020-09-30": "2.67210", "2020-06-30": "2.25740", "2020-03-31": "2.34310", "2019-12-31": "2.42450", "2019-09-30": "2.42070", "2019-06-30": "2.39740", "2019-03-31": "2.57860", "2018-12-31": "2.56620", "2018-09-30": "2.48840", "2018-06-30": "2.39440", "2018-03-31": "2.60500", "2017-12-31": "2.76210", "2017-09-30": "2.17700", "2017-06-30": "2.00670", "2017-03-31": "2.31310", "2016-12-31": "2.38980", "2016-09-30": "2.14000", "2016-06-30": "2.01370", "2016-03-31": "2.07600", "2015-12-31": "2.13590", "2015-09-30": "1.92180", "2015-06-30": "1.68760", "2015-03-31": "1.88240", "2014-12-31": "2.02080", "2014-09-30": "1.98270", "2014-06-30": "1.90920", "2014-03-31": "2.08570", "2013-12-31": "2.18450", "2013-09-30": "2.15640", "2013-06-30": "2.05090", "2013-03-31": "2.25740", "2012-12-31": "2.22570", "2012-09-30": "2.21620", "2012-06-30": "1.93320", "2012-03-31": "1.79580", "2011-12-31": "1.96370", "2011-09-30": "1.94000", "2011-06-30": "1.91300", "2011-03-31": "1.93330", "2010-12-31": "1.95330", "2010-09-30": "1.78490", "2010-06-30": "1.89710", "2010-03-31": "2.10130", "2009-12-31": "2.27080", "2009-09-30": "2.14410", "2009-06-30": "2.27690", "2009-03-31": "2.46560", "2008-12-31": "2.18270", "2008-09-30": "2.17730", "2008-06-30": "2.05600", "2008-03-31": "2.29760", "2007-12-31": "2.14690", "2007-09-30": "2.16260", "2007-06-30": "1.98340", "2007-03-31": "2.06880", "2006-12-31": "2.39490", "2006-09-30": "2.09840", "2006-06-30": "1.75020", "2006-03-31": "1.98700", "2005-12-31": "2.10820", "2005-09-30": "1.87100", "2005-06-30": "1.99180", "2005-03-31": "1.99290"}, "Days Sales In Receivables": {"2020-12-31": "27.48380", "2020-09-30": "33.68190", "2020-06-30": "39.86890", "2020-03-31": "38.41060", "2019-12-31": "37.12170", "2019-09-30": "37.18000", "2019-06-30": "37.54110", "2019-03-31": "34.90270", "2018-12-31": "35.07180", "2018-09-30": "36.16850", "2018-06-30": "37.58730", "2018-03-31": "34.54870", "2017-12-31": "32.58410", "2017-09-30": "41.34120", "2017-06-30": "44.85040", "2017-03-31": "38.90800", "2016-12-31": "37.66070", "2016-09-30": "42.05580", "2016-06-30": "44.69480", "2016-03-31": "43.35260", "2015-12-31": "42.13660", "2015-09-30": "46.83080", "2015-06-30": "53.32990", "2015-03-31": "47.81080", "2014-12-31": "44.53730", "2014-09-30": "45.39230", "2014-06-30": "47.14030", "2014-03-31": "43.15030", "2013-12-31": "41.19900", "2013-09-30": "41.73690", "2013-06-30": "43.88320", "2013-03-31": "39.86950", "2012-12-31": "40.43620", "2012-09-30": "40.61090", "2012-06-30": "46.55590", "2012-03-31": "50.11690", "2011-12-31": "45.83100", "2011-09-30": "46.39270", "2011-06-30": "47.04550", "2011-03-31": "46.55290", "2010-12-31": "46.07580", "2010-09-30": "50.42270", "2010-06-30": "47.43980", "2010-03-31": "42.83040", "2009-12-31": "39.63330", "2009-09-30": "41.97520", "2009-06-30": "39.52810", "2009-03-31": "36.50230", "2008-12-31": "41.23350", "2008-09-30": "41.33530", "2008-06-30": "43.77370", "2008-03-31": "39.17200", "2007-12-31": "41.92110", "2007-09-30": "41.61640", "2007-06-30": "45.37730", "2007-03-31": "43.50420", "2006-12-31": "37.58010", "2006-09-30": "42.88940", "2006-06-30": "51.42350", "2006-03-31": "45.29490", "2005-12-31": "42.69130", "2005-09-30": "48.10350", "2005-06-30": "45.18590", "2005-03-31": "45.16000"}, "ROE - Return On Equity": {"2020-12-31": "28.28280", "2020-09-30": "12.24600", "2020-06-30": "9.28930", "2020-03-31": "17.85710", "2019-12-31": "17.37710", "2019-09-30": "11.29940", "2019-06-30": "45.46720", "2019-03-31": "11.54530", "2018-12-31": "19.85520", "2018-09-30": "24.37700", "2018-06-30": "27.68770", "2018-03-31": "27.93260", "2017-12-31": "14.98590", "2017-09-30": "14.57330", "2017-06-30": "8.35780", "2017-03-31": "12.06470", "2016-12-31": "19.50100", "2016-09-30": "10.95800", "2016-06-30": "4.39420", "2016-03-31": "-1.24780", "2015-12-31": "9.06100", "2015-09-30": "1.76900", "2015-06-30": "4.53940", "2015-03-31": "9.11940", "2014-12-31": "25.11440", "2014-09-30": "12.93280", "2014-06-30": "11.29940", "2014-03-31": "14.97350", "2013-12-31": "17.15430", "2013-09-30": "11.57500", "2013-06-30": "9.92580", "2013-03-31": "12.56040", "2012-12-31": "16.82050", "2012-09-30": "16.46390", "2012-06-30": "28.96770", "2012-03-31": "31.19220", "2011-12-31": "16.24820", "2011-09-30": "5.77320", "2011-06-30": "4.83150", "2011-03-31": "3.73940", "2010-12-31": "5.40350", "2010-09-30": "5.09750", "2010-06-30": "13.91340", "2010-03-31": "19.49570", "2009-12-31": "22.82660", "2009-09-30": "10.06180", "2009-06-30": "-5.34110", "2009-03-31": "-17.36110", "2008-12-31": "-153.47830", "2008-09-30": "1.22710", "2008-06-30": "3.24900", "2008-03-31": "7.37720", "2007-12-31": "7.92990", "2007-09-30": "7.27460", "2007-06-30": "11.44180", "2007-03-31": "4.79640", "2006-12-31": "3.19850", "2006-09-30": "0.37080", "2006-06-30": "0.13430", "2006-03-31": "7.95820", "2005-12-31": "9.21640", "2005-09-30": "9.62830", "2005-06-30": "11.01930", "2005-03-31": "10.06150"}, "Return On Tangible Equity": {"2020-12-31": "-97.56100", "2020-09-30": "41.37290", "2020-06-30": "33.73980", "2020-03-31": "65.97940", "2019-12-31": "62.35290", "2019-09-30": "45.87160", "2019-06-30": "120.76170", "2019-03-31": "60.37150", "2018-12-31": "70.07300", "2018-09-30": "102.27270", "2018-06-30": "192.08330", "2018-03-31": "-488.46150", "2017-12-31": "-39.84960", "2017-09-30": "-72.40000", "2017-06-30": "-73.54840", "2017-03-31": "404.16670", "2016-12-31": "-380.76920", "2016-09-30": "-140.33610", "2016-06-30": "-76.08700", "2016-03-31": "44.68090", "2015-12-31": "343.75000", "2015-09-30": "4.72880", "2015-06-30": "7.72270", "2015-03-31": "15.23560", "2014-12-31": "38.97240", "2014-09-30": "23.73830", "2014-06-30": "16.52890", "2014-03-31": "21.27090", "2013-12-31": "25.34040", "2013-09-30": "15.01940", "2013-06-30": "13.25710", "2013-03-31": "17.37680", "2012-12-31": "24.98730", "2012-09-30": "22.88640", "2012-06-30": "40.07120", "2012-03-31": "42.93740", "2011-12-31": "23.25490", "2011-09-30": "5.77320", "2011-06-30": "4.89510", "2011-03-31": "3.73940", "2010-12-31": "5.40350", "2010-09-30": "5.09750", "2010-06-30": "13.91340", "2010-03-31": "19.49570", "2009-12-31": "22.82660", "2009-09-30": "10.06180", "2009-06-30": "-5.60430", "2009-03-31": "-18.44400", "2008-12-31": "-163.14270", "2008-09-30": "2.58860", "2008-06-30": "7.01840", "2008-03-31": "15.88920", "2007-12-31": "15.86610", "2007-09-30": "14.89090", "2007-06-30": "24.09960", "2007-03-31": "12.03860", "2006-12-31": "7.65450", "2006-09-30": "0.80370", "2006-06-30": "0.28810", "2006-03-31": "7.95820", "2005-12-31": "9.21640", "2005-09-30": "9.62830", "2005-06-30": "11.03230", "2005-03-31": "10.06150"}, "ROA - Return On Assets": {"2020-12-31": "3.11600", "2020-09-30": "2.51640", "2020-06-30": "1.85890", "2020-03-31": "3.62440", "2019-12-31": "3.56020", "2019-09-30": "2.28890", "2019-06-30": "11.06360", "2019-03-31": "2.26850", "2018-12-31": "4.36910", "2018-09-30": "4.69830", "2018-06-30": "4.89900", "2018-03-31": "4.22770", "2017-12-31": "1.81710", "2017-09-30": "2.02100", "2017-06-30": "1.23000", "2017-03-31": "1.99200", "2016-12-31": "3.46920", "2016-09-30": "1.96590", "2016-06-30": "0.85230", "2016-03-31": "-0.25080", "2015-12-31": "1.87590", "2015-09-30": "0.37450", "2015-06-30": "1.39160", "2015-03-31": "2.89960", "2014-12-31": "8.62770", "2014-09-30": "3.90170", "2014-06-30": "3.37130", "2014-03-31": "4.56170", "2013-12-31": "4.81440", "2013-09-30": "4.56930", "2013-06-30": "3.76500", "2013-03-31": "4.75810", "2012-12-31": "5.62800", "2012-09-30": "6.11220", "2012-06-30": "10.02380", "2012-03-31": "11.38710", "2011-12-31": "6.13890", "2011-09-30": "1.60330", "2011-06-30": "1.29000", "2011-03-31": "1.12320", "2010-12-31": "1.73250", "2010-09-30": "1.86530", "2010-06-30": "4.59560", "2010-03-31": "6.68650", "2009-12-31": "7.21440", "2009-09-30": "2.59460", "2009-06-30": "-1.17120", "2009-03-31": "-4.15030", "2008-12-31": "-40.00000", "2008-09-30": "0.56050", "2008-06-30": "1.47230", "2008-03-31": "3.30360", "2007-12-31": "3.79620", "2007-09-30": "3.52710", "2007-06-30": "5.72210", "2007-03-31": "2.28840", "2006-12-31": "1.50890", "2006-09-30": "0.18060", "2006-06-30": "0.07330", "2006-03-31": "4.58420", "2005-12-31": "5.28160", "2005-09-30": "5.05760", "2005-06-30": "5.33940", "2005-03-31": "4.81400"}, "ROI - Return On Investment": {"2020-12-31": "4.58270", "2020-09-30": "3.74220", "2020-06-30": "2.79320", "2020-03-31": "5.43940", "2019-12-31": "5.33110", "2019-09-30": "3.38410", "2019-06-30": "15.32350", "2019-03-31": "3.13960", "2018-12-31": "6.13610", "2018-09-30": "7.29570", "2018-06-30": "7.70260", "2018-03-31": "6.70420", "2017-12-31": "2.95700", "2017-09-30": "2.89880", "2017-06-30": "1.78540", "2017-03-31": "2.90380", "2016-12-31": "5.28850", "2016-09-30": "2.97360", "2016-06-30": "1.23150", "2016-03-31": "-0.36130", "2015-12-31": "2.76800", "2015-09-30": "0.56090", "2015-06-30": "1.90990", "2015-03-31": "4.37730", "2014-12-31": "12.20090", "2014-09-30": "5.64030", "2014-06-30": "4.73930", "2014-03-31": "6.42070", "2013-12-31": "7.05460", "2013-09-30": "6.60890", "2013-06-30": "5.54140", "2013-03-31": "7.18980", "2012-12-31": "8.57140", "2012-09-30": "9.09090", "2012-06-30": "15.92770", "2012-03-31": "17.53370", "2011-12-31": "8.81060", "2011-09-30": "2.61730", "2011-06-30": "2.19760", "2011-03-31": "1.92190", "2010-12-31": "2.91770", "2010-09-30": "3.28410", "2010-06-30": "7.73940", "2010-03-31": "12.17390", "2009-12-31": "12.60050", "2009-09-30": "4.85230", "2009-06-30": "-2.38510", "2009-03-31": "-8.42520", "2008-12-31": "-80.13620", "2008-09-30": "0.94760", "2008-06-30": "2.38170", "2008-03-31": "5.41900", "2007-12-31": "5.91260", "2007-09-30": "5.36740", "2007-06-30": "8.37710", "2007-03-31": "3.44550", "2006-12-31": "2.28950", "2006-09-30": "0.27690", "2006-06-30": "0.11960", "2006-03-31": "7.12980", "2005-12-31": "8.16730", "2005-09-30": "7.63830", "2005-06-30": "8.54440", "2005-03-31": "7.59790"}, "Book Value Per Share": {"2020-12-31": "4.12500", "2020-09-30": "7.05810", "2020-06-30": "6.95330", "2020-03-31": "6.97280", "2019-12-31": "7.01150", "2019-09-30": "6.73000", "2019-06-30": "8.03420", "2019-03-31": "6.09750", "2018-12-31": "6.83390", "2018-09-30": "6.47720", "2018-06-30": "5.79800", "2018-03-31": "4.75260", "2017-12-31": "3.72280", "2017-09-30": "4.29760", "2017-06-30": "4.67440", "2017-03-31": "5.42140", "2016-12-31": "5.16010", "2016-09-30": "5.10370", "2016-06-30": "5.33540", "2016-03-31": "5.64770", "2015-12-31": "6.15200", "2015-09-30": "6.42810", "2015-06-30": "9.56740", "2015-03-31": "10.03460", "2014-12-31": "11.29180", "2014-09-30": "9.00920", "2014-06-30": "8.67280", "2014-03-31": "8.09200", "2013-12-31": "7.60670", "2013-09-30": "10.27580", "2013-06-30": "9.75410", "2013-03-31": "9.25140", "2012-12-31": "8.17040", "2012-09-30": "9.15800", "2012-06-30": "8.83010", "2012-03-31": "8.48500", "2011-12-31": "7.45160", "2011-09-30": "5.77380", "2011-06-30": "5.80060", "2011-03-31": "5.83800", "2010-12-31": "6.12800", "2010-09-30": "6.19280", "2010-06-30": "5.52530", "2010-03-31": "5.43350", "2009-12-31": "4.67940", "2009-09-30": "3.57950", "2009-06-30": "3.15210", "2009-03-31": "3.22610", "2008-12-31": "3.77050", "2008-09-30": "9.51840", "2008-06-30": "9.45320", "2008-03-31": "9.43930", "2007-12-31": "9.64330", "2007-09-30": "9.20750", "2007-06-30": "8.85450", "2007-03-31": "8.14000", "2006-12-31": "7.88650", "2006-09-30": "8.94240", "2006-06-30": "9.04940", "2006-03-31": "6.98380", "2005-12-31": "6.44720", "2005-09-30": "5.88540", "2005-06-30": "5.32970", "2005-03-31": "4.80170"}, "Operating Cash Flow Per Share": {"2020-12-31": 1.921, "2020-09-30": "1.14670", "2020-06-30": 1.4261, "2020-03-31": 1.5097, "2019-12-31": 1.8432, "2019-09-30": "1.68890", "2019-06-30": 1.5557, "2019-03-31": 1.5744, "2018-12-31": 1.0385, "2018-09-30": "2.01030", "2018-06-30": 1.5834, "2018-03-31": 1.9175, "2017-12-31": 2.9238, "2017-09-30": "0.81160", "2017-06-30": 0.8313, "2017-03-31": 1.3921, "2016-12-31": 2.2211, "2016-09-30": "1.96350", "2016-06-30": 0.828, "2016-03-31": 0.7283, "2015-12-31": 1.3313, "2015-09-30": "2.67530", "2015-06-30": 0.6757, "2015-03-31": 1.244, "2014-12-31": 4.2999, "2014-09-30": "1.78640", "2014-06-30": 1.5109, "2014-03-31": 1.4158, "2013-12-31": 2.5918, "2013-09-30": "1.85330", "2013-06-30": 0.7704, "2013-03-31": 1.9923, "2012-12-31": 2.446, "2012-09-30": "2.76770", "2012-06-30": 3.4724, "2012-03-31": 1.9221, "2011-12-31": 1.6328, "2011-09-30": "0.36950", "2011-06-30": 0.6161, "2011-03-31": 0.5432, "2010-12-31": 1.0442, "2010-09-30": "0.50310", "2010-06-30": 0.6665, "2010-03-31": 1.1096, "2009-12-31": 1.4397, "2009-09-30": "0.54300", "2009-06-30": 0.3961, "2009-03-31": 0.4855, "2008-12-31": 0.1895, "2008-09-30": "0.61540", "2008-06-30": 0.6741, "2008-03-31": 1.3851, "2007-12-31": 1.3119, "2007-09-30": "1.34640", "2007-06-30": 0.6186, "2007-03-31": 0.4846, "2006-12-31": 0.802, "2006-09-30": "-0.29870", "2006-06-30": 0.2949, "2006-03-31": 0.9708, "2005-12-31": 1.1077, "2005-09-30": "0.40710", "2005-06-30": 1.0142, "2005-03-31": 1.8304}, "Free Cash Flow Per Share": {"2020-12-31": 1.2739, "2020-09-30": "0.71810", "2020-06-30": 1.0094, "2020-03-31": 1.0057, "2019-12-31": 1.1047, "2019-09-30": "1.14440", "2019-06-30": 1.4311, "2019-03-31": 1.1303, "2018-12-31": 0.5858, "2018-09-30": "1.42470", "2018-06-30": 1.3463, "2018-03-31": 1.8282, "2017-12-31": 2.6645, "2017-09-30": "0.38700", "2017-06-30": 0.4798, "2017-03-31": 1.0841, "2016-12-31": 1.8943, "2016-09-30": "1.49830", "2016-06-30": 0.3642, "2016-03-31": 0.3979, "2015-12-31": 0.8603, "2015-09-30": "1.99680", "2015-06-30": 0.0734, "2015-03-31": 0.7413, "2014-12-31": 3.6585, "2014-09-30": "1.27600", "2014-06-30": 1.1748, "2014-03-31": 1.0282, "2013-12-31": 2.1507, "2013-09-30": "1.41580", "2013-06-30": 0.4934, "2013-03-31": 1.4038, "2012-12-31": 1.9631, "2012-09-30": "2.13450", "2012-06-30": 3.1253, "2012-03-31": 1.6742, "2011-12-31": 1.316, "2011-09-30": "-0.11550", "2011-06-30": 0.4836, "2011-03-31": 0.1877, "2010-12-31": 0.6271, "2010-09-30": "-0.23200", "2010-06-30": 0.1795, "2010-03-31": 0.7634, "2009-12-31": 1.2444, "2009-09-30": "0.36910", "2009-06-30": 0.2442, "2009-03-31": 0.3689, "2008-12-31": -0.258, "2008-09-30": "0.04860", "2008-06-30": 0.1466, "2008-03-31": 0.8458, "2007-12-31": 0.9718, "2007-09-30": "1.07860", "2007-06-30": 0.3109, "2007-03-31": 0.0749, "2006-12-31": 0.4442, "2006-09-30": "-0.67330", "2006-06-30": -0.4656, "2006-03-31": 0.504, "2005-12-31": 0.7454, "2005-09-30": "0.07310", "2005-06-30": 0.3951, "2005-03-31": 1.073}}, "revenue": {"Seagate Technology Annual Revenue (Millions of US $)": {"2020": "$10,509", "2019": "$10,390", "2018": "$11,184", "2017": "$10,771", "2016": "$11,160", "2015": "$13,739", "2014": "$13,724", "2013": "$14,351", "2012": "$14,939", "2011": "$10,971", "2010": "$11,395", "2009": "$9,805", "2008": "$12,708", "2007": "$11,360", "2006": "$9,206", "2005": "$7,553"}, "Seagate Technology Quarterly Revenue (Millions of US $)": {"2020-12-31": "$2,623", "2020-09-30": "$2,314", "2020-06-30": "$2,517", "2020-03-31": "$2,718", "2019-12-31": "$2,696", "2019-09-30": "$2,578", "2019-06-30": "$2,371", "2019-03-31": "$2,313", "2018-12-31": "$2,715", "2018-09-30": "$2,991", "2018-06-30": "$2,835", "2018-03-31": "$2,803", "2017-12-31": "$2,914", "2017-09-30": "$2,632", "2017-06-30": "$2,406", "2017-03-31": "$2,674", "2016-12-31": "$2,894", "2016-09-30": "$2,797", "2016-06-30": "$2,654", "2016-03-31": "$2,595", "2015-12-31": "$2,986", "2015-09-30": "$2,925", "2015-06-30": "$2,928", "2015-03-31": "$3,330", "2014-12-31": "$3,696", "2014-09-30": "$3,785", "2014-06-30": "$3,301", "2014-03-31": "$3,406", "2013-12-31": "$3,528", "2013-09-30": "$3,489", "2013-06-30": "$3,425", "2013-03-31": "$3,526", "2012-12-31": "$3,668", "2012-09-30": "$3,732", "2012-06-30": "$4,483", "2012-03-31": "$4,450", "2011-12-31": "$3,195", "2011-09-30": "$2,811", "2011-06-30": "$2,860", "2011-03-31": "$2,695", "2010-12-31": "$2,719", "2010-09-30": "$2,697", "2010-06-30": "$2,656", "2010-03-31": "$3,049", "2009-12-31": "$3,027", "2009-09-30": "$2,663", "2009-06-30": "$2,352", "2009-03-31": "$2,150", "2008-12-31": "$2,270", "2008-09-30": "$3,033", "2008-06-30": "$2,899", "2008-03-31": "$3,104", "2007-12-31": "$3,420", "2007-09-30": "$3,285", "2007-06-30": "$2,743", "2007-03-31": "$2,828", "2006-12-31": "$2,996", "2006-09-30": "$2,793", "2006-06-30": "$2,529", "2006-03-31": "$2,289", "2005-12-31": "$2,300", "2005-09-30": "$2,088", "2005-06-30": "$2,179", "2005-03-31": "$1,969"}}, "gross-profit": {"Seagate Technology Annual Gross Profit (Millions of US $)": {"2020": "$2,842", "2019": "$2,932", "2018": "$3,364", "2017": "$3,174", "2016": "$2,615", "2015": "$3,809", "2014": "$3,846", "2013": "$3,940", "2012": "$4,684", "2011": "$2,146", "2010": "$3,204", "2009": "$1,410", "2008": "$3,205", "2007": "$2,185", "2006": "$2,137", "2005": "$1,673"}, "Seagate Technology Quarterly Gross Profit (Millions of US $)": {"2020-12-31": "$696", "2020-09-30": "$596", "2020-06-30": "$667", "2020-03-31": "$746", "2019-12-31": "$758", "2019-09-30": "$671", "2019-06-30": "$624", "2019-03-31": "$601", "2018-12-31": "$794", "2018-09-30": "$913", "2018-06-30": "$904", "2018-03-31": "$847", "2017-12-31": "$877", "2017-09-30": "$736", "2017-06-30": "$666", "2017-03-31": "$816", "2016-12-31": "$891", "2016-09-30": "$801", "2016-06-30": "$661", "2016-03-31": "$524", "2015-12-31": "$741", "2015-09-30": "$689", "2015-06-30": "$776", "2015-03-31": "$955", "2014-12-31": "$1,027", "2014-09-30": "$1,051", "2014-06-30": "$925", "2014-03-31": "$959", "2013-12-31": "$987", "2013-09-30": "$975", "2013-06-30": "$939", "2013-03-31": "$948", "2012-12-31": "$992", "2012-09-30": "$1,061", "2012-06-30": "$1,484", "2012-03-31": "$1,641", "2011-12-31": "$1,010", "2011-09-30": "$549", "2011-06-30": "$551", "2011-03-31": "$516", "2010-12-31": "$529", "2010-09-30": "$550", "2010-06-30": "$727", "2010-03-31": "$901", "2009-12-31": "$923", "2009-09-30": "$653", "2009-06-30": "$415", "2009-03-31": "$153", "2008-12-31": "$316", "2008-09-30": "$526", "2008-06-30": "$691", "2008-03-31": "$816", "2007-12-31": "$889", "2007-09-30": "$809", "2007-06-30": "$594", "2007-03-31": "$603", "2006-12-31": "$546", "2006-09-30": "$442", "2006-06-30": "$455", "2006-03-31": "$556", "2005-12-31": "$591", "2005-09-30": "$535", "2005-06-30": "$541", "2005-03-31": "$477"}}, "operating-income": {"Seagate Technology Annual Operating Income (Millions of US $)": {"2020": "$1,300", "2019": "$1,487", "2018": "$1,634", "2017": "$1,054", "2016": "$445", "2015": "$2,058", "2014": "$1,776", "2013": "$2,091", "2012": "$3,108", "2011": "$806", "2010": "$1,740", "2009": "$-2,665", "2008": "$1,376", "2007": "$614", "2006": "$874", "2005": "$722"}, "Seagate Technology Quarterly Operating Income (Millions of US $)": {"2020-12-31": "$348", "2020-09-30": "$251", "2020-06-30": "$267", "2020-03-31": "$376", "2019-12-31": "$384", "2019-09-30": "$273", "2019-06-30": "$332", "2019-03-31": "$236", "2018-12-31": "$416", "2018-09-30": "$503", "2018-06-30": "$505", "2018-03-31": "$441", "2017-12-31": "$433", "2017-09-30": "$255", "2017-06-30": "$197", "2017-03-31": "$266", "2016-12-31": "$370", "2016-09-30": "$221", "2016-06-30": "$103", "2016-03-31": "$27", "2015-12-31": "$229", "2015-09-30": "$86", "2015-06-30": "$206", "2015-03-31": "$343", "2014-12-31": "$1,053", "2014-09-30": "$456", "2014-06-30": "$410", "2014-03-31": "$444", "2013-12-31": "$444", "2013-09-30": "$478", "2013-06-30": "$447", "2013-03-31": "$465", "2012-12-31": "$555", "2012-09-30": "$624", "2012-06-30": "$1,057", "2012-03-31": "$1,210", "2011-12-31": "$605", "2011-09-30": "$236", "2011-06-30": "$190", "2011-03-31": "$179", "2010-12-31": "$206", "2010-09-30": "$231", "2010-06-30": "$381", "2010-03-31": "$560", "2009-12-31": "$578", "2009-09-30": "$221", "2009-06-30": "$-11", "2009-03-31": "$-262", "2008-12-31": "$-2,473", "2008-09-30": "$81", "2008-06-30": "$197", "2008-03-31": "$363", "2007-12-31": "$420", "2007-09-30": "$396", "2007-06-30": "$189", "2007-03-31": "$247", "2006-12-31": "$166", "2006-09-30": "$12", "2006-06-30": "$72", "2006-03-31": "$253", "2005-12-31": "$284", "2005-09-30": "$265", "2005-06-30": "$281", "2005-03-31": "$237"}}, "ebitda": {"Seagate Technology Annual EBITDA (Millions of US $)": {"2020": "$1,679", "2019": "$2,028", "2018": "$2,232", "2017": "$1,803", "2016": "$1,286", "2015": "$2,899", "2014": "$2,655", "2013": "$2,964", "2012": "$3,922", "2011": "$1,560", "2010": "$2,577", "2009": "$586", "2008": "$2,220", "2007": "$1,465", "2006": "$1,486", "2005": "$1,186"}, "Seagate Technology Quarterly EBITDA (Millions of US $)": {"2020-12-31": "$444", "2020-09-30": "$350", "2020-06-30": "$367", "2020-03-31": "$470", "2019-12-31": "$477", "2019-09-30": "$365", "2019-06-30": "$466", "2019-03-31": "$371", "2018-12-31": "$554", "2018-09-30": "$637", "2018-06-30": "$642", "2018-03-31": "$584", "2017-12-31": "$590", "2017-09-30": "$416", "2017-06-30": "$373", "2017-03-31": "$448", "2016-12-31": "$561", "2016-09-30": "$421", "2016-06-30": "$329", "2016-03-31": "$225", "2015-12-31": "$438", "2015-09-30": "$294", "2015-06-30": "$418", "2015-03-31": "$546", "2014-12-31": "$1,261", "2014-09-30": "$674", "2014-06-30": "$621", "2014-03-31": "$655", "2013-12-31": "$673", "2013-09-30": "$706", "2013-06-30": "$669", "2013-03-31": "$686", "2012-12-31": "$773", "2012-09-30": "$836", "2012-06-30": "$1,274", "2012-03-31": "$1,434", "2011-12-31": "$796", "2011-09-30": "$418", "2011-06-30": "$377", "2011-03-31": "$367", "2010-12-31": "$396", "2010-09-30": "$420", "2010-06-30": "$570", "2010-03-31": "$748", "2009-12-31": "$770", "2009-09-30": "$489", "2009-06-30": "$213", "2009-03-31": "$-36", "2008-12-31": "$75", "2008-09-30": "$334", "2008-06-30": "$410", "2008-03-31": "$574", "2007-12-31": "$635", "2007-09-30": "$601", "2007-06-30": "$390", "2007-03-31": "$483", "2006-12-31": "$381", "2006-09-30": "$211", "2006-06-30": "$248", "2006-03-31": "$403", "2005-12-31": "$433", "2005-09-30": "$402", "2005-06-30": "$400", "2005-03-31": "$349"}}, "net-income": {"Seagate Technology Annual Net Income (Millions of US $)": {"2020": "$1,004", "2019": "$2,012", "2018": "$1,182", "2017": "$772", "2016": "$248", "2015": "$1,742", "2014": "$1,570", "2013": "$1,838", "2012": "$2,862", "2011": "$511", "2010": "$1,609", "2009": "$-3,125", "2008": "$1,251", "2007": "$913", "2006": "$840", "2005": "$707"}, "Seagate Technology Quarterly Net Income (Millions of US $)": {"2020-12-31": "$280", "2020-09-30": "$223", "2020-06-30": "$166", "2020-03-31": "$320", "2019-12-31": "$318", "2019-09-30": "$200", "2019-06-30": "$983", "2019-03-31": "$195", "2018-12-31": "$384", "2018-09-30": "$450", "2018-06-30": "$461", "2018-03-31": "$381", "2017-12-31": "$159", "2017-09-30": "$181", "2017-06-30": "$114", "2017-03-31": "$194", "2016-12-31": "$297", "2016-09-30": "$167", "2016-06-30": "$70", "2016-03-31": "$-21", "2015-12-31": "$165", "2015-09-30": "$34", "2015-06-30": "$137", "2015-03-31": "$291", "2014-12-31": "$933", "2014-09-30": "$381", "2014-06-30": "$320", "2014-03-31": "$395", "2013-12-31": "$428", "2013-09-30": "$427", "2013-06-30": "$348", "2013-03-31": "$416", "2012-12-31": "$492", "2012-09-30": "$582", "2012-06-30": "$1,013", "2012-03-31": "$1,146", "2011-12-31": "$563", "2011-09-30": "$140", "2011-06-30": "$119", "2011-03-31": "$93", "2010-12-31": "$150", "2010-09-30": "$149", "2010-06-30": "$379", "2010-03-31": "$518", "2009-12-31": "$533", "2009-09-30": "$179", "2009-06-30": "$-83", "2009-03-31": "$-275", "2008-12-31": "$-2,824", "2008-09-30": "$57", "2008-06-30": "$149", "2008-03-31": "$344", "2007-12-31": "$403", "2007-09-30": "$355", "2007-06-30": "$542", "2007-03-31": "$212", "2006-12-31": "$140", "2006-09-30": "$19", "2006-06-30": "$7", "2006-03-31": "$274", "2005-12-31": "$287", "2005-09-30": "$272", "2005-06-30": "$280", "2005-03-31": "$229"}}, "eps-earnings-per-share-diluted": {"Seagate Technology Annual EPS": {"2020": "$3.79", "2019": "$7.06", "2018": "$4.05", "2017": "$2.58", "2016": "$0.82", "2015": "$5.26", "2014": "$4.52", "2013": "$4.81", "2012": "$6.49", "2011": "$1.09", "2010": "$3.14", "2009": "$-6.40", "2008": "$2.34", "2007": "$1.56", "2006": "$1.60", "2005": "$1.41"}, "Seagate Technology Quarterly EPS": {"2020-12-31": "$1.12", "2020-09-30": "$0.86", "2020-06-30": "$0.63", "2020-03-31": "$1.22", "2019-12-31": "$1.20", "2019-09-30": "$0.74", "2019-06-30": "$3.49", "2019-03-31": "$0.69", "2018-12-31": "$1.34", "2018-09-30": "$1.54", "2018-06-30": "$1.57", "2018-03-31": "$1.31", "2017-12-31": "$0.55", "2017-09-30": "$0.62", "2017-06-30": "$0.38", "2017-03-31": "$0.65", "2016-12-31": "$1.00", "2016-09-30": "$0.55", "2016-06-30": "$0.23", "2016-03-31": "$-0.07", "2015-12-31": "$0.55", "2015-09-30": "$0.11", "2015-06-30": "$0.47", "2015-03-31": "$0.88", "2014-12-31": "$2.78", "2014-09-30": "$1.13", "2014-06-30": "$0.95", "2014-03-31": "$1.17", "2013-12-31": "$1.24", "2013-09-30": "$1.16", "2013-06-30": "$0.96", "2013-03-31": "$1.13", "2012-12-31": "$1.30", "2012-09-30": "$1.42", "2012-06-30": "$2.41", "2012-03-31": "$2.48", "2011-12-31": "$1.28", "2011-09-30": "$0.32", "2011-06-30": "$0.26", "2011-03-31": "$0.21", "2010-12-31": "$0.31", "2010-09-30": "$0.31", "2010-06-30": "$0.76", "2010-03-31": "$1.00", "2009-12-31": "$1.03", "2009-09-30": "$0.35", "2009-06-30": "$-0.16", "2009-03-31": "$-0.56", "2008-12-31": "$-5.80", "2008-09-30": "$0.12", "2008-06-30": "$0.32", "2008-03-31": "$0.65", "2007-12-31": "$0.73", "2007-09-30": "$0.64", "2007-06-30": "$0.93", "2007-03-31": "$0.37", "2006-12-31": "$0.23", "2006-09-30": "$0.03", "2006-06-30": "$-0.04", "2006-03-31": "$0.53", "2005-12-31": "$0.57", "2005-09-30": "$0.54", "2005-06-30": "$0.56", "2005-03-31": "$0.45"}}, "shares-outstanding": {"Seagate Technology Annual Shares Outstanding (Millions of Shares)": {"2020": "265", "2019": "285", "2018": "292", "2017": "299", "2016": "302", "2015": "331", "2014": "347", "2013": "382", "2012": "441", "2011": "467", "2010": "514", "2009": "488", "2008": "538", "2007": "587", "2006": "524", "2005": "502"}, "Seagate Technology Quarterly Shares Outstanding (Millions of Shares)": {"2020-12-31": "251", "2020-09-30": "259", "2020-06-30": "265", "2020-03-31": "263", "2019-12-31": "265", "2019-09-30": "270", "2019-06-30": "285", "2019-03-31": "284", "2018-12-31": "287", "2018-09-30": "292", "2018-06-30": "292", "2018-03-31": "291", "2017-12-31": "291", "2017-09-30": "292", "2017-06-30": "299", "2017-03-31": "300", "2016-12-31": "298", "2016-09-30": "301", "2016-06-30": "302", "2016-03-31": "298", "2015-12-31": "301", "2015-09-30": "308", "2015-06-30": "331", "2015-03-31": "330", "2014-12-31": "336", "2014-09-30": "337", "2014-06-30": "347", "2014-03-31": "338", "2013-12-31": "346", "2013-09-30": "368", "2013-06-30": "382", "2013-03-31": "369", "2012-12-31": "379", "2012-09-30": "409", "2012-06-30": "441", "2012-03-31": "463", "2011-12-31": "439", "2011-09-30": "433", "2011-06-30": "467", "2011-03-31": "453", "2010-12-31": "486", "2010-09-30": "487", "2010-06-30": "514", "2010-03-31": "520", "2009-12-31": "520", "2009-09-30": "512", "2009-06-30": "488", "2009-03-31": "489", "2008-12-31": "487", "2008-09-30": "494", "2008-06-30": "538", "2008-03-31": "530", "2007-12-31": "556", "2007-09-30": "560", "2007-06-30": "587", "2007-03-31": "577", "2006-12-31": "598", "2006-09-30": "606", "2006-06-30": "524", "2006-03-31": "521", "2005-12-31": "507", "2005-09-30": "506", "2005-06-30": "502", "2005-03-31": "507"}}, "total-assets": {"Seagate Technology Annual Total Assets (Millions of US $)": {"2020": "$8,930", "2019": "$8,885", "2018": "$9,410", "2017": "$9,268", "2016": "$8,213", "2015": "$9,845", "2014": "$9,492", "2013": "$9,243", "2012": "$10,106", "2011": "$9,225", "2010": "$8,247", "2009": "$7,087", "2008": "$10,120", "2007": "$9,472", "2006": "$9,544", "2005": "$5,244"}, "Seagate Technology Quarterly Total Assets (Millions of US $)": {"2020-12-31": "$8,986", "2020-09-30": "$8,862", "2020-06-30": "$8,930", "2020-03-31": "$8,829", "2019-12-31": "$8,932", "2019-09-30": "$8,738", "2019-06-30": "$8,885", "2019-03-31": "$8,596", "2018-12-31": "$8,789", "2018-09-30": "$9,578", "2018-06-30": "$9,410", "2018-03-31": "$9,012", "2017-12-31": "$8,750", "2017-09-30": "$8,956", "2017-06-30": "$9,268", "2017-03-31": "$9,739", "2016-12-31": "$8,561", "2016-09-30": "$8,495", "2016-06-30": "$8,213", "2016-03-31": "$8,374", "2015-12-31": "$8,796", "2015-09-30": "$9,079", "2015-06-30": "$9,845", "2015-03-31": "$10,036", "2014-12-31": "$10,814", "2014-09-30": "$9,765", "2014-06-30": "$9,492", "2014-03-31": "$8,659", "2013-12-31": "$8,890", "2013-09-30": "$9,345", "2013-06-30": "$9,243", "2013-03-31": "$8,743", "2012-12-31": "$8,742", "2012-09-30": "$9,522", "2012-06-30": "$10,106", "2012-03-31": "$10,064", "2011-12-31": "$9,171", "2011-09-30": "$8,732", "2011-06-30": "$9,225", "2011-03-31": "$8,280", "2010-12-31": "$8,658", "2010-09-30": "$7,988", "2010-06-30": "$8,247", "2010-03-31": "$7,747", "2009-12-31": "$7,388", "2009-09-30": "$6,899", "2009-06-30": "$7,087", "2009-03-31": "$6,626", "2008-12-31": "$7,060", "2008-09-30": "$10,169", "2008-06-30": "$10,120", "2008-03-31": "$10,413", "2007-12-31": "$10,616", "2007-09-30": "$10,065", "2007-06-30": "$9,472", "2007-03-31": "$9,264", "2006-12-31": "$9,278", "2006-09-30": "$10,520", "2006-06-30": "$9,544", "2006-03-31": "$5,977", "2005-12-31": "$5,434", "2005-09-30": "$5,378", "2005-06-30": "$5,244", "2005-03-31": "$4,757"}}, "cash-on-hand": {"Seagate Technology Annual Cash on Hand (Millions of US $)": {"2020": "$1,722", "2019": "$2,220", "2018": "$1,853", "2017": "$2,539", "2016": "$1,131", "2015": "$2,485", "2014": "$2,658", "2013": "$2,289", "2012": "$2,211", "2011": "$3,253", "2010": "$2,629", "2009": "$2,049", "2008": "$1,141", "2007": "$1,144", "2006": "$1,733", "2005": "$1,836"}, "Seagate Technology Quarterly Cash on Hand (Millions of US $)": {"2020-12-31": "$1,799", "2020-09-30": "$1,664", "2020-06-30": "$1,722", "2020-03-31": "$1,612", "2019-12-31": "$1,744", "2019-09-30": "$1,784", "2019-06-30": "$2,220", "2019-03-31": "$1,388", "2018-12-31": "$1,357", "2018-09-30": "$1,942", "2018-06-30": "$1,853", "2018-03-31": "$2,926", "2017-12-31": "$2,556", "2017-09-30": "$2,285", "2017-06-30": "$2,539", "2017-03-31": "$3,026", "2016-12-31": "$1,716", "2016-09-30": "$1,494", "2016-06-30": "$1,131", "2016-03-31": "$1,199", "2015-12-31": "$1,264", "2015-09-30": "$1,921", "2015-06-30": "$2,485", "2015-03-31": "$2,614", "2014-12-31": "$3,306", "2014-09-30": "$2,205", "2014-06-30": "$2,658", "2014-03-31": "$2,310", "2013-12-31": "$2,343", "2013-09-30": "$2,521", "2013-06-30": "$2,289", "2013-03-31": "$2,010", "2012-12-31": "$1,970", "2012-09-30": "$2,470", "2012-06-30": "$2,211", "2012-03-31": "$2,144", "2011-12-31": "$2,325", "2011-09-30": "$2,988", "2011-06-30": "$3,253", "2011-03-31": "$2,583", "2010-12-31": "$2,911", "2010-09-30": "$2,168", "2010-06-30": "$2,629", "2010-03-31": "$2,379", "2009-12-31": "$2,210", "2009-09-30": "$1,792", "2009-06-30": "$2,049", "2009-03-31": "$1,481", "2008-12-31": "$1,309", "2008-09-30": "$1,153", "2008-06-30": "$1,141", "2008-03-31": "$1,283", "2007-12-31": "$1,750", "2007-09-30": "$1,498", "2007-06-30": "$1,144", "2007-03-31": "$1,210", "2006-12-31": "$1,560", "2006-09-30": "$2,653", "2006-06-30": "$1,733", "2006-03-31": "$2,040", "2005-12-31": "$1,751", "2005-09-30": "$1,792", "2005-06-30": "$1,836", "2005-03-31": "$1,695"}}, "long-term-debt": {"Seagate Technology Annual Long Term Debt (Millions of US $)": {"2020": "$4,156", "2019": "$4,253", "2018": "$4,320", "2017": "$5,021", "2016": "$4,091", "2015": "$4,155", "2014": "$3,920", "2013": "$2,774", "2012": "$2,863", "2011": "$2,952", "2010": "$2,173", "2009": "$1,926", "2008": "$1,670", "2007": "$1,733", "2006": "$640", "2005": "$736"}, "Seagate Technology Quarterly Long Term Debt (Millions of US $)": {"2020-12-31": "$5,120", "2020-09-30": "$4,138", "2020-06-30": "$4,156", "2020-03-31": "$4,091", "2019-12-31": "$4,135", "2019-09-30": "$4,140", "2019-06-30": "$4,253", "2019-03-31": "$4,522", "2018-12-31": "$4,324", "2018-09-30": "$4,322", "2018-06-30": "$4,320", "2018-03-31": "$4,319", "2017-12-31": "$4,316", "2017-09-30": "$5,002", "2017-06-30": "$5,021", "2017-03-31": "$5,073", "2016-12-31": "$4,093", "2016-09-30": "$4,092", "2016-06-30": "$4,091", "2016-03-31": "$4,130", "2015-12-31": "$4,140", "2015-09-30": "$4,140", "2015-06-30": "$4,155", "2015-03-31": "$3,457", "2014-12-31": "$3,932", "2014-09-30": "$3,809", "2014-06-30": "$3,920", "2014-03-31": "$3,514", "2013-12-31": "$3,572", "2013-09-30": "$2,772", "2013-06-30": "$2,774", "2013-03-31": "$2,474", "2012-12-31": "$2,815", "2012-09-30": "$2,867", "2012-06-30": "$2,863", "2012-03-31": "$2,862", "2011-12-31": "$2,925", "2011-09-30": "$2,924", "2011-06-30": "$2,952", "2011-03-31": "$2,352", "2010-12-31": "$2,365", "2010-09-30": "$1,614", "2010-06-30": "$2,173", "2010-03-31": "$1,598", "2009-12-31": "$1,895", "2009-09-30": "$1,910", "2009-06-30": "$1,926", "2009-03-31": "$1,680", "2008-12-31": "$1,684", "2008-09-30": "$1,370", "2008-06-30": "$1,670", "2008-03-31": "$1,685", "2007-12-31": "$1,734", "2007-09-30": "$1,734", "2007-06-30": "$1,733", "2007-03-31": "$1,733", "2006-12-31": "$1,738", "2006-09-30": "$1,737", "2006-06-30": "$640", "2006-03-31": "$400", "2005-12-31": "$400", "2005-09-30": "$736", "2005-06-30": "$736", "2005-03-31": "$738"}}, "total-liabilities": {"Seagate Technology Annual Total Liabilities (Millions of US $)": {"2020": "$7,143", "2019": "$6,723", "2018": "$7,745", "2017": "$7,904", "2016": "$6,620", "2015": "$6,827", "2014": "$6,660", "2013": "$5,737", "2012": "$6,609", "2011": "$6,762", "2010": "$5,523", "2009": "$5,533", "2008": "$5,534", "2007": "$4,735", "2006": "$4,332", "2005": "$2,703"}, "Seagate Technology Quarterly Total Liabilities (Millions of US $)": {"2020-12-31": "$7,996", "2020-09-30": "$7,041", "2020-06-30": "$7,143", "2020-03-31": "$7,037", "2019-12-31": "$7,102", "2019-09-30": "$6,968", "2019-06-30": "$6,723", "2019-03-31": "$6,907", "2018-12-31": "$6,855", "2018-09-30": "$7,732", "2018-06-30": "$7,745", "2018-03-31": "$7,648", "2017-12-31": "$7,689", "2017-09-30": "$7,714", "2017-06-30": "$7,904", "2017-03-31": "$8,131", "2016-12-31": "$7,038", "2016-09-30": "$6,971", "2016-06-30": "$6,620", "2016-03-31": "$6,691", "2015-12-31": "$6,975", "2015-09-30": "$7,157", "2015-06-30": "$6,827", "2015-03-31": "$6,845", "2014-12-31": "$7,099", "2014-09-30": "$6,819", "2014-06-30": "$6,660", "2014-03-31": "$6,021", "2013-12-31": "$6,395", "2013-09-30": "$5,656", "2013-06-30": "$5,737", "2013-03-31": "$5,431", "2012-12-31": "$5,817", "2012-09-30": "$5,987", "2012-06-30": "$6,609", "2012-03-31": "$6,390", "2011-12-31": "$5,706", "2011-09-30": "$6,307", "2011-06-30": "$6,762", "2011-03-31": "$5,793", "2010-12-31": "$5,882", "2010-09-30": "$5,065", "2010-06-30": "$5,523", "2010-03-31": "$5,090", "2009-12-31": "$5,053", "2009-09-30": "$5,120", "2009-06-30": "$5,533", "2009-03-31": "$5,042", "2008-12-31": "$5,220", "2008-09-30": "$5,524", "2008-06-30": "$5,534", "2008-03-31": "$5,750", "2007-12-31": "$5,534", "2007-09-30": "$5,185", "2007-06-30": "$4,735", "2007-03-31": "$4,844", "2006-12-31": "$4,901", "2006-09-30": "$5,396", "2006-06-30": "$4,332", "2006-03-31": "$2,534", "2005-12-31": "$2,320", "2005-09-30": "$2,553", "2005-06-30": "$2,703", "2005-03-31": "$2,481"}}, "total-share-holder-equity": {"Seagate Technology Annual Share Holder Equity (Millions of US $)": {"2020": "$1,787", "2019": "$2,162", "2018": "$1,665", "2017": "$1,364", "2016": "$1,593", "2015": "$3,018", "2014": "$2,832", "2013": "$3,506", "2012": "$3,497", "2011": "$2,463", "2010": "$2,724", "2009": "$1,554", "2008": "$4,586", "2007": "$4,737", "2006": "$5,212", "2005": "$2,541"}, "Seagate Technology Quarterly Share Holder Equity (Millions of US $)": {"2020-12-31": "$990", "2020-09-30": "$1,821", "2020-06-30": "$1,787", "2020-03-31": "$1,792", "2019-12-31": "$1,830", "2019-09-30": "$1,770", "2019-06-30": "$2,162", "2019-03-31": "$1,689", "2018-12-31": "$1,934", "2018-09-30": "$1,846", "2018-06-30": "$1,665", "2018-03-31": "$1,364", "2017-12-31": "$1,061", "2017-09-30": "$1,242", "2017-06-30": "$1,364", "2017-03-31": "$1,608", "2016-12-31": "$1,523", "2016-09-30": "$1,524", "2016-06-30": "$1,593", "2016-03-31": "$1,683", "2015-12-31": "$1,821", "2015-09-30": "$1,922", "2015-06-30": "$3,018", "2015-03-31": "$3,191", "2014-12-31": "$3,715", "2014-09-30": "$2,946", "2014-06-30": "$2,832", "2014-03-31": "$2,638", "2013-12-31": "$2,495", "2013-09-30": "$3,689", "2013-06-30": "$3,506", "2013-03-31": "$3,312", "2012-12-31": "$2,925", "2012-09-30": "$3,535", "2012-06-30": "$3,497", "2012-03-31": "$3,674", "2011-12-31": "$3,465", "2011-09-30": "$2,425", "2011-06-30": "$2,463", "2011-03-31": "$2,487", "2010-12-31": "$2,776", "2010-09-30": "$2,923", "2010-06-30": "$2,724", "2010-03-31": "$2,657", "2009-12-31": "$2,335", "2009-09-30": "$1,779", "2009-06-30": "$1,554", "2009-03-31": "$1,584", "2008-12-31": "$1,840", "2008-09-30": "$4,645", "2008-06-30": "$4,586", "2008-03-31": "$4,663", "2007-12-31": "$5,082", "2007-09-30": "$4,880", "2007-06-30": "$4,737", "2007-03-31": "$4,420", "2006-12-31": "$4,377", "2006-09-30": "$5,124", "2006-06-30": "$5,212", "2006-03-31": "$3,443", "2005-12-31": "$3,114", "2005-09-30": "$2,825", "2005-06-30": "$2,541", "2005-03-31": "$2,276"}}, "profit-margins": {"current": "9.72%"}, "gross margin": {"2020-12-31": "26.59%", "2020-09-30": "27.01%", "2020-06-30": "27.04%", "2020-03-31": "27.01%", "2019-12-31": "26.65%", "2019-09-30": "26.96%", "2019-06-30": "28.22%", "2019-03-31": "29.59%", "2018-12-31": "30.48%", "2018-09-30": "30.68%", "2018-06-30": "30.08%", "2018-03-31": "29.07%", "2017-12-31": "29.13%", "2017-09-30": "29.31%", "2017-06-30": "29.47%", "2017-03-31": "28.76%", "2016-12-31": "26.30%", "2016-09-30": "24.72%", "2016-06-30": "23.43%", "2016-03-31": "23.88%", "2015-12-31": "25.98%", "2015-09-30": "26.76%", "2015-06-30": "27.72%", "2015-03-31": "28.05%", "2014-12-31": "27.93%", "2014-09-30": "27.97%", "2014-06-30": "28.02%", "2014-03-31": "27.87%", "2013-12-31": "27.56%", "2013-09-30": "27.32%", "2013-06-30": "27.45%", "2013-03-31": "29.11%", "2012-12-31": "31.70%", "2012-09-30": "32.76%", "2012-06-30": "31.35%", "2012-03-31": "28.17%", "2011-12-31": "22.71%", "2011-09-30": "19.35%", "2011-06-30": "19.56%", "2011-03-31": "21.57%", "2010-12-31": "24.34%", "2010-09-30": "27.13%", "2010-06-30": "28.12%", "2010-03-31": "26.08%", "2009-12-31": "21.04%", "2009-09-30": "16.29%", "2009-06-30": "14.38%", "2009-03-31": "16.29%", "2008-12-31": "20.78%", "2008-09-30": "23.46%", "2008-06-30": "25.22%", "2008-03-31": "24.76%", "2007-12-31": "23.58%", "2007-09-30": "21.53%", "2007-06-30": "19.23%", "2007-03-31": "18.36%", "2006-12-31": "18.85%", "2006-09-30": "20.62%", "2006-06-30": "23.21%", "2006-03-31": "25.10%", "2005-12-31": "25.12%"}, "operating margin": {"2020-12-31": "12.21%", "2020-09-30": "12.47%", "2020-06-30": "12.37%", "2020-03-31": "13.17%", "2019-12-31": "12.30%", "2019-09-30": "12.60%", "2019-06-30": "14.31%", "2019-03-31": "15.29%", "2018-12-31": "16.44%", "2018-09-30": "16.30%", "2018-06-30": "14.61%", "2018-03-31": "12.33%", "2017-12-31": "10.83%", "2017-09-30": "10.26%", "2017-06-30": "9.79%", "2017-03-31": "8.71%", "2016-12-31": "6.59%", "2016-09-30": "5.26%", "2016-06-30": "3.99%", "2016-03-31": "4.79%", "2015-12-31": "7.10%", "2015-09-30": "13.11%", "2015-06-30": "14.98%", "2015-03-31": "16.03%", "2014-12-31": "16.65%", "2014-09-30": "12.51%", "2014-06-30": "12.94%", "2014-03-31": "13.09%", "2013-12-31": "13.13%", "2013-09-30": "13.79%", "2013-06-30": "14.57%", "2013-03-31": "17.53%", "2012-12-31": "21.10%", "2012-09-30": "22.04%", "2012-06-30": "20.80%", "2012-03-31": "16.83%", "2011-12-31": "10.47%", "2011-09-30": "7.32%", "2011-06-30": "7.35%", "2011-03-31": "9.26%", "2010-12-31": "12.39%", "2010-09-30": "15.31%", "2010-06-30": "15.27%", "2010-03-31": "12.15%", "2009-12-31": "5.16%", "2009-09-30": "-26.76%", "2009-06-30": "-27.18%", "2009-03-31": "-23.73%", "2008-12-31": "-16.20%", "2008-09-30": "8.52%", "2008-06-30": "10.83%", "2008-03-31": "10.90%", "2007-12-31": "10.20%", "2007-09-30": "8.42%", "2007-06-30": "5.40%", "2007-03-31": "4.46%", "2006-12-31": "4.74%", "2006-09-30": "6.27%", "2006-06-30": "9.49%", "2006-03-31": "12.23%", "2005-12-31": "12.50%"}, "ebitda margin": {"2020-12-31": "16.03%", "2020-09-30": "16.24%", "2020-06-30": "15.98%", "2020-03-31": "17.16%", "2019-12-31": "16.86%", "2019-09-30": "17.60%", "2019-06-30": "19.52%", "2019-03-31": "20.31%", "2018-12-31": "21.31%", "2018-09-30": "21.25%", "2018-06-30": "19.96%", "2018-03-31": "18.25%", "2017-12-31": "17.19%", "2017-09-30": "16.95%", "2017-06-30": "16.74%", "2017-03-31": "15.96%", "2016-12-31": "14.04%", "2016-09-30": "12.81%", "2016-06-30": "11.52%", "2016-03-31": "12.03%", "2015-12-31": "13.94%", "2015-09-30": "19.56%", "2015-06-30": "21.10%", "2015-03-31": "21.98%", "2014-12-31": "22.63%", "2014-09-30": "18.71%", "2014-06-30": "19.35%", "2014-03-31": "19.52%", "2013-12-31": "19.57%", "2013-09-30": "20.09%", "2013-06-30": "20.65%", "2013-03-31": "23.16%", "2012-12-31": "26.43%", "2012-09-30": "27.36%", "2012-06-30": "26.25%", "2012-03-31": "22.72%", "2011-12-31": "16.94%", "2011-09-30": "14.06%", "2011-06-30": "14.22%", "2011-03-31": "16.28%", "2010-12-31": "19.19%", "2010-09-30": "21.94%", "2010-06-30": "22.62%", "2010-03-31": "20.02%", "2009-12-31": "14.09%", "2009-09-30": "7.85%", "2009-06-30": "5.98%", "2009-03-31": "7.56%", "2008-12-31": "12.32%", "2008-09-30": "15.68%", "2008-06-30": "17.47%", "2008-03-31": "17.53%", "2007-12-31": "17.18%", "2007-09-30": "15.65%", "2007-06-30": "12.90%", "2007-03-31": "11.87%", "2006-12-31": "11.72%", "2006-09-30": "13.07%", "2006-06-30": "16.14%", "2006-03-31": "18.50%", "2005-12-31": "18.56%"}, "pre tax profit margin": {"2020-12-31": "9.93%", "2020-09-30": "10.30%", "2020-06-30": "9.82%", "2020-03-31": "11.22%", "2019-12-31": "10.44%", "2019-09-30": "11.05%", "2019-06-30": "13.21%", "2019-03-31": "14.25%", "2018-12-31": "15.21%", "2018-09-30": "14.71%", "2018-06-30": "12.68%", "2018-03-31": "9.97%", "2017-12-31": "8.39%", "2017-09-30": "7.83%", "2017-06-30": "7.57%", "2017-03-31": "6.80%", "2016-12-31": "4.99%", "2016-09-30": "3.77%", "2016-06-30": "2.46%", "2016-03-31": "3.22%", "2015-12-31": "5.45%", "2015-09-30": "12.49%", "2015-06-30": "14.34%", "2015-03-31": "14.92%", "2014-12-31": "15.45%", "2014-09-30": "10.76%", "2014-06-30": "11.34%", "2014-03-31": "11.37%", "2013-12-31": "11.55%", "2013-09-30": "11.84%", "2013-06-30": "12.76%", "2013-03-31": "16.50%", "2012-12-31": "20.03%", "2012-09-30": "21.00%", "2012-06-30": "19.29%", "2012-03-31": "15.00%", "2011-12-31": "8.31%", "2011-09-30": "5.21%", "2011-06-30": "5.28%", "2011-03-31": "7.34%", "2010-12-31": "10.70%", "2010-09-30": "13.49%", "2010-06-30": "13.77%", "2010-03-31": "10.58%", "2009-12-31": "3.53%", "2009-09-30": "-28.35%", "2009-06-30": "-28.70%", "2009-03-31": "-24.99%", "2008-12-31": "-17.22%", "2008-09-30": "7.90%", "2008-06-30": "10.37%", "2008-03-31": "10.51%", "2007-12-31": "9.78%", "2007-09-30": "7.78%", "2007-06-30": "4.94%", "2007-03-31": "4.24%", "2006-12-31": "4.90%", "2006-09-30": "6.72%", "2006-06-30": "10.04%", "2006-03-31": "12.77%", "2005-12-31": "12.78%"}, "net profit margin": {"2020-12-31": "9.72%", "2020-09-30": "10.02%", "2020-06-30": "9.55%", "2020-03-31": "17.57%", "2019-12-31": "17.03%", "2019-09-30": "17.66%", "2019-06-30": "19.36%", "2019-03-31": "13.73%", "2018-12-31": "14.77%", "2018-09-30": "12.57%", "2018-06-30": "10.57%", "2018-03-31": "7.76%", "2017-12-31": "6.10%", "2017-09-30": "7.41%", "2017-06-30": "7.17%", "2017-03-31": "6.61%", "2016-12-31": "4.69%", "2016-09-30": "3.45%", "2016-06-30": "2.22%", "2016-03-31": "2.75%", "2015-12-31": "5.15%", "2015-09-30": "10.83%", "2015-06-30": "12.68%", "2015-03-31": "13.64%", "2014-12-31": "14.30%", "2014-09-30": "10.87%", "2014-06-30": "11.44%", "2014-03-31": "11.54%", "2013-12-31": "11.59%", "2013-09-30": "11.93%", "2013-06-30": "12.81%", "2013-03-31": "16.24%", "2012-12-31": "19.79%", "2012-09-30": "20.83%", "2012-06-30": "19.16%", "2012-03-31": "14.78%", "2011-12-31": "7.91%", "2011-09-30": "4.53%", "2011-06-30": "4.66%", "2011-03-31": "7.16%", "2010-12-31": "10.75%", "2010-09-30": "13.82%", "2010-06-30": "14.12%", "2010-03-31": "10.34%", "2009-12-31": "3.47%", "2009-09-30": "-31.83%", "2009-06-30": "-31.87%", "2009-03-31": "-27.95%", "2008-12-31": "-20.11%", "2008-09-30": "7.65%", "2008-06-30": "9.84%", "2008-03-31": "13.10%", "2007-12-31": "12.32%", "2007-09-30": "10.54%", "2007-06-30": "8.04%", "2007-03-31": "3.39%", "2006-12-31": "4.15%", "2006-09-30": "5.92%", "2006-06-30": "9.12%", "2006-03-31": "12.57%", "2005-12-31": "12.51%"}, "pe ratio": {"current": "16.41", "2021-02-11": "18.87", "2020-12-31": "16.19", "2020-09-30": "12.44", "2020-06-30": "12.44", "2020-03-31": "7.02", "2019-12-31": "9.15", "2019-09-30": "8.00", "2019-06-30": "6.15", "2019-03-31": "8.53", "2018-12-31": "6.05", "2018-09-30": "8.46", "2018-06-30": "12.22", "2018-03-31": "17.74", "2017-12-31": "16.32", "2017-09-30": "10.58", "2017-06-30": "12.45", "2017-03-31": "15.44", "2016-12-31": "17.99", "2016-09-30": "24.26", "2016-06-30": "23.15", "2016-03-31": "25.48", "2015-12-31": "13.76", "2015-09-30": "7.76", "2015-06-30": "6.55", "2015-03-31": "6.47", "2014-12-31": "7.80", "2014-09-30": "8.94", "2014-06-30": "8.75", "2014-03-31": "8.59", "2013-12-31": "8.59", "2013-09-30": "6.55", "2013-06-30": "6.28", "2013-03-31": "3.91", "2012-12-31": "2.67", "2012-09-30": "2.66", "2012-06-30": "2.46", "2012-03-31": "3.95", "2011-12-31": "4.98", "2011-09-30": "5.78", "2011-06-30": "9.05", "2011-03-31": "5.52", "2010-12-31": "3.85", "2010-09-30": "2.32", "2010-06-30": "2.53", "2010-03-31": "5.02", "2009-12-31": "16.81", "2009-09-30": "0.00", "2009-06-30": "0.00", "2009-03-31": "0.00", "2008-12-31": "38.32", "2008-09-30": "3.96", "2008-06-30": "4.83", "2008-03-31": "4.12", "2007-12-31": "5.52", "2007-09-30": "6.77", "2007-06-30": "7.60", "2007-03-31": "18.93", "2006-12-31": "17.51"}, "price sales": {"2021-02-11": "1.85", "2020-12-31": "1.59", "2020-09-30": "1.25", "2020-06-30": "1.19", "2020-03-31": "1.23", "2019-12-31": "1.56", "2019-09-30": "1.42", "2019-06-30": "1.21", "2019-03-31": "1.17", "2018-12-31": "0.89", "2018-09-30": "1.06", "2018-06-30": "1.29", "2018-03-31": "1.38", "2017-12-31": "1.00", "2017-09-30": "0.79", "2017-06-30": "0.89", "2017-03-31": "1.02", "2016-12-31": "0.84", "2016-09-30": "0.83", "2016-06-30": "0.51", "2016-03-31": "0.70", "2015-12-31": "0.71", "2015-09-30": "0.83", "2015-06-30": "0.83", "2015-03-31": "0.89", "2014-12-31": "1.12", "2014-09-30": "0.98", "2014-06-30": "1.01", "2014-03-31": "1.00", "2013-12-31": "1.01", "2013-09-30": "0.79", "2013-06-30": "0.81", "2013-03-31": "0.63", "2012-12-31": "0.52", "2012-09-30": "0.56", "2012-06-30": "0.47", "2012-03-31": "0.58", "2011-12-31": "0.40", "2011-09-30": "0.27", "2011-06-30": "0.43", "2011-03-31": "0.39", "2010-12-31": "0.41", "2010-09-30": "0.32", "2010-06-30": "0.36", "2010-03-31": "0.51", "2009-12-31": "0.55", "2009-09-30": "0.49", "2009-06-30": "0.32", "2009-03-31": "0.18", "2008-12-31": "0.12", "2008-09-30": "0.31", "2008-06-30": "0.49", "2008-03-31": "0.55", "2007-12-31": "0.69", "2007-09-30": "0.73", "2007-06-30": "0.66", "2007-03-31": "0.69", "2006-12-31": "0.81"}, "price book": {"current": "17.30", "2021-02-11": "17.57", "2020-12-31": "15.07", "2020-09-30": "6.91", "2020-06-30": "6.80", "2020-03-31": "6.74", "2019-12-31": "8.06", "2019-09-30": "7.51", "2019-06-30": "5.44", "2019-03-31": "7.19", "2018-12-31": "5.10", "2018-09-30": "6.49", "2018-06-30": "8.54", "2018-03-31": "10.68", "2017-12-31": "9.64", "2017-09-30": "6.53", "2017-06-30": "6.87", "2017-03-31": "6.92", "2016-12-31": "5.96", "2016-09-30": "5.99", "2016-06-30": "3.56", "2016-03-31": "4.60", "2015-12-31": "4.41", "2015-09-30": "5.07", "2015-06-30": "3.57", "2015-03-31": "3.70", "2014-12-31": "4.16", "2014-09-30": "4.46", "2014-06-30": "4.56", "2014-03-31": "4.79", "2013-12-31": "5.05", "2013-09-30": "2.89", "2013-06-30": "3.09", "2013-03-31": "2.63", "2012-12-31": "2.48", "2012-09-30": "2.19", "2012-06-30": "1.80", "2012-03-31": "2.03", "2011-12-31": "1.39", "2011-09-30": "1.11", "2011-06-30": "1.72", "2011-03-31": "1.50", "2010-12-31": "1.50", "2010-09-30": "1.16", "2010-06-30": "1.44", "2010-03-31": "2.05", "2009-12-31": "2.37", "2009-09-30": "2.59", "2009-06-30": "2.02", "2009-03-31": "1.14", "2008-12-31": "0.71", "2008-09-30": "0.76", "2008-06-30": "1.20", "2008-03-31": "1.30", "2007-12-31": "1.54", "2007-09-30": "1.62", "2007-06-30": "1.42", "2007-03-31": "1.65", "2006-12-31": "1.93", "2006-09-30": "1.48", "2006-06-30": "1.43", "2006-03-31": "2.14"}, "price fcf": {"2021-02-11": "", "2020-12-31": "$4.01", "2020-09-30": "$3.84", "2020-06-30": "$4.26", "2020-03-31": "$4.69", "2019-12-31": "$4.81", "2019-09-30": "$4.29", "2019-06-30": "$4.57", "2019-03-31": "$4.49", "2018-12-31": "$5.19", "2018-09-30": "$7.26", "2018-06-30": "$6.23", "2018-03-31": "$5.36", "2017-12-31": "$4.62", "2017-09-30": "$3.85", "2017-06-30": "$4.96", "2017-03-31": "$4.84", "2016-12-31": "$4.15", "2016-09-30": "$3.12", "2016-06-30": "$3.62", "2016-03-31": "$3.33", "2015-12-31": "$3.67", "2015-09-30": "$6.47", "2015-06-30": "$5.75", "2015-03-31": "$6.85", "2014-12-31": "$7.14", "2014-09-30": "$5.63", "2014-06-30": "$5.77", "2014-03-31": "$5.09", "2013-12-31": "$5.46", "2013-09-30": "$5.28", "2013-06-30": "$5.99", "2013-03-31": "$8.63", "2012-12-31": "$8.90", "2012-09-30": "$8.25", "2012-06-30": "$6.00", "2012-03-31": "$3.36", "2011-12-31": "$1.87", "2011-09-30": "$1.18", "2011-06-30": "$1.07", "2011-03-31": "$0.76", "2010-12-31": "$1.34", "2010-09-30": "$1.96", "2010-06-30": "$2.56", "2010-03-31": "$2.62", "2009-12-31": "$2.23", "2009-09-30": "$0.72", "2009-06-30": "$0.40", "2009-03-31": "$0.31", "2008-12-31": "$0.78", "2008-09-30": "$2.01", "2008-06-30": "$3.04", "2008-03-31": "$3.21", "2007-12-31": "$2.44", "2007-09-30": "$1.91", "2007-06-30": "$0.16", "2007-03-31": "$-0.62", "2006-12-31": "$0.63"}, "net worth": {"value": "$17.13B"}, "current ratio": {"current": "1.56", "2020-12-31": "1.56", "2020-09-30": "1.51", "2020-06-30": "1.51", "2020-03-31": "1.49", "2019-12-31": "1.54", "2019-09-30": "1.58", "2019-06-30": "1.96", "2019-03-31": "1.63", "2018-12-31": "1.60", "2018-09-30": "1.43", "2018-06-30": "1.35", "2018-03-31": "1.72", "2017-12-31": "1.58", "2017-09-30": "1.96", "2017-06-30": "1.92", "2017-03-31": "1.96", "2016-12-31": "1.54", "2016-09-30": "1.51", "2016-06-30": "1.57", "2016-03-31": "1.59", "2015-12-31": "1.55", "2015-09-30": "1.80", "2015-06-30": "2.38", "2015-03-31": "1.92", "2014-12-31": "2.35", "2014-09-30": "2.15", "2014-06-30": "2.41", "2014-03-31": "2.38", "2013-12-31": "2.15", "2013-09-30": "2.24", "2013-06-30": "2.07", "2013-03-31": "1.92", "2012-12-31": "1.90", "2012-09-30": "2.09", "2012-06-30": "1.86", "2012-03-31": "2.02", "2011-12-31": "2.28", "2011-09-30": "1.97", "2011-06-30": "1.86", "2011-03-31": "1.77", "2010-12-31": "1.83", "2010-09-30": "1.66", "2010-06-30": "1.81", "2010-03-31": "1.64", "2009-12-31": "1.75", "2009-09-30": "1.54", "2009-06-30": "1.34", "2009-03-31": "1.24", "2008-12-31": "1.26", "2008-09-30": "1.22", "2008-06-30": "1.30", "2008-03-31": "1.33", "2007-12-31": "1.52", "2007-09-30": "1.52", "2007-06-30": "1.44", "2007-03-31": "1.39", "2006-12-31": "1.42", "2006-09-30": "1.59", "2006-06-30": "1.30", "2006-03-31": "2.02", "2005-12-31": "2.02", "2005-09-30": "2.18", "2005-06-30": "1.97", "2005-03-31": "2.02"}, "quick ratio": {"2020-12-31": "1.05", "2020-09-30": "1.01", "2020-06-30": "1.09", "2020-03-31": "1.08", "2019-12-31": "1.11", "2019-09-30": "1.17", "2019-06-30": "1.52", "2019-03-31": "1.16", "2018-12-31": "1.12", "2018-09-30": "1.07", "2018-06-30": "1.02", "2018-03-31": "1.39", "2017-12-31": "1.25", "2017-09-30": "1.55", "2017-06-30": "1.55", "2017-03-31": "1.59", "2016-12-31": "1.17", "2016-09-30": "1.16", "2016-06-30": "1.19", "2016-03-31": "1.18", "2015-12-31": "1.14", "2015-09-30": "1.39", "2015-06-30": "1.95", "2015-03-31": "1.56", "2014-12-31": "1.95", "2014-09-30": "1.74", "2014-06-30": "2.00", "2014-03-31": "1.99", "2013-12-31": "1.77", "2013-09-30": "1.89", "2013-06-30": "1.75", "2013-03-31": "1.60", "2012-12-31": "1.60", "2012-09-30": "1.78", "2012-06-30": "1.59", "2012-03-31": "1.75", "2011-12-31": "1.93", "2011-09-30": "1.70", "2011-06-30": "1.60", "2011-03-31": "1.50", "2010-12-31": "1.58", "2010-09-30": "1.42", "2010-06-30": "1.56", "2010-03-31": "1.43", "2009-12-31": "1.52", "2009-09-30": "1.32", "2009-06-30": "1.16", "2009-03-31": "1.04", "2008-12-31": "1.00", "2008-09-30": "0.96", "2008-06-30": "1.01", "2008-03-31": "1.02", "2007-12-31": "1.26", "2007-09-30": "1.25", "2007-06-30": "1.14", "2007-03-31": "1.08", "2006-12-31": "1.14", "2006-09-30": "1.30", "2006-06-30": "1.03", "2006-03-31": "1.73", "2005-12-31": "1.73", "2005-09-30": "1.88", "2005-06-30": "1.73", "2005-03-31": "1.76"}, "debt equity ratio": {"current": "5.17", "2020-12-31": "8.08", "2020-09-30": "3.87", "2020-06-30": "4.00", "2020-03-31": "3.93", "2019-12-31": "3.88", "2019-09-30": "3.94", "2019-06-30": "3.11", "2019-03-31": "4.09", "2018-12-31": "3.54", "2018-09-30": "4.19", "2018-06-30": "4.65", "2018-03-31": "5.61", "2017-12-31": "7.25", "2017-09-30": "6.21", "2017-06-30": "5.80", "2017-03-31": "5.06", "2016-12-31": "4.62", "2016-09-30": "4.57", "2016-06-30": "4.16", "2016-03-31": "3.98", "2015-12-31": "3.83", "2015-09-30": "3.72", "2015-06-30": "2.26", "2015-03-31": "2.15", "2014-12-31": "1.91", "2014-09-30": "2.32", "2014-06-30": "2.35", "2014-03-31": "2.28", "2013-12-31": "2.56", "2013-09-30": "1.53", "2013-06-30": "1.64", "2013-03-31": "1.64", "2012-12-31": "1.99", "2012-09-30": "1.69", "2012-06-30": "1.89", "2012-03-31": "1.74", "2011-12-31": "1.65", "2011-09-30": "2.60", "2011-06-30": "2.75", "2011-03-31": "2.33", "2010-12-31": "2.12", "2010-09-30": "1.73", "2010-06-30": "2.03", "2010-03-31": "1.92", "2009-12-31": "2.16", "2009-09-30": "2.88", "2009-06-30": "3.56", "2009-03-31": "3.18", "2008-12-31": "2.84", "2008-09-30": "1.19", "2008-06-30": "1.21", "2008-03-31": "1.23", "2007-12-31": "1.09", "2007-09-30": "1.06", "2007-06-30": "1.00", "2007-03-31": "1.10", "2006-12-31": "1.12", "2006-09-30": "1.05", "2006-06-30": "0.83", "2006-03-31": "0.74", "2005-12-31": "0.75", "2005-09-30": "0.90", "2005-06-30": "1.06", "2005-03-31": "1.09"}, "return on equity": {"2020-12-31": "61.91%", "2020-09-30": "56.82%", "2020-06-30": "55.94%", "2020-03-31": "96.43%", "2019-12-31": "91.05%", "2019-09-30": "93.29%", "2019-06-30": "105.46%", "2019-03-31": "83.54%", "2018-12-31": "98.46%", "2018-09-30": "97.78%", "2018-06-30": "88.67%", "2018-03-31": "66.39%", "2017-12-31": "49.14%", "2017-09-30": "54.80%", "2017-06-30": "51.30%", "2017-03-31": "46.61%", "2016-12-31": "32.45%", "2016-09-30": "23.02%", "2016-06-30": "14.13%", "2016-03-31": "14.92%", "2015-12-31": "25.20%", "2015-09-30": "47.10%", "2015-06-30": "54.14%", "2015-03-31": "60.71%", "2014-12-31": "66.90%", "2014-09-30": "55.87%", "2014-06-30": "53.89%", "2014-03-31": "51.85%", "2013-12-31": "49.81%", "2013-09-30": "50.12%", "2013-06-30": "55.37%", "2013-03-31": "75.45%", "2012-12-31": "94.87%", "2012-09-30": "93.26%", "2012-06-30": "87.65%", "2012-03-31": "65.45%", "2011-12-31": "33.76%", "2011-09-30": "19.78%", "2011-06-30": "19.19%", "2011-03-31": "28.27%", "2010-12-31": "43.18%", "2010-09-30": "59.37%", "2010-06-30": "67.78%", "2010-03-31": "55.11%", "2009-12-31": "19.53%", "2009-09-30": "-177.77%", "2009-06-30": "-129.90%", "2009-03-31": "-91.44%", "2008-12-31": "-57.81%", "2008-09-30": "20.09%", "2008-06-30": "26.05%", "2008-03-31": "33.96%", "2007-12-31": "31.63%", "2007-09-30": "27.13%", "2007-06-30": "19.57%", "2007-03-31": "7.90%", "2006-12-31": "9.69%", "2006-09-30": "13.90%", "2006-06-30": "23.02%", "2006-03-31": "37.34%", "2005-12-31": "39.72%"}, "return on assets": {"2020-12-31": "11.11%", "2020-09-30": "11.55%", "2020-06-30": "11.34%", "2020-03-31": "20.59%", "2019-12-31": "19.30%", "2019-09-30": "20.13%", "2019-06-30": "22.45%", "2019-03-31": "16.39%", "2018-12-31": "18.22%", "2018-09-30": "15.79%", "2018-06-30": "13.09%", "2018-03-31": "9.28%", "2017-12-31": "7.06%", "2017-09-30": "8.61%", "2017-06-30": "8.56%", "2017-03-31": "8.32%", "2016-12-31": "6.10%", "2016-09-30": "4.50%", "2016-06-30": "2.88%", "2016-03-31": "3.49%", "2015-12-31": "6.64%", "2015-09-30": "14.03%", "2015-06-30": "17.22%", "2015-03-31": "19.20%", "2014-12-31": "20.96%", "2014-09-30": "16.56%", "2014-06-30": "17.26%", "2014-03-31": "17.69%", "2013-12-31": "17.88%", "2013-09-30": "18.66%", "2013-06-30": "20.28%", "2013-03-31": "26.98%", "2012-12-31": "33.65%", "2012-09-30": "34.01%", "2012-06-30": "30.07%", "2012-03-31": "21.17%", "2011-12-31": "10.34%", "2011-09-30": "5.75%", "2011-06-30": "5.99%", "2011-03-31": "9.30%", "2010-12-31": "14.66%", "2010-09-30": "20.13%", "2010-06-30": "21.25%", "2010-03-31": "15.75%", "2009-12-31": "5.06%", "2009-09-30": "-43.41%", "2009-06-30": "-40.40%", "2009-03-31": "-34.06%", "2008-12-31": "-24.09%", "2008-09-30": "9.23%", "2008-06-30": "12.14%", "2008-03-31": "16.21%", "2007-12-31": "15.34%", "2007-09-30": "13.12%", "2007-06-30": "9.48%", "2007-03-31": "3.92%", "2006-12-31": "4.98%", "2006-09-30": "7.46%", "2006-06-30": "12.76%", "2006-03-31": "20.21%", "2005-12-31": "20.53%"}, "return on investments": {"2020-12-31": "20.79%", "2020-09-30": "21.52%", "2020-06-30": "21.94%", "2020-03-31": "22.59%", "2019-12-31": "20.00%", "2019-09-30": "20.28%", "2019-06-30": "23.74%", "2019-03-31": "26.97%", "2018-12-31": "30.96%", "2018-09-30": "32.43%", "2018-06-30": "28.06%", "2018-03-31": "22.39%", "2017-12-31": "18.65%", "2017-09-30": "17.46%", "2017-06-30": "17.35%", "2017-03-31": "16.27%", "2016-12-31": "12.69%", "2016-09-30": "10.05%", "2016-06-30": "7.57%", "2016-03-31": "8.76%", "2015-12-31": "13.37%", "2015-09-30": "24.53%", "2015-06-30": "29.17%", "2015-03-31": "32.54%", "2014-12-31": "34.62%", "2014-09-30": "27.27%", "2014-06-30": "27.93%", "2014-03-31": "29.05%", "2013-12-31": "29.83%", "2013-09-30": "32.06%", "2013-06-30": "34.55%", "2013-03-31": "44.48%", "2012-12-31": "55.05%", "2012-09-30": "54.44%", "2012-06-30": "50.46%", "2012-03-31": "37.84%", "2011-12-31": "22.01%", "2011-09-30": "15.64%", "2011-06-30": "16.17%", "2011-03-31": "20.54%", "2010-12-31": "29.27%", "2010-09-30": "39.06%", "2010-06-30": "40.77%", "2010-03-31": "34.44%", "2009-12-31": "14.35%", "2009-09-30": "-72.37%", "2009-06-30": "-65.47%", "2009-03-31": "-51.57%", "2008-12-31": "-33.09%", "2008-09-30": "16.69%", "2008-06-30": "21.14%", "2008-03-31": "20.85%", "2007-12-31": "19.22%", "2007-09-30": "15.75%", "2007-06-30": "9.59%", "2007-03-31": "7.96%", "2006-12-31": "8.87%", "2006-09-30": "12.38%", "2006-06-30": "20.85%", "2006-03-31": "30.52%", "2005-12-31": "31.93%"}, "return on tangible equity": {"2020-12-31": "321.89%", "2020-09-30": "202.76%", "2020-06-30": "208.84%", "2020-03-31": "324.45%", "2019-12-31": "325.68%", "2019-09-30": "332.30%", "2019-06-30": "378.73%", "2019-03-31": "384.27%", "2018-12-31": "582.96%", "2018-09-30": "2859.11%", "2018-06-30": "-970.84%", "2018-03-31": "-378.68%", "2017-12-31": "-342.86%", "2017-09-30": "-722.76%", "2017-06-30": "-1015.79%", "2017-03-31": "-1208.30%", "2016-12-31": "-610.71%", "2016-09-30": "-725.71%", "2016-06-30": "157.96%", "2016-03-31": "50.52%", "2015-12-31": "56.35%", "2015-09-30": "82.10%", "2015-06-30": "90.69%", "2015-03-31": "98.15%", "2014-12-31": "104.16%", "2014-09-30": "86.02%", "2014-06-30": "75.44%", "2014-03-31": "70.91%", "2013-12-31": "67.80%", "2013-09-30": "68.48%", "2013-06-30": "77.14%", "2013-03-31": "106.13%", "2012-12-31": "133.20%", "2012-09-30": "130.07%", "2012-06-30": "113.99%", "2012-03-31": "79.15%", "2011-12-31": "37.48%", "2011-09-30": "19.84%", "2011-06-30": "19.25%", "2011-03-31": "28.27%", "2010-12-31": "43.18%", "2010-09-30": "59.37%", "2010-06-30": "67.78%", "2010-03-31": "55.60%", "2009-12-31": "19.98%", "2009-09-30": "-185.31%", "2009-06-30": "-181.03%", "2009-03-31": "-153.33%", "2008-12-31": "-110.64%", "2008-09-30": "42.21%", "2008-06-30": "54.32%", "2008-03-31": "70.42%", "2007-12-31": "67.70%", "2007-09-30": "60.76%", "2007-06-30": "44.52%", "2007-03-31": "18.03%", "2006-12-31": "17.48%", "2006-09-30": "20.69%", "2006-06-30": "28.45%", "2006-03-31": "37.35%", "2005-12-31": "39.73%"}, "dividend yield history": {"last payout": "$2.68", "last yield": "3.70%"}}