{"ticker": "STZ", "price": {"title": "Constellation Brands Inc Historical Annual Stock Price Data", "value": 236.39, "historical": {"2021": {"Average Stock Price": "223.8818", "Year Open": "216.7400", "Year High": "240.3400", "Year Low": "210.9300", "Year Close": "236.3900", "Annual % Change": "7.92%"}, "2020": {"Average Stock Price": "180.5806", "Year Open": "188.3000", "Year High": "219.0500", "Year Low": "105.6400", "Year Close": "219.0500", "Annual % Change": "15.44%"}, "2019": {"Average Stock Price": "188.5394", "Year Open": "164.0400", "Year High": "212.5400", "Year Low": "150.9400", "Year Close": "189.7500", "Annual % Change": "17.99%"}, "2018": {"Average Stock Price": "214.3492", "Year Open": "226.5600", "Year High": "234.2200", "Year Low": "156.9500", "Year Close": "160.8200", "Annual % Change": "-29.64%"}, "2017": {"Average Stock Price": "187.1076", "Year Open": "154.7500", "Year High": "228.5700", "Year Low": "146.7500", "Year Close": "228.5700", "Annual % Change": "49.09%"}, "2016": {"Average Stock Price": "156.3130", "Year Open": "140.6900", "Year High": "171.2400", "Year Low": "134.9500", "Year Close": "153.3100", "Annual % Change": "7.63%"}, "2015": {"Average Stock Price": "123.0550", "Year Open": "97.5000", "Year High": "144.6700", "Year Low": "97.5000", "Year Close": "142.4400", "Annual % Change": "45.10%"}, "2014": {"Average Stock Price": "85.2245", "Year Open": "69.2400", "Year High": "100.0900", "Year Low": "68.6100", "Year Close": "98.1700", "Annual % Change": "39.49%"}, "2013": {"Average Stock Price": "53.1642", "Year Open": "37.5600", "Year High": "71.2800", "Year Low": "30.9100", "Year Close": "70.3800", "Annual % Change": "98.87%"}, "2012": {"Average Stock Price": "27.1058", "Year Open": "20.7300", "Year High": "36.9200", "Year Low": "18.6900", "Year Close": "35.3900", "Annual % Change": "71.21%"}, "2011": {"Average Stock Price": "20.1550", "Year Open": "21.6100", "Year High": "22.9700", "Year Low": "16.6300", "Year Close": "20.6700", "Annual % Change": "-6.68%"}, "2010": {"Average Stock Price": "17.5804", "Year Open": "16.1200", "Year High": "22.4000", "Year Low": "14.8300", "Year Close": "22.1500", "Annual % Change": "39.05%"}, "2009": {"Average Stock Price": "14.1629", "Year Open": "16.4500", "Year High": "17.4200", "Year Low": "10.9500", "Year Close": "15.9300", "Annual % Change": "1.01%"}, "2008": {"Average Stock Price": "18.8768", "Year Open": "23.4800", "Year High": "23.5000", "Year Low": "10.8000", "Year Close": "15.7700", "Annual % Change": "-33.29%"}, "2007": {"Average Stock Price": "23.4986", "Year Open": "28.4000", "Year High": "28.4000", "Year Low": "18.9600", "Year Close": "23.6400", "Annual % Change": "-18.54%"}, "2006": {"Average Stock Price": "26.2546", "Year Open": "25.9900", "Year High": "29.0800", "Year Low": "23.4800", "Year Close": "29.0200", "Annual % Change": "10.64%"}, "2005": {"Average Stock Price": "26.3755", "Year Open": "23.2300", "Year High": "30.8300", "Year Low": "22.2500", "Year Close": "26.2300", "Annual % Change": "12.79%"}, "2004": {"Average Stock Price": "18.5113", "Year Open": "16.4500", "Year High": "23.9100", "Year Low": "15.3600", "Year Close": "23.2550", "Annual % Change": "41.24%"}, "2003": {"Average Stock Price": "14.0344", "Year Open": "12.3150", "Year High": "17.2700", "Year Low": "11.0000", "Year Close": "16.4650", "Annual % Change": "38.89%"}, "2002": {"Average Stock Price": "13.2275", "Year Open": "10.6875", "Year High": "16.0000", "Year Low": "10.6875", "Year Close": "11.8550", "Annual % Change": "10.67%"}, "2001": {"Average Stock Price": "9.5223", "Year Open": "7.1250", "Year High": "11.5025", "Year Low": "6.6950", "Year Close": "10.7125", "Annual % Change": "45.87%"}, "2000": {"Average Stock Price": "6.3715", "Year Open": "6.2263", "Year High": "7.3438", "Year Low": "5.3200", "Year Close": "7.3438", "Annual % Change": "15.20%"}, "1999": {"Average Stock Price": "6.7635", "Year Open": "7.1800", "Year High": "7.5625", "Year Low": "5.3675", "Year Close": "6.3750", "Annual % Change": "-11.78%"}, "1998": {"Average Stock Price": "6.2302", "Year Open": "6.9375", "Year High": "7.3288", "Year Low": "4.8288", "Year Close": "7.2263", "Annual % Change": "4.39%"}, "1997": {"Average Stock Price": "4.6155", "Year Open": "3.5163", "Year High": "7.0475", "Year Low": "3.0000", "Year Close": "6.9225", "Annual % Change": "94.32%"}, "1996": {"Average Stock Price": "3.6632", "Year Open": "4.1875", "Year High": "4.9375", "Year Low": "2.1250", "Year Close": "3.5625", "Annual % Change": "-12.66%"}, "1995": {"Average Stock Price": "5.1948", "Year Open": "4.6325", "Year High": "6.5163", "Year Low": "3.7500", "Year Close": "4.0788", "Annual % Change": "-14.13%"}, "1994": {"Average Stock Price": "3.6382", "Year Open": "3.7813", "Year High": "4.7500", "Year Low": "2.6563", "Year Close": "4.7500", "Annual % Change": "20.63%"}, "1993": {"Average Stock Price": "2.5734", "Year Open": "2.1250", "Year High": "3.9688", "Year Low": "1.7500", "Year Close": "3.9375", "Annual % Change": "85.29%"}}}, "market cap": {"value": "$45.34B"}, "income statement": {"Revenue": {"2020-02-29": "8343.50000", "2019-02-28": "8116.00000", "2018-02-28": "7580.30000", "2017-02-28": "7321.10000", "2016-02-29": "6548.40000", "2015-02-28": "6028.00000", "2014-02-28": "4867.70000", "2013-02-28": "2796.10000", "2012-02-29": "2654.30000", "2011-02-28": "3332.00000", "2010-02-28": "3364.80000", "2009-02-28": "3654.60000", "2008-02-29": "3773.00000", "2007-02-28": "5216.40000", "2006-02-28": "4603.50000", "2005-02-28": "4087.60000"}, "Cost Of Goods Sold": {"2020-02-29": "4191.60000", "2019-02-28": "4035.70000", "2018-02-28": "3767.80000", "2017-02-28": "3802.10000", "2016-02-29": "3606.10000", "2015-02-28": "3449.40000", "2014-02-28": "2876.00000", "2013-02-28": "1687.80000", "2012-02-29": "1592.20000", "2011-02-28": "2141.90000", "2010-02-28": "2220.00000", "2009-02-28": "2424.60000", "2008-02-29": "2491.50000", "2007-02-28": "3692.50000", "2006-02-28": "3278.90000", "2005-02-28": "2947.00000"}, "Gross Profit": {"2020-02-29": "4151.90000", "2019-02-28": "4080.30000", "2018-02-28": "3812.50000", "2017-02-28": "3519.00000", "2016-02-29": "2942.30000", "2015-02-28": "2578.60000", "2014-02-28": "1991.70000", "2013-02-28": "1108.30000", "2012-02-29": "1062.10000", "2011-02-28": "1190.10000", "2010-02-28": "1144.80000", "2009-02-28": "1230.00000", "2008-02-29": "1281.50000", "2007-02-28": "1523.90000", "2006-02-28": "1324.60000", "2005-02-28": "1140.60000"}, "Research And Development Expenses": {"2020-02-29": "", "2019-02-28": "", "2018-02-28": "", "2017-02-28": "", "2016-02-29": "", "2015-02-28": "", "2014-02-28": "", "2013-02-28": "", "2012-02-29": "", "2011-02-28": "", "2010-02-28": "", "2009-02-28": "", "2008-02-29": "", "2007-02-28": "", "2006-02-28": "", "2005-02-28": ""}, "SG&A Expenses": {"2020-02-29": "1621.80000", "2019-02-28": "1668.10000", "2018-02-28": "1532.70000", "2017-02-28": "1392.40000", "2016-02-29": "1177.20000", "2015-02-28": "1078.40000", "2014-02-28": "895.10000", "2013-02-28": "585.40000", "2012-02-29": "537.50000", "2011-02-28": "640.90000", "2010-02-28": "682.50000", "2009-02-28": "832.00000", "2008-02-29": "800.80000", "2007-02-28": "768.80000", "2006-02-28": "612.40000", "2005-02-28": "555.70000"}, "Other Operating Income Or Expenses": {"2020-02-29": "-375.60000", "2019-02-28": "", "2018-02-28": "", "2017-02-28": "262.40000", "2016-02-29": "", "2015-02-28": "", "2014-02-28": "1642.00000", "2013-02-28": "", "2012-02-29": "", "2011-02-28": "-23.60000", "2010-02-28": "", "2009-02-28": "", "2008-02-29": "", "2007-02-28": "", "2006-02-28": "", "2005-02-28": ""}, "Operating Expenses": {"2020-02-29": "6189.00000", "2019-02-28": "5703.80000", "2018-02-28": "5300.50000", "2017-02-28": "4932.10000", "2016-02-29": "4783.30000", "2015-02-28": "4527.80000", "2014-02-28": "2430.00000", "2013-02-28": "2273.20000", "2012-02-29": "2167.80000", "2011-02-28": "2829.50000", "2010-02-28": "3053.30000", "2009-02-28": "3625.00000", "2008-02-29": "4123.20000", "2007-02-28": "4517.40000", "2006-02-28": "3937.40000", "2005-02-28": "3519.70000"}, "Operating Income": {"2020-02-29": "2154.50000", "2019-02-28": "2412.20000", "2018-02-28": "2279.80000", "2017-02-28": "2389.00000", "2016-02-29": "1765.10000", "2015-02-28": "1500.20000", "2014-02-28": "2437.70000", "2013-02-28": "522.89990", "2012-02-29": "486.50020", "2011-02-28": "502.50000", "2010-02-28": "311.50000", "2009-02-28": "29.60010", "2008-02-29": "-350.20020", "2007-02-28": "699.00000", "2006-02-28": "666.10010", "2005-02-28": "567.90010"}, "Total Non-Operating Income/Expense": {"2020-02-29": "-3099.70000", "2019-02-28": "1732.80000", "2018-02-28": "58.20000", "2017-02-28": "-306.00000", "2016-02-29": "-263.90000", "2015-02-28": "-320.60000", "2014-02-28": "-235.40000", "2013-02-28": "-6.50000", "2012-02-29": "47.50000", "2011-02-28": "48.50000", "2010-02-28": "-52.20000", "2009-02-28": "-136.40000", "2008-02-29": "-90.40000", "2007-02-28": "-163.70000", "2006-02-28": "-188.80000", "2005-02-28": "-135.90000"}, "Pre-Tax Income": {"2020-02-29": "-945.20000", "2019-02-28": "4145.00000", "2018-02-28": "2338.00000", "2017-02-28": "2083.00000", "2016-02-29": "1501.20000", "2015-02-28": "1179.60000", "2014-02-28": "2202.30000", "2013-02-28": "516.40000", "2012-02-29": "534.00000", "2011-02-28": "551.00000", "2010-02-28": "259.30000", "2009-02-28": "-106.80000", "2008-02-29": "-440.60000", "2007-02-28": "535.30000", "2006-02-28": "477.30000", "2005-02-28": "432.00000"}, "Income Taxes": {"2020-02-29": "-966.60000", "2019-02-28": "685.90000", "2018-02-28": "22.70000", "2017-02-28": "550.30000", "2016-02-29": "440.60000", "2015-02-28": "343.40000", "2014-02-28": "259.20000", "2013-02-28": "128.60000", "2012-02-29": "89.00000", "2011-02-28": "-8.50000", "2010-02-28": "160.00000", "2009-02-28": "194.60000", "2008-02-29": "172.70000", "2007-02-28": "203.40000", "2006-02-28": "152.00000", "2005-02-28": "155.50000"}, "Income After Taxes": {"2020-02-29": "21.40000", "2019-02-28": "3459.10000", "2018-02-28": "2315.30000", "2017-02-28": "1532.70000", "2016-02-29": "1060.60000", "2015-02-28": "836.20000", "2014-02-28": "1943.10000", "2013-02-28": "387.80000", "2012-02-29": "445.00000", "2011-02-28": "559.50000", "2010-02-28": "99.30000", "2009-02-28": "-301.40000", "2008-02-29": "-613.30000", "2007-02-28": "331.90000", "2006-02-28": "325.30000", "2005-02-28": "276.50000"}, "Other Income": {"2020-02-29": "", "2019-02-28": "", "2018-02-28": "", "2017-02-28": "", "2016-02-29": "", "2015-02-28": "", "2014-02-28": "", "2013-02-28": "", "2012-02-29": "", "2011-02-28": "", "2010-02-28": "", "2009-02-28": "", "2008-02-29": "", "2007-02-28": "", "2006-02-28": "", "2005-02-28": ""}, "Income From Continuous Operations": {"2020-02-29": "21.40000", "2019-02-28": "3459.10000", "2018-02-28": "2315.30000", "2017-02-28": "1532.70000", "2016-02-29": "1060.60000", "2015-02-28": "836.20000", "2014-02-28": "1943.10000", "2013-02-28": "387.80000", "2012-02-29": "445.00000", "2011-02-28": "559.50000", "2010-02-28": "99.30000", "2009-02-28": "-301.40000", "2008-02-29": "-613.30000", "2007-02-28": "331.90000", "2006-02-28": "325.30000", "2005-02-28": "276.50000"}, "Income From Discontinued Operations": {"2020-02-29": "", "2019-02-28": "", "2018-02-28": "", "2017-02-28": "", "2016-02-29": "", "2015-02-28": "", "2014-02-28": "", "2013-02-28": "", "2012-02-29": "", "2011-02-28": "", "2010-02-28": "", "2009-02-28": "", "2008-02-29": "", "2007-02-28": "", "2006-02-28": "", "2005-02-28": ""}, "Net Income": {"2020-02-29": "-11.80000", "2019-02-28": "3435.90000", "2018-02-28": "2303.40000", "2017-02-28": "1528.60000", "2016-02-29": "1054.90000", "2015-02-28": "839.30000", "2014-02-28": "1943.10000", "2013-02-28": "387.80000", "2012-02-29": "445.00000", "2011-02-28": "559.50000", "2010-02-28": "99.30000", "2009-02-28": "-301.40000", "2008-02-29": "-613.30000", "2007-02-28": "327.00000", "2006-02-28": "315.50000", "2005-02-28": "266.70000"}, "EBITDA": {"2020-02-29": "2513.80000", "2019-02-28": "2888.70000", "2018-02-28": "2775.00000", "2017-02-28": "2695.60000", "2016-02-29": "1986.10000", "2015-02-28": "1714.40000", "2014-02-28": "2905.50000", "2013-02-28": "643.09990", "2012-02-29": "634.90030", "2011-02-28": "659.90000", "2010-02-28": "570.60000", "2009-02-28": "487.00010", "2008-02-29": "627.89980", "2007-02-28": "838.30000", "2006-02-28": "794.20010", "2005-02-28": "671.60020"}, "EBIT": {"2020-02-29": "2154.50000", "2019-02-28": "2412.20000", "2018-02-28": "2279.80000", "2017-02-28": "2389.00000", "2016-02-29": "1765.10000", "2015-02-28": "1500.20000", "2014-02-28": "2437.70000", "2013-02-28": "522.89990", "2012-02-29": "486.50020", "2011-02-28": "502.50000", "2010-02-28": "311.50000", "2009-02-28": "29.60010", "2008-02-29": "-350.20020", "2007-02-28": "699.00000", "2006-02-28": "666.10010", "2005-02-28": "567.90010"}, "Basic Shares Outstanding": {"2020-02-29": "191.64200", "2019-02-28": "190.57000", "2018-02-28": "194.79300", "2017-02-28": "199.28700", "2016-02-29": "196.74600", "2015-02-28": "192.72200", "2014-02-28": "188.15400", "2013-02-28": "182.19000", "2012-02-29": "204.31400", "2011-02-28": "210.91000", "2010-02-28": "219.83100", "2009-02-28": "217.65900", "2008-02-29": "218.94700", "2007-02-28": "228.80600", "2006-02-28": "220.81100", "2005-02-28": "215.53200"}, "Shares Outstanding": {"2020-02-29": "191.64200", "2019-02-28": "218.85300", "2018-02-28": "224.08100", "2017-02-28": "227.45200", "2016-02-29": "227.18400", "2015-02-28": "224.62100", "2014-02-28": "221.03700", "2013-02-28": "213.83900", "2012-02-29": "232.24500", "2011-02-28": "237.45100", "2010-02-28": "244.94600", "2009-02-28": "217.65900", "2008-02-29": "218.94700", "2007-02-28": "263.61200", "2006-02-28": "262.61100", "2005-02-28": "257.10300"}, "Basic EPS": {"2020-02-29": "-0.07000", "2019-02-28": "18.03000", "2018-02-28": "11.82000", "2017-02-28": "7.67000", "2016-02-29": "5.36000", "2015-02-28": "4.35000", "2014-02-28": "10.33000", "2013-02-28": "2.13000", "2012-02-29": "2.17800", "2011-02-28": "2.65000", "2010-02-28": "0.45000", "2009-02-28": "-1.38000", "2008-02-29": "-2.80000", "2007-02-28": "1.42000", "2006-02-28": "1.43000", "2005-02-28": "1.24000"}, "EPS - Earnings Per Share": {"2020-02-29": "-0.07000", "2019-02-28": "15.70000", "2018-02-28": "10.28000", "2017-02-28": "6.72000", "2016-02-29": "4.64000", "2015-02-28": "3.74000", "2014-02-28": "8.79000", "2013-02-28": "1.81000", "2012-02-29": "1.91600", "2011-02-28": "2.36000", "2010-02-28": "0.41000", "2009-02-28": "-1.38000", "2008-02-29": "-2.80000", "2007-02-28": "1.24000", "2006-02-28": "1.20000", "2005-02-28": "1.04000"}}, "income statement, quarterly": {"Revenue": {"2020-11-30": "2438.10000", "2020-08-31": "2260.40000", "2020-05-31": "1963.40000", "2020-02-29": "1902.90000", "2019-11-30": "1999.40000", "2019-08-31": "2344.00000", "2019-05-31": "2097.20000", "2019-02-28": "1797.20000", "2018-11-30": "1972.60000", "2018-08-31": "2299.10000", "2018-05-31": "2047.10000", "2018-02-28": "1762.00000", "2017-11-30": "1801.90000", "2017-08-31": "2087.90000", "2017-05-31": "1928.50000", "2017-02-28": "1617.60000", "2016-11-30": "1810.50000", "2016-08-31": "2021.20000", "2016-05-31": "1871.80000", "2016-02-29": "1543.20000", "2015-11-30": "1640.50000", "2015-08-31": "1733.40000", "2015-05-31": "1631.30000", "2015-02-28": "1356.20000", "2014-11-30": "1541.70000", "2014-08-31": "1604.10000", "2014-05-31": "1526.00000", "2014-02-28": "1291.20000", "2013-11-30": "1443.30000", "2013-08-31": "1459.80000", "2013-05-31": "673.40000", "2013-02-28": "695.90010", "2012-11-30": "766.90000", "2012-08-31": "698.50000", "2012-05-31": "634.80000", "2012-02-29": "628.10020", "2011-11-30": "700.70000", "2011-08-31": "690.20000", "2011-05-31": "635.30000", "2011-02-28": "715.30000", "2010-11-30": "966.40000", "2010-08-31": "862.80000", "2010-05-31": "787.50000", "2010-02-28": "708.70010", "2009-11-30": "987.70000", "2009-08-31": "876.80000", "2009-05-31": "791.60000", "2009-02-28": "735.10020", "2008-11-30": "1031.20000", "2008-08-31": "956.50000", "2008-05-31": "931.80000", "2008-02-29": "884.40000", "2007-11-30": "1094.80000", "2007-08-31": "892.60000", "2007-05-31": "901.20000", "2007-02-28": "1142.20000", "2006-11-30": "1500.80000", "2006-08-31": "1417.50000", "2006-05-31": "1155.90000", "2006-02-28": "1047.90000", "2005-11-30": "1267.10000", "2005-08-31": "1192.00000", "2005-05-31": "1096.50000", "2005-02-28": "1037.64300"}, "Cost Of Goods Sold": {"2020-11-30": "1169.90000", "2020-08-31": "1044.60000", "2020-05-31": "975.10000", "2020-02-29": "953.10020", "2019-11-30": "1011.90000", "2019-08-31": "1158.10000", "2019-05-31": "1068.50000", "2019-02-28": "903.70010", "2018-11-30": "1002.60000", "2018-08-31": "1130.90000", "2018-05-31": "998.50000", "2018-02-28": "916.80020", "2017-11-30": "891.60000", "2017-08-31": "1019.20000", "2017-05-31": "940.20000", "2017-02-28": "840.30000", "2016-11-30": "919.10000", "2016-08-31": "1052.20000", "2016-05-31": "990.50000", "2016-02-29": "847.10000", "2015-11-30": "907.00000", "2015-08-31": "957.80000", "2015-05-31": "894.20000", "2015-02-28": "758.59990", "2014-11-30": "902.80000", "2014-08-31": "932.10000", "2014-05-31": "855.90000", "2014-02-28": "742.30010", "2013-11-30": "833.60000", "2013-08-31": "882.80000", "2013-05-31": "417.30000", "2013-02-28": "434.10000", "2012-11-30": "456.10000", "2012-08-31": "413.40000", "2012-05-31": "384.20000", "2012-02-29": "382.89990", "2011-11-30": "417.80000", "2011-08-31": "407.20000", "2011-05-31": "384.30000", "2011-02-28": "461.29990", "2010-11-30": "614.50000", "2010-08-31": "548.60000", "2010-05-31": "517.50000", "2010-02-28": "486.30000", "2009-11-30": "643.60000", "2009-08-31": "567.20000", "2009-05-31": "522.90000", "2009-02-28": "543.90020", "2008-11-30": "627.20000", "2008-08-31": "650.70000", "2008-05-31": "602.80000", "2008-02-29": "572.70000", "2007-11-30": "702.90000", "2007-08-31": "582.90000", "2007-05-31": "633.00000", "2007-02-28": "796.90000", "2006-11-30": "1055.60000", "2006-08-31": "1002.70000", "2006-05-31": "837.30000", "2006-02-28": "761.50000", "2005-11-30": "882.90000", "2005-08-31": "844.00000", "2005-05-31": "790.50000", "2005-02-28": "750.85210"}, "Gross Profit": {"2020-11-30": "1268.20000", "2020-08-31": "1215.80000", "2020-05-31": "988.30000", "2020-02-29": "949.79990", "2019-11-30": "987.50000", "2019-08-31": "1185.90000", "2019-05-31": "1028.70000", "2019-02-28": "893.49980", "2018-11-30": "970.00000", "2018-08-31": "1168.20000", "2018-05-31": "1048.60000", "2018-02-28": "845.19980", "2017-11-30": "910.30000", "2017-08-31": "1068.70000", "2017-05-31": "988.30000", "2017-02-28": "777.30000", "2016-11-30": "891.40000", "2016-08-31": "969.00000", "2016-05-31": "881.30000", "2016-02-29": "696.09990", "2015-11-30": "733.50000", "2015-08-31": "775.60000", "2015-05-31": "737.10000", "2015-02-28": "597.59990", "2014-11-30": "638.90000", "2014-08-31": "672.00000", "2014-05-31": "670.10000", "2014-02-28": "548.90000", "2013-11-30": "609.70010", "2013-08-31": "577.00010", "2013-05-31": "256.10000", "2013-02-28": "261.80000", "2012-11-30": "310.80000", "2012-08-31": "285.10000", "2012-05-31": "250.60000", "2012-02-29": "245.20030", "2011-11-30": "282.90000", "2011-08-31": "283.00000", "2011-05-31": "251.00000", "2011-02-28": "254.00010", "2010-11-30": "351.90000", "2010-08-31": "314.20000", "2010-05-31": "270.00000", "2010-02-28": "222.40010", "2009-11-30": "344.10000", "2009-08-31": "309.60000", "2009-05-31": "268.70000", "2009-02-28": "191.20000", "2008-11-30": "403.99990", "2008-08-31": "305.80000", "2008-05-31": "329.00000", "2008-02-29": "311.70000", "2007-11-30": "391.90000", "2007-08-31": "309.70000", "2007-05-31": "268.20000", "2007-02-28": "345.29990", "2006-11-30": "445.20010", "2006-08-31": "414.80000", "2006-05-31": "318.60000", "2006-02-28": "286.39990", "2005-11-30": "384.20000", "2005-08-31": "348.00000", "2005-05-31": "306.00000", "2005-02-28": "286.79100"}, "Research And Development Expenses": {"2020-11-30": "", "2020-08-31": "", "2020-05-31": "", "2020-02-29": "", "2019-11-30": "", "2019-08-31": "", "2019-05-31": "", "2019-02-28": "", "2018-11-30": "", "2018-08-31": "", "2018-05-31": "", "2018-02-28": "", "2017-11-30": "", "2017-08-31": "", "2017-05-31": "", "2017-02-28": "", "2016-11-30": "", "2016-08-31": "", "2016-05-31": "", "2016-02-29": "", "2015-11-30": "", "2015-08-31": "", "2015-05-31": "", "2015-02-28": "", "2014-11-30": "", "2014-08-31": "", "2014-05-31": "", "2014-02-28": "", "2013-11-30": "", "2013-08-31": "", "2013-05-31": "", "2013-02-28": "", "2012-11-30": "", "2012-08-31": "", "2012-05-31": "", "2012-02-29": "", "2011-11-30": "", "2011-08-31": "", "2011-05-31": "", "2011-02-28": "", "2010-11-30": "", "2010-08-31": "", "2010-05-31": "", "2010-02-28": "", "2009-11-30": "", "2009-08-31": "", "2009-05-31": "", "2009-02-28": "", "2008-11-30": "", "2008-08-31": "", "2008-05-31": "", "2008-02-29": "", "2007-11-30": "", "2007-08-31": "", "2007-05-31": "", "2007-02-28": "", "2006-11-30": "", "2006-08-31": "", "2006-05-31": "", "2006-02-28": "", "2005-11-30": "", "2005-08-31": "", "2005-05-31": "", "2005-02-28": ""}, "SG&A Expenses": {"2020-11-30": "463.80000", "2020-08-31": "399.10000", "2020-05-31": "353.30000", "2020-02-29": "370.10000", "2019-11-30": "406.30000", "2019-08-31": "439.40000", "2019-05-31": "406.00000", "2019-02-28": "428.20000", "2018-11-30": "413.50000", "2018-08-31": "403.20000", "2018-05-31": "423.20000", "2018-02-28": "333.40000", "2017-11-30": "420.70000", "2017-08-31": "351.40000", "2017-05-31": "427.20000", "2017-02-28": "348.30000", "2016-11-30": "357.40000", "2016-08-31": "358.10000", "2016-05-31": "328.60000", "2016-02-29": "284.99990", "2015-11-30": "286.20000", "2015-08-31": "296.20000", "2015-05-31": "309.80000", "2015-02-28": "243.90010", "2014-11-30": "263.30000", "2014-08-31": "293.30000", "2014-05-31": "277.90000", "2014-02-28": "219.49990", "2013-11-30": "245.90000", "2013-08-31": "244.10000", "2013-05-31": "185.60000", "2013-02-28": "134.90000", "2012-11-30": "152.00000", "2012-08-31": "154.50000", "2012-05-31": "144.00000", "2012-02-29": "139.30000", "2011-11-30": "121.80000", "2011-08-31": "138.20000", "2011-05-31": "138.20000", "2011-02-28": "128.70000", "2010-11-30": "176.10000", "2010-08-31": "167.30000", "2010-05-31": "168.80000", "2010-02-28": "148.20000", "2009-11-30": "202.90000", "2009-08-31": "166.30000", "2009-05-31": "165.10000", "2009-02-28": "172.80000", "2008-11-30": "200.50000", "2008-08-31": "225.20000", "2008-05-31": "233.50000", "2008-02-29": "220.59990", "2007-11-30": "192.10000", "2007-08-31": "190.50000", "2007-05-31": "197.60000", "2007-02-28": "194.00000", "2006-11-30": "197.80000", "2006-08-31": "204.40000", "2006-05-31": "172.60000", "2006-02-28": "133.90010", "2005-11-30": "156.90000", "2005-08-31": "163.70000", "2005-05-31": "157.90000", "2005-02-28": "154.58400"}, "Other Operating Income Or Expenses": {"2020-11-30": "-21.30000", "2020-08-31": "22.00000", "2020-05-31": "-25.00000", "2020-02-29": "-34.60000", "2019-11-30": "-314.00000", "2019-08-31": "-27.00000", "2019-05-31": "", "2019-02-28": "", "2018-11-30": "", "2018-08-31": "", "2018-05-31": "", "2018-02-28": "", "2017-11-30": "", "2017-08-31": "", "2017-05-31": "", "2017-02-28": "", "2016-11-30": "", "2016-08-31": "", "2016-05-31": "", "2016-02-29": "", "2015-11-30": "", "2015-08-31": "", "2015-05-31": "", "2015-02-28": "", "2014-11-30": "", "2014-08-31": "", "2014-05-31": "", "2014-02-28": "", "2013-11-30": "", "2013-08-31": "", "2013-05-31": "", "2013-02-28": "", "2012-11-30": "", "2012-08-31": "", "2012-05-31": "", "2012-02-29": "", "2011-11-30": "", "2011-08-31": "", "2011-05-31": "", "2011-02-28": "-16.70000", "2010-11-30": "-6.90000", "2010-08-31": "", "2010-05-31": "", "2010-02-28": "", "2009-11-30": "0.00000", "2009-08-31": "", "2009-05-31": "", "2009-02-28": "", "2008-11-30": "", "2008-08-31": "-21.80000", "2008-05-31": "", "2008-02-29": "", "2007-11-30": "", "2007-08-31": "", "2007-05-31": "", "2007-02-28": "", "2006-11-30": "", "2006-08-31": "", "2006-05-31": "", "2006-02-28": "", "2005-11-30": "", "2005-08-31": "", "2005-05-31": "", "2005-02-28": ""}, "Operating Expenses": {"2020-11-30": "1655.00000", "2020-08-31": "1421.70000", "2020-05-31": "1353.40000", "2020-02-29": "1357.80100", "2019-11-30": "1732.20000", "2019-08-31": "1624.50000", "2019-05-31": "1474.50000", "2019-02-28": "1331.90000", "2018-11-30": "1416.10000", "2018-08-31": "1534.10000", "2018-05-31": "1421.70000", "2018-02-28": "1250.20000", "2017-11-30": "1312.30000", "2017-08-31": "1370.60000", "2017-05-31": "1367.40000", "2017-02-28": "926.20030", "2016-11-30": "1276.50000", "2016-08-31": "1410.30000", "2016-05-31": "1319.10000", "2016-02-29": "1132.10000", "2015-11-30": "1193.20000", "2015-08-31": "1254.00000", "2015-05-31": "1204.00000", "2015-02-28": "1002.50000", "2014-11-30": "1166.10000", "2014-08-31": "1225.40000", "2014-05-31": "1133.80000", "2014-02-28": "961.80000", "2013-11-30": "1079.50000", "2013-08-31": "-214.20000", "2013-05-31": "602.90000", "2013-02-28": "568.50020", "2012-11-30": "608.10000", "2012-08-31": "567.90000", "2012-05-31": "528.70000", "2012-02-29": "548.69980", "2011-11-30": "540.40000", "2011-08-31": "545.10000", "2011-05-31": "533.60000", "2011-02-28": "612.40000", "2010-11-30": "796.30000", "2010-08-31": "729.60000", "2010-05-31": "691.20000", "2010-02-28": "758.10020", "2009-11-30": "851.60000", "2009-08-31": "736.70000", "2009-05-31": "706.90000", "2009-02-28": "1015.40000", "2008-11-30": "833.50000", "2008-08-31": "935.00000", "2008-05-31": "841.10000", "2008-02-29": "1618.30000", "2007-11-30": "896.50000", "2007-08-31": "775.40000", "2007-05-31": "833.00000", "2007-02-28": "1003.30000", "2006-11-30": "1265.00000", "2006-08-31": "1236.20000", "2006-05-31": "1012.90000", "2006-02-28": "917.19960", "2005-11-30": "1045.70000", "2005-08-31": "1017.80000", "2005-05-31": "956.70000", "2005-02-28": "918.01010"}, "Operating Income": {"2020-11-30": "783.10010", "2020-08-31": "838.70000", "2020-05-31": "610.00010", "2020-02-29": "545.09940", "2019-11-30": "267.20010", "2019-08-31": "719.50000", "2019-05-31": "622.70000", "2019-02-28": "465.30020", "2018-11-30": "556.50000", "2018-08-31": "765.00000", "2018-05-31": "625.40000", "2018-02-28": "511.79990", "2017-11-30": "489.60000", "2017-08-31": "717.29990", "2017-05-31": "561.10000", "2017-02-28": "691.39980", "2016-11-30": "534.00000", "2016-08-31": "610.90000", "2016-05-31": "552.70010", "2016-02-29": "411.10010", "2015-11-30": "447.30000", "2015-08-31": "479.40000", "2015-05-31": "427.30000", "2015-02-28": "353.70000", "2014-11-30": "375.60000", "2014-08-31": "378.70010", "2014-05-31": "392.20000", "2014-02-28": "329.40000", "2013-11-30": "363.80000", "2013-08-31": "1674.00000", "2013-05-31": "70.50000", "2013-02-28": "127.39990", "2012-11-30": "158.80000", "2012-08-31": "130.60000", "2012-05-31": "106.10000", "2012-02-29": "79.40030", "2011-11-30": "160.30000", "2011-08-31": "145.10000", "2011-05-31": "101.70000", "2011-02-28": "102.90010", "2010-11-30": "170.10000", "2010-08-31": "133.20000", "2010-05-31": "96.30000", "2010-02-28": "-49.40020", "2009-11-30": "136.10000", "2009-08-31": "140.10000", "2009-05-31": "84.70000", "2009-02-28": "-280.29990", "2008-11-30": "197.70000", "2008-08-31": "21.50000", "2008-05-31": "90.70000", "2008-02-29": "-733.90030", "2007-11-30": "198.30000", "2007-08-31": "117.20000", "2007-05-31": "68.20000", "2007-02-28": "138.89990", "2006-11-30": "235.80000", "2006-08-31": "181.30000", "2006-05-31": "143.00000", "2006-02-28": "130.70030", "2005-11-30": "221.39990", "2005-08-31": "174.20000", "2005-05-31": "139.80000", "2005-02-28": "119.63300"}, "Total Non-Operating Income/Expense": {"2020-11-30": "685.50000", "2020-08-31": "-181.50000", "2020-05-31": "-678.20000", "2020-02-29": "-56.20020", "2019-11-30": "-559.60000", "2019-08-31": "-1438.70000", "2019-05-31": "-1045.20000", "2019-02-28": "1064.90000", "2018-11-30": "-209.10000", "2018-08-31": "600.40000", "2018-05-31": "276.60000", "2018-02-28": "72.70000", "2017-11-30": "157.40000", "2017-08-31": "-83.20000", "2017-05-31": "-88.70000", "2017-02-28": "-77.90000", "2016-11-30": "-50.10000", "2016-08-31": "-94.10000", "2016-05-31": "-83.90000", "2016-02-29": "-60.90000", "2015-11-30": "-48.30000", "2015-08-31": "-78.20000", "2015-05-31": "-76.50000", "2015-02-28": "-79.90000", "2014-11-30": "-64.80000", "2014-08-31": "-90.00000", "2014-05-31": "-85.90000", "2014-02-28": "-89.00000", "2013-11-30": "-71.60000", "2013-08-31": "-86.60000", "2013-05-31": "11.80000", "2013-02-28": "-20.60000", "2012-11-30": "-8.90000", "2012-08-31": "15.90000", "2012-05-31": "7.10000", "2012-02-29": "1.10000", "2011-11-30": "7.00000", "2011-08-31": "21.50000", "2011-05-31": "17.90000", "2011-02-28": "4.10000", "2010-11-30": "22.30000", "2010-08-31": "16.10000", "2010-05-31": "6.00000", "2010-02-28": "-20.80000", "2009-11-30": "-30.90000", "2009-08-31": "5.10000", "2009-05-31": "-5.60000", "2009-02-28": "-109.20000", "2008-11-30": "-2.10000", "2008-08-31": "-10.60000", "2008-05-31": "-14.50000", "2008-02-29": "-71.70000", "2007-11-30": "-8.20000", "2007-08-31": "-6.60000", "2007-05-31": "-3.90000", "2007-02-28": "-35.20000", "2006-11-30": "-62.70000", "2006-08-31": "-69.70000", "2006-05-31": "3.90000", "2006-02-28": "-52.20000", "2005-11-30": "-41.60000", "2005-08-31": "-47.20000", "2005-05-31": "-47.80000", "2005-02-28": "-45.18900"}, "Pre-Tax Income": {"2020-11-30": "1468.60000", "2020-08-31": "657.20000", "2020-05-31": "-68.20000", "2020-02-29": "488.90000", "2019-11-30": "-292.40000", "2019-08-31": "-719.20000", "2019-05-31": "-422.50000", "2019-02-28": "1530.20000", "2018-11-30": "347.40000", "2018-08-31": "1365.40000", "2018-05-31": "902.00000", "2018-02-28": "584.50000", "2017-11-30": "647.00000", "2017-08-31": "634.10000", "2017-05-31": "472.40000", "2017-02-28": "613.50010", "2016-11-30": "483.90000", "2016-08-31": "516.80000", "2016-05-31": "468.80000", "2016-02-29": "350.20000", "2015-11-30": "399.00000", "2015-08-31": "401.20000", "2015-05-31": "350.80000", "2015-02-28": "273.80000", "2014-11-30": "310.80000", "2014-08-31": "288.70000", "2014-05-31": "306.30000", "2014-02-28": "240.40010", "2013-11-30": "292.20000", "2013-08-31": "1587.40000", "2013-05-31": "82.30000", "2013-02-28": "106.80000", "2012-11-30": "149.90000", "2012-08-31": "146.50000", "2012-05-31": "113.20000", "2012-02-29": "80.50000", "2011-11-30": "167.30000", "2011-08-31": "166.60000", "2011-05-31": "119.60000", "2011-02-28": "107.00000", "2010-11-30": "192.40000", "2010-08-31": "149.30000", "2010-05-31": "102.30000", "2010-02-28": "-70.20000", "2009-11-30": "105.20000", "2009-08-31": "145.20000", "2009-05-31": "79.10000", "2009-02-28": "-389.50000", "2008-11-30": "195.60000", "2008-08-31": "10.90000", "2008-05-31": "76.20000", "2008-02-29": "-805.60000", "2007-11-30": "190.10000", "2007-08-31": "110.60000", "2007-05-31": "64.30000", "2007-02-28": "103.70000", "2006-11-30": "173.10000", "2006-08-31": "111.60000", "2006-05-31": "146.90000", "2006-02-28": "78.50000", "2005-11-30": "179.80000", "2005-08-31": "127.00000", "2005-05-31": "92.00000", "2005-02-28": "74.44400"}, "Income Taxes": {"2020-11-30": "176.60000", "2020-08-31": "135.40000", "2020-05-31": "104.40000", "2020-02-29": "79.90000", "2019-11-30": "-658.90000", "2019-08-31": "-202.20000", "2019-05-31": "-185.40000", "2019-02-28": "280.80000", "2018-11-30": "35.30000", "2018-08-31": "214.10000", "2018-05-31": "155.70000", "2018-02-28": "-329.30000", "2017-11-30": "150.60000", "2017-08-31": "130.00000", "2017-05-31": "71.40000", "2017-02-28": "158.10000", "2016-11-30": "78.90000", "2016-08-31": "163.60000", "2016-05-31": "149.70000", "2016-02-29": "104.90000", "2015-11-30": "128.00000", "2015-08-31": "97.10000", "2015-05-31": "110.60000", "2015-02-28": "62.30000", "2014-11-30": "88.60000", "2014-08-31": "92.90000", "2014-05-31": "99.60000", "2014-02-28": "83.20000", "2013-11-30": "81.20000", "2013-08-31": "65.40000", "2013-05-31": "29.40000", "2013-02-28": "25.10000", "2012-11-30": "40.40000", "2012-08-31": "21.90000", "2012-05-31": "41.20000", "2012-02-29": "-22.50000", "2011-11-30": "62.50000", "2011-08-31": "3.90000", "2011-05-31": "45.10000", "2011-02-28": "-172.80000", "2010-11-30": "53.10000", "2010-08-31": "58.00000", "2010-05-31": "53.20000", "2010-02-28": "-19.20000", "2009-11-30": "61.10000", "2009-08-31": "45.50000", "2009-05-31": "72.60000", "2009-02-28": "17.30000", "2008-11-30": "112.10000", "2008-08-31": "33.60000", "2008-05-31": "31.60000", "2008-02-29": "29.20000", "2007-11-30": "70.50000", "2007-08-31": "38.50000", "2007-05-31": "34.50000", "2007-02-28": "33.50000", "2006-11-30": "65.30000", "2006-08-31": "43.20000", "2006-05-31": "61.40000", "2006-02-28": "20.30000", "2005-11-30": "70.80000", "2005-08-31": "44.60000", "2005-05-31": "16.30000", "2005-02-28": "26.78000"}, "Income After Taxes": {"2020-11-30": "1292.00000", "2020-08-31": "521.80000", "2020-05-31": "-172.60000", "2020-02-29": "408.99990", "2019-11-30": "366.50000", "2019-08-31": "-517.00000", "2019-05-31": "-237.10000", "2019-02-28": "1249.40000", "2018-11-30": "312.10000", "2018-08-31": "1151.30000", "2018-05-31": "746.30000", "2018-02-28": "913.80000", "2017-11-30": "496.40000", "2017-08-31": "504.10000", "2017-05-31": "401.00000", "2017-02-28": "455.40000", "2016-11-30": "405.00000", "2016-08-31": "353.20000", "2016-05-31": "319.10000", "2016-02-29": "245.30000", "2015-11-30": "271.00000", "2015-08-31": "304.10000", "2015-05-31": "240.20000", "2015-02-28": "211.50000", "2014-11-30": "222.20000", "2014-08-31": "195.80000", "2014-05-31": "206.70000", "2014-02-28": "157.20010", "2013-11-30": "211.00000", "2013-08-31": "1522.00000", "2013-05-31": "52.90000", "2013-02-28": "81.70000", "2012-11-30": "109.50000", "2012-08-31": "124.60000", "2012-05-31": "72.00000", "2012-02-29": "103.00000", "2011-11-30": "104.80000", "2011-08-31": "162.70000", "2011-05-31": "74.50000", "2011-02-28": "279.80000", "2010-11-30": "139.30000", "2010-08-31": "91.30000", "2010-05-31": "49.10000", "2010-02-28": "-51.00000", "2009-11-30": "44.10000", "2009-08-31": "99.70000", "2009-05-31": "6.50000", "2009-02-28": "-406.80000", "2008-11-30": "83.50000", "2008-08-31": "-22.70000", "2008-05-31": "44.60000", "2008-02-29": "-834.80000", "2007-11-30": "119.60000", "2007-08-31": "72.10000", "2007-05-31": "29.80000", "2007-02-28": "70.20000", "2006-11-30": "107.80000", "2006-08-31": "68.40000", "2006-05-31": "85.50000", "2006-02-28": "58.20000", "2005-11-30": "109.00000", "2005-08-31": "82.40000", "2005-05-31": "75.70000", "2005-02-28": "47.66400"}, "Other Income": {"2020-11-30": "", "2020-08-31": "", "2020-05-31": "", "2020-02-29": "", "2019-11-30": "", "2019-08-31": "", "2019-05-31": "", "2019-02-28": "", "2018-11-30": "", "2018-08-31": "", "2018-05-31": "", "2018-02-28": "", "2017-11-30": "", "2017-08-31": "", "2017-05-31": "", "2017-02-28": "", "2016-11-30": "", "2016-08-31": "", "2016-05-31": "", "2016-02-29": "", "2015-11-30": "", "2015-08-31": "", "2015-05-31": "", "2015-02-28": "", "2014-11-30": "", "2014-08-31": "", "2014-05-31": "", "2014-02-28": "", "2013-11-30": "", "2013-08-31": "", "2013-05-31": "", "2013-02-28": "", "2012-11-30": "", "2012-08-31": "", "2012-05-31": "", "2012-02-29": "", "2011-11-30": "", "2011-08-31": "", "2011-05-31": "", "2011-02-28": "", "2010-11-30": "", "2010-08-31": "", "2010-05-31": "", "2010-02-28": "", "2009-11-30": "", "2009-08-31": "", "2009-05-31": "", "2009-02-28": "", "2008-11-30": "", "2008-08-31": "", "2008-05-31": "", "2008-02-29": "", "2007-11-30": "", "2007-08-31": "", "2007-05-31": "", "2007-02-28": "", "2006-11-30": "", "2006-08-31": "", "2006-05-31": "", "2006-02-28": "", "2005-11-30": "", "2005-08-31": "", "2005-05-31": "", "2005-02-28": ""}, "Income From Continuous Operations": {"2020-11-30": "1292.00000", "2020-08-31": "521.80000", "2020-05-31": "-172.60000", "2020-02-29": "408.99990", "2019-11-30": "366.50000", "2019-08-31": "-517.00000", "2019-05-31": "-237.10000", "2019-02-28": "1249.40000", "2018-11-30": "312.10000", "2018-08-31": "1151.30000", "2018-05-31": "746.30000", "2018-02-28": "913.80000", "2017-11-30": "496.40000", "2017-08-31": "504.10000", "2017-05-31": "401.00000", "2017-02-28": "455.40000", "2016-11-30": "405.00000", "2016-08-31": "353.20000", "2016-05-31": "319.10000", "2016-02-29": "245.30000", "2015-11-30": "271.00000", "2015-08-31": "304.10000", "2015-05-31": "240.20000", "2015-02-28": "211.50000", "2014-11-30": "222.20000", "2014-08-31": "195.80000", "2014-05-31": "206.70000", "2014-02-28": "157.20010", "2013-11-30": "211.00000", "2013-08-31": "1522.00000", "2013-05-31": "52.90000", "2013-02-28": "81.70000", "2012-11-30": "109.50000", "2012-08-31": "124.60000", "2012-05-31": "72.00000", "2012-02-29": "103.00000", "2011-11-30": "104.80000", "2011-08-31": "162.70000", "2011-05-31": "74.50000", "2011-02-28": "279.80000", "2010-11-30": "139.30000", "2010-08-31": "91.30000", "2010-05-31": "49.10000", "2010-02-28": "-51.00000", "2009-11-30": "44.10000", "2009-08-31": "99.70000", "2009-05-31": "6.50000", "2009-02-28": "-406.80000", "2008-11-30": "83.50000", "2008-08-31": "-22.70000", "2008-05-31": "44.60000", "2008-02-29": "-834.80000", "2007-11-30": "119.60000", "2007-08-31": "72.10000", "2007-05-31": "29.80000", "2007-02-28": "70.20000", "2006-11-30": "107.80000", "2006-08-31": "68.40000", "2006-05-31": "85.50000", "2006-02-28": "58.20000", "2005-11-30": "109.00000", "2005-08-31": "82.40000", "2005-05-31": "75.70000", "2005-02-28": "47.66400"}, "Income From Discontinued Operations": {"2020-11-30": "", "2020-08-31": "", "2020-05-31": "", "2020-02-29": "", "2019-11-30": "", "2019-08-31": "", "2019-05-31": "", "2019-02-28": "", "2018-11-30": "", "2018-08-31": "", "2018-05-31": "", "2018-02-28": "", "2017-11-30": "", "2017-08-31": "", "2017-05-31": "", "2017-02-28": "", "2016-11-30": "", "2016-08-31": "", "2016-05-31": "", "2016-02-29": "", "2015-11-30": "", "2015-08-31": "", "2015-05-31": "", "2015-02-28": "", "2014-11-30": "", "2014-08-31": "", "2014-05-31": "", "2014-02-28": "", "2013-11-30": "", "2013-08-31": "", "2013-05-31": "", "2013-02-28": "", "2012-11-30": "", "2012-08-31": "", "2012-05-31": "", "2012-02-29": "", "2011-11-30": "", "2011-08-31": "", "2011-05-31": "", "2011-02-28": "", "2010-11-30": "", "2010-08-31": "", "2010-05-31": "", "2010-02-28": "", "2009-11-30": "", "2009-08-31": "", "2009-05-31": "", "2009-02-28": "", "2008-11-30": "", "2008-08-31": "", "2008-05-31": "", "2008-02-29": "", "2007-11-30": "", "2007-08-31": "", "2007-05-31": "", "2007-02-28": "", "2006-11-30": "", "2006-08-31": "", "2006-05-31": "", "2006-02-28": "", "2005-11-30": "", "2005-08-31": "", "2005-05-31": "", "2005-02-28": ""}, "Net Income": {"2020-11-30": "1280.90000", "2020-08-31": "512.10000", "2020-05-31": "-177.90000", "2020-02-29": "398.40000", "2019-11-30": "360.40000", "2019-08-31": "-525.20000", "2019-05-31": "-245.40000", "2019-02-28": "1239.50000", "2018-11-30": "303.10000", "2018-08-31": "1149.50000", "2018-05-31": "743.80000", "2018-02-28": "910.49990", "2017-11-30": "492.80000", "2017-08-31": "501.60000", "2017-05-31": "398.50000", "2017-02-28": "445.49990", "2016-11-30": "405.90000", "2016-08-31": "358.90000", "2016-05-31": "318.30000", "2016-02-29": "243.40000", "2015-11-30": "270.50000", "2015-08-31": "302.40000", "2015-05-31": "238.60000", "2015-02-28": "214.60000", "2014-11-30": "222.20000", "2014-08-31": "195.80000", "2014-05-31": "206.70000", "2014-02-28": "157.20000", "2013-11-30": "211.00000", "2013-08-31": "1522.00000", "2013-05-31": "52.90000", "2013-02-28": "81.70000", "2012-11-30": "109.50000", "2012-08-31": "124.60000", "2012-05-31": "72.00000", "2012-02-29": "103.00000", "2011-11-30": "104.80000", "2011-08-31": "162.70000", "2011-05-31": "74.50000", "2011-02-28": "279.80000", "2010-11-30": "139.30000", "2010-08-31": "91.30000", "2010-05-31": "49.10000", "2010-02-28": "-51.00000", "2009-11-30": "44.10000", "2009-08-31": "99.70000", "2009-05-31": "6.50000", "2009-02-28": "-406.80000", "2008-11-30": "83.50000", "2008-08-31": "-22.70000", "2008-05-31": "44.60000", "2008-02-29": "-834.79990", "2007-11-30": "119.60000", "2007-08-31": "72.10000", "2007-05-31": "29.80000", "2007-02-28": "70.20000", "2006-11-30": "107.80000", "2006-08-31": "66.00000", "2006-05-31": "83.00000", "2006-02-28": "55.80000", "2005-11-30": "106.50000", "2005-08-31": "80.00000", "2005-05-31": "73.20000", "2005-02-28": "45.21700"}, "EBITDA": {"2020-11-30": "878.60010", "2020-08-31": "913.10000", "2020-05-31": "681.00010", "2020-02-29": "627.19930", "2019-11-30": "361.40010", "2019-08-31": "815.90000", "2019-05-31": "709.29990", "2019-02-28": "661.40010", "2018-11-30": "656.20000", "2018-08-31": "861.50000", "2018-05-31": "709.60000", "2018-02-28": "673.79990", "2017-11-30": "592.20000", "2017-08-31": "789.59990", "2017-05-31": "719.40000", "2017-02-28": "804.69980", "2016-11-30": "600.70000", "2016-08-31": "674.30000", "2016-05-31": "615.90010", "2016-02-29": "460.40010", "2015-11-30": "501.40010", "2015-08-31": "539.10000", "2015-05-31": "485.20000", "2015-02-28": "404.29990", "2014-11-30": "430.40000", "2014-08-31": "435.40010", "2014-05-31": "444.30000", "2014-02-28": "374.70000", "2013-11-30": "409.20000", "2013-08-31": "3662.40000", "2013-05-31": "101.20000", "2013-02-28": "159.09990", "2012-11-30": "190.10010", "2012-08-31": "158.30000", "2012-05-31": "135.60000", "2012-02-29": "147.20030", "2011-11-30": "188.60010", "2011-08-31": "170.50000", "2011-05-31": "128.60000", "2011-02-28": "150.50010", "2010-11-30": "211.60000", "2010-08-31": "166.90000", "2010-05-31": "130.90000", "2010-02-28": "89.29990", "2009-11-30": "173.40000", "2009-08-31": "186.00000", "2009-05-31": "121.89990", "2009-02-28": "36.10010", "2008-11-30": "231.70000", "2008-08-31": "84.30000", "2008-05-31": "134.90000", "2008-02-29": "126.69970", "2007-11-30": "238.80000", "2007-08-31": "155.50000", "2007-05-31": "106.90000", "2007-02-28": "179.99990", "2006-11-30": "271.80000", "2006-08-31": "214.80000", "2006-05-31": "171.70000", "2006-02-28": "166.50030", "2005-11-30": "255.59990", "2005-08-31": "203.00000", "2005-05-31": "169.10000", "2005-02-28": "149.66800"}, "EBIT": {"2020-11-30": "783.10010", "2020-08-31": "838.70000", "2020-05-31": "610.00010", "2020-02-29": "545.09950", "2019-11-30": "267.20010", "2019-08-31": "719.50000", "2019-05-31": "622.70000", "2019-02-28": "465.30020", "2018-11-30": "556.50000", "2018-08-31": "765.00000", "2018-05-31": "625.40000", "2018-02-28": "511.79990", "2017-11-30": "489.60000", "2017-08-31": "717.29990", "2017-05-31": "561.10000", "2017-02-28": "691.39990", "2016-11-30": "534.00000", "2016-08-31": "610.90000", "2016-05-31": "552.70010", "2016-02-29": "411.10000", "2015-11-30": "447.30000", "2015-08-31": "479.40000", "2015-05-31": "427.30000", "2015-02-28": "353.70020", "2014-11-30": "375.60000", "2014-08-31": "378.70010", "2014-05-31": "392.20000", "2014-02-28": "-1312.60000", "2013-11-30": "363.80000", "2013-08-31": "3316.00000", "2013-05-31": "70.50000", "2013-02-28": "127.39990", "2012-11-30": "158.80000", "2012-08-31": "130.60000", "2012-05-31": "106.10000", "2012-02-29": "79.40020", "2011-11-30": "160.30000", "2011-08-31": "145.10000", "2011-05-31": "101.70000", "2011-02-28": "102.90000", "2010-11-30": "170.10000", "2010-08-31": "133.20000", "2010-05-31": "96.30000", "2010-02-28": "-49.40000", "2009-11-30": "136.10000", "2009-08-31": "140.10000", "2009-05-31": "84.70000", "2009-02-28": "-280.29990", "2008-11-30": "197.70000", "2008-08-31": "21.50000", "2008-05-31": "90.70000", "2008-02-29": "-733.90020", "2007-11-30": "198.30000", "2007-08-31": "117.20000", "2007-05-31": "68.20000", "2007-02-28": "138.89990", "2006-11-30": "235.80000", "2006-08-31": "181.30000", "2006-05-31": "143.00000", "2006-02-28": "130.70020", "2005-11-30": "221.39990", "2005-08-31": "174.20000", "2005-05-31": "139.80000", "2005-02-28": "119.63300"}, "Basic Shares Outstanding": {"2020-11-30": "193.84500", "2020-08-31": "193.36200", "2020-05-31": "192.89700", "2020-02-29": "191.64200", "2019-11-30": "191.66000", "2019-08-31": "191.62600", "2019-05-31": "191.43500", "2019-02-28": "190.57000", "2018-11-30": "189.68200", "2018-08-31": "190.49500", "2018-05-31": "191.38900", "2018-02-28": "194.79300", "2017-11-30": "195.25500", "2017-08-31": "195.42500", "2017-05-31": "194.89900", "2017-02-28": "199.28700", "2016-11-30": "200.86600", "2016-08-31": "200.81300", "2016-05-31": "199.89500", "2016-02-29": "196.74600", "2015-11-30": "197.29100", "2015-08-31": "195.60300", "2015-05-31": "194.74600", "2015-02-28": "192.72200", "2014-11-30": "192.97200", "2014-08-31": "192.55900", "2014-05-31": "191.57300", "2014-02-28": "188.15400", "2013-11-30": "189.16900", "2013-08-31": "188.29700", "2013-05-31": "185.22800", "2013-02-28": "182.19000", "2012-11-30": "181.79400", "2012-08-31": "178.33000", "2012-05-31": "185.81300", "2012-02-29": "204.31400", "2011-11-30": "199.87800", "2011-08-31": "210.22200", "2011-05-31": "210.65000", "2011-02-28": "210.91000", "2010-11-30": "209.95200", "2010-08-31": "209.16700", "2010-05-31": "216.43900", "2010-02-28": "219.83100", "2009-11-30": "220.23900", "2009-08-31": "219.64600", "2009-05-31": "218.97700", "2009-02-28": "217.65900", "2008-11-30": "218.19500", "2008-08-31": "217.48700", "2008-05-31": "216.56100", "2008-02-29": "218.94700", "2007-11-30": "220.00800", "2007-08-31": "215.12700", "2007-05-31": "229.46000", "2007-02-28": "228.80600", "2006-11-30": "226.95800", "2006-08-31": "224.16100", "2006-05-31": "223.42400", "2006-02-28": "220.81100", "2005-11-30": "221.10800", "2005-08-31": "220.42500", "2005-05-31": "219.51900", "2005-02-28": "215.53200"}, "Shares Outstanding": {"2020-11-30": "218.71800", "2020-08-31": "218.42600", "2020-05-31": "192.89700", "2020-02-29": "191.64200", "2019-11-30": "218.17000", "2019-08-31": "191.62600", "2019-05-31": "191.43500", "2019-02-28": "218.85300", "2018-11-30": "218.13800", "2018-08-31": "219.23000", "2018-05-31": "220.38600", "2018-02-28": "224.08100", "2017-11-30": "224.51000", "2017-08-31": "224.68400", "2017-05-31": "224.37400", "2017-02-28": "227.45200", "2016-11-30": "228.80800", "2016-08-31": "229.00300", "2016-05-31": "228.72000", "2016-02-29": "227.18400", "2015-11-30": "227.45400", "2015-08-31": "226.47400", "2015-05-31": "226.23100", "2015-02-28": "224.62100", "2014-11-30": "224.66300", "2014-08-31": "224.20100", "2014-05-31": "223.77300", "2014-02-28": "221.03700", "2013-11-30": "221.54300", "2013-08-31": "220.23900", "2013-05-31": "218.38300", "2013-02-28": "213.83900", "2012-11-30": "213.22000", "2012-08-31": "208.17600", "2012-05-31": "213.81500", "2012-02-29": "232.24500", "2011-11-30": "226.51800", "2011-08-31": "237.23800", "2011-05-31": "238.51800", "2011-02-28": "237.45100", "2010-11-30": "236.79000", "2010-08-31": "234.86100", "2010-05-31": "242.58200", "2010-02-28": "244.94600", "2009-11-30": "245.93900", "2009-08-31": "244.45000", "2009-05-31": "243.56400", "2009-02-28": "217.65900", "2008-11-30": "243.75000", "2008-08-31": "217.48700", "2008-05-31": "242.95500", "2008-02-29": "218.94700", "2007-11-30": "247.91000", "2007-08-31": "243.11900", "2007-05-31": "257.26300", "2007-02-28": "263.61200", "2006-11-30": "263.73400", "2006-08-31": "264.15800", "2006-05-31": "263.95300", "2006-02-28": "262.61100", "2005-11-30": "238.58300", "2005-08-31": "239.07100", "2005-05-31": "238.17800", "2005-02-28": "257.10300"}, "Basic EPS": {"2020-11-30": "6.61000", "2020-08-31": "2.65000", "2020-05-31": "-0.92000", "2020-02-29": "2.07000", "2019-11-30": "1.88000", "2019-08-31": "-2.74000", "2019-05-31": "-1.28000", "2019-02-28": "6.51000", "2018-11-30": "1.60000", "2018-08-31": "6.03000", "2018-05-31": "3.89000", "2018-02-28": "4.69000", "2017-11-30": "2.52000", "2017-08-31": "2.57000", "2017-05-31": "2.04000", "2017-02-28": "2.27000", "2016-11-30": "2.02000", "2016-08-31": "1.79000", "2016-05-31": "1.59000", "2016-02-29": "1.21000", "2015-11-30": "1.37000", "2015-08-31": "1.55000", "2015-05-31": "1.23000", "2015-02-28": "1.10000", "2014-11-30": "1.15000", "2014-08-31": "1.02000", "2014-05-31": "1.08000", "2014-02-28": "0.84000", "2013-11-30": "1.12000", "2013-08-31": "8.08000", "2013-05-31": "0.29000", "2013-02-28": "0.44000", "2012-11-30": "0.60000", "2012-08-31": "0.70000", "2012-05-31": "0.39000", "2012-02-29": "0.53800", "2011-11-30": "0.52000", "2011-08-31": "0.77000", "2011-05-31": "0.35000", "2011-02-28": "1.32000", "2010-11-30": "0.66000", "2010-08-31": "0.44000", "2010-05-31": "0.23000", "2010-02-28": "-0.23000", "2009-11-30": "0.20000", "2009-08-31": "0.45000", "2009-05-31": "0.03000", "2009-02-28": "-1.87000", "2008-11-30": "0.38000", "2008-08-31": "-0.10000", "2008-05-31": "0.21000", "2008-02-29": "-3.81000", "2007-11-30": "0.54000", "2007-08-31": "0.34000", "2007-05-31": "0.13000", "2007-02-28": "0.29000", "2006-11-30": "0.47000", "2006-08-31": "0.29000", "2006-05-31": "0.37000", "2006-02-28": "0.26000", "2005-11-30": "0.48000", "2005-08-31": "0.36000", "2005-05-31": "0.33000", "2005-02-28": "0.21000"}, "EPS - Earnings Per Share": {"2020-11-30": "5.86000", "2020-08-31": "2.34000", "2020-05-31": "-0.92000", "2020-02-29": "2.30000", "2019-11-30": "1.65000", "2019-08-31": "-2.74000", "2019-05-31": "-1.28000", "2019-02-28": "5.70000", "2018-11-30": "1.39000", "2018-08-31": "5.24000", "2018-05-31": "3.37000", "2018-02-28": "4.07000", "2017-11-30": "2.20000", "2017-08-31": "2.23000", "2017-05-31": "1.78000", "2017-02-28": "1.99000", "2016-11-30": "1.77000", "2016-08-31": "1.57000", "2016-05-31": "1.39000", "2016-02-29": "1.06000", "2015-11-30": "1.19000", "2015-08-31": "1.34000", "2015-05-31": "1.05000", "2015-02-28": "0.96000", "2014-11-30": "0.99000", "2014-08-31": "0.87000", "2014-05-31": "0.92000", "2014-02-28": "0.69000", "2013-11-30": "0.95000", "2013-08-31": "6.91000", "2013-05-31": "0.24000", "2013-02-28": "0.36000", "2012-11-30": "0.51000", "2012-08-31": "0.60000", "2012-05-31": "0.34000", "2012-02-29": "0.45600", "2011-11-30": "0.46000", "2011-08-31": "0.69000", "2011-05-31": "0.31000", "2011-02-28": "1.18000", "2010-11-30": "0.59000", "2010-08-31": "0.39000", "2010-05-31": "0.20000", "2010-02-28": "-0.21000", "2009-11-30": "0.18000", "2009-08-31": "0.41000", "2009-05-31": "0.03000", "2009-02-28": "-1.80000", "2008-11-30": "0.34000", "2008-08-31": "-0.10000", "2008-05-31": "0.18000", "2008-02-29": "-3.70000", "2007-11-30": "0.48000", "2007-08-31": "0.30000", "2007-05-31": "0.12000", "2007-02-28": "0.27000", "2006-11-30": "0.41000", "2006-08-31": "0.25000", "2006-05-31": "0.31000", "2006-02-28": "0.09000", "2005-11-30": "0.46000", "2005-08-31": "0.34000", "2005-05-31": "0.31000", "2005-02-28": "0.08000"}}, "balance sheet": {"Cash On Hand": {"2020-02-29": "81.40000", "2019-02-28": "93.60000", "2018-02-28": "90.30000", "2017-02-28": "177.40000", "2016-02-29": "83.10000", "2015-02-28": "110.10000", "2014-02-28": "63.90000", "2013-02-28": "331.50000", "2012-02-29": "85.80000", "2011-02-28": "9.20000", "2010-02-28": "43.50000", "2009-02-28": "13.10000", "2008-02-29": "20.50000", "2007-02-28": "33.50000", "2006-02-28": "10.90000", "2005-02-28": "17.63500"}, "Receivables": {"2020-02-29": "864.80000", "2019-02-28": "846.90000", "2018-02-28": "776.20000", "2017-02-28": "737.00000", "2016-02-29": "732.50000", "2015-02-28": "598.90000", "2014-02-28": "626.20000", "2013-02-28": "471.90000", "2012-02-29": "437.60000", "2011-02-28": "417.40000", "2010-02-28": "514.70000", "2009-02-28": "524.60000", "2008-02-29": "731.60000", "2007-02-28": "881.00000", "2006-02-28": "771.90000", "2005-02-28": "849.64200"}, "Inventory": {"2020-02-29": "1373.60000", "2019-02-28": "2130.40000", "2018-02-28": "2084.00000", "2017-02-28": "1955.10000", "2016-02-29": "1851.60000", "2015-02-28": "1827.20000", "2014-02-28": "1743.80000", "2013-02-28": "1480.90000", "2012-02-29": "1374.50000", "2011-02-28": "1369.30000", "2010-02-28": "1879.90000", "2009-02-28": "1828.70000", "2008-02-29": "2179.50000", "2007-02-28": "1948.10000", "2006-02-28": "1704.40000", "2005-02-28": "1607.73500"}, "Pre-Paid Expenses": {"2020-02-29": "535.80000", "2019-02-28": "613.10000", "2018-02-28": "523.50000", "2017-02-28": "360.50000", "2016-02-29": "310.40000", "2015-02-28": "374.60000", "2014-02-28": "313.30000", "2013-02-28": "186.90000", "2012-02-29": "136.40000", "2011-02-28": "287.10000", "2010-02-28": "151.00000", "2009-02-28": "168.10000", "2008-02-29": "267.40000", "2007-02-28": "160.70000", "2006-02-28": "213.70000", "2005-02-28": "259.02300"}, "Other Current Assets": {"2020-02-29": "628.50000", "2019-02-28": "", "2018-02-28": "", "2017-02-28": "", "2016-02-29": "", "2015-02-28": "", "2014-02-28": "", "2013-02-28": "", "2012-02-29": "", "2011-02-28": "", "2010-02-28": "", "2009-02-28": "", "2008-02-29": "", "2007-02-28": "", "2006-02-28": "", "2005-02-28": ""}, "Total Current Assets": {"2020-02-29": "3484.10000", "2019-02-28": "3684.00000", "2018-02-28": "3474.00000", "2017-02-28": "3230.00000", "2016-02-29": "2977.60000", "2015-02-28": "2910.80000", "2014-02-28": "2747.20000", "2013-02-28": "2471.20000", "2012-02-29": "2034.30000", "2011-02-28": "2083.00000", "2010-02-28": "2589.10000", "2009-02-28": "2534.50000", "2008-02-29": "3199.00000", "2007-02-28": "3023.30000", "2006-02-28": "2700.90000", "2005-02-28": "2734.03500"}, "Property, Plant, And Equipment": {"2020-02-29": "5333.00000", "2019-02-28": "5267.30000", "2018-02-28": "4789.70000", "2017-02-28": "3932.80000", "2016-02-29": "3333.40000", "2015-02-28": "2681.60000", "2014-02-28": "2014.30000", "2013-02-28": "1229.00000", "2012-02-29": "1255.80000", "2011-02-28": "1219.60000", "2010-02-28": "1567.20000", "2009-02-28": "1547.50000", "2008-02-29": "2035.00000", "2007-02-28": "1750.20000", "2006-02-28": "1425.30000", "2005-02-28": "1596.36700"}, "Long-Term Investments": {"2020-02-29": "3093.90000", "2019-02-28": "3465.60000", "2018-02-28": "121.50000", "2017-02-28": "", "2016-02-29": "", "2015-02-28": "", "2014-02-28": "", "2013-02-28": "", "2012-02-29": "", "2011-02-28": "", "2010-02-28": "", "2009-02-28": "", "2008-02-29": "", "2007-02-28": "", "2006-02-28": "", "2005-02-28": ""}, "Goodwill And Intangible Assets": {"2020-02-29": "10476.00000", "2019-02-28": "11286.90000", "2018-02-28": "11387.90000", "2017-02-28": "11298.20000", "2016-02-29": "10542.40000", "2015-02-28": "9389.20000", "2014-02-28": "9377.90000", "2013-02-28": "3593.70000", "2012-02-29": "3499.30000", "2011-02-28": "3506.10000", "2010-02-28": "3495.60000", "2009-02-28": "3615.60000", "2008-02-29": "4313.90000", "2007-02-28": "4219.30000", "2006-02-28": "3077.50000", "2005-02-28": "3128.31900"}, "Other Long-Term Assets": {"2020-02-29": "2279.90000", "2019-02-28": "3344.40000", "2018-02-28": "765.60000", "2017-02-28": "141.40000", "2016-02-29": "111.60000", "2015-02-28": "111.40000", "2014-02-28": "162.70000", "2013-02-28": "344.20000", "2012-02-29": "320.50000", "2011-02-28": "358.90000", "2010-02-28": "442.40000", "2009-02-28": "338.90000", "2008-02-29": "504.90000", "2007-02-28": "445.40000", "2006-02-28": "196.90000", "2005-02-28": "345.45100"}, "Total Long-Term Assets": {"2020-02-29": "23839.10000", "2019-02-28": "25547.50000", "2018-02-28": "17064.70000", "2017-02-28": "15372.40000", "2016-02-29": "13987.40000", "2015-02-28": "12182.20000", "2014-02-28": "11554.90000", "2013-02-28": "5166.90000", "2012-02-29": "5075.60000", "2011-02-28": "5084.60000", "2010-02-28": "5505.20000", "2009-02-28": "5502.00000", "2008-02-29": "6853.80000", "2007-02-28": "6414.90000", "2006-02-28": "4699.70000", "2005-02-28": "5070.13700"}, "Total Assets": {"2020-02-29": "27323.20000", "2019-02-28": "29231.50000", "2018-02-28": "20538.70000", "2017-02-28": "18602.40000", "2016-02-29": "16965.00000", "2015-02-28": "15093.00000", "2014-02-28": "14302.10000", "2013-02-28": "7638.10000", "2012-02-29": "7109.90000", "2011-02-28": "7167.60000", "2010-02-28": "8094.30000", "2009-02-28": "8036.50000", "2008-02-29": "10052.80000", "2007-02-28": "9438.20000", "2006-02-28": "7400.60000", "2005-02-28": "7804.17200"}, "Total Current Liabilities": {"2020-02-29": "2311.80000", "2019-02-28": "3163.80000", "2018-02-28": "2039.60000", "2017-02-28": "2697.60000", "2016-02-29": "2272.30000", "2015-02-28": "1130.70000", "2014-02-28": "2025.70000", "2013-02-28": "677.90000", "2012-02-29": "1199.60000", "2011-02-28": "662.90000", "2010-02-28": "1372.60000", "2009-02-28": "1326.40000", "2008-02-29": "1718.30000", "2007-02-28": "1591.10000", "2006-02-28": "1298.10000", "2005-02-28": "1138.08700"}, "Long Term Debt": {"2020-02-29": "11210.80000", "2019-02-28": "11759.80000", "2018-02-28": "9417.60000", "2017-02-28": "7720.70000", "2016-02-29": "6816.20000", "2015-02-28": "7086.00000", "2014-02-28": "6373.30000", "2013-02-28": "3277.80000", "2012-02-29": "2421.40000", "2011-02-28": "3136.70000", "2010-02-28": "3277.10000", "2009-02-28": "3971.10000", "2008-02-29": "4648.70000", "2007-02-28": "3714.90000", "2006-02-28": "2515.80000", "2005-02-28": "3204.70700"}, "Other Non-Current Liabilities": {"2020-02-29": "", "2019-02-28": "", "2018-02-28": "", "2017-02-28": "165.70000", "2016-02-29": "162.50000", "2015-02-28": "176.10000", "2014-02-28": "159.20000", "2013-02-28": "222.50000", "2012-02-29": "204.20000", "2011-02-28": "233.00000", "2010-02-28": "332.10000", "2009-02-28": "287.10000", "2008-02-29": "384.10000", "2007-02-28": "240.60000", "2006-02-28": "240.30000", "2005-02-28": "291.57900"}, "Total Long Term Liabilities": {"2020-02-29": "12537.10000", "2019-02-28": "13230.50000", "2018-02-28": "10507.40000", "2017-02-28": "9020.00000", "2016-02-29": "8000.90000", "2015-02-28": "8081.00000", "2014-02-28": "7295.10000", "2013-02-28": "4099.90000", "2012-02-29": "3234.30000", "2011-02-28": "3952.80000", "2010-02-28": "4145.40000", "2009-02-28": "4801.80000", "2008-02-29": "5568.60000", "2007-02-28": "4429.60000", "2006-02-28": "3127.30000", "2005-02-28": "3886.17200"}, "Total Liabilities": {"2020-02-29": "14848.90000", "2019-02-28": "16394.30000", "2018-02-28": "12547.00000", "2017-02-28": "11717.60000", "2016-02-29": "10273.20000", "2015-02-28": "9211.70000", "2014-02-28": "9320.80000", "2013-02-28": "4777.80000", "2012-02-29": "4433.90000", "2011-02-28": "4615.70000", "2010-02-28": "5518.00000", "2009-02-28": "6128.20000", "2008-02-29": "7286.90000", "2007-02-28": "6020.70000", "2006-02-28": "4425.40000", "2005-02-28": "5024.25900"}, "Common Stock Net": {"2020-02-29": "2.20000", "2019-02-28": "2.20000", "2018-02-28": "2.90000", "2017-02-28": "2.90000", "2016-02-29": "2.90000", "2015-02-28": "2.80000", "2014-02-28": "2.80000", "2013-02-28": "2.70000", "2012-02-29": "2.60000", "2011-02-28": "2.60000", "2010-02-28": "2.60000", "2009-02-28": "2.50000", "2008-02-29": "2.50000", "2007-02-28": "2.50000", "2006-02-28": "2.30000", "2005-02-28": "2.28800"}, "Retained Earnings (Accumulated Deficit)": {"2020-02-29": "13695.30000", "2019-02-28": "14276.20000", "2018-02-28": "9157.20000", "2017-02-28": "7310.00000", "2016-02-29": "6090.50000", "2015-02-28": "5277.50000", "2014-02-28": "4438.20000", "2013-02-28": "2495.10000", "2012-02-29": "2107.30000", "2011-02-28": "1662.30000", "2010-02-28": "1102.80000", "2009-02-28": "1003.50000", "2008-02-29": "1306.00000", "2007-02-28": "1919.30000", "2006-02-28": "1592.30000", "2005-02-28": "1276.85300"}, "Comprehensive Income": {"2020-02-29": "-266.30000", "2019-02-28": "-353.90000", "2018-02-28": "-202.90000", "2017-02-28": "-399.80000", "2016-02-29": "-452.50000", "2015-02-28": "-130.90000", "2014-02-28": "86.00000", "2013-02-28": "132.10000", "2012-02-29": "173.70000", "2011-02-28": "188.80000", "2010-02-28": "587.20000", "2009-02-28": "94.20000", "2008-02-29": "736.00000", "2007-02-28": "349.10000", "2006-02-28": "247.40000", "2005-02-28": "431.84300"}, "Other Share Holders Equity": {"2020-02-29": "", "2019-02-28": "", "2018-02-28": "", "2017-02-28": "", "2016-02-29": "", "2015-02-28": "", "2014-02-28": "", "2013-02-28": "", "2012-02-29": "", "2011-02-28": "", "2010-02-28": "", "2009-02-28": "", "2008-02-29": "", "2007-02-28": "", "2006-02-28": "", "2005-02-28": "-0.05900"}, "Share Holder Equity": {"2020-02-29": "12474.30000", "2019-02-28": "12837.20000", "2018-02-28": "7991.70000", "2017-02-28": "6884.80000", "2016-02-29": "6691.80000", "2015-02-28": "5881.30000", "2014-02-28": "4981.30000", "2013-02-28": "2860.30000", "2012-02-29": "2676.00000", "2011-02-28": "2551.90000", "2010-02-28": "2576.30000", "2009-02-28": "1908.30000", "2008-02-29": "2765.90000", "2007-02-28": "3417.50000", "2006-02-28": "2975.20000", "2005-02-28": "2779.91300"}, "Total Liabilities And Share Holders Equity": {"2020-02-29": "27323.20000", "2019-02-28": "29231.50000", "2018-02-28": "20538.70000", "2017-02-28": "18602.40000", "2016-02-29": "16965.00000", "2015-02-28": "15093.00000", "2014-02-28": "14302.10000", "2013-02-28": "7638.10000", "2012-02-29": "7109.90000", "2011-02-28": "7167.60000", "2010-02-28": "8094.30000", "2009-02-28": "8036.50000", "2008-02-29": "10052.80000", "2007-02-28": "9438.20000", "2006-02-28": "7400.60000", "2005-02-28": "7804.17200"}}, "balance sheet, quarterly": {"Cash On Hand": {"2020-11-30": "152.90000", "2020-08-31": "204.60000", "2020-05-31": "302.80000", "2020-02-29": "81.40000", "2019-11-30": "93.70000", "2019-08-31": "81.30000", "2019-05-31": "98.70000", "2019-02-28": "93.60000", "2018-11-30": "130.60000", "2018-08-31": "206.10000", "2018-05-31": "210.00000", "2018-02-28": "90.30000", "2017-11-30": "154.50000", "2017-08-31": "125.60000", "2017-05-31": "199.10000", "2017-02-28": "177.40000", "2016-11-30": "197.30000", "2016-08-31": "177.30000", "2016-05-31": "167.30000", "2016-02-29": "83.10000", "2015-11-30": "491.30000", "2015-08-31": "329.70000", "2015-05-31": "130.70000", "2015-02-28": "110.10000", "2014-11-30": "67.30000", "2014-08-31": "104.30000", "2014-05-31": "378.00000", "2014-02-28": "63.90000", "2013-11-30": "65.20000", "2013-08-31": "116.80000", "2013-05-31": "609.30000", "2013-02-28": "331.50000", "2012-11-30": "200.50000", "2012-08-31": "178.50000", "2012-05-31": "69.10000", "2012-02-29": "85.80000", "2011-11-30": "55.80000", "2011-08-31": "10.00000", "2011-05-31": "13.40000", "2011-02-28": "9.20000", "2010-11-30": "16.00000", "2010-08-31": "13.90000", "2010-05-31": "20.90000", "2010-02-28": "43.50000", "2009-11-30": "50.30000", "2009-08-31": "19.70000", "2009-05-31": "16.80000", "2009-02-28": "13.10000", "2008-11-30": "181.30000", "2008-08-31": "24.90000", "2008-05-31": "25.20000", "2008-02-29": "20.50000", "2007-11-30": "24.90000", "2007-08-31": "33.20000", "2007-05-31": "33.50000", "2007-02-28": "33.50000", "2006-11-30": "34.70000", "2006-08-31": "42.20000", "2006-05-31": "37.50000", "2006-02-28": "10.90000", "2005-11-30": "26.37400", "2005-08-31": "18.66700", "2005-05-31": "19.18400", "2005-02-28": "17.63500"}, "Receivables": {"2020-11-30": "915.40000", "2020-08-31": "926.30000", "2020-05-31": "700.50000", "2020-02-29": "864.80000", "2019-11-30": "808.30000", "2019-08-31": "953.70000", "2019-05-31": "788.30000", "2019-02-28": "846.90000", "2018-11-30": "837.20000", "2018-08-31": "951.20000", "2018-05-31": "827.90000", "2018-02-28": "776.20000", "2017-11-30": "779.50000", "2017-08-31": "853.30000", "2017-05-31": "832.00000", "2017-02-28": "737.00000", "2016-11-30": "856.00000", "2016-08-31": "831.10000", "2016-05-31": "773.30000", "2016-02-29": "732.50000", "2015-11-30": "714.70000", "2015-08-31": "723.50000", "2015-05-31": "696.20000", "2015-02-28": "598.90000", "2014-11-30": "701.30000", "2014-08-31": "656.90000", "2014-05-31": "651.30000", "2014-02-28": "626.20000", "2013-11-30": "668.80000", "2013-08-31": "655.90000", "2013-05-31": "453.80000", "2013-02-28": "471.90000", "2012-11-30": "539.10000", "2012-08-31": "487.10000", "2012-05-31": "457.80000", "2012-02-29": "437.60000", "2011-11-30": "569.20000", "2011-08-31": "501.70000", "2011-05-31": "459.30000", "2011-02-28": "417.40000", "2010-11-30": "868.90000", "2010-08-31": "720.70000", "2010-05-31": "636.50000", "2010-02-28": "514.70000", "2009-11-30": "901.70000", "2009-08-31": "787.30000", "2009-05-31": "715.90000", "2009-02-28": "524.60000", "2008-11-30": "813.40000", "2008-08-31": "775.90000", "2008-05-31": "791.10000", "2008-02-29": "731.60000", "2007-11-30": "938.50000", "2007-08-31": "784.50000", "2007-05-31": "763.90000", "2007-02-28": "881.00000", "2006-11-30": "1159.60000", "2006-08-31": "1022.40000", "2006-05-31": "854.20000", "2006-02-28": "771.90000", "2005-11-30": "969.52800", "2005-08-31": "890.63900", "2005-05-31": "822.22300", "2005-02-28": "849.64200"}, "Inventory": {"2020-11-30": "1376.90000", "2020-08-31": "1328.40000", "2020-05-31": "1332.60000", "2020-02-29": "1373.60000", "2019-11-30": "1358.80000", "2019-08-31": "1311.40000", "2019-05-31": "1494.10000", "2019-02-28": "2130.40000", "2018-11-30": "2198.00000", "2018-08-31": "1941.90000", "2018-05-31": "2068.40000", "2018-02-28": "2084.00000", "2017-11-30": "2167.60000", "2017-08-31": "1929.70000", "2017-05-31": "1936.90000", "2017-02-28": "1955.10000", "2016-11-30": "2123.10000", "2016-08-31": "1855.20000", "2016-05-31": "1918.80000", "2016-02-29": "1851.60000", "2015-11-30": "1884.60000", "2015-08-31": "1777.10000", "2015-05-31": "1783.70000", "2015-02-28": "1827.20000", "2014-11-30": "1927.20000", "2014-08-31": "1778.90000", "2014-05-31": "1781.50000", "2014-02-28": "1743.80000", "2013-11-30": "1824.00000", "2013-08-31": "1643.00000", "2013-05-31": "1443.80000", "2013-02-28": "1480.90000", "2012-11-30": "1596.30000", "2012-08-31": "1364.90000", "2012-05-31": "1325.20000", "2012-02-29": "1374.50000", "2011-11-30": "1463.50000", "2011-08-31": "1259.20000", "2011-05-31": "1309.00000", "2011-02-28": "1369.30000", "2010-11-30": "1866.60000", "2010-08-31": "1722.40000", "2010-05-31": "1795.60000", "2010-02-28": "1879.90000", "2009-11-30": "1992.50000", "2009-08-31": "1824.00000", "2009-05-31": "1846.00000", "2009-02-28": "1828.70000", "2008-11-30": "1978.50000", "2008-08-31": "2005.10000", "2008-05-31": "2270.70000", "2008-02-29": "2179.50000", "2007-11-30": "2041.40000", "2007-08-31": "1922.70000", "2007-05-31": "1955.30000", "2007-02-28": "1948.10000", "2006-11-30": "2138.90000", "2006-08-31": "1926.20000", "2006-05-31": "1751.10000", "2006-02-28": "1704.40000", "2005-11-30": "1805.96200", "2005-08-31": "1615.57100", "2005-05-31": "1666.15900", "2005-02-28": "1607.73500"}, "Pre-Paid Expenses": {"2020-11-30": "455.50000", "2020-08-31": "497.10000", "2020-05-31": "470.10000", "2020-02-29": "535.80000", "2019-11-30": "484.30000", "2019-08-31": "525.10000", "2019-05-31": "530.90000", "2019-02-28": "613.10000", "2018-11-30": "472.70000", "2018-08-31": "486.30000", "2018-05-31": "498.50000", "2018-02-28": "523.50000", "2017-11-30": "444.00000", "2017-08-31": "464.80000", "2017-05-31": "392.50000", "2017-02-28": "360.50000", "2016-11-30": "268.40000", "2016-08-31": "306.20000", "2016-05-31": "359.10000", "2016-02-29": "310.40000", "2015-11-30": "370.30000", "2015-08-31": "301.20000", "2015-05-31": "368.70000", "2015-02-28": "374.60000", "2014-11-30": "335.00000", "2014-08-31": "298.00000", "2014-05-31": "326.40000", "2014-02-28": "313.30000", "2013-11-30": "277.40000", "2013-08-31": "254.40000", "2013-05-31": "216.40000", "2013-02-28": "186.90000", "2012-11-30": "144.70000", "2012-08-31": "147.40000", "2012-05-31": "119.30000", "2012-02-29": "136.40000", "2011-11-30": "90.00000", "2011-08-31": "148.70000", "2011-05-31": "174.40000", "2011-02-28": "287.10000", "2010-11-30": "93.30000", "2010-08-31": "103.00000", "2010-05-31": "109.00000", "2010-02-28": "151.00000", "2009-11-30": "149.10000", "2009-08-31": "187.60000", "2009-05-31": "188.00000", "2009-02-28": "168.10000", "2008-11-30": "172.20000", "2008-08-31": "232.20000", "2008-05-31": "238.40000", "2008-02-29": "267.40000", "2007-11-30": "142.70000", "2007-08-31": "147.00000", "2007-05-31": "156.60000", "2007-02-28": "160.70000", "2006-11-30": "303.20000", "2006-08-31": "281.80000", "2006-05-31": "278.70000", "2006-02-28": "213.70000", "2005-11-30": "194.85000", "2005-08-31": "209.62900", "2005-05-31": "211.57200", "2005-02-28": "259.02300"}, "Other Current Assets": {"2020-11-30": "546.40000", "2020-08-31": "580.80000", "2020-05-31": "590.20000", "2020-02-29": "628.50000", "2019-11-30": "724.80000", "2019-08-31": "666.00000", "2019-05-31": "668.90000", "2019-02-28": "", "2018-11-30": "", "2018-08-31": "", "2018-05-31": "", "2018-02-28": "", "2017-11-30": "", "2017-08-31": "", "2017-05-31": "", "2017-02-28": "", "2016-11-30": "", "2016-08-31": "", "2016-05-31": "", "2016-02-29": "", "2015-11-30": "", "2015-08-31": "", "2015-05-31": "", "2015-02-28": "", "2014-11-30": "", "2014-08-31": "", "2014-05-31": "", "2014-02-28": "", "2013-11-30": "", "2013-08-31": "", "2013-05-31": "", "2013-02-28": "", "2012-11-30": "", "2012-08-31": "", "2012-05-31": "", "2012-02-29": "", "2011-11-30": "", "2011-08-31": "", "2011-05-31": "", "2011-02-28": "", "2010-11-30": "", "2010-08-31": "", "2010-05-31": "", "2010-02-28": "", "2009-11-30": "", "2009-08-31": "", "2009-05-31": "", "2009-02-28": "", "2008-11-30": "", "2008-08-31": "", "2008-05-31": "", "2008-02-29": "", "2007-11-30": "", "2007-08-31": "", "2007-05-31": "", "2007-02-28": "", "2006-11-30": "", "2006-08-31": "", "2006-05-31": "", "2006-02-28": "", "2005-11-30": "", "2005-08-31": "", "2005-05-31": "", "2005-02-28": ""}, "Total Current Assets": {"2020-11-30": "3447.10000", "2020-08-31": "3537.20000", "2020-05-31": "3396.20000", "2020-02-29": "3484.10000", "2019-11-30": "3469.90000", "2019-08-31": "3537.50000", "2019-05-31": "3580.90000", "2019-02-28": "3684.00000", "2018-11-30": "3638.50000", "2018-08-31": "3585.50000", "2018-05-31": "3604.80000", "2018-02-28": "3474.00000", "2017-11-30": "3545.60000", "2017-08-31": "3373.40000", "2017-05-31": "3360.50000", "2017-02-28": "3230.00000", "2016-11-30": "3444.80000", "2016-08-31": "3169.80000", "2016-05-31": "3218.50000", "2016-02-29": "2977.60000", "2015-11-30": "3460.90000", "2015-08-31": "3131.50000", "2015-05-31": "2979.30000", "2015-02-28": "2910.80000", "2014-11-30": "3030.80000", "2014-08-31": "2838.10000", "2014-05-31": "3137.20000", "2014-02-28": "2747.20000", "2013-11-30": "2835.40000", "2013-08-31": "2670.10000", "2013-05-31": "2723.30000", "2013-02-28": "2471.20000", "2012-11-30": "2480.60000", "2012-08-31": "2177.90000", "2012-05-31": "1971.40000", "2012-02-29": "2034.30000", "2011-11-30": "2178.50000", "2011-08-31": "1919.60000", "2011-05-31": "1956.10000", "2011-02-28": "2083.00000", "2010-11-30": "2844.80000", "2010-08-31": "2560.00000", "2010-05-31": "2562.00000", "2010-02-28": "2589.10000", "2009-11-30": "3093.60000", "2009-08-31": "2818.60000", "2009-05-31": "2766.70000", "2009-02-28": "2534.50000", "2008-11-30": "3145.40000", "2008-08-31": "3038.10000", "2008-05-31": "3325.40000", "2008-02-29": "3199.00000", "2007-11-30": "3147.50000", "2007-08-31": "2887.40000", "2007-05-31": "2909.30000", "2007-02-28": "3023.30000", "2006-11-30": "3636.40000", "2006-08-31": "3272.60000", "2006-05-31": "2921.50000", "2006-02-28": "2700.90000", "2005-11-30": "2996.71400", "2005-08-31": "2734.50600", "2005-05-31": "2719.13800", "2005-02-28": "2734.03500"}, "Property, Plant, And Equipment": {"2020-11-30": "5580.70000", "2020-08-31": "5184.90000", "2020-05-31": "5098.20000", "2020-02-29": "5333.00000", "2019-11-30": "5187.20000", "2019-08-31": "5141.60000", "2019-05-31": "5118.00000", "2019-02-28": "5267.30000", "2018-11-30": "4986.30000", "2018-08-31": "4947.70000", "2018-05-31": "4815.80000", "2018-02-28": "4789.70000", "2017-11-30": "4551.00000", "2017-08-31": "4464.20000", "2017-05-31": "4186.90000", "2017-02-28": "3932.80000", "2016-11-30": "3708.00000", "2016-08-31": "3632.10000", "2016-05-31": "3507.20000", "2016-02-29": "3333.40000", "2015-11-30": "2949.00000", "2015-08-31": "2773.30000", "2015-05-31": "2742.10000", "2015-02-28": "2681.60000", "2014-11-30": "2419.10000", "2014-08-31": "2299.90000", "2014-05-31": "2157.10000", "2014-02-28": "2014.30000", "2013-11-30": "1905.40000", "2013-08-31": "1870.40000", "2013-05-31": "1207.60000", "2013-02-28": "1229.00000", "2012-11-30": "1236.70000", "2012-08-31": "1233.50000", "2012-05-31": "1219.10000", "2012-02-29": "1255.80000", "2011-11-30": "1251.70000", "2011-08-31": "1241.00000", "2011-05-31": "1230.70000", "2011-02-28": "1219.60000", "2010-11-30": "1556.10000", "2010-08-31": "1529.00000", "2010-05-31": "1522.90000", "2010-02-28": "1567.20000", "2009-11-30": "1649.50000", "2009-08-31": "1622.50000", "2009-05-31": "1633.00000", "2009-02-28": "1547.50000", "2008-11-30": "1582.80000", "2008-08-31": "1752.60000", "2008-05-31": "2010.30000", "2008-02-29": "2035.00000", "2007-11-30": "1791.90000", "2007-08-31": "1728.60000", "2007-05-31": "1744.20000", "2007-02-28": "1750.20000", "2006-11-30": "1706.10000", "2006-08-31": "1698.10000", "2006-05-31": "1442.70000", "2006-02-28": "1425.30000", "2005-11-30": "1414.13500", "2005-08-31": "1439.73500", "2005-05-31": "1449.51200", "2005-02-28": "1596.36700"}, "Long-Term Investments": {"2020-11-30": "2959.90000", "2020-08-31": "2931.90000", "2020-05-31": "2885.70000", "2020-02-29": "3093.90000", "2019-11-30": "3058.70000", "2019-08-31": "3003.80000", "2019-05-31": "3430.40000", "2019-02-28": "3465.60000", "2018-11-30": "3583.00000", "2018-08-31": "", "2018-05-31": "", "2018-02-28": "121.50000", "2017-11-30": "", "2017-08-31": "", "2017-05-31": "", "2017-02-28": "", "2016-11-30": "", "2016-08-31": "", "2016-05-31": "", "2016-02-29": "", "2015-11-30": "", "2015-08-31": "", "2015-05-31": "", "2015-02-28": "", "2014-11-30": "", "2014-08-31": "", "2014-05-31": "", "2014-02-28": "", "2013-11-30": "", "2013-08-31": "", "2013-05-31": "", "2013-02-28": "", "2012-11-30": "", "2012-08-31": "", "2012-05-31": "", "2012-02-29": "", "2011-11-30": "", "2011-08-31": "", "2011-05-31": "", "2011-02-28": "", "2010-11-30": "", "2010-08-31": "", "2010-05-31": "", "2010-02-28": "", "2009-11-30": "", "2009-08-31": "", "2009-05-31": "", "2009-02-28": "", "2008-11-30": "", "2008-08-31": "", "2008-05-31": "", "2008-02-29": "", "2007-11-30": "", "2007-08-31": "", "2007-05-31": "", "2007-02-28": "", "2006-11-30": "", "2006-08-31": "", "2006-05-31": "", "2006-02-28": "", "2005-11-30": "", "2005-08-31": "", "2005-05-31": "", "2005-02-28": ""}, "Goodwill And Intangible Assets": {"2020-11-30": "10528.70000", "2020-08-31": "10455.70000", "2020-05-31": "10420.30000", "2020-02-29": "10476.00000", "2019-11-30": "10493.10000", "2019-08-31": "10483.70000", "2019-05-31": "10603.50000", "2019-02-28": "11286.90000", "2018-11-30": "11369.60000", "2018-08-31": "11391.50000", "2018-05-31": "11352.10000", "2018-02-28": "11387.90000", "2017-11-30": "11389.50000", "2017-08-31": "11423.30000", "2017-05-31": "11262.00000", "2017-02-28": "11298.20000", "2016-11-30": "11012.10000", "2016-08-31": "10798.30000", "2016-05-31": "10790.60000", "2016-02-29": "10542.40000", "2015-11-30": "9569.60000", "2015-08-31": "9605.50000", "2015-05-31": "9367.00000", "2015-02-28": "9389.20000", "2014-11-30": "9358.80000", "2014-08-31": "9362.80000", "2014-05-31": "9382.50000", "2014-02-28": "9377.90000", "2013-11-30": "9387.20000", "2013-08-31": "9383.10000", "2013-05-31": "3580.70000", "2013-02-28": "3593.70000", "2012-11-30": "3615.00000", "2012-08-31": "3617.50000", "2012-05-31": "3453.90000", "2012-02-29": "3499.30000", "2011-11-30": "3499.80000", "2011-08-31": "3528.10000", "2011-05-31": "3529.00000", "2011-02-28": "3506.10000", "2010-11-30": "3512.20000", "2010-08-31": "3486.20000", "2010-05-31": "3493.60000", "2010-02-28": "3495.60000", "2009-11-30": "3614.20000", "2009-08-31": "3576.60000", "2009-05-31": "3560.00000", "2009-02-28": "3615.60000", "2008-11-30": "3956.20000", "2008-08-31": "4157.60000", "2008-05-31": "4299.30000", "2008-02-29": "4313.90000", "2007-11-30": "4680.60000", "2007-08-31": "4570.80000", "2007-05-31": "4567.80000", "2007-02-28": "4219.30000", "2006-11-30": "4250.40000", "2006-08-31": "4236.70000", "2006-05-31": "3091.00000", "2006-02-28": "3077.50000", "2005-11-30": "3069.23300", "2005-08-31": "3061.20800", "2005-05-31": "3047.72600", "2005-02-28": "3128.31900"}, "Other Long-Term Assets": {"2020-11-30": "2551.20000", "2020-08-31": "1778.00000", "2020-05-31": "1749.90000", "2020-02-29": "2279.90000", "2019-11-30": "2221.80000", "2019-08-31": "3241.70000", "2019-05-31": "4015.20000", "2019-02-28": "3344.40000", "2018-11-30": "4313.00000", "2018-08-31": "4172.80000", "2018-05-31": "3324.00000", "2018-02-28": "765.60000", "2017-11-30": "621.00000", "2017-08-31": "157.50000", "2017-05-31": "150.00000", "2017-02-28": "141.40000", "2016-11-30": "155.20000", "2016-08-31": "117.20000", "2016-05-31": "113.70000", "2016-02-29": "111.60000", "2015-11-30": "177.10000", "2015-08-31": "163.10000", "2015-05-31": "158.90000", "2015-02-28": "111.40000", "2014-11-30": "171.80000", "2014-08-31": "156.60000", "2014-05-31": "165.60000", "2014-02-28": "162.70000", "2013-11-30": "208.30000", "2013-08-31": "199.20000", "2013-05-31": "1940.80000", "2013-02-28": "344.20000", "2012-11-30": "990.40000", "2012-08-31": "1011.60000", "2012-05-31": "363.80000", "2012-02-29": "320.50000", "2011-11-30": "295.20000", "2011-08-31": "346.00000", "2011-05-31": "359.60000", "2011-02-28": "358.90000", "2010-11-30": "344.70000", "2010-08-31": "301.90000", "2010-05-31": "317.60000", "2010-02-28": "442.40000", "2009-11-30": "371.30000", "2009-08-31": "416.20000", "2009-05-31": "441.80000", "2009-02-28": "338.90000", "2008-11-30": "424.10000", "2008-08-31": "473.50000", "2008-05-31": "521.30000", "2008-02-29": "504.90000", "2007-11-30": "573.60000", "2007-08-31": "544.30000", "2007-05-31": "604.90000", "2007-02-28": "445.40000", "2006-11-30": "252.40000", "2006-08-31": "241.30000", "2006-05-31": "216.30000", "2006-02-28": "196.90000", "2005-11-30": "222.42300", "2005-08-31": "227.92400", "2005-05-31": "285.06800", "2005-02-28": "345.45100"}, "Total Long-Term Assets": {"2020-11-30": "24183.50000", "2020-08-31": "22925.30000", "2020-05-31": "22753.60000", "2020-02-29": "23839.10000", "2019-11-30": "23623.80000", "2019-08-31": "24017.60000", "2019-05-31": "25370.20000", "2019-02-28": "25547.50000", "2018-11-30": "24251.90000", "2018-08-31": "20512.00000", "2018-05-31": "19491.90000", "2018-02-28": "17064.70000", "2017-11-30": "16561.50000", "2017-08-31": "16045.00000", "2017-05-31": "15598.90000", "2017-02-28": "15372.40000", "2016-11-30": "14875.30000", "2016-08-31": "14547.60000", "2016-05-31": "14411.50000", "2016-02-29": "13987.40000", "2015-11-30": "12695.70000", "2015-08-31": "12541.90000", "2015-05-31": "12268.00000", "2015-02-28": "12182.20000", "2014-11-30": "11949.70000", "2014-08-31": "11819.30000", "2014-05-31": "11705.20000", "2014-02-28": "11554.90000", "2013-11-30": "11500.90000", "2013-08-31": "11452.70000", "2013-05-31": "6729.10000", "2013-02-28": "5166.90000", "2012-11-30": "5842.10000", "2012-08-31": "5862.60000", "2012-05-31": "5036.80000", "2012-02-29": "5075.60000", "2011-11-30": "5046.70000", "2011-08-31": "5115.10000", "2011-05-31": "5119.30000", "2011-02-28": "5084.60000", "2010-11-30": "5413.00000", "2010-08-31": "5317.10000", "2010-05-31": "5334.10000", "2010-02-28": "5505.20000", "2009-11-30": "5635.00000", "2009-08-31": "5615.30000", "2009-05-31": "5634.80000", "2009-02-28": "5502.00000", "2008-11-30": "5963.10000", "2008-08-31": "6383.70000", "2008-05-31": "6830.89900", "2008-02-29": "6853.80000", "2007-11-30": "7046.10000", "2007-08-31": "6843.70000", "2007-05-31": "6916.90000", "2007-02-28": "6414.90000", "2006-11-30": "6208.90000", "2006-08-31": "6176.10000", "2006-05-31": "4750.00000", "2006-02-28": "4699.70000", "2005-11-30": "4705.79100", "2005-08-31": "4728.86700", "2005-05-31": "4782.30600", "2005-02-28": "5070.13700"}, "Total Assets": {"2020-11-30": "27630.60000", "2020-08-31": "26462.50000", "2020-05-31": "26149.80000", "2020-02-29": "27323.20000", "2019-11-30": "27093.70000", "2019-08-31": "27555.10000", "2019-05-31": "28951.10000", "2019-02-28": "29231.50000", "2018-11-30": "27890.40000", "2018-08-31": "24097.50000", "2018-05-31": "23096.70000", "2018-02-28": "20538.70000", "2017-11-30": "20107.10000", "2017-08-31": "19418.40000", "2017-05-31": "18959.40000", "2017-02-28": "18602.40000", "2016-11-30": "18320.10000", "2016-08-31": "17717.40000", "2016-05-31": "17630.00000", "2016-02-29": "16965.00000", "2015-11-30": "16156.60000", "2015-08-31": "15673.40000", "2015-05-31": "15247.30000", "2015-02-28": "15093.00000", "2014-11-30": "14980.50000", "2014-08-31": "14657.40000", "2014-05-31": "14842.40000", "2014-02-28": "14302.10000", "2013-11-30": "14336.30000", "2013-08-31": "14122.80000", "2013-05-31": "9452.40000", "2013-02-28": "7638.10000", "2012-11-30": "8322.70000", "2012-08-31": "8040.50000", "2012-05-31": "7008.20000", "2012-02-29": "7109.90000", "2011-11-30": "7225.20000", "2011-08-31": "7034.70000", "2011-05-31": "7075.40000", "2011-02-28": "7167.60000", "2010-11-30": "8257.80000", "2010-08-31": "7877.10000", "2010-05-31": "7896.10000", "2010-02-28": "8094.30000", "2009-11-30": "8728.60000", "2009-08-31": "8433.90000", "2009-05-31": "8401.50000", "2009-02-28": "8036.50000", "2008-11-30": "9108.50000", "2008-08-31": "9421.80000", "2008-05-31": "10156.30000", "2008-02-29": "10052.80000", "2007-11-30": "10193.60000", "2007-08-31": "9731.10000", "2007-05-31": "9826.20000", "2007-02-28": "9438.20000", "2006-11-30": "9845.30000", "2006-08-31": "9448.70000", "2006-05-31": "7671.50000", "2006-02-28": "7400.60000", "2005-11-30": "7702.50500", "2005-08-31": "7463.37300", "2005-05-31": "7501.44400", "2005-02-28": "7804.17200"}, "Total Current Liabilities": {"2020-11-30": "2041.40000", "2020-08-31": "1909.90000", "2020-05-31": "1752.40000", "2020-02-29": "2311.80000", "2019-11-30": "2460.20000", "2019-08-31": "2195.90000", "2019-05-31": "2939.30000", "2019-02-28": "3163.80000", "2018-11-30": "3363.40000", "2018-08-31": "2162.50000", "2018-05-31": "1990.50000", "2018-02-28": "2039.60000", "2017-11-30": "2535.90000", "2017-08-31": "2090.00000", "2017-05-31": "2182.40000", "2017-02-28": "2697.60000", "2016-11-30": "2636.60000", "2016-08-31": "2199.60000", "2016-05-31": "2698.70000", "2016-02-29": "2272.30000", "2015-11-30": "1920.80000", "2015-08-31": "1212.20000", "2015-05-31": "1120.30000", "2015-02-28": "1130.70000", "2014-11-30": "1248.50000", "2014-08-31": "1876.30000", "2014-05-31": "2254.70000", "2014-02-28": "2025.70000", "2013-11-30": "1755.00000", "2013-08-31": "1810.60000", "2013-05-31": "797.20000", "2013-02-28": "677.90000", "2012-11-30": "787.80000", "2012-08-31": "656.00000", "2012-05-31": "587.90000", "2012-02-29": "1199.60000", "2011-11-30": "1178.20000", "2011-08-31": "786.80000", "2011-05-31": "783.40000", "2011-02-28": "662.90000", "2010-11-30": "1515.30000", "2010-08-31": "1449.70000", "2010-05-31": "1534.20000", "2010-02-28": "1372.60000", "2009-11-30": "1576.40000", "2009-08-31": "1428.80000", "2009-05-31": "1555.70000", "2009-02-28": "1326.40000", "2008-11-30": "1728.40000", "2008-08-31": "1341.10000", "2008-05-31": "1786.30000", "2008-02-29": "1718.30000", "2007-11-30": "1594.60000", "2007-08-31": "1452.00000", "2007-05-31": "1507.50000", "2007-02-28": "1591.10000", "2006-11-30": "1843.20000", "2006-08-31": "1567.80000", "2006-05-31": "1437.10000", "2006-02-28": "1298.10000", "2005-11-30": "1600.83700", "2005-08-31": "1306.93800", "2005-05-31": "1133.83000", "2005-02-28": "1138.08700"}, "Long Term Debt": {"2020-11-30": "10416.10000", "2020-08-31": "11066.80000", "2020-05-31": "11639.30000", "2020-02-29": "11210.80000", "2019-11-30": "11339.70000", "2019-08-31": "12159.80000", "2019-05-31": "11745.80000", "2019-02-28": "11759.80000", "2018-11-30": "11772.50000", "2018-08-31": "9187.60000", "2018-05-31": "9416.40000", "2018-02-28": "9417.60000", "2017-11-30": "8114.20000", "2017-08-31": "8036.90000", "2017-05-31": "8077.20000", "2017-02-28": "7720.70000", "2016-11-30": "7362.50000", "2016-08-31": "7021.60000", "2016-05-31": "6690.60000", "2016-02-29": "6816.20000", "2015-11-30": "6515.00000", "2015-08-31": "7238.20000", "2015-05-31": "7038.20000", "2015-02-28": "7086.00000", "2014-11-30": "7081.50000", "2014-08-31": "6323.20000", "2014-05-31": "6345.60000", "2014-02-28": "6373.30000", "2013-11-30": "6897.00000", "2013-08-31": "6912.70000", "2013-05-31": "4817.70000", "2013-02-28": "3277.80000", "2012-11-30": "3928.90000", "2012-08-31": "3928.70000", "2012-05-31": "3285.40000", "2012-02-29": "2421.40000", "2011-11-30": "2577.90000", "2011-08-31": "2734.70000", "2011-05-31": "2728.90000", "2011-02-28": "3136.70000", "2010-11-30": "3133.00000", "2010-08-31": "3127.70000", "2010-05-31": "3201.00000", "2010-02-28": "3277.10000", "2009-11-30": "3616.00000", "2009-08-31": "3690.80000", "2009-05-31": "3712.10000", "2009-02-28": "3971.10000", "2008-11-30": "4124.40000", "2008-08-31": "4486.50000", "2008-05-31": "4575.10000", "2008-02-29": "4648.70000", "2007-11-30": "4235.20000", "2007-08-31": "4291.80000", "2007-05-31": "4381.80000", "2007-02-28": "3714.90000", "2006-11-30": "3949.40000", "2006-08-31": "3987.70000", "2006-05-31": "2481.80000", "2006-02-28": "2515.80000", "2005-11-30": "2591.73900", "2005-08-31": "2704.46700", "2005-05-31": "2968.79200", "2005-02-28": "3204.70700"}, "Other Non-Current Liabilities": {"2020-11-30": "", "2020-08-31": "", "2020-05-31": "", "2020-02-29": "", "2019-11-30": "", "2019-08-31": "", "2019-05-31": "", "2019-02-28": "", "2018-11-30": "1234.50000", "2018-08-31": "1212.20000", "2018-05-31": "1124.00000", "2018-02-28": "", "2017-11-30": "214.30000", "2017-08-31": "179.10000", "2017-05-31": "166.50000", "2017-02-28": "165.70000", "2016-11-30": "199.30000", "2016-08-31": "158.00000", "2016-05-31": "159.90000", "2016-02-29": "162.50000", "2015-11-30": "137.70000", "2015-08-31": "163.60000", "2015-05-31": "176.90000", "2015-02-28": "176.10000", "2014-11-30": "184.10000", "2014-08-31": "155.50000", "2014-05-31": "159.20000", "2014-02-28": "159.20000", "2013-11-30": "184.50000", "2013-08-31": "192.30000", "2013-05-31": "209.00000", "2013-02-28": "222.50000", "2012-11-30": "212.30000", "2012-08-31": "219.20000", "2012-05-31": "228.00000", "2012-02-29": "204.20000", "2011-11-30": "236.80000", "2011-08-31": "217.20000", "2011-05-31": "257.20000", "2011-02-28": "233.00000", "2010-11-30": "325.10000", "2010-08-31": "325.80000", "2010-05-31": "316.00000", "2010-02-28": "332.10000", "2009-11-30": "288.90000", "2009-08-31": "271.30000", "2009-05-31": "284.50000", "2009-02-28": "287.10000", "2008-11-30": "362.80000", "2008-08-31": "368.70000", "2008-05-31": "374.00000", "2008-02-29": "384.10000", "2007-11-30": "352.90000", "2007-08-31": "324.80000", "2007-05-31": "317.80000", "2007-02-28": "240.60000", "2006-11-30": "266.90000", "2006-08-31": "272.60000", "2006-05-31": "259.00000", "2006-02-28": "240.30000", "2005-11-30": "228.51500", "2005-08-31": "261.71100", "2005-05-31": "274.55700", "2005-02-28": "291.57900"}, "Total Long Term Liabilities": {"2020-11-30": "11936.70000", "2020-08-31": "12548.80000", "2020-05-31": "13019.80000", "2020-02-29": "12537.10000", "2019-11-30": "12597.20000", "2019-08-31": "13668.20000", "2019-05-31": "13523.60000", "2019-02-28": "13230.50000", "2018-11-30": "13007.00000", "2018-08-31": "10399.80000", "2018-05-31": "10540.40000", "2018-02-28": "10507.40000", "2017-11-30": "9562.10000", "2017-08-31": "9383.10000", "2017-05-31": "9379.20000", "2017-02-28": "9020.00000", "2016-11-30": "8685.80000", "2016-08-31": "8343.70000", "2016-05-31": "7942.70000", "2016-02-29": "8000.90000", "2015-11-30": "7639.10000", "2015-08-31": "8296.20000", "2015-05-31": "8075.10000", "2015-02-28": "8081.00000", "2014-11-30": "8097.00000", "2014-08-31": "7293.70000", "2014-05-31": "7300.70000", "2014-02-28": "7295.10000", "2013-11-30": "7791.50000", "2013-08-31": "7801.80000", "2013-05-31": "5657.80000", "2013-02-28": "4099.90000", "2012-11-30": "4759.60000", "2012-08-31": "4766.40000", "2012-05-31": "4120.50000", "2012-02-29": "3234.30000", "2011-11-30": "3409.00000", "2011-08-31": "3548.80000", "2011-05-31": "3576.90000", "2011-02-28": "3952.80000", "2010-11-30": "4023.50000", "2010-08-31": "3997.50000", "2010-05-31": "4064.50000", "2010-02-28": "4145.40000", "2009-11-30": "4455.00000", "2009-08-31": "4489.80000", "2009-05-31": "4520.60000", "2009-02-28": "4801.80000", "2008-11-30": "5038.40000", "2008-08-31": "5404.90000", "2008-05-31": "5489.90000", "2008-02-29": "5568.60000", "2007-11-30": "5086.30000", "2007-08-31": "5090.30000", "2007-05-31": "5190.39900", "2007-02-28": "4429.60000", "2006-11-30": "4674.20000", "2006-08-31": "4713.90000", "2006-05-31": "3114.40000", "2006-02-28": "3127.30000", "2005-11-30": "3194.94700", "2005-08-31": "3322.41600", "2005-05-31": "3625.40400", "2005-02-28": "3886.17200"}, "Total Liabilities": {"2020-11-30": "13978.10000", "2020-08-31": "14458.70000", "2020-05-31": "14772.20000", "2020-02-29": "14848.90000", "2019-11-30": "15057.40000", "2019-08-31": "15864.10000", "2019-05-31": "16462.90000", "2019-02-28": "16394.30000", "2018-11-30": "16370.40000", "2018-08-31": "12562.30000", "2018-05-31": "12530.90000", "2018-02-28": "12547.00000", "2017-11-30": "12098.00000", "2017-08-31": "11473.10000", "2017-05-31": "11561.60000", "2017-02-28": "11717.60000", "2016-11-30": "11322.40000", "2016-08-31": "10543.30000", "2016-05-31": "10641.40000", "2016-02-29": "10273.20000", "2015-11-30": "9559.90000", "2015-08-31": "9508.40000", "2015-05-31": "9195.40000", "2015-02-28": "9211.70000", "2014-11-30": "9345.50000", "2014-08-31": "9170.00000", "2014-05-31": "9555.40000", "2014-02-28": "9320.80000", "2013-11-30": "9546.50000", "2013-08-31": "9612.40000", "2013-05-31": "6455.00000", "2013-02-28": "4777.80000", "2012-11-30": "5547.40000", "2012-08-31": "5422.40000", "2012-05-31": "4708.40000", "2012-02-29": "4433.90000", "2011-11-30": "4587.20000", "2011-08-31": "4335.60000", "2011-05-31": "4360.30000", "2011-02-28": "4615.70000", "2010-11-30": "5538.80000", "2010-08-31": "5447.20000", "2010-05-31": "5598.70000", "2010-02-28": "5518.00000", "2009-11-30": "6031.40000", "2009-08-31": "5918.60000", "2009-05-31": "6076.30000", "2009-02-28": "6128.20000", "2008-11-30": "6766.80000", "2008-08-31": "6746.00000", "2008-05-31": "7276.20000", "2008-02-29": "7286.90000", "2007-11-30": "6680.90000", "2007-08-31": "6542.30000", "2007-05-31": "6697.90000", "2007-02-28": "6020.70000", "2006-11-30": "6517.40000", "2006-08-31": "6281.70000", "2006-05-31": "4551.50000", "2006-02-28": "4425.40000", "2005-11-30": "4795.78400", "2005-08-31": "4629.35400", "2005-05-31": "4759.23400", "2005-02-28": "5024.25900"}, "Common Stock Net": {"2020-11-30": "2.20000", "2020-08-31": "2.20000", "2020-05-31": "2.20000", "2020-02-29": "2.20000", "2019-11-30": "2.20000", "2019-08-31": "2.20000", "2019-05-31": "2.20000", "2019-02-28": "2.20000", "2018-11-30": "2.20000", "2018-08-31": "2.90000", "2018-05-31": "2.90000", "2018-02-28": "2.90000", "2017-11-30": "2.90000", "2017-08-31": "2.90000", "2017-05-31": "2.90000", "2017-02-28": "2.90000", "2016-11-30": "2.90000", "2016-08-31": "2.90000", "2016-05-31": "2.90000", "2016-02-29": "2.90000", "2015-11-30": "2.90000", "2015-08-31": "2.80000", "2015-05-31": "2.80000", "2015-02-28": "2.80000", "2014-11-30": "2.80000", "2014-08-31": "2.80000", "2014-05-31": "2.80000", "2014-02-28": "2.80000", "2013-11-30": "2.80000", "2013-08-31": "2.80000", "2013-05-31": "2.80000", "2013-02-28": "2.70000", "2012-11-30": "2.70000", "2012-08-31": "2.70000", "2012-05-31": "2.60000", "2012-02-29": "2.60000", "2011-11-30": "2.60000", "2011-08-31": "2.60000", "2011-05-31": "2.60000", "2011-02-28": "2.60000", "2010-11-30": "2.60000", "2010-08-31": "2.60000", "2010-05-31": "2.60000", "2010-02-28": "2.60000", "2009-11-30": "2.50000", "2009-08-31": "2.50000", "2009-05-31": "2.50000", "2009-02-28": "2.50000", "2008-11-30": "2.50000", "2008-08-31": "2.50000", "2008-05-31": "2.50000", "2008-02-29": "2.50000", "2007-11-30": "2.50000", "2007-08-31": "2.50000", "2007-05-31": "2.50000", "2007-02-28": "2.50000", "2006-11-30": "2.50000", "2006-08-31": "2.40000", "2006-05-31": "2.30000", "2006-02-28": "2.30000", "2005-11-30": "2.30900", "2005-08-31": "2.30600", "2005-05-31": "2.29700", "2005-02-28": "2.28800"}, "Retained Earnings (Accumulated Deficit)": {"2020-11-30": "14879.10000", "2020-08-31": "13742.20000", "2020-05-31": "13374.10000", "2020-02-29": "13695.30000", "2019-11-30": "13439.40000", "2019-08-31": "13221.40000", "2019-05-31": "13888.90000", "2019-02-28": "14276.20000", "2018-11-30": "13176.80000", "2018-08-31": "13012.90000", "2018-05-31": "12002.40000", "2018-02-28": "9157.20000", "2017-11-30": "8401.70000", "2017-08-31": "8011.00000", "2017-05-31": "7612.30000", "2017-02-28": "7310.00000", "2016-11-30": "6934.90000", "2016-08-31": "6608.70000", "2016-05-31": "6329.40000", "2016-02-29": "6090.50000", "2015-11-30": "5908.40000", "2015-08-31": "5698.50000", "2015-05-31": "5456.20000", "2015-02-28": "5277.50000", "2014-11-30": "5062.90000", "2014-08-31": "4840.70000", "2014-05-31": "4644.90000", "2014-02-28": "4438.20000", "2013-11-30": "4281.00000", "2013-08-31": "4070.00000", "2013-05-31": "2548.00000", "2013-02-28": "2495.10000", "2012-11-30": "2413.40000", "2012-08-31": "2303.90000", "2012-05-31": "2179.30000", "2012-02-29": "2107.30000", "2011-11-30": "2004.30000", "2011-08-31": "1899.50000", "2011-05-31": "1736.80000", "2011-02-28": "1662.30000", "2010-11-30": "1382.50000", "2010-08-31": "1243.20000", "2010-05-31": "1151.90000", "2010-02-28": "1102.80000", "2009-11-30": "1153.80000", "2009-08-31": "1109.70000", "2009-05-31": "1010.00000", "2009-02-28": "1003.50000", "2008-11-30": "1410.30000", "2008-08-31": "1326.80000", "2008-05-31": "1349.50000", "2008-02-29": "1306.00000", "2007-11-30": "2140.80000", "2007-08-31": "2021.20000", "2007-05-31": "1949.10000", "2007-02-28": "1919.30000", "2006-11-30": "1849.10000", "2006-08-31": "1741.30000", "2006-05-31": "1675.30000", "2006-02-28": "1592.30000", "2005-11-30": "1536.58000", "2005-08-31": "1430.07000", "2005-05-31": "1350.10100", "2005-02-28": "1276.85300"}, "Comprehensive Income": {"2020-11-30": "-357.40000", "2020-08-31": "-815.50000", "2020-05-31": "-1022.40000", "2020-02-29": "-266.30000", "2019-11-30": "-383.80000", "2019-08-31": "-476.60000", "2019-05-31": "-355.50000", "2019-02-28": "-353.90000", "2018-11-30": "-505.90000", "2018-08-31": "-304.60000", "2018-05-31": "-378.60000", "2018-02-28": "-202.90000", "2017-11-30": "-209.00000", "2017-08-31": "-87.40000", "2017-05-31": "-212.30000", "2017-02-28": "-399.80000", "2016-11-30": "-596.70000", "2016-08-31": "-443.10000", "2016-05-31": "-456.50000", "2016-02-29": "-452.50000", "2015-11-30": "-344.90000", "2015-08-31": "-370.20000", "2015-05-31": "-184.80000", "2015-02-28": "-130.90000", "2014-11-30": "-8.60000", "2014-08-31": "104.80000", "2014-05-31": "133.40000", "2014-02-28": "86.00000", "2013-11-30": "94.00000", "2013-08-31": "64.60000", "2013-05-31": "108.60000", "2013-02-28": "132.10000", "2012-11-30": "165.30000", "2012-08-31": "157.70000", "2012-05-31": "83.10000", "2012-02-29": "173.70000", "2011-11-30": "127.80000", "2011-08-31": "216.80000", "2011-05-31": "223.70000", "2011-02-28": "188.80000", "2010-11-30": "665.90000", "2010-08-31": "550.60000", "2010-05-31": "527.50000", "2010-02-28": "587.20000", "2009-11-30": "677.90000", "2009-08-31": "556.00000", "2009-05-31": "488.00000", "2009-02-28": "94.20000", "2008-11-30": "137.60000", "2008-08-31": "573.90000", "2008-05-31": "778.50000", "2008-02-29": "736.00000", "2007-11-30": "665.50000", "2007-08-31": "477.70000", "2007-05-31": "508.20000", "2007-02-28": "349.10000", "2006-11-30": "359.40000", "2006-08-31": "314.60000", "2006-05-31": "293.70000", "2006-02-28": "247.40000", "2005-11-30": "264.98700", "2005-08-31": "303.67600", "2005-05-31": "307.68100", "2005-02-28": "431.84300"}, "Other Share Holders Equity": {"2020-11-30": "", "2020-08-31": "", "2020-05-31": "", "2020-02-29": "", "2019-11-30": "", "2019-08-31": "", "2019-05-31": "", "2019-02-28": "", "2018-11-30": "", "2018-08-31": "", "2018-05-31": "", "2018-02-28": "", "2017-11-30": "", "2017-08-31": "", "2017-05-31": "", "2017-02-28": "", "2016-11-30": "", "2016-08-31": "", "2016-05-31": "", "2016-02-29": "", "2015-11-30": "", "2015-08-31": "", "2015-05-31": "", "2015-02-28": "", "2014-11-30": "", "2014-08-31": "", "2014-05-31": "", "2014-02-28": "", "2013-11-30": "", "2013-08-31": "", "2013-05-31": "", "2013-02-28": "", "2012-11-30": "", "2012-08-31": "", "2012-05-31": "", "2012-02-29": "", "2011-11-30": "", "2011-08-31": "", "2011-05-31": "", "2011-02-28": "", "2010-11-30": "", "2010-08-31": "", "2010-05-31": "", "2010-02-28": "", "2009-11-30": "", "2009-08-31": "", "2009-05-31": "", "2009-02-28": "", "2008-11-30": "", "2008-08-31": "", "2008-05-31": "", "2008-02-29": "", "2007-11-30": "", "2007-08-31": "", "2007-05-31": "", "2007-02-28": "", "2006-11-30": "", "2006-08-31": "", "2006-05-31": "", "2006-02-28": "", "2005-11-30": "-0.10700", "2005-08-31": "-0.19200", "2005-05-31": "-0.03400", "2005-02-28": "-0.05900"}, "Share Holder Equity": {"2020-11-30": "13652.50000", "2020-08-31": "12003.80000", "2020-05-31": "11377.60000", "2020-02-29": "12474.30000", "2019-11-30": "12036.30000", "2019-08-31": "11691.00000", "2019-05-31": "12488.20000", "2019-02-28": "12837.20000", "2018-11-30": "11520.00000", "2018-08-31": "11535.20000", "2018-05-31": "10565.80000", "2018-02-28": "7991.70000", "2017-11-30": "8009.10000", "2017-08-31": "7945.30000", "2017-05-31": "7397.80000", "2017-02-28": "6884.80000", "2016-11-30": "6997.70000", "2016-08-31": "7174.10000", "2016-05-31": "6988.60000", "2016-02-29": "6691.80000", "2015-11-30": "6596.70000", "2015-08-31": "6165.00000", "2015-05-31": "6051.90000", "2015-02-28": "5881.30000", "2014-11-30": "5635.00000", "2014-08-31": "5487.40000", "2014-05-31": "5287.00000", "2014-02-28": "4981.30000", "2013-11-30": "4789.80000", "2013-08-31": "4510.40000", "2013-05-31": "2997.40000", "2013-02-28": "2860.30000", "2012-11-30": "2775.30000", "2012-08-31": "2618.10000", "2012-05-31": "2299.80000", "2012-02-29": "2676.00000", "2011-11-30": "2638.00000", "2011-08-31": "2699.10000", "2011-05-31": "2715.10000", "2011-02-28": "2551.90000", "2010-11-30": "2719.00000", "2010-08-31": "2429.90000", "2010-05-31": "2297.40000", "2010-02-28": "2576.30000", "2009-11-30": "2697.20000", "2009-08-31": "2515.30000", "2009-05-31": "2325.20000", "2009-02-28": "1908.30000", "2008-11-30": "2341.70000", "2008-08-31": "2675.80000", "2008-05-31": "2880.10000", "2008-02-29": "2765.90000", "2007-11-30": "3512.70000", "2007-08-31": "3188.80000", "2007-05-31": "3128.30000", "2007-02-28": "3417.50000", "2006-11-30": "3327.90000", "2006-08-31": "3167.00000", "2006-05-31": "3120.00000", "2006-02-28": "2975.20000", "2005-11-30": "2906.72100", "2005-08-31": "2834.01900", "2005-05-31": "2742.21000", "2005-02-28": "2779.91300"}, "Total Liabilities And Share Holders Equity": {"2020-11-30": "27630.60000", "2020-08-31": "26462.50000", "2020-05-31": "26149.80000", "2020-02-29": "27323.20000", "2019-11-30": "27093.70000", "2019-08-31": "27555.10000", "2019-05-31": "28951.10000", "2019-02-28": "29231.50000", "2018-11-30": "27890.40000", "2018-08-31": "24097.50000", "2018-05-31": "23096.70000", "2018-02-28": "20538.70000", "2017-11-30": "20107.10000", "2017-08-31": "19418.40000", "2017-05-31": "18959.40000", "2017-02-28": "18602.40000", "2016-11-30": "18320.10000", "2016-08-31": "17717.40000", "2016-05-31": "17630.00000", "2016-02-29": "16965.00000", "2015-11-30": "16156.60000", "2015-08-31": "15673.40000", "2015-05-31": "15247.30000", "2015-02-28": "15093.00000", "2014-11-30": "14980.50000", "2014-08-31": "14657.40000", "2014-05-31": "14842.40000", "2014-02-28": "14302.10000", "2013-11-30": "14336.30000", "2013-08-31": "14122.80000", "2013-05-31": "9452.40000", "2013-02-28": "7638.10000", "2012-11-30": "8322.70000", "2012-08-31": "8040.50000", "2012-05-31": "7008.20000", "2012-02-29": "7109.90000", "2011-11-30": "7225.20000", "2011-08-31": "7034.70000", "2011-05-31": "7075.40000", "2011-02-28": "7167.60000", "2010-11-30": "8257.80000", "2010-08-31": "7877.10000", "2010-05-31": "7896.10000", "2010-02-28": "8094.30000", "2009-11-30": "8728.60000", "2009-08-31": "8433.90000", "2009-05-31": "8401.50000", "2009-02-28": "8036.50000", "2008-11-30": "9108.50000", "2008-08-31": "9421.80000", "2008-05-31": "10156.30000", "2008-02-29": "10052.80000", "2007-11-30": "10193.60000", "2007-08-31": "9731.10000", "2007-05-31": "9826.20000", "2007-02-28": "9438.20000", "2006-11-30": "9845.30000", "2006-08-31": "9448.70000", "2006-05-31": "7671.50000", "2006-02-28": "7400.60000", "2005-11-30": "7702.50500", "2005-08-31": "7463.37300", "2005-05-31": "7501.44400", "2005-02-28": "7804.17200"}}, "cash flow statement": {"Net Income/Loss": {"2020-02-29": "21.40000", "2019-02-28": "3459.10000", "2018-02-28": "2315.30000", "2017-02-28": "1532.70000", "2016-02-29": "1060.60000", "2015-02-28": "836.20000", "2014-02-28": "1943.10000", "2013-02-28": "387.80000", "2012-02-29": "445.00000", "2011-02-28": "559.50000", "2010-02-28": "99.30000", "2009-02-28": "-301.40000", "2008-02-29": "-613.30000", "2007-02-28": "331.90000", "2006-02-28": "325.30000", "2005-02-28": "276.50000"}, "Total Depreciation And Amortization - Cash Flow": {"2020-02-29": "359.30000", "2019-02-28": "476.50000", "2018-02-28": "495.20000", "2017-02-28": "306.60000", "2016-02-29": "221.00000", "2015-02-28": "214.20000", "2014-02-28": "467.80000", "2013-02-28": "120.20000", "2012-02-29": "148.40000", "2011-02-28": "157.40000", "2010-02-28": "259.10000", "2009-02-28": "457.40000", "2008-02-29": "978.10000", "2007-02-28": "139.30000", "2006-02-28": "128.10000", "2005-02-28": "103.70000"}, "Other Non-Cash Items": {"2020-02-29": "2180.40000", "2019-02-28": "-1604.10000", "2018-02-28": "-585.40000", "2017-02-28": "-81.50000", "2016-02-29": "318.10000", "2015-02-28": "134.30000", "2014-02-28": "-1550.50000", "2013-02-28": "100.10000", "2012-02-29": "98.20000", "2011-02-28": "98.30000", "2010-02-28": "52.90000", "2009-02-28": "290.60000", "2008-02-29": "187.10000", "2007-02-28": "14.30000", "2006-02-28": "50.10000", "2005-02-28": "72.20000"}, "Total Non-Cash Items": {"2020-02-29": "2539.70000", "2019-02-28": "-1127.60000", "2018-02-28": "-90.20000", "2017-02-28": "225.10000", "2016-02-29": "539.10000", "2015-02-28": "348.50000", "2014-02-28": "-1082.70000", "2013-02-28": "220.30000", "2012-02-29": "246.60000", "2011-02-28": "255.70000", "2010-02-28": "312.00000", "2009-02-28": "748.00000", "2008-02-29": "1165.20000", "2007-02-28": "153.60000", "2006-02-28": "178.20000", "2005-02-28": "175.90000"}, "Change In Accounts Receivable": {"2020-02-29": "-22.00000", "2019-02-28": "-71.90000", "2018-02-28": "-34.10000", "2017-02-28": "-49.40000", "2016-02-29": "-129.80000", "2015-02-28": "16.10000", "2014-02-28": "36.50000", "2013-02-28": "-38.90000", "2012-02-29": "-5.60000", "2011-02-28": "-86.00000", "2010-02-28": "61.90000", "2009-02-28": "87.40000", "2008-02-29": "56.20000", "2007-02-28": "-6.30000", "2006-02-28": "44.20000", "2005-02-28": "-100.30000"}, "Change In Inventories": {"2020-02-29": "-29.50000", "2019-02-28": "-61.90000", "2018-02-28": "-123.80000", "2017-02-28": "-151.00000", "2016-02-29": "10.10000", "2015-02-28": "-132.50000", "2014-02-28": "-41.10000", "2013-02-28": "-90.00000", "2012-02-29": "51.50000", "2011-02-28": "190.80000", "2010-02-28": "51.00000", "2009-02-28": "-86.00000", "2008-02-29": "-37.80000", "2007-02-28": "-85.10000", "2006-02-28": "-121.90000", "2005-02-28": "-74.50000"}, "Change In Accounts Payable": {"2020-02-29": "16.80000", "2019-02-28": "21.40000", "2018-02-28": "12.80000", "2017-02-28": "115.90000", "2016-02-29": "24.70000", "2015-02-28": "-0.80000", "2014-02-28": "-49.30000", "2013-02-28": "76.90000", "2012-02-29": "-6.00000", "2011-02-28": "-82.50000", "2010-02-28": "-42.70000", "2009-02-28": "-26.90000", "2008-02-29": "16.30000", "2007-02-28": "34.30000", "2006-02-28": "-1.20000", "2005-02-28": "11.40000"}, "Change In Assets/Liabilities": {"2020-02-29": "8.10000", "2019-02-28": "-103.00000", "2018-02-28": "-111.50000", "2017-02-28": "-71.60000", "2016-02-29": "45.90000", "2015-02-28": "-71.20000", "2014-02-28": "-0.20000", "2013-02-28": "-9.60000", "2012-02-29": "6.50000", "2011-02-28": "-7.60000", "2010-02-28": "2.60000", "2009-02-28": "9.40000", "2008-02-29": "-35.00000", "2007-02-28": "41.00000", "2006-02-28": "42.50000", "2005-02-28": "-5.30000"}, "Total Change In Assets/Liabilities": {"2020-02-29": "-85.10000", "2019-02-28": "-237.50000", "2018-02-28": "-323.40000", "2017-02-28": "-23.50000", "2016-02-29": "-160.80000", "2015-02-28": "-142.10000", "2014-02-28": "-1.50000", "2013-02-28": "-67.70000", "2012-02-29": "101.60000", "2011-02-28": "-160.60000", "2010-02-28": "-55.80000", "2009-02-28": "-99.00000", "2008-02-29": "-32.10000", "2007-02-28": "-172.30000", "2006-02-28": "-67.50000", "2005-02-28": "-131.70000"}, "Cash Flow From Operating Activities": {"2020-02-29": "2551.10000", "2019-02-28": "2246.30000", "2018-02-28": "1931.40000", "2017-02-28": "1696.00000", "2016-02-29": "1413.70000", "2015-02-28": "1081.00000", "2014-02-28": "826.20000", "2013-02-28": "556.30000", "2012-02-29": "784.10000", "2011-02-28": "619.70000", "2010-02-28": "402.60000", "2009-02-28": "506.90000", "2008-02-29": "519.80000", "2007-02-28": "313.20000", "2006-02-28": "436.00000", "2005-02-28": "320.70000"}, "Net Change In Property, Plant, And Equipment": {"2020-02-29": "-718.20000", "2019-02-28": "-814.00000", "2018-02-28": "-1051.70000", "2017-02-28": "-905.30000", "2016-02-29": "-891.30000", "2015-02-28": "-719.40000", "2014-02-28": "-223.50000", "2013-02-28": "-62.10000", "2012-02-29": "-64.80000", "2011-02-28": "-69.60000", "2010-02-28": "-90.50000", "2009-02-28": "-103.20000", "2008-02-29": "-124.40000", "2007-02-28": "-182.20000", "2006-02-28": "-12.80000", "2005-02-28": "-106.00000"}, "Net Change In Intangible Assets": {"2020-02-29": "", "2019-02-28": "", "2018-02-28": "", "2017-02-28": "", "2016-02-29": "", "2015-02-28": "", "2014-02-28": "", "2013-02-28": "", "2012-02-29": "", "2011-02-28": "", "2010-02-28": "", "2009-02-28": "", "2008-02-29": "", "2007-02-28": "", "2006-02-28": "", "2005-02-28": ""}, "Net Acquisitions/Divestitures": {"2020-02-29": "233.50000", "2019-02-28": "-45.60000", "2018-02-28": "-155.10000", "2017-02-28": "-535.70000", "2016-02-29": "-1316.40000", "2015-02-28": "-310.30000", "2014-02-28": "-4681.30000", "2013-02-28": "-159.30000", "2012-02-29": "-82.30000", "2011-02-28": "219.70000", "2010-02-28": "349.60000", "2009-02-28": "204.30000", "2008-02-29": "-1165.50000", "2007-02-28": "-1065.30000", "2006-02-28": "-28.00000", "2005-02-28": "-1052.50000"}, "Net Change In Short-term Investments": {"2020-02-29": "", "2019-02-28": "", "2018-02-28": "", "2017-02-28": "", "2016-02-29": "", "2015-02-28": "", "2014-02-28": "", "2013-02-28": "", "2012-02-29": "", "2011-02-28": "", "2010-02-28": "", "2009-02-28": "", "2008-02-29": "", "2007-02-28": "", "2006-02-28": "", "2005-02-28": "14.40000"}, "Net Change In Long-Term Investments": {"2020-02-29": "-46.70000", "2019-02-28": "-3971.30000", "2018-02-28": "-210.90000", "2017-02-28": "-17.10000", "2016-02-29": "", "2015-02-28": "", "2014-02-28": "", "2013-02-28": "", "2012-02-29": "20.20000", "2011-02-28": "-29.70000", "2010-02-28": "-0.90000", "2009-02-28": "-3.20000", "2008-02-29": "181.00000", "2007-02-28": "55.10000", "2006-02-28": "33.20000", "2005-02-28": "-76.20000"}, "Net Change In Investments - Total": {"2020-02-29": "-46.70000", "2019-02-28": "-3971.30000", "2018-02-28": "-210.90000", "2017-02-28": "-17.10000", "2016-02-29": "", "2015-02-28": "", "2014-02-28": "", "2013-02-28": "", "2012-02-29": "20.20000", "2011-02-28": "-29.70000", "2010-02-28": "-0.90000", "2009-02-28": "-3.20000", "2008-02-29": "181.00000", "2007-02-28": "55.10000", "2006-02-28": "33.20000", "2005-02-28": "-61.80000"}, "Investing Activities - Other": {"2020-02-29": "0.40000", "2019-02-28": "-0.90000", "2018-02-28": "-5.40000", "2017-02-28": "-3.70000", "2016-02-29": "0.30000", "2015-02-28": "13.80000", "2014-02-28": "41.00000", "2013-02-28": "14.60000", "2012-02-29": "-8.20000", "2011-02-28": "67.70000", "2010-02-28": "-1.60000", "2009-02-28": "30.70000", "2008-02-29": "-4.00000", "2007-02-28": "-4.70000", "2006-02-28": "-8.00000", "2005-02-28": "-2.60000"}, "Cash Flow From Investing Activities": {"2020-02-29": "-531.00000", "2019-02-28": "-4831.80000", "2018-02-28": "-1423.10000", "2017-02-28": "-1461.80000", "2016-02-29": "-2207.40000", "2015-02-28": "-1015.90000", "2014-02-28": "-4863.80000", "2013-02-28": "-206.80000", "2012-02-29": "-135.10000", "2011-02-28": "188.10000", "2010-02-28": "256.60000", "2009-02-28": "128.60000", "2008-02-29": "-1112.90000", "2007-02-28": "-1197.10000", "2006-02-28": "-15.60000", "2005-02-28": "-1222.90000"}, "Net Long-Term Debt": {"2020-02-29": "-915.30000", "2019-02-28": "3594.80000", "2018-02-28": "804.69970", "2017-02-28": "993.80000", "2016-02-29": "401.30000", "2015-02-28": "299.30000", "2014-02-28": "3628.60000", "2013-02-28": "512.80000", "2012-02-29": "-475.90000", "2011-02-28": "-328.50000", "2010-02-28": "-781.30000", "2009-02-28": "-577.60000", "2008-02-29": "838.00000", "2007-02-28": "918.50000", "2006-02-28": "-518.00000", "2005-02-28": "911.30000"}, "Net Current Debt": {"2020-02-29": "-552.60000", "2019-02-28": "45.50000", "2018-02-28": "137.20000", "2017-02-28": "197.10000", "2016-02-29": "360.60000", "2015-02-28": "13.10000", "2014-02-28": "57.30000", "2013-02-28": "-372.60000", "2012-02-29": "249.80000", "2011-02-28": "-289.70000", "2010-02-28": "117.10000", "2009-02-28": "-109.70000", "2008-02-29": "219.40000", "2007-02-28": "47.10000", "2006-02-28": "63.80000", "2005-02-28": "-45.80000"}, "Debt Issuance/Retirement Net - Total": {"2020-02-29": "-1467.90000", "2019-02-28": "3640.30000", "2018-02-28": "941.89970", "2017-02-28": "1190.90000", "2016-02-29": "761.90000", "2015-02-28": "312.40000", "2014-02-28": "3685.90000", "2013-02-28": "140.20000", "2012-02-29": "-226.10000", "2011-02-28": "-618.20000", "2010-02-28": "-664.20000", "2009-02-28": "-687.30000", "2008-02-29": "1057.40000", "2007-02-28": "965.60000", "2006-02-28": "-454.20000", "2005-02-28": "865.50010"}, "Net Common Equity Issued/Repurchased": {"2020-02-29": "28.20000", "2019-02-28": "-441.10000", "2018-02-28": "-989.10000", "2017-02-28": "-1063.00000", "2016-02-29": "79.20000", "2015-02-28": "63.70000", "2014-02-28": "125.90000", "2013-02-28": "-220.30000", "2012-02-29": "-357.70000", "2011-02-28": "-234.70000", "2010-02-28": "16.80000", "2009-02-28": "32.70000", "2008-02-29": "-473.20000", "2007-02-28": "-30.70000", "2006-02-28": "37.80000", "2005-02-28": "52.90000"}, "Net Total Equity Issued/Repurchased": {"2020-02-29": "28.20000", "2019-02-28": "-441.10000", "2018-02-28": "-989.10000", "2017-02-28": "-1063.00000", "2016-02-29": "79.20000", "2015-02-28": "63.70000", "2014-02-28": "125.90000", "2013-02-28": "-220.30000", "2012-02-29": "-357.70000", "2011-02-28": "-234.70000", "2010-02-28": "16.80000", "2009-02-28": "32.70000", "2008-02-29": "-473.20000", "2007-02-28": "-30.70000", "2006-02-28": "37.80000", "2005-02-28": "52.90000"}, "Total Common And Preferred Stock Dividends Paid": {"2020-02-29": "-569.20000", "2019-02-28": "-557.70000", "2018-02-28": "-400.10000", "2017-02-28": "-315.10000", "2016-02-29": "-241.60000", "2015-02-28": "", "2014-02-28": "", "2013-02-28": "", "2012-02-29": "", "2011-02-28": "", "2010-02-28": "", "2009-02-28": "", "2008-02-29": "", "2007-02-28": "-7.30000", "2006-02-28": "-9.80000", "2005-02-28": "-9.80000"}, "Financial Activities - Other": {"2020-02-29": "-22.50000", "2019-02-28": "-48.20000", "2018-02-28": "-153.90000", "2017-02-28": "52.40000", "2016-02-29": "176.50000", "2015-02-28": "-392.50000", "2014-02-28": "-34.80000", "2013-02-28": "-18.60000", "2012-02-29": "8.70000", "2011-02-28": "6.80000", "2010-02-28": "24.30000", "2009-02-28": "7.20000", "2008-02-29": "0.70000", "2007-02-28": "-2.40000", "2006-02-28": "", "2005-02-28": "-24.40000"}, "Cash Flow From Financial Activities": {"2020-02-29": "-2031.40000", "2019-02-28": "2593.30000", "2018-02-28": "-601.20000", "2017-02-28": "-134.80000", "2016-02-29": "776.00000", "2015-02-28": "-16.40000", "2014-02-28": "3777.00000", "2013-02-28": "-98.70000", "2012-02-29": "-575.10000", "2011-02-28": "-846.10000", "2010-02-28": "-623.10000", "2009-02-28": "-647.40000", "2008-02-29": "584.90000", "2007-02-28": "925.20000", "2006-02-28": "-426.20000", "2005-02-28": "884.20000"}, "Net Cash Flow": {"2020-02-29": "-12.20000", "2019-02-28": "3.30000", "2018-02-28": "-87.10000", "2017-02-28": "94.30000", "2016-02-29": "-27.00000", "2015-02-28": "46.20000", "2014-02-28": "-267.60000", "2013-02-28": "245.70000", "2012-02-29": "76.60000", "2011-02-28": "-34.30000", "2010-02-28": "30.40000", "2009-02-28": "-7.40000", "2008-02-29": "-13.00000", "2007-02-28": "22.60000", "2006-02-28": "-6.70000", "2005-02-28": "-19.50000"}, "Stock-Based Compensation": {"2020-02-29": "60.40000", "2019-02-28": "64.10000", "2018-02-28": "60.90000", "2017-02-28": "56.10000", "2016-02-29": "54.00000", "2015-02-28": "55.00000", "2014-02-28": "49.90000", "2013-02-28": "40.80000", "2012-02-29": "47.60000", "2011-02-28": "46.00000", "2010-02-28": "56.30000", "2009-02-28": "46.10000", "2008-02-29": "32.00000", "2007-02-28": "16.50000", "2006-02-28": "7.50000", "2005-02-28": "0.10000"}, "Common Stock Dividends Paid": {"2020-02-29": "-569.20000", "2019-02-28": "-557.70000", "2018-02-28": "-400.10000", "2017-02-28": "-315.10000", "2016-02-29": "-241.60000", "2015-02-28": "", "2014-02-28": "", "2013-02-28": "", "2012-02-29": "", "2011-02-28": "", "2010-02-28": "", "2009-02-28": "", "2008-02-29": "", "2007-02-28": "", "2006-02-28": "", "2005-02-28": ""}}, "cash flow statement, quarterly": {"Net Income/Loss": {"2020-11-30": 1292, "2020-08-31": 521.8, "2020-05-31": "-172.60000", "2020-02-29": 409, "2019-11-30": 366.5, "2019-08-31": -517, "2019-05-31": "-237.10000", "2019-02-28": 1249.4, "2018-11-30": 312.1, "2018-08-31": 1151.3, "2018-05-31": "746.30000", "2018-02-28": 913.8, "2017-11-30": 496.4, "2017-08-31": 504.1, "2017-05-31": "401.00000", "2017-02-28": 455.4, "2016-11-30": 405, "2016-08-31": 353.2, "2016-05-31": "319.10000", "2016-02-29": 245.3, "2015-11-30": 271, "2015-08-31": 304.1, "2015-05-31": "240.20000", "2015-02-28": 211.5, "2014-11-30": 222.2, "2014-08-31": 195.8, "2014-05-31": "206.70000", "2014-02-28": 157.2, "2013-11-30": 211, "2013-08-31": 1522, "2013-05-31": "52.90000", "2013-02-28": 81.7, "2012-11-30": 109.5, "2012-08-31": 124.6, "2012-05-31": "72.00000", "2012-02-29": 103, "2011-11-30": 104.8, "2011-08-31": 162.7, "2011-05-31": "74.50000", "2011-02-28": 279.8, "2010-11-30": 139.3, "2010-08-31": 91.3, "2010-05-31": "49.10000", "2010-02-28": -51, "2009-11-30": 44.1, "2009-08-31": 99.7, "2009-05-31": "6.50000", "2009-02-28": -406.8, "2008-11-30": 83.5, "2008-08-31": -22.7, "2008-05-31": "44.60000", "2008-02-29": -834.8, "2007-11-30": 119.6, "2007-08-31": 72.1, "2007-05-31": "29.80000", "2007-02-28": 70.2, "2006-11-30": 107.8, "2006-08-31": 68.4, "2006-05-31": "85.50000", "2006-02-28": 58.2, "2005-11-30": 109, "2005-08-31": 82.4, "2005-05-31": "75.70000", "2005-02-28": 276.5}, "Total Depreciation And Amortization - Cash Flow": {"2020-11-30": 95.5, "2020-08-31": 74.4, "2020-05-31": "71.00000", "2020-02-29": 82.1, "2019-11-30": 94.2, "2019-08-31": 96.4, "2019-05-31": "86.60000", "2019-02-28": 196.1, "2018-11-30": 99.7, "2018-08-31": 96.5, "2018-05-31": "84.20000", "2018-02-28": 162, "2017-11-30": 102.6, "2017-08-31": 72.3, "2017-05-31": "158.30000", "2017-02-28": 113.3, "2016-11-30": 66.7, "2016-08-31": 63.4, "2016-05-31": "63.20000", "2016-02-29": 49.3, "2015-11-30": 54.1, "2015-08-31": 59.7, "2015-05-31": "57.90000", "2015-02-28": 50.6, "2014-11-30": 54.8, "2014-08-31": 56.7, "2014-05-31": "52.10000", "2014-02-28": 45.3, "2013-11-30": 45.4, "2013-08-31": 346.4, "2013-05-31": "30.70000", "2013-02-28": 31.7, "2012-11-30": 31.3, "2012-08-31": 27.7, "2012-05-31": "29.50000", "2012-02-29": 67.8, "2011-11-30": 28.3, "2011-08-31": 25.4, "2011-05-31": "26.90000", "2011-02-28": 47.6, "2010-11-30": 41.5, "2010-08-31": 33.7, "2010-05-31": "34.60000", "2010-02-28": 138.7, "2009-11-30": 37.3, "2009-08-31": 45.9, "2009-05-31": "37.20000", "2009-02-28": 316.4, "2008-11-30": 34, "2008-08-31": 62.8, "2008-05-31": "44.20000", "2008-02-29": 860.6, "2007-11-30": 40.5, "2007-08-31": 38.3, "2007-05-31": "38.70000", "2007-02-28": 41.1, "2006-11-30": 36, "2006-08-31": 33.5, "2006-05-31": "28.70000", "2006-02-28": 35.8, "2005-11-30": 34.2, "2005-08-31": 28.8, "2005-05-31": "29.30000", "2005-02-28": 103.7}, "Other Non-Cash Items": {"2020-11-30": -617.7, "2020-08-31": 197.6, "2020-05-31": "725.60000", "2020-02-29": 78.9, "2019-11-30": 140.9, "2019-08-31": 1204.6, "2019-05-31": "756.00000", "2019-02-28": -921, "2018-11-30": 133, "2018-08-31": -585.2, "2018-05-31": "-230.90000", "2018-02-28": -543.7, "2017-11-30": -97.2, "2017-08-31": 41.8, "2017-05-31": "13.70000", "2017-02-28": -224.4, "2016-11-30": -28.4, "2016-08-31": 99.3, "2016-05-31": "72.00000", "2016-02-29": 102.7, "2015-11-30": 94.3, "2015-08-31": 70.5, "2015-05-31": "50.60000", "2015-02-28": 21.3, "2014-11-30": 14.2, "2014-08-31": 47.5, "2014-05-31": "51.30000", "2014-02-28": 96, "2013-11-30": -0.6, "2013-08-31": -1644, "2013-05-31": "-1.90000", "2013-02-28": 2.1, "2012-11-30": 43, "2012-08-31": 57.2, "2012-05-31": "-2.20000", "2012-02-29": 2.3, "2011-11-30": 37.7, "2011-08-31": 37.4, "2011-05-31": "20.80000", "2011-02-28": -14.5, "2010-11-30": -4.8, "2010-08-31": 49.6, "2010-05-31": "68.00000", "2010-02-28": -26.3, "2009-11-30": 95.4, "2009-08-31": 21.1, "2009-05-31": "-37.30000", "2009-02-28": 145.6, "2008-11-30": 15.8, "2008-08-31": 122.1, "2008-05-31": "7.10000", "2008-02-29": 120.7, "2007-11-30": 36.4, "2007-08-31": 56.5, "2007-05-31": "-26.50000", "2007-02-28": -6.4, "2006-11-30": 6.1, "2006-08-31": 30.4, "2006-05-31": "-15.80000", "2006-02-28": 14.9, "2005-11-30": -0.7, "2005-08-31": 20.5, "2005-05-31": "15.40000", "2005-02-28": 72.2}, "Total Non-Cash Items": {"2020-11-30": -522.2, "2020-08-31": 272, "2020-05-31": "796.60000", "2020-02-29": 161, "2019-11-30": 235.1, "2019-08-31": 1301, "2019-05-31": "842.60000", "2019-02-28": -724.9, "2018-11-30": 232.7, "2018-08-31": -488.7, "2018-05-31": "-146.70000", "2018-02-28": -381.7, "2017-11-30": 5.4, "2017-08-31": 114.1, "2017-05-31": "172.00000", "2017-02-28": -111.1, "2016-11-30": 38.3, "2016-08-31": 162.7, "2016-05-31": "135.20000", "2016-02-29": 152, "2015-11-30": 148.4, "2015-08-31": 130.2, "2015-05-31": "108.50000", "2015-02-28": 71.9, "2014-11-30": 69, "2014-08-31": 104.2, "2014-05-31": "103.40000", "2014-02-28": 141.3, "2013-11-30": 44.8, "2013-08-31": -1297.6, "2013-05-31": "28.80000", "2013-02-28": 33.8, "2012-11-30": 74.3, "2012-08-31": 84.9, "2012-05-31": "27.30000", "2012-02-29": 70.1, "2011-11-30": 66, "2011-08-31": 62.8, "2011-05-31": "47.70000", "2011-02-28": 33.1, "2010-11-30": 36.7, "2010-08-31": 83.3, "2010-05-31": "102.60000", "2010-02-28": 112.4, "2009-11-30": 132.7, "2009-08-31": 67, "2009-05-31": "-0.10000", "2009-02-28": 462, "2008-11-30": 49.8, "2008-08-31": 184.9, "2008-05-31": "51.30000", "2008-02-29": 981.3, "2007-11-30": 76.9, "2007-08-31": 94.8, "2007-05-31": "12.20000", "2007-02-28": 34.7, "2006-11-30": 42.1, "2006-08-31": 63.9, "2006-05-31": "12.90000", "2006-02-28": 50.7, "2005-11-30": 33.5, "2005-08-31": 49.3, "2005-05-31": "44.70000", "2005-02-28": 175.9}, "Change In Accounts Receivable": {"2020-11-30": 12, "2020-08-31": -223.1, "2020-05-31": "167.00000", "2020-02-29": -63.3, "2019-11-30": 147.5, "2019-08-31": -164.8, "2019-05-31": "58.60000", "2019-02-28": -15.5, "2018-11-30": 117.4, "2018-08-31": -124.5, "2018-05-31": "-49.30000", "2018-02-28": 4.3, "2017-11-30": 78.3, "2017-08-31": -19.9, "2017-05-31": "-96.80000", "2017-02-28": 72.1, "2016-11-30": -26.6, "2016-08-31": -55.9, "2016-05-31": "-39.00000", "2016-02-29": -8.3, "2015-11-30": 7.4, "2015-08-31": -30.6, "2015-05-31": "-98.30000", "2015-02-28": 96.9, "2014-11-30": -49.5, "2014-08-31": -7, "2014-05-31": "-24.30000", "2014-02-28": 41.2, "2013-11-30": -13.1, "2013-08-31": -9.8, "2013-05-31": "18.20000", "2013-02-28": 65.3, "2012-11-30": -53.1, "2012-08-31": -23.6, "2012-05-31": "-27.50000", "2012-02-29": 133.9, "2011-11-30": -55, "2011-08-31": -42.1, "2011-05-31": "-42.40000", "2011-02-28": 258.3, "2010-11-30": -139.8, "2010-08-31": -71.2, "2010-05-31": "-133.30000", "2010-02-28": 369.2, "2009-11-30": -102.8, "2009-08-31": -71.7, "2009-05-31": "-132.80000", "2009-02-28": 274.8, "2008-11-30": -111.4, "2008-08-31": -22.9, "2008-05-31": "-53.10000", "2008-02-29": 256.4, "2007-11-30": -143.6, "2007-08-31": -17.7, "2007-05-31": "-38.90000", "2007-02-28": 269.4, "2006-11-30": -123.6, "2006-08-31": -85.7, "2006-05-31": "-66.40000", "2006-02-28": 205.7, "2005-11-30": -95.4, "2005-08-31": -74.6, "2005-05-31": "8.50000", "2005-02-28": -100.3}, "Change In Inventories": {"2020-11-30": 2.2, "2020-08-31": 24.4, "2020-05-31": "48.60000", "2020-02-29": 105, "2019-11-30": -227.2, "2019-08-31": 143, "2019-05-31": "-50.30000", "2019-02-28": 65.8, "2018-11-30": -251.5, "2018-08-31": 113.2, "2018-05-31": "10.60000", "2018-02-28": 97.9, "2017-11-30": -270.9, "2017-08-31": 30.8, "2017-05-31": "18.40000", "2017-02-28": 42.9, "2016-11-30": -242.8, "2016-08-31": 67.9, "2016-05-31": "-19.00000", "2016-02-29": 35.1, "2015-11-30": -88.6, "2015-08-31": 26.6, "2015-05-31": "37.00000", "2015-02-28": 73.1, "2014-11-30": -171.3, "2014-08-31": -2.5, "2014-05-31": "-31.80000", "2014-02-28": 71.1, "2013-11-30": -179.6, "2013-08-31": 36.7, "2013-05-31": "30.70000", "2013-02-28": 106.7, "2012-11-30": -233.9, "2012-08-31": 6, "2012-05-31": "31.20000", "2012-02-29": 89.3, "2011-11-30": -156.5, "2011-08-31": 51.2, "2011-05-31": "67.50000", "2011-02-28": 138.3, "2010-11-30": -104.7, "2010-08-31": 96.2, "2010-05-31": "61.00000", "2010-02-28": 83.3, "2009-11-30": -123.6, "2009-08-31": 56.8, "2009-05-31": "34.50000", "2009-02-28": 90.6, "2008-11-30": -148.3, "2008-08-31": 40.7, "2008-05-31": "-69.00000", "2008-02-29": 20.7, "2007-11-30": -60.3, "2007-08-31": 29.8, "2007-05-31": "-28.00000", "2007-02-28": 62.6, "2006-11-30": -183.7, "2006-08-31": 67.3, "2006-05-31": "-31.30000", "2006-02-28": 133.6, "2005-11-30": -181, "2005-08-31": 38.5, "2005-05-31": "-113.00000", "2005-02-28": -74.5}, "Change In Accounts Payable": {"2020-11-30": 30.1, "2020-08-31": 145.1, "2020-05-31": "-28.40000", "2020-02-29": -118.8, "2019-11-30": 131.7, "2019-08-31": 26.2, "2019-05-31": "-22.30000", "2019-02-28": -279.9, "2018-11-30": 190.3, "2018-08-31": 96.1, "2018-05-31": "14.90000", "2018-02-28": -144.9, "2017-11-30": 117.5, "2017-08-31": 53.8, "2017-05-31": "-13.60000", "2017-02-28": -174.1, "2016-11-30": 145.7, "2016-08-31": 88.4, "2016-05-31": "55.90000", "2016-02-29": -112.1, "2015-11-30": 42.7, "2015-08-31": 73, "2015-05-31": "21.10000", "2015-02-28": -133.4, "2014-11-30": 25.5, "2014-08-31": 74.6, "2014-05-31": "32.50000", "2014-02-28": -178.1, "2013-11-30": 118.4, "2013-08-31": 65.5, "2013-05-31": "-55.10000", "2013-02-28": -93.8, "2012-11-30": 118.2, "2012-08-31": 64.3, "2012-05-31": "-11.80000", "2012-02-29": -141.3, "2011-11-30": 122.5, "2011-08-31": 34.6, "2011-05-31": "-21.80000", "2011-02-28": -155.1, "2010-11-30": 83.3, "2010-08-31": 19.9, "2010-05-31": "-30.60000", "2010-02-28": -105.9, "2009-11-30": 74.7, "2009-08-31": 16.7, "2009-05-31": "-28.20000", "2009-02-28": -65.2, "2008-11-30": 28.1, "2008-08-31": -4.2, "2008-05-31": "14.40000", "2008-02-29": -32.4, "2007-11-30": 59.4, "2007-08-31": 12.4, "2007-05-31": "-23.10000", "2007-02-28": -137.7, "2006-11-30": 116.7, "2006-08-31": 9.9, "2006-05-31": "45.40000", "2006-02-28": -173.8, "2005-11-30": 128, "2005-08-31": -25.5, "2005-05-31": "70.10000", "2005-02-28": 11.4}, "Change In Assets/Liabilities": {"2020-11-30": -5.7, "2020-08-31": -1.8, "2020-05-31": "74.90000", "2020-02-29": -32, "2019-11-30": -26.1, "2019-08-31": 21.8, "2019-05-31": "44.40000", "2019-02-28": -46.4, "2018-11-30": -43.2, "2018-08-31": -6.6, "2018-05-31": "-6.80000", "2018-02-28": -33.2, "2017-11-30": -16, "2017-08-31": -68.7, "2017-05-31": "6.40000", "2017-02-28": -41.2, "2016-11-30": -14.6, "2016-08-31": -11, "2016-05-31": "-4.80000", "2016-02-29": -0.9, "2015-11-30": 2.1, "2015-08-31": 44.1, "2015-05-31": "0.60000", "2015-02-28": -2.8, "2014-11-30": -37.7, "2014-08-31": -13.3, "2014-05-31": "-17.40000", "2014-02-28": -12, "2013-11-30": -5.8, "2013-08-31": 23.8, "2013-05-31": "-6.20000", "2013-02-28": -9.3, "2012-11-30": 0.7, "2012-08-31": -27.3, "2012-05-31": "26.30000", "2012-02-29": -7.1, "2011-11-30": 5.9, "2011-08-31": -3.7, "2011-05-31": "11.40000", "2011-02-28": -15.5, "2010-11-30": 2.6, "2010-08-31": 2.2, "2010-05-31": "3.10000", "2010-02-28": -4.7, "2009-11-30": -15.3, "2009-08-31": 18.5, "2009-05-31": "4.10000", "2009-02-28": -140.4, "2008-11-30": 81, "2008-08-31": 49.3, "2008-05-31": "19.50000", "2008-02-29": 9.8, "2007-11-30": -4.6, "2007-08-31": -17.8, "2007-05-31": "-22.40000", "2007-02-28": 89.8, "2006-11-30": -16.9, "2006-08-31": -13.3, "2006-05-31": "-18.60000", "2006-02-28": 3.1, "2005-11-30": 15.3, "2005-08-31": 0.4, "2005-05-31": "23.70000", "2005-02-28": -5.3}, "Total Change In Assets/Liabilities": {"2020-11-30": 150.2, "2020-08-31": -41.2, "2020-05-31": "106.60000", "2020-02-29": -147.5, "2019-11-30": 66.8, "2019-08-31": 42.6, "2019-05-31": "-47.00000", "2019-02-28": -331.8, "2018-11-30": 31.1, "2018-08-31": 171.5, "2018-05-31": "-108.30000", "2018-02-28": -74.9, "2017-11-30": -129.4, "2017-08-31": 90.2, "2017-05-31": "-209.30000", "2017-02-28": -44.6, "2016-11-30": -92, "2016-08-31": 189.4, "2016-05-31": "-76.30000", "2016-02-29": -74.1, "2015-11-30": -136.3, "2015-08-31": 192.2, "2015-05-31": "-142.60000", "2015-02-28": 17.2, "2014-11-30": -231.7, "2014-08-31": 157.8, "2014-05-31": "-85.40000", "2014-02-28": -49.3, "2013-11-30": -110.2, "2013-08-31": 250.4, "2013-05-31": "-92.40000", "2013-02-28": 43.1, "2012-11-30": -155, "2012-08-31": 47.1, "2012-05-31": "-2.90000", "2012-02-29": -13.3, "2011-11-30": -34.9, "2011-08-31": 54.3, "2011-05-31": "95.50000", "2011-02-28": -46.2, "2010-11-30": -115, "2010-08-31": 92.2, "2010-05-31": "-91.60000", "2010-02-28": 144.7, "2009-11-30": -124.8, "2009-08-31": -14.5, "2009-05-31": "-61.20000", "2009-02-28": -38.5, "2008-11-30": 20.8, "2008-08-31": 47.3, "2008-05-31": "-128.60000", "2008-02-29": 121, "2007-11-30": -121.9, "2007-08-31": 96.9, "2007-05-31": "-128.10000", "2007-02-28": 95.1, "2006-11-30": -118.1, "2006-08-31": -56.5, "2006-05-31": "-92.80000", "2006-02-28": 44.8, "2005-11-30": -34.3, "2005-08-31": -17.6, "2005-05-31": "-60.40000", "2005-02-28": -131.7}, "Cash Flow From Operating Activities": {"2020-11-30": 918.7, "2020-08-31": 758.4, "2020-05-31": "686.50000", "2020-02-29": 474.8, "2019-11-30": 656.9, "2019-08-31": 826.3, "2019-05-31": "593.10000", "2019-02-28": 272.4, "2018-11-30": 635.4, "2018-08-31": 834.5, "2018-05-31": "504.00000", "2018-02-28": 463, "2017-11-30": 365.5, "2017-08-31": 721.3, "2017-05-31": "381.60000", "2017-02-28": 280.3, "2016-11-30": 370.8, "2016-08-31": 699, "2016-05-31": "345.90000", "2016-02-29": 322.1, "2015-11-30": 288.5, "2015-08-31": 597.4, "2015-05-31": "205.70000", "2015-02-28": 330.9, "2014-11-30": 82, "2014-08-31": 435.8, "2014-05-31": "232.30000", "2014-02-28": 197.1, "2013-11-30": 140.1, "2013-08-31": 485.7, "2013-05-31": "3.30000", "2013-02-28": 167.3, "2012-11-30": 20.5, "2012-08-31": 272.1, "2012-05-31": "96.40000", "2012-02-29": 143.3, "2011-11-30": 123.4, "2011-08-31": 276.1, "2011-05-31": "241.30000", "2011-02-28": 250.3, "2010-11-30": 63.3, "2010-08-31": 246, "2010-05-31": "60.10000", "2010-02-28": 213.9, "2009-11-30": 91.3, "2009-08-31": 152.2, "2009-05-31": "-54.80000", "2009-02-28": 176, "2008-11-30": 154.1, "2008-08-31": 209.5, "2008-05-31": "-32.70000", "2008-02-29": 267.5, "2007-11-30": 74.6, "2007-08-31": 263.8, "2007-05-31": "-86.10000", "2007-02-28": 200, "2006-11-30": 31.8, "2006-08-31": 75.8, "2006-05-31": "5.60000", "2006-02-28": 153.7, "2005-11-30": 108.2, "2005-08-31": 114.1, "2005-05-31": "60.00000", "2005-02-28": 320.7}, "Net Change In Property, Plant, And Equipment": {"2020-11-30": -189.7, "2020-08-31": -133.2, "2020-05-31": "-126.50000", "2020-02-29": -180.6, "2019-11-30": -182.4, "2019-08-31": -199.8, "2019-05-31": "-155.40000", "2019-02-28": -240, "2018-11-30": -248.1, "2018-08-31": -157.7, "2018-05-31": "-168.20000", "2018-02-28": -347.3, "2017-11-30": -200.1, "2017-08-31": -287.2, "2017-05-31": "-217.10000", "2017-02-28": -313.7, "2016-11-30": -223, "2016-08-31": -199.2, "2016-05-31": "-169.40000", "2016-02-29": -377.5, "2015-11-30": -219, "2015-08-31": -165.1, "2015-05-31": "-129.70000", "2015-02-28": -178.1, "2014-11-30": -233.1, "2014-08-31": -176.8, "2014-05-31": "-131.40000", "2014-02-28": -137.6, "2013-11-30": -36.7, "2013-08-31": -27.2, "2013-05-31": "-22.00000", "2013-02-28": -17.9, "2012-11-30": -16.5, "2012-08-31": -15.8, "2012-05-31": "-11.90000", "2012-02-29": -11.3, "2011-11-30": -14.6, "2011-08-31": -18, "2011-05-31": "-20.90000", "2011-02-28": -15, "2010-11-30": -14.5, "2010-08-31": -15.6, "2010-05-31": "-24.50000", "2010-02-28": -17.8, "2009-11-30": -22.1, "2009-08-31": -4.7, "2009-05-31": "-45.90000", "2009-02-28": -26.5, "2008-11-30": -40.7, "2008-08-31": -14.6, "2008-05-31": "-21.40000", "2008-02-29": -53.6, "2007-11-30": -26.1, "2007-08-31": -28.8, "2007-05-31": "-15.90000", "2007-02-28": -55.4, "2006-11-30": -24.9, "2006-08-31": -57.5, "2006-05-31": "-44.40000", "2006-02-28": -40.3, "2005-11-30": 90.5, "2005-08-31": -124, "2005-05-31": "61.00000", "2005-02-28": -106}, "Net Change In Intangible Assets": {"2020-11-30": 0, "2020-08-31": 0, "2020-05-31": "", "2020-02-29": 0, "2019-11-30": 0, "2019-08-31": 0, "2019-05-31": "", "2019-02-28": 0, "2018-11-30": 0, "2018-08-31": 0, "2018-05-31": "", "2018-02-28": 0, "2017-11-30": 0, "2017-08-31": 0, "2017-05-31": "", "2017-02-28": 0, "2016-11-30": 0, "2016-08-31": 0, "2016-05-31": "", "2016-02-29": 0, "2015-11-30": 0, "2015-08-31": 0, "2015-05-31": "", "2015-02-28": 0, "2014-11-30": 0, "2014-08-31": 0, "2014-05-31": "", "2014-02-28": 0, "2013-11-30": 0, "2013-08-31": 0, "2013-05-31": "", "2013-02-28": 0, "2012-11-30": 0, "2012-08-31": 0, "2012-05-31": "", "2012-02-29": 0, "2011-11-30": 0, "2011-08-31": 0, "2011-05-31": "", "2011-02-28": 0, "2010-11-30": 0, "2010-08-31": 0, "2010-05-31": "", "2010-02-28": 0, "2009-11-30": 0, "2009-08-31": 0, "2009-05-31": "", "2009-02-28": 0, "2008-11-30": 0, "2008-08-31": 0, "2008-05-31": "", "2008-02-29": 0, "2007-11-30": 0, "2007-08-31": 0, "2007-05-31": "", "2007-02-28": 0, "2006-11-30": 0, "2006-08-31": 0, "2006-05-31": "", "2006-02-28": 0, "2005-11-30": 0, "2005-08-31": 0, "2005-05-31": "", "2005-02-28": 0}, "Net Acquisitions/Divestitures": {"2020-11-30": 1.8, "2020-08-31": -19.9, "2020-05-31": "41.10000", "2020-02-29": 0, "2019-11-30": 269.7, "2019-08-31": 0, "2019-05-31": "-36.20000", "2019-02-28": -0.3, "2018-11-30": -25.1, "2018-08-31": -19.4, "2018-05-31": "-0.80000", "2018-02-28": -23.2, "2017-11-30": -0.1, "2017-08-31": -131.8, "2017-05-31": "", "2017-02-28": 6.5, "2016-11-30": -257.3, "2016-08-31": 0, "2016-05-31": "-284.90000", "2016-02-29": -998.5, "2015-11-30": 0, "2015-08-31": -317.9, "2015-05-31": "", "2015-02-28": -288.9, "2014-11-30": -21.4, "2014-08-31": 0, "2014-05-31": "", "2014-02-28": -0.3, "2013-11-30": -8.1, "2013-08-31": -4672.9, "2013-05-31": "", "2013-02-28": 0, "2012-11-30": 0.4, "2012-08-31": -159.7, "2012-05-31": "", "2012-02-29": -3.9, "2011-11-30": -49.6, "2011-08-31": -21.3, "2011-05-31": "-7.50000", "2011-02-28": 221.3, "2010-11-30": 0, "2010-08-31": 0, "2010-05-31": "-1.60000", "2010-02-28": 73.2, "2009-11-30": 0, "2009-08-31": 6.2, "2009-05-31": "270.20000", "2009-02-28": -0.1, "2008-11-30": -0.4, "2008-08-31": 206.9, "2008-05-31": "-2.10000", "2008-02-29": -778.8, "2007-11-30": -3.4, "2007-08-31": -0.8, "2007-05-31": "-382.50000", "2007-02-28": 0, "2006-11-30": -1.9, "2006-08-31": -1091.4, "2006-05-31": "28.00000", "2006-02-28": 0, "2005-11-30": -44.2, "2005-08-31": -1.6, "2005-05-31": "17.80000", "2005-02-28": -1052.5}, "Net Change In Short-term Investments": {"2020-11-30": 0, "2020-08-31": 0, "2020-05-31": "", "2020-02-29": 0, "2019-11-30": 0, "2019-08-31": 0, "2019-05-31": "", "2019-02-28": 0, "2018-11-30": 0, "2018-08-31": 0, "2018-05-31": "", "2018-02-28": 0, "2017-11-30": 0, "2017-08-31": 0, "2017-05-31": "", "2017-02-28": 0, "2016-11-30": 0, "2016-08-31": 0, "2016-05-31": "", "2016-02-29": 0, "2015-11-30": 0, "2015-08-31": 0, "2015-05-31": "", "2015-02-28": 0, "2014-11-30": 0, "2014-08-31": 0, "2014-05-31": "", "2014-02-28": 0, "2013-11-30": 0, "2013-08-31": 0, "2013-05-31": "", "2013-02-28": 0, "2012-11-30": 0, "2012-08-31": 0, "2012-05-31": "", "2012-02-29": 0, "2011-11-30": 0, "2011-08-31": 0, "2011-05-31": "", "2011-02-28": 0, "2010-11-30": 0, "2010-08-31": 0, "2010-05-31": "", "2010-02-28": 0, "2009-11-30": 0, "2009-08-31": 0, "2009-05-31": "", "2009-02-28": 0, "2008-11-30": 0, "2008-08-31": 0, "2008-05-31": "", "2008-02-29": 0, "2007-11-30": 0, "2007-08-31": 0, "2007-05-31": "", "2007-02-28": 0, "2006-11-30": 0, "2006-08-31": 0, "2006-05-31": "", "2006-02-28": 0, "2005-11-30": 0, "2005-08-31": 0, "2005-05-31": "", "2005-02-28": 14.4}, "Net Change In Long-Term Investments": {"2020-11-30": 0, "2020-08-31": -4, "2020-05-31": "-213.40000", "2020-02-29": -13, "2019-11-30": -0.7, "2019-08-31": -13, "2019-05-31": "-20.00000", "2019-02-28": -4.2, "2018-11-30": -3925.2, "2018-08-31": -150.6, "2018-05-31": "108.70000", "2018-02-28": -19.6, "2017-11-30": -191.3, "2017-08-31": 0, "2017-05-31": "", "2017-02-28": -17.1, "2016-11-30": 0, "2016-08-31": 0, "2016-05-31": "", "2016-02-29": 0, "2015-11-30": 0, "2015-08-31": 0, "2015-05-31": "", "2015-02-28": 0, "2014-11-30": 0, "2014-08-31": 0, "2014-05-31": "", "2014-02-28": 0, "2013-11-30": 0, "2013-08-31": 0, "2013-05-31": "", "2013-02-28": 0, "2012-11-30": 0, "2012-08-31": 0, "2012-05-31": "", "2012-02-29": 0, "2011-11-30": 20.2, "2011-08-31": 0, "2011-05-31": "", "2011-02-28": 0, "2010-11-30": 0, "2010-08-31": -0.1, "2010-05-31": "-29.60000", "2010-02-28": -0.3, "2009-11-30": -0.1, "2009-08-31": -0.2, "2009-05-31": "-0.30000", "2009-02-28": -2.2, "2008-11-30": -0.4, "2008-08-31": -0.6, "2008-05-31": "", "2008-02-29": -3.1, "2007-11-30": -0.9, "2007-08-31": -0.6, "2007-05-31": "185.60000", "2007-02-28": 0, "2006-11-30": 0, "2006-08-31": 55.1, "2006-05-31": "", "2006-02-28": -0.1, "2005-11-30": -0.4, "2005-08-31": 0.8, "2005-05-31": "32.90000", "2005-02-28": -76.2}, "Net Change In Investments - Total": {"2020-11-30": 0, "2020-08-31": -4, "2020-05-31": "-213.40000", "2020-02-29": -13, "2019-11-30": -0.7, "2019-08-31": -13, "2019-05-31": "-20.00000", "2019-02-28": -4.2, "2018-11-30": -3925.2, "2018-08-31": -150.6, "2018-05-31": "108.70000", "2018-02-28": -19.6, "2017-11-30": -191.3, "2017-08-31": 0, "2017-05-31": "", "2017-02-28": -17.1, "2016-11-30": 0, "2016-08-31": 0, "2016-05-31": "", "2016-02-29": 0, "2015-11-30": 0, "2015-08-31": 0, "2015-05-31": "", "2015-02-28": 0, "2014-11-30": 0, "2014-08-31": 0, "2014-05-31": "", "2014-02-28": 0, "2013-11-30": 0, "2013-08-31": 0, "2013-05-31": "", "2013-02-28": 0, "2012-11-30": 0, "2012-08-31": 0, "2012-05-31": "", "2012-02-29": 0, "2011-11-30": 20.2, "2011-08-31": 0, "2011-05-31": "", "2011-02-28": 0, "2010-11-30": 0, "2010-08-31": -0.1, "2010-05-31": "-29.60000", "2010-02-28": -0.3, "2009-11-30": -0.1, "2009-08-31": -0.2, "2009-05-31": "-0.30000", "2009-02-28": -2.2, "2008-11-30": -0.4, "2008-08-31": -0.6, "2008-05-31": "", "2008-02-29": -3.1, "2007-11-30": -0.9, "2007-08-31": -0.6, "2007-05-31": "185.60000", "2007-02-28": 0, "2006-11-30": 0, "2006-08-31": 55.1, "2006-05-31": "", "2006-02-28": -0.1, "2005-11-30": -0.4, "2005-08-31": 0.8, "2005-05-31": "32.90000", "2005-02-28": -61.8}, "Investing Activities - Other": {"2020-11-30": 0, "2020-08-31": 0.9, "2020-05-31": "-0.30000", "2020-02-29": -1.5, "2019-11-30": 3.2, "2019-08-31": 0.6, "2019-05-31": "-1.90000", "2019-02-28": 0, "2018-11-30": -0.1, "2018-08-31": -7.6, "2018-05-31": "6.80000", "2018-02-28": 5.3, "2017-11-30": -6.2, "2017-08-31": -0.3, "2017-05-31": "-4.20000", "2017-02-28": 11.6, "2016-11-30": -15.2, "2016-08-31": -0.5, "2016-05-31": "0.40000", "2016-02-29": -3.7, "2015-11-30": 0.3, "2015-08-31": 5.3, "2015-05-31": "-1.60000", "2015-02-28": 10.8, "2014-11-30": 1, "2014-08-31": 6.9, "2014-05-31": "-4.90000", "2014-02-28": 31.6, "2013-11-30": 6.7, "2013-08-31": 0.7, "2013-05-31": "2.00000", "2013-02-28": 11.3, "2012-11-30": -0.1, "2012-08-31": 2.6, "2012-05-31": "0.80000", "2012-02-29": -1.2, "2011-11-30": -1.5, "2011-08-31": -0.1, "2011-05-31": "-5.40000", "2011-02-28": 6.9, "2010-11-30": 0.3, "2010-08-31": 0.2, "2010-05-31": "60.30000", "2010-02-28": -2.4, "2009-11-30": -0.4, "2009-08-31": 0.9, "2009-05-31": "0.30000", "2009-02-28": 0.1, "2008-11-30": 19.3, "2008-08-31": 3.5, "2008-05-31": "7.80000", "2008-02-29": 0, "2007-11-30": -1.2, "2007-08-31": 0.1, "2007-05-31": "-2.90000", "2007-02-28": -0.6, "2006-11-30": -2.9, "2006-08-31": 2, "2006-05-31": "-3.20000", "2006-02-28": 0, "2005-11-30": -115, "2005-08-31": 108.6, "2005-05-31": "-1.60000", "2005-02-28": -2.6}, "Cash Flow From Investing Activities": {"2020-11-30": -187.9, "2020-08-31": -156.2, "2020-05-31": "-299.10000", "2020-02-29": -195.1, "2019-11-30": 89.8, "2019-08-31": -212.2, "2019-05-31": "-213.50000", "2019-02-28": -244.5, "2018-11-30": -4198.5, "2018-08-31": -335.3, "2018-05-31": "-53.50000", "2018-02-28": -384.8, "2017-11-30": -397.7, "2017-08-31": -419.3, "2017-05-31": "-221.30000", "2017-02-28": -312.7, "2016-11-30": -495.5, "2016-08-31": -199.7, "2016-05-31": "-453.90000", "2016-02-29": -1379.7, "2015-11-30": -218.7, "2015-08-31": -477.7, "2015-05-31": "-131.30000", "2015-02-28": -456.2, "2014-11-30": -253.5, "2014-08-31": -169.9, "2014-05-31": "-136.30000", "2014-02-28": -106.3, "2013-11-30": -38.1, "2013-08-31": -4699.4, "2013-05-31": "-20.00000", "2013-02-28": -6.6, "2012-11-30": -16.2, "2012-08-31": -172.9, "2012-05-31": "-11.10000", "2012-02-29": -16.4, "2011-11-30": -45.5, "2011-08-31": -39.4, "2011-05-31": "-33.80000", "2011-02-28": 213.2, "2010-11-30": -14.2, "2010-08-31": -15.5, "2010-05-31": "4.60000", "2010-02-28": 52.7, "2009-11-30": -22.6, "2009-08-31": 2.2, "2009-05-31": "224.30000", "2009-02-28": -28.7, "2008-11-30": -22.2, "2008-08-31": 195.2, "2008-05-31": "-15.70000", "2008-02-29": -835.5, "2007-11-30": -31.6, "2007-08-31": -30.1, "2007-05-31": "-215.70000", "2007-02-28": -56, "2006-11-30": -29.7, "2006-08-31": -1091.8, "2006-05-31": "-19.60000", "2006-02-28": -40.4, "2005-11-30": -69.1, "2005-08-31": -16.2, "2005-05-31": "110.10000", "2005-02-28": -1222.9}, "Net Long-Term Debt": {"2020-11-30": -677.5, "2020-08-31": -576.9, "2020-05-31": "235.10000", "2020-02-29": -145.6, "2019-11-30": -729.5, "2019-08-31": -17.3, "2019-05-31": "-22.90000", "2019-02-28": -17.5, "2018-11-30": 3623.8, "2018-08-31": -5.6, "2018-05-31": "-5.90000", "2018-02-28": 1309.5996, "2017-11-30": -4, "2017-08-31": -95.9999, "2017-05-31": "-404.90000", "2017-02-28": 551.4, "2016-11-30": 344.2, "2016-08-31": -517.1, "2016-05-31": "615.30000", "2016-02-29": 339.6, "2015-11-30": -29, "2015-08-31": 170.1, "2015-05-31": "-79.40000", "2015-02-28": 64.6, "2014-11-30": 269.1, "2014-08-31": -29.6, "2014-05-31": "-4.80000", "2014-02-28": -5.8, "2013-11-30": -80.7, "2013-08-31": 2170, "2013-05-31": "1545.10000", "2013-02-28": -685.6, "2012-11-30": -13.6, "2012-08-31": 644.2, "2012-05-31": "567.80000", "2012-02-29": -5.4, "2011-11-30": -50.6, "2011-08-31": -2.6, "2011-05-31": "-417.30000", "2011-02-28": -227.4, "2010-11-30": -76.6, "2010-08-31": -23.2, "2010-05-31": "-1.30000", "2010-02-28": -251.5, "2009-11-30": -258.4, "2009-08-31": -1.9, "2009-05-31": "-269.50000", "2009-02-28": -352.4, "2008-11-30": -125.7, "2008-08-31": -50, "2008-05-31": "-49.50000", "2008-02-29": 290.5, "2007-11-30": -5.5, "2007-08-31": -154.1, "2007-05-31": "707.10000", "2007-02-28": 3.8, "2006-11-30": -8.8, "2006-08-31": 976.1, "2006-05-31": "-52.60000", "2006-02-28": -92.7, "2005-11-30": -88.6, "2005-08-31": -117.2, "2005-05-31": "-219.50000", "2005-02-28": 911.3}, "Net Current Debt": {"2020-11-30": 40, "2020-08-31": 0, "2020-05-31": "-238.90000", "2020-02-29": -42.6, "2019-11-30": 130.5, "2019-08-31": -435.5, "2019-05-31": "-205.00000", "2019-02-28": 60, "2018-11-30": 17.9, "2018-08-31": 45.1, "2018-05-31": "-77.50000", "2018-02-28": -467.7, "2017-11-30": 398.3, "2017-08-31": -174.7, "2017-05-31": "381.30000", "2017-02-28": 253, "2016-11-30": 239.9, "2016-08-31": 83.3, "2016-05-31": "-379.10000", "2016-02-29": 376.5, "2015-11-30": 2.6, "2015-08-31": -69.4, "2015-05-31": "50.90000", "2015-02-28": -37.5, "2014-11-30": -146.4, "2014-08-31": 18.9, "2014-05-31": "178.10000", "2014-02-28": -113.3, "2013-11-30": -101.5, "2013-08-31": 51, "2013-05-31": "221.10000", "2013-02-28": -16.6, "2012-11-30": 2.3, "2012-08-31": -83.9, "2012-05-31": "-274.40000", "2012-02-29": 26.6, "2011-11-30": 109.9, "2011-08-31": -55.2, "2011-05-31": "168.50000", "2011-02-28": -273, "2010-11-30": 7.4, "2010-08-31": -218.7, "2010-05-31": "194.60000", "2010-02-28": -7.1, "2009-11-30": 184.4, "2009-08-31": -158.8, "2009-05-31": "98.60000", "2009-02-28": 27.7, "2008-11-30": 143.6, "2008-08-31": -366.8, "2008-05-31": "85.80000", "2008-02-29": 277, "2007-11-30": -55.5, "2007-08-31": -92, "2007-05-31": "89.90000", "2007-02-28": -163.4, "2006-11-30": -1.6, "2006-08-31": 128.2, "2006-05-31": "83.90000", "2006-02-28": -47.3, "2005-11-30": 56, "2005-08-31": 8.8, "2005-05-31": "46.30000", "2005-02-28": -45.8}, "Debt Issuance/Retirement Net - Total": {"2020-11-30": -637.4999, "2020-08-31": -576.9001, "2020-05-31": "-3.80000", "2020-02-29": -188.2, "2019-11-30": -599, "2019-08-31": -452.8, "2019-05-31": "-227.90000", "2019-02-28": 42.5, "2018-11-30": 3641.7, "2018-08-31": 39.5, "2018-05-31": "-83.40000", "2018-02-28": 841.8996, "2017-11-30": 394.3, "2017-08-31": -270.6999, "2017-05-31": "-23.60000", "2017-02-28": 804.4, "2016-11-30": 584.1, "2016-08-31": -433.8, "2016-05-31": "236.20000", "2016-02-29": 716.1, "2015-11-30": -26.4, "2015-08-31": 100.7, "2015-05-31": "-28.50000", "2015-02-28": 27.1, "2014-11-30": 122.7, "2014-08-31": -10.7, "2014-05-31": "173.30000", "2014-02-28": -119.1, "2013-11-30": -182.2, "2013-08-31": 2221, "2013-05-31": "1766.20000", "2013-02-28": -702.2, "2012-11-30": -11.3, "2012-08-31": 560.3, "2012-05-31": "293.40000", "2012-02-29": 21.2, "2011-11-30": 59.3, "2011-08-31": -57.8, "2011-05-31": "-248.80000", "2011-02-28": -500.4, "2010-11-30": -69.2, "2010-08-31": -241.9, "2010-05-31": "193.30000", "2010-02-28": -258.6, "2009-11-30": -74, "2009-08-31": -160.7, "2009-05-31": "-170.90000", "2009-02-28": -324.7, "2008-11-30": 17.9, "2008-08-31": -416.8, "2008-05-31": "36.30000", "2008-02-29": 567.5, "2007-11-30": -61, "2007-08-31": -246.1, "2007-05-31": "797.00000", "2007-02-28": -159.6, "2006-11-30": -10.4, "2006-08-31": 1104.3, "2006-05-31": "31.30000", "2006-02-28": -140, "2005-11-30": -32.6, "2005-08-31": -108.4, "2005-05-31": "-173.20000", "2005-02-28": 865.5001}, "Net Common Equity Issued/Repurchased": {"2020-11-30": 11.2, "2020-08-31": 27.6, "2020-05-31": "4.40000", "2020-02-29": 39.3, "2019-11-30": 6, "2019-08-31": -27.5, "2019-05-31": "10.40000", "2019-02-28": 30.6, "2018-11-30": 11.1, "2018-08-31": -390.4, "2018-05-31": "-92.40000", "2018-02-28": -787.4, "2017-11-30": -219.4, "2017-08-31": 1.1, "2017-05-31": "16.60000", "2017-02-28": -729.7, "2016-11-30": -361.1, "2016-08-31": 12.9, "2016-05-31": "14.90000", "2016-02-29": -19.7, "2015-11-30": 65.7, "2015-08-31": 23.6, "2015-05-31": "9.60000", "2015-02-28": 29.5, "2014-11-30": 12.1, "2014-08-31": 11.3, "2014-05-31": "10.80000", "2014-02-28": 30.3, "2013-11-30": 15.6, "2013-08-31": 17.6, "2013-05-31": "62.40000", "2013-02-28": 25.6, "2012-11-30": 24.5, "2012-08-31": 100.2, "2012-05-31": "-370.60000", "2012-02-29": -121.1, "2011-11-30": -90.5, "2011-08-31": -182.6, "2011-05-31": "36.50000", "2011-02-28": 27.4, "2010-11-30": 17.8, "2010-08-31": 3.4, "2010-05-31": "-283.30000", "2010-02-28": 3.8, "2009-11-30": 1.7, "2009-08-31": 7.9, "2009-05-31": "3.40000", "2009-02-28": 4.3, "2008-11-30": 6.3, "2008-08-31": 10, "2008-05-31": "12.10000", "2008-02-29": 6.1, "2007-11-30": 5.2, "2007-08-31": 8.5, "2007-05-31": "-493.00000", "2007-02-28": 14.7, "2006-11-30": -0.4, "2006-08-31": -53.6, "2006-05-31": "8.60000", "2006-02-28": 13.7, "2005-11-30": 3.8, "2005-08-31": 11.6, "2005-05-31": "8.70000", "2005-02-28": 52.9}, "Net Total Equity Issued/Repurchased": {"2020-11-30": 11.2, "2020-08-31": 27.6, "2020-05-31": "4.40000", "2020-02-29": 39.3, "2019-11-30": 6, "2019-08-31": -27.5, "2019-05-31": "10.40000", "2019-02-28": 30.6, "2018-11-30": 11.1, "2018-08-31": -390.4, "2018-05-31": "-92.40000", "2018-02-28": -787.4, "2017-11-30": -219.4, "2017-08-31": 1.1, "2017-05-31": "16.60000", "2017-02-28": -729.7, "2016-11-30": -361.1, "2016-08-31": 12.9, "2016-05-31": "14.90000", "2016-02-29": -19.7, "2015-11-30": 65.7, "2015-08-31": 23.6, "2015-05-31": "9.60000", "2015-02-28": 29.5, "2014-11-30": 12.1, "2014-08-31": 11.3, "2014-05-31": "10.80000", "2014-02-28": 30.3, "2013-11-30": 15.6, "2013-08-31": 17.6, "2013-05-31": "62.40000", "2013-02-28": 25.6, "2012-11-30": 24.5, "2012-08-31": 100.2, "2012-05-31": "-370.60000", "2012-02-29": -121.1, "2011-11-30": -90.5, "2011-08-31": -182.6, "2011-05-31": "36.50000", "2011-02-28": 27.4, "2010-11-30": 17.8, "2010-08-31": 3.4, "2010-05-31": "-283.30000", "2010-02-28": 3.8, "2009-11-30": 1.7, "2009-08-31": 7.9, "2009-05-31": "3.40000", "2009-02-28": 4.3, "2008-11-30": 6.3, "2008-08-31": 10, "2008-05-31": "12.10000", "2008-02-29": 6.1, "2007-11-30": 5.2, "2007-08-31": 8.5, "2007-05-31": "-493.00000", "2007-02-28": 14.7, "2006-11-30": -0.4, "2006-08-31": -53.6, "2006-05-31": "8.60000", "2006-02-28": 13.7, "2005-11-30": 3.8, "2005-08-31": 11.6, "2005-05-31": "8.70000", "2005-02-28": 52.9}, "Total Common And Preferred Stock Dividends Paid": {"2020-11-30": -143.6, "2020-08-31": -143.7, "2020-05-31": "-143.90000", "2020-02-29": -142.2, "2019-11-30": -142, "2019-08-31": -142, "2019-05-31": "-143.00000", "2019-02-28": -139.8, "2018-11-30": -138.8, "2018-08-31": -138.6, "2018-05-31": "-140.50000", "2018-02-28": -99, "2017-11-30": -100.1, "2017-08-31": -100.5, "2017-05-31": "-100.50000", "2017-02-28": -76.8, "2016-11-30": -79.5, "2016-08-31": -79.5, "2016-05-31": "-79.30000", "2016-02-29": -61.2, "2015-11-30": -60.6, "2015-08-31": -60, "2015-05-31": "-59.80000", "2015-02-28": 0, "2014-11-30": 0, "2014-08-31": 0, "2014-05-31": "", "2014-02-28": 0, "2013-11-30": 0, "2013-08-31": 0, "2013-05-31": "", "2013-02-28": 0, "2012-11-30": 0, "2012-08-31": 0, "2012-05-31": "", "2012-02-29": 0, "2011-11-30": 0, "2011-08-31": 0, "2011-05-31": "", "2011-02-28": 0, "2010-11-30": 0, "2010-08-31": 0, "2010-05-31": "", "2010-02-28": 0, "2009-11-30": 0, "2009-08-31": 0, "2009-05-31": "", "2009-02-28": 0, "2008-11-30": 0, "2008-08-31": 0, "2008-05-31": "", "2008-02-29": 0, "2007-11-30": 0, "2007-08-31": 0, "2007-05-31": "", "2007-02-28": 0, "2006-11-30": -2.4, "2006-08-31": -2.4, "2006-05-31": "-2.50000", "2006-02-28": -2.4, "2005-11-30": -2.5, "2005-08-31": -2.4, "2005-05-31": "-2.50000", "2005-02-28": -9.8}, "Financial Activities - Other": {"2020-11-30": -12.7, "2020-08-31": -10.1, "2020-05-31": "-25.70000", "2020-02-29": -0.1, "2019-11-30": -0.2, "2019-08-31": -8.3, "2019-05-31": "-13.90000", "2019-02-28": -1.3, "2018-11-30": -19.8, "2018-08-31": -14.2, "2018-05-31": "-12.90000", "2018-02-28": -98.6, "2017-11-30": -12.6, "2017-08-31": -8.6, "2017-05-31": "-34.10000", "2017-02-28": 13.7, "2016-11-30": 7.1, "2016-08-31": 11.5, "2016-05-31": "20.10000", "2016-02-29": 18.6, "2015-11-30": 114.2, "2015-08-31": 18.4, "2015-05-31": "25.30000", "2015-02-28": 116.5, "2014-11-30": 0.7, "2014-08-31": -538.7, "2014-05-31": "29.00000", "2014-02-28": 0.7, "2013-11-30": 10.9, "2013-08-31": 1486.7, "2013-05-31": "-1533.10000", "2013-02-28": 649.9, "2012-11-30": 4.7, "2012-08-31": -652.5, "2012-05-31": "-20.70000", "2012-02-29": -0.2, "2011-11-30": 0.5, "2011-08-31": 0.7, "2011-05-31": "7.70000", "2011-02-28": 0.3, "2010-11-30": 2.4, "2010-08-31": 0.1, "2010-05-31": "4.00000", "2010-02-28": -11.4, "2009-11-30": 33.5, "2009-08-31": 1, "2009-05-31": "1.20000", "2009-02-28": 0.2, "2008-11-30": 0.6, "2008-08-31": 1.7, "2008-05-31": "4.70000", "2008-02-29": -4.6, "2007-11-30": 4, "2007-08-31": 1.6, "2007-05-31": "-0.30000", "2007-02-28": 0.9, "2006-11-30": 3.7, "2006-08-31": -9.8, "2006-05-31": "2.80000", "2006-02-28": 0, "2005-11-30": 0, "2005-08-31": 0, "2005-05-31": "", "2005-02-28": -24.4}, "Cash Flow From Financial Activities": {"2020-11-30": -782.6, "2020-08-31": -703.1, "2020-05-31": "-169.00000", "2020-02-29": -291.2, "2019-11-30": -735.2, "2019-08-31": -630.6, "2019-05-31": "-374.40000", "2019-02-28": -68, "2018-11-30": 3494.2, "2018-08-31": -503.7, "2018-05-31": "-329.20000", "2018-02-28": -143.1, "2017-11-30": 62.2, "2017-08-31": -378.7, "2017-05-31": "-141.60000", "2017-02-28": 11.6, "2016-11-30": 150.6, "2016-08-31": -488.9, "2016-05-31": "191.90000", "2016-02-29": 653.8, "2015-11-30": 92.9, "2015-08-31": 82.7, "2015-05-31": "-53.40000", "2015-02-28": 173.1, "2014-11-30": 135.5, "2014-08-31": -538.1, "2014-05-31": "213.10000", "2014-02-28": -88.1, "2013-11-30": -155.7, "2013-08-31": 3725.3, "2013-05-31": "295.50000", "2013-02-28": -26.7, "2012-11-30": 17.9, "2012-08-31": 8, "2012-05-31": "-97.90000", "2012-02-29": -100.1, "2011-11-30": -30.7, "2011-08-31": -239.7, "2011-05-31": "-204.60000", "2011-02-28": -472.7, "2010-11-30": -49, "2010-08-31": -238.4, "2010-05-31": "-86.00000", "2010-02-28": -266.2, "2009-11-30": -38.8, "2009-08-31": -151.8, "2009-05-31": "-166.30000", "2009-02-28": -320.2, "2008-11-30": 24.8, "2008-08-31": -405.1, "2008-05-31": "53.10000", "2008-02-29": 569, "2007-11-30": -51.8, "2007-08-31": -236, "2007-05-31": "303.70000", "2007-02-28": -144, "2006-11-30": -9.5, "2006-08-31": 1038.5, "2006-05-31": "40.20000", "2006-02-28": -128.7, "2005-11-30": -31.3, "2005-08-31": -99.2, "2005-05-31": "-167.00000", "2005-02-28": 884.2}, "Net Cash Flow": {"2020-11-30": -51.7, "2020-08-31": -98.2, "2020-05-31": "221.40000", "2020-02-29": -12.3, "2019-11-30": 12.4, "2019-08-31": -17.4, "2019-05-31": "5.10000", "2019-02-28": -37, "2018-11-30": -75.5, "2018-08-31": -3.9, "2018-05-31": "119.70000", "2018-02-28": -64.2, "2017-11-30": 28.9, "2017-08-31": -73.5, "2017-05-31": "21.70000", "2017-02-28": -19.9, "2016-11-30": 20, "2016-08-31": 10, "2016-05-31": "84.20000", "2016-02-29": -408.2, "2015-11-30": 161.6, "2015-08-31": 199, "2015-05-31": "20.60000", "2015-02-28": 42.8, "2014-11-30": -37, "2014-08-31": -273.7, "2014-05-31": "314.10000", "2014-02-28": -1.3, "2013-11-30": -51.6, "2013-08-31": -492.5, "2013-05-31": "277.80000", "2013-02-28": 131, "2012-11-30": 22, "2012-08-31": 109.4, "2012-05-31": "-16.70000", "2012-02-29": 30, "2011-11-30": 45.8, "2011-08-31": -3.4, "2011-05-31": "4.20000", "2011-02-28": -6.8, "2010-11-30": 2.1, "2010-08-31": -7, "2010-05-31": "-22.60000", "2010-02-28": -6.8, "2009-11-30": 30.6, "2009-08-31": 2.9, "2009-05-31": "3.70000", "2009-02-28": -168.2, "2008-11-30": 156.4, "2008-08-31": -0.3, "2008-05-31": "4.70000", "2008-02-29": -4.4, "2007-11-30": -8.3, "2007-08-31": -0.3, "2007-05-31": "0.00000", "2007-02-28": -1.2, "2006-11-30": -7.5, "2006-08-31": 4.7, "2006-05-31": "26.60000", "2006-02-28": -15.5, "2005-11-30": 7.8, "2005-08-31": -0.6, "2005-05-31": "1.60000", "2005-02-28": -19.5}, "Stock-Based Compensation": {"2020-11-30": 18, "2020-08-31": 19.4, "2020-05-31": "14.60000", "2020-02-29": 9.8, "2019-11-30": 17, "2019-08-31": 18.1, "2019-05-31": "15.50000", "2019-02-28": 13, "2018-11-30": 15.2, "2018-08-31": 18.6, "2018-05-31": "17.30000", "2018-02-28": 15.4, "2017-11-30": 16.6, "2017-08-31": 13.8, "2017-05-31": "15.10000", "2017-02-28": 11.7, "2016-11-30": 13, "2016-08-31": 15.4, "2016-05-31": "16.00000", "2016-02-29": 13.5, "2015-11-30": 14.5, "2015-08-31": 13.7, "2015-05-31": "12.30000", "2015-02-28": 12.9, "2014-11-30": 14.2, "2014-08-31": 16.2, "2014-05-31": "11.70000", "2014-02-28": 12.4, "2013-11-30": 11.9, "2013-08-31": 12.8, "2013-05-31": "12.80000", "2013-02-28": 9.5, "2012-11-30": 9.9, "2012-08-31": 9.8, "2012-05-31": "11.60000", "2012-02-29": 10.1, "2011-11-30": 13.3, "2011-08-31": 10.5, "2011-05-31": "13.70000", "2011-02-28": 6.2, "2010-11-30": 14.1, "2010-08-31": 14.7, "2010-05-31": "11.00000", "2010-02-28": 17.1, "2009-11-30": 13.8, "2009-08-31": 13.2, "2009-05-31": "12.20000", "2009-02-28": 12, "2008-11-30": 11.8, "2008-08-31": 11.5, "2008-05-31": "10.80000", "2008-02-29": 7.9, "2007-11-30": 7.2, "2007-08-31": 7.5, "2007-05-31": "9.40000", "2007-02-28": 4.4, "2006-11-30": 4.3, "2006-08-31": 4.2, "2006-05-31": "3.60000", "2006-02-28": 7.3, "2005-11-30": 0.1, "2005-08-31": 0.1, "2005-05-31": "", "2005-02-28": 0.1}, "Common Stock Dividends Paid": {"2020-11-30": -143.6, "2020-08-31": -143.7, "2020-05-31": "-143.90000", "2020-02-29": -142.2, "2019-11-30": -142, "2019-08-31": -142, "2019-05-31": "-143.00000", "2019-02-28": -139.8, "2018-11-30": -138.8, "2018-08-31": -138.6, "2018-05-31": "-140.50000", "2018-02-28": -99, "2017-11-30": -100.1, "2017-08-31": -100.5, "2017-05-31": "-100.50000", "2017-02-28": -76.8, "2016-11-30": -79.5, "2016-08-31": -79.5, "2016-05-31": "-79.30000", "2016-02-29": -61.2, "2015-11-30": -60.6, "2015-08-31": -60, "2015-05-31": "-59.80000", "2015-02-28": 0, "2014-11-30": 0, "2014-08-31": 0, "2014-05-31": "", "2014-02-28": 0, "2013-11-30": 0, "2013-08-31": 0, "2013-05-31": "", "2013-02-28": 0, "2012-11-30": 0, "2012-08-31": 0, "2012-05-31": "", "2012-02-29": 0, "2011-11-30": 0, "2011-08-31": 0, "2011-05-31": "", "2011-02-28": 0, "2010-11-30": 0, "2010-08-31": 0, "2010-05-31": "", "2010-02-28": 0, "2009-11-30": 0, "2009-08-31": 0, "2009-05-31": "", "2009-02-28": 0, "2008-11-30": 0, "2008-08-31": 0, "2008-05-31": "", "2008-02-29": 0, "2007-11-30": 0, "2007-08-31": 0, "2007-05-31": "", "2007-02-28": 0, "2006-11-30": 0, "2006-08-31": 0, "2006-05-31": "", "2006-02-28": 0, "2005-11-30": 0, "2005-08-31": 0, "2005-05-31": "", "2005-02-28": 0}}, "financial ratios": {"Current Ratio": {"2020-02-29": "1.50710", "2019-02-28": "1.16440", "2018-02-28": "1.70330", "2017-02-28": "1.19740", "2016-02-29": "1.31040", "2015-02-28": "2.57430", "2014-02-28": "1.35620", "2013-02-28": "3.64540", "2012-02-29": "1.69580", "2011-02-28": "3.14230", "2010-02-28": "1.88630", "2009-02-28": "1.91080", "2008-02-29": "1.86170", "2007-02-28": "1.90010", "2006-02-28": "2.08070", "2005-02-28": "2.40230"}, "Long-term Debt / Capital": {"2020-02-29": "0.47330", "2019-02-28": "0.47810", "2018-02-28": "0.54100", "2017-02-28": "0.52860", "2016-02-29": "0.50460", "2015-02-28": "0.54650", "2014-02-28": "0.56130", "2013-02-28": "0.53400", "2012-02-29": "0.47500", "2011-02-28": "0.55140", "2010-02-28": "0.55990", "2009-02-28": "0.67540", "2008-02-29": "0.62700", "2007-02-28": "0.52080", "2006-02-28": "0.45820", "2005-02-28": "0.53550"}, "Debt/Equity Ratio": {"2020-02-29": "0.97680", "2019-02-28": "1.06070", "2018-02-28": "1.27470", "2017-02-28": "1.34180", "2016-02-29": "1.20760", "2015-02-28": "1.24060", "2014-02-28": "1.40940", "2013-02-28": "1.15560", "2012-02-29": "1.16950", "2011-02-28": "1.26820", "2010-02-28": "1.48880", "2009-02-28": "2.32330", "2008-02-29": "1.90080", "2007-02-28": "1.22470", "2006-02-28": "0.94440", "2005-02-28": "1.18320"}, "Gross Margin": {"2020-02-29": "49.76210", "2019-02-28": "50.27480", "2018-02-28": "50.29490", "2017-02-28": "48.06660", "2016-02-29": "44.93160", "2015-02-28": "42.77700", "2014-02-28": "40.91670", "2013-02-28": "39.63740", "2012-02-29": "40.01430", "2011-02-28": "35.71730", "2010-02-28": "34.02280", "2009-02-28": "33.65620", "2008-02-29": "33.96500", "2007-02-28": "29.21360", "2006-02-28": "28.77380", "2005-02-28": "27.90390"}, "Operating Margin": {"2020-02-29": "25.82250", "2019-02-28": "29.72150", "2018-02-28": "30.07530", "2017-02-28": "32.63170", "2016-02-29": "26.95470", "2015-02-28": "24.88720", "2014-02-28": "50.07910", "2013-02-28": "18.70100", "2012-02-29": "18.32880", "2011-02-28": "15.08100", "2010-02-28": "9.25760", "2009-02-28": "0.80990", "2008-02-29": "-9.28170", "2007-02-28": "13.40010", "2006-02-28": "14.46940", "2005-02-28": "13.89320"}, "EBIT Margin": {"2020-02-29": "25.82250", "2019-02-28": "29.72150", "2018-02-28": "30.07530", "2017-02-28": "32.63170", "2016-02-29": "26.95470", "2015-02-28": "24.88720", "2014-02-28": "50.07910", "2013-02-28": "18.70100", "2012-02-29": "18.32880", "2011-02-28": "15.08100", "2010-02-28": "9.25760", "2009-02-28": "0.80990", "2008-02-29": "-9.28170", "2007-02-28": "13.40010", "2006-02-28": "14.46940", "2005-02-28": "13.89320"}, "EBITDA Margin": {"2020-02-29": "30.12880", "2019-02-28": "35.59270", "2018-02-28": "36.60810", "2017-02-28": "36.81960", "2016-02-29": "30.32960", "2015-02-28": "28.44060", "2014-02-28": "59.68940", "2013-02-28": "22.99990", "2012-02-29": "23.91970", "2011-02-28": "19.80490", "2010-02-28": "16.95790", "2009-02-28": "13.32570", "2008-02-29": "16.64190", "2007-02-28": "16.07050", "2006-02-28": "17.25210", "2005-02-28": "16.43020"}, "Pre-Tax Profit Margin": {"2020-02-29": "-11.32860", "2019-02-28": "51.07200", "2018-02-28": "30.84310", "2017-02-28": "28.45200", "2016-02-29": "22.92470", "2015-02-28": "19.56870", "2014-02-28": "45.24310", "2013-02-28": "18.46860", "2012-02-29": "20.11830", "2011-02-28": "16.53660", "2010-02-28": "7.70630", "2009-02-28": "-2.92230", "2008-02-29": "-11.67770", "2007-02-28": "10.26190", "2006-02-28": "10.36820", "2005-02-28": "10.56860"}, "Net Profit Margin": {"2020-02-29": "-0.14140", "2019-02-28": "42.33490", "2018-02-28": "30.38670", "2017-02-28": "20.87940", "2016-02-29": "16.10930", "2015-02-28": "13.92340", "2014-02-28": "39.91820", "2013-02-28": "13.86930", "2012-02-29": "16.76530", "2011-02-28": "16.79170", "2010-02-28": "2.95110", "2009-02-28": "-8.24710", "2008-02-29": "-16.25500", "2007-02-28": "6.26870", "2006-02-28": "6.85350", "2005-02-28": "6.52460"}, "Asset Turnover": {"2020-02-29": "0.30540", "2019-02-28": "0.27760", "2018-02-28": "0.36910", "2017-02-28": "0.39360", "2016-02-29": "0.38600", "2015-02-28": "0.39940", "2014-02-28": "0.34030", "2013-02-28": "0.36610", "2012-02-29": "0.37330", "2011-02-28": "0.46490", "2010-02-28": "0.41570", "2009-02-28": "0.45480", "2008-02-29": "0.37530", "2007-02-28": "0.55270", "2006-02-28": "0.62200", "2005-02-28": "0.52380"}, "Inventory Turnover Ratio": {"2020-02-29": "3.05150", "2019-02-28": "1.89430", "2018-02-28": "1.80800", "2017-02-28": "1.94470", "2016-02-29": "1.94760", "2015-02-28": "1.88780", "2014-02-28": "1.64930", "2013-02-28": "1.13970", "2012-02-29": "1.15840", "2011-02-28": "1.56420", "2010-02-28": "1.18090", "2009-02-28": "1.32590", "2008-02-29": "1.14320", "2007-02-28": "1.89540", "2006-02-28": "1.92380", "2005-02-28": "1.83300"}, "Receiveable Turnover": {"2020-02-29": "9.64790", "2019-02-28": "9.58320", "2018-02-28": "9.76590", "2017-02-28": "9.93370", "2016-02-29": "8.93980", "2015-02-28": "10.06510", "2014-02-28": "7.77340", "2013-02-28": "5.92520", "2012-02-29": "6.06560", "2011-02-28": "7.98280", "2010-02-28": "6.53740", "2009-02-28": "6.96650", "2008-02-29": "5.15720", "2007-02-28": "5.92100", "2006-02-28": "5.96390", "2005-02-28": "4.81100"}, "Days Sales In Receivables": {"2020-02-29": "37.83210", "2019-02-28": "38.08750", "2018-02-28": "37.37490", "2017-02-28": "36.74380", "2016-02-29": "40.82870", "2015-02-28": "36.26390", "2014-02-28": "46.95500", "2013-02-28": "61.60130", "2012-02-29": "60.17560", "2011-02-28": "45.72360", "2010-02-28": "55.83260", "2009-02-28": "52.39400", "2008-02-29": "70.77500", "2007-02-28": "61.64500", "2006-02-28": "61.20200", "2005-02-28": "75.86830"}, "ROE - Return On Equity": {"2020-02-29": "0.17160", "2019-02-28": "26.94590", "2018-02-28": "28.97130", "2017-02-28": "22.26210", "2016-02-29": "15.84930", "2015-02-28": "14.21790", "2014-02-28": "39.00790", "2013-02-28": "13.55800", "2012-02-29": "16.62930", "2011-02-28": "21.92480", "2010-02-28": "3.85440", "2009-02-28": "-15.79420", "2008-02-29": "-22.17360", "2007-02-28": "9.71180", "2006-02-28": "10.93370", "2005-02-28": "9.94640"}, "Return On Tangible Equity": {"2020-02-29": "1.07090", "2019-02-28": "223.12470", "2018-02-28": "-68.17320", "2017-02-28": "-34.72830", "2016-02-29": "-27.54380", "2015-02-28": "-23.83760", "2014-02-28": "-44.19550", "2013-02-28": "-52.87700", "2012-02-29": "-54.05080", "2011-02-28": "-58.63550", "2010-02-28": "-10.80170", "2009-02-28": "17.65360", "2008-02-29": "39.61890", "2007-02-28": "-41.39440", "2006-02-28": "-317.98690", "2005-02-28": "-79.36150"}, "ROA - Return On Assets": {"2020-02-29": "0.07830", "2019-02-28": "11.83350", "2018-02-28": "11.27290", "2017-02-28": "8.23930", "2016-02-29": "6.25170", "2015-02-28": "5.54030", "2014-02-28": "13.58610", "2013-02-28": "5.07720", "2012-02-29": "6.25890", "2011-02-28": "7.80600", "2010-02-28": "1.22680", "2009-02-28": "-3.75040", "2008-02-29": "-6.10080", "2007-02-28": "3.51660", "2006-02-28": "4.39560", "2005-02-28": "3.54300"}, "ROI - Return On Investment": {"2020-02-29": "0.09040", "2019-02-28": "14.06310", "2018-02-28": "13.29920", "2017-02-28": "10.49400", "2016-02-29": "7.85160", "2015-02-28": "6.44850", "2014-02-28": "17.11290", "2013-02-28": "6.31790", "2012-02-29": "8.72990", "2011-02-28": "9.83550", "2010-02-28": "1.69650", "2009-02-28": "-5.12640", "2008-02-29": "-8.27150", "2007-02-28": "4.65340", "2006-02-28": "5.92420", "2005-02-28": "4.62020"}, "Book Value Per Share": {"2020-02-29": "64.69400", "2019-02-28": "67.11240", "2018-02-28": "41.77420", "2017-02-28": "35.37960", "2016-02-29": "33.54980", "2015-02-28": "30.23630", "2014-02-28": "26.01600", "2013-02-28": "15.47980", "2012-02-29": "13.77150", "2011-02-28": "12.08500", "2010-02-28": "11.59230", "2009-02-28": "8.70800", "2008-02-29": "12.80200", "2007-02-28": "14.55070", "2006-02-28": "13.33970", "2005-02-28": "12.69240"}, "Operating Cash Flow Per Share": {"2020-02-29": 3.0478, "2019-02-28": 1.6448, "2018-02-28": 1.1627, "2017-02-28": 1.2338, "2016-02-29": 1.4101, "2015-02-28": 1.0748, "2014-02-28": 1.1363, "2013-02-28": -0.7747, "2012-02-29": 0.7664, "2011-02-28": 0.9662, "2010-02-28": -0.6853, "2009-02-28": -0.0452, "2008-02-29": 1.186, "2007-02-28": -0.4722, "2006-02-28": 0.4129, "2005-02-28": 1.2474}, "Free Cash Flow Per Share": {"2020-02-29": 3.0196, "2019-02-28": 2.6188, "2018-02-28": 0.4495, "2017-02-28": 1.1768, "2016-02-29": 0.6897, "2015-02-28": -1.1169, "2014-02-28": 0.4156, "2013-02-28": -0.7861, "2012-02-29": 0.7805, "2011-02-28": 1.0425, "2010-02-28": -0.5805, "2009-02-28": 0.0488, "2008-02-29": 1.309, "2007-02-28": -1.1146, "2006-02-28": 0.7764, "2005-02-28": 0.8351}}, "financial ratios, quarterly": {"Current Ratio": {"2020-11-30": "1.68860", "2020-08-31": "1.85200", "2020-05-31": "1.93800", "2020-02-29": "1.50710", "2019-11-30": "1.41040", "2019-08-31": "1.61100", "2019-05-31": "1.21830", "2019-02-28": "1.16440", "2018-11-30": "1.08180", "2018-08-31": "1.65800", "2018-05-31": "1.81100", "2018-02-28": "1.70330", "2017-11-30": "1.39820", "2017-08-31": "1.61410", "2017-05-31": "1.53980", "2017-02-28": "1.19740", "2016-11-30": "1.30650", "2016-08-31": "1.44110", "2016-05-31": "1.19260", "2016-02-29": "1.31040", "2015-11-30": "1.80180", "2015-08-31": "2.58330", "2015-05-31": "2.65940", "2015-02-28": "2.57430", "2014-11-30": "2.42760", "2014-08-31": "1.51260", "2014-05-31": "1.39140", "2014-02-28": "1.35620", "2013-11-30": "1.61560", "2013-08-31": "1.47470", "2013-05-31": "3.41610", "2013-02-28": "3.64540", "2012-11-30": "3.14880", "2012-08-31": "3.32000", "2012-05-31": "3.35330", "2012-02-29": "1.69580", "2011-11-30": "1.84900", "2011-08-31": "2.43980", "2011-05-31": "2.49690", "2011-02-28": "3.14230", "2010-11-30": "1.87740", "2010-08-31": "1.76590", "2010-05-31": "1.66990", "2010-02-28": "1.88630", "2009-11-30": "1.96240", "2009-08-31": "1.97270", "2009-05-31": "1.77840", "2009-02-28": "1.91080", "2008-11-30": "1.81980", "2008-08-31": "2.26540", "2008-05-31": "1.86160", "2008-02-29": "1.86170", "2007-11-30": "1.97380", "2007-08-31": "1.98860", "2007-05-31": "1.92990", "2007-02-28": "1.90010", "2006-11-30": "1.97290", "2006-08-31": "2.08740", "2006-05-31": "2.03290", "2006-02-28": "2.08070", "2005-11-30": "1.87200", "2005-08-31": "2.09230", "2005-05-31": "2.39820", "2005-02-28": "2.40230"}, "Long-term Debt / Capital": {"2020-11-30": "0.43280", "2020-08-31": "0.47970", "2020-05-31": "0.50570", "2020-02-29": "0.47330", "2019-11-30": "0.48510", "2019-08-31": "0.50980", "2019-05-31": "0.48470", "2019-02-28": "0.47810", "2018-11-30": "0.50540", "2018-08-31": "0.44340", "2018-05-31": "0.47120", "2018-02-28": "0.54100", "2017-11-30": "0.50330", "2017-08-31": "0.50290", "2017-05-31": "0.52200", "2017-02-28": "0.52860", "2016-11-30": "0.51270", "2016-08-31": "0.49460", "2016-05-31": "0.48910", "2016-02-29": "0.50460", "2015-11-30": "0.49690", "2015-08-31": "0.54000", "2015-05-31": "0.53770", "2015-02-28": "0.54650", "2014-11-30": "0.55690", "2014-08-31": "0.53540", "2014-05-31": "0.54550", "2014-02-28": "0.56130", "2013-11-30": "0.59020", "2013-08-31": "0.60520", "2013-05-31": "0.61650", "2013-02-28": "0.53400", "2012-11-30": "0.58600", "2012-08-31": "0.60010", "2012-05-31": "0.58820", "2012-02-29": "0.47500", "2011-11-30": "0.49420", "2011-08-31": "0.50330", "2011-05-31": "0.50130", "2011-02-28": "0.55140", "2010-11-30": "0.53540", "2010-08-31": "0.56280", "2010-05-31": "0.58220", "2010-02-28": "0.55990", "2009-11-30": "0.57280", "2009-08-31": "0.59470", "2009-05-31": "0.61490", "2009-02-28": "0.67540", "2008-11-30": "0.63780", "2008-08-31": "0.62640", "2008-05-31": "0.61370", "2008-02-29": "0.62700", "2007-11-30": "0.54660", "2007-08-31": "0.57370", "2007-05-31": "0.58350", "2007-02-28": "0.52080", "2006-11-30": "0.54270", "2006-08-31": "0.55740", "2006-05-31": "0.44300", "2006-02-28": "0.45820", "2005-11-30": "0.47140", "2005-08-31": "0.48830", "2005-05-31": "0.51980", "2005-02-28": "0.53550"}, "Debt/Equity Ratio": {"2020-11-30": "0.80460", "2020-08-31": "0.96640", "2020-05-31": "1.07000", "2020-02-29": "0.97680", "2019-11-30": "1.02660", "2019-08-31": "1.10740", "2019-05-31": "1.07280", "2019-02-28": "1.06070", "2018-11-30": "1.17790", "2018-08-31": "0.86030", "2018-05-31": "0.95660", "2018-02-28": "1.27470", "2017-11-30": "1.16740", "2017-08-31": "1.12610", "2017-05-31": "1.24520", "2017-02-28": "1.34180", "2016-11-30": "1.23350", "2016-08-31": "1.11920", "2016-05-31": "1.18880", "2016-02-29": "1.20760", "2015-11-30": "1.12220", "2015-08-31": "1.20420", "2015-05-31": "1.20910", "2015-02-28": "1.24060", "2014-11-30": "1.29880", "2014-08-31": "1.31060", "2014-05-31": "1.36090", "2014-02-28": "1.40940", "2013-11-30": "1.48950", "2013-08-31": "1.61860", "2013-05-31": "1.69210", "2013-02-28": "1.15560", "2012-11-30": "1.43960", "2012-08-31": "1.52310", "2012-05-31": "1.48750", "2012-02-29": "1.16950", "2011-11-30": "1.17690", "2011-08-31": "1.09160", "2011-05-31": "1.10210", "2011-02-28": "1.26820", "2010-11-30": "1.37060", "2010-08-31": "1.55700", "2010-05-31": "1.74880", "2010-02-28": "1.48880", "2009-11-30": "1.51910", "2009-08-31": "1.65550", "2009-05-31": "1.85870", "2009-02-28": "2.32330", "2008-11-30": "2.04210", "2008-08-31": "1.80800", "2008-05-31": "1.83770", "2008-02-29": "1.90080", "2007-11-30": "1.33910", "2007-08-31": "1.48930", "2007-05-31": "1.59410", "2007-02-28": "1.22470", "2006-11-30": "1.29990", "2006-08-31": "1.36290", "2006-05-31": "0.91680", "2006-02-28": "0.94440", "2005-11-30": "1.01320", "2005-08-31": "1.05480", "2005-05-31": "1.13020", "2005-02-28": "1.18320"}, "Gross Margin": {"2020-11-30": "52.01590", "2020-08-31": "53.78700", "2020-05-31": "50.33620", "2020-02-29": "49.91330", "2019-11-30": "49.38980", "2019-08-31": "50.59300", "2019-05-31": "49.05110", "2019-02-28": "49.71620", "2018-11-30": "49.17370", "2018-08-31": "50.81120", "2018-05-31": "51.22370", "2018-02-28": "47.96820", "2017-11-30": "50.51890", "2017-08-31": "51.18540", "2017-05-31": "51.24710", "2017-02-28": "48.05270", "2016-11-30": "49.23500", "2016-08-31": "47.94180", "2016-05-31": "47.08300", "2016-02-29": "45.10760", "2015-11-30": "44.71200", "2015-08-31": "44.74440", "2015-05-31": "45.18480", "2015-02-28": "44.06430", "2014-11-30": "41.44130", "2014-08-31": "41.89270", "2014-05-31": "43.91220", "2014-02-28": "42.51080", "2013-11-30": "42.24350", "2013-08-31": "39.52600", "2013-05-31": "38.03090", "2013-02-28": "37.62040", "2012-11-30": "40.52680", "2012-08-31": "40.81600", "2012-05-31": "39.47700", "2012-02-29": "39.03840", "2011-11-30": "40.37390", "2011-08-31": "41.00260", "2011-05-31": "39.50890", "2011-02-28": "35.50960", "2010-11-30": "36.41350", "2010-08-31": "36.41630", "2010-05-31": "34.28570", "2010-02-28": "31.38140", "2009-11-30": "34.83850", "2009-08-31": "35.31020", "2009-05-31": "33.94390", "2009-02-28": "26.01010", "2008-11-30": "39.17770", "2008-08-31": "31.97070", "2008-05-31": "35.30800", "2008-02-29": "35.24420", "2007-11-30": "35.79650", "2007-08-31": "34.69640", "2007-05-31": "29.76030", "2007-02-28": "30.23110", "2006-11-30": "29.66420", "2006-08-31": "29.26280", "2006-05-31": "27.56290", "2006-02-28": "27.33090", "2005-11-30": "30.32120", "2005-08-31": "29.19460", "2005-05-31": "27.90700", "2005-02-28": "27.63870"}, "Operating Margin": {"2020-11-30": "32.11930", "2020-08-31": "37.10410", "2020-05-31": "31.06860", "2020-02-29": "28.64570", "2019-11-30": "13.36400", "2019-08-31": "30.69540", "2019-05-31": "29.69200", "2019-02-28": "25.89030", "2018-11-30": "28.21150", "2018-08-31": "33.27390", "2018-05-31": "30.55050", "2018-02-28": "29.04650", "2017-11-30": "27.17130", "2017-08-31": "34.35510", "2017-05-31": "29.09520", "2017-02-28": "42.74230", "2016-11-30": "29.49460", "2016-08-31": "30.22460", "2016-05-31": "29.52770", "2016-02-29": "26.63950", "2015-11-30": "27.26610", "2015-08-31": "27.65660", "2015-05-31": "26.19380", "2015-02-28": "26.08020", "2014-11-30": "24.36270", "2014-08-31": "23.60830", "2014-05-31": "25.70120", "2014-02-28": "25.51120", "2013-11-30": "25.20610", "2013-08-31": "114.67320", "2013-05-31": "10.46930", "2013-02-28": "18.30720", "2012-11-30": "20.70680", "2012-08-31": "18.69720", "2012-05-31": "16.71390", "2012-02-29": "12.64140", "2011-11-30": "22.87710", "2011-08-31": "21.02290", "2011-05-31": "16.00820", "2011-02-28": "14.38560", "2010-11-30": "17.60140", "2010-08-31": "15.43810", "2010-05-31": "12.22860", "2010-02-28": "-6.97050", "2009-11-30": "13.77950", "2009-08-31": "15.97860", "2009-05-31": "10.69980", "2009-02-28": "-38.13080", "2008-11-30": "19.17180", "2008-08-31": "2.24780", "2008-05-31": "9.73390", "2008-02-29": "-82.98290", "2007-11-30": "18.11290", "2007-08-31": "13.13020", "2007-05-31": "7.56770", "2007-02-28": "12.16070", "2006-11-30": "15.71160", "2006-08-31": "12.79010", "2006-05-31": "12.37130", "2006-02-28": "12.47260", "2005-11-30": "17.47300", "2005-08-31": "14.61410", "2005-05-31": "12.74970", "2005-02-28": "11.52930"}, "EBIT Margin": {"2020-11-30": "32.11930", "2020-08-31": "37.10410", "2020-05-31": "31.06860", "2020-02-29": "28.64570", "2019-11-30": "13.36400", "2019-08-31": "30.69540", "2019-05-31": "29.69200", "2019-02-28": "25.89030", "2018-11-30": "28.21150", "2018-08-31": "33.27390", "2018-05-31": "30.55050", "2018-02-28": "29.04650", "2017-11-30": "27.17130", "2017-08-31": "34.35510", "2017-05-31": "29.09520", "2017-02-28": "42.74230", "2016-11-30": "29.49460", "2016-08-31": "30.22460", "2016-05-31": "29.52770", "2016-02-29": "26.63950", "2015-11-30": "27.26610", "2015-08-31": "27.65660", "2015-05-31": "26.19380", "2015-02-28": "26.08020", "2014-11-30": "24.36270", "2014-08-31": "23.60830", "2014-05-31": "25.70120", "2014-02-28": "-101.65740", "2013-11-30": "25.20610", "2013-08-31": "227.15440", "2013-05-31": "10.46930", "2013-02-28": "18.30720", "2012-11-30": "20.70680", "2012-08-31": "18.69720", "2012-05-31": "16.71390", "2012-02-29": "12.64130", "2011-11-30": "22.87710", "2011-08-31": "21.02290", "2011-05-31": "16.00820", "2011-02-28": "14.38560", "2010-11-30": "17.60140", "2010-08-31": "15.43810", "2010-05-31": "12.22860", "2010-02-28": "-6.97050", "2009-11-30": "13.77950", "2009-08-31": "15.97860", "2009-05-31": "10.69980", "2009-02-28": "-38.13080", "2008-11-30": "19.17180", "2008-08-31": "2.24780", "2008-05-31": "9.73390", "2008-02-29": "-82.98280", "2007-11-30": "18.11290", "2007-08-31": "13.13020", "2007-05-31": "7.56770", "2007-02-28": "12.16070", "2006-11-30": "15.71160", "2006-08-31": "12.79010", "2006-05-31": "12.37130", "2006-02-28": "12.47260", "2005-11-30": "17.47300", "2005-08-31": "14.61410", "2005-05-31": "12.74970", "2005-02-28": "11.52930"}, "EBITDA Margin": {"2020-11-30": "", "2020-08-31": "", "2020-05-31": "", "2020-02-29": "", "2019-11-30": "", "2019-08-31": "", "2019-05-31": "", "2019-02-28": "", "2018-11-30": "", "2018-08-31": "", "2018-05-31": "", "2018-02-28": "", "2017-11-30": "", "2017-08-31": "", "2017-05-31": "", "2017-02-28": "", "2016-11-30": "", "2016-08-31": "", "2016-05-31": "", "2016-02-29": "", "2015-11-30": "", "2015-08-31": "", "2015-05-31": "", "2015-02-28": "", "2014-11-30": "", "2014-08-31": "", "2014-05-31": "", "2014-02-28": "", "2013-11-30": "", "2013-08-31": "", "2013-05-31": "", "2013-02-28": "", "2012-11-30": "", "2012-08-31": "", "2012-05-31": "", "2012-02-29": "", "2011-11-30": "", "2011-08-31": "", "2011-05-31": "", "2011-02-28": "", "2010-11-30": "", "2010-08-31": "", "2010-05-31": "", "2010-02-28": "", "2009-11-30": "", "2009-08-31": "", "2009-05-31": "", "2009-02-28": "", "2008-11-30": "", "2008-08-31": "", "2008-05-31": "", "2008-02-29": "", "2007-11-30": "", "2007-08-31": "", "2007-05-31": "", "2007-02-28": "", "2006-11-30": "", "2006-08-31": "", "2006-05-31": "", "2006-02-28": "", "2005-11-30": "", "2005-08-31": "", "2005-05-31": "", "2005-02-28": ""}, "Pre-Tax Profit Margin": {"2020-11-30": "60.23540", "2020-08-31": "29.07450", "2020-05-31": "-3.47360", "2020-02-29": "25.69240", "2019-11-30": "-14.62440", "2019-08-31": "-30.68260", "2019-05-31": "-20.14590", "2019-02-28": "85.14360", "2018-11-30": "17.61130", "2018-08-31": "59.38850", "2018-05-31": "44.06230", "2018-02-28": "33.17250", "2017-11-30": "35.90650", "2017-08-31": "30.37020", "2017-05-31": "24.49570", "2017-02-28": "37.92660", "2016-11-30": "26.72740", "2016-08-31": "25.56900", "2016-05-31": "25.04540", "2016-02-29": "22.69310", "2015-11-30": "24.32190", "2015-08-31": "23.14530", "2015-05-31": "21.50430", "2015-02-28": "20.18880", "2014-11-30": "20.15960", "2014-08-31": "17.99760", "2014-05-31": "20.07210", "2014-02-28": "18.61830", "2013-11-30": "20.24530", "2013-08-31": "108.74090", "2013-05-31": "12.22160", "2013-02-28": "15.34700", "2012-11-30": "19.54620", "2012-08-31": "20.97350", "2012-05-31": "17.83240", "2012-02-29": "12.81640", "2011-11-30": "23.87610", "2011-08-31": "24.13790", "2011-05-31": "18.82580", "2011-02-28": "14.95880", "2010-11-30": "19.90890", "2010-08-31": "17.30410", "2010-05-31": "12.99050", "2010-02-28": "-9.90550", "2009-11-30": "10.65100", "2009-08-31": "16.56020", "2009-05-31": "9.99240", "2009-02-28": "-52.98600", "2008-11-30": "18.96820", "2008-08-31": "1.13960", "2008-05-31": "8.17770", "2008-02-29": "-91.09000", "2007-11-30": "17.36390", "2007-08-31": "12.39080", "2007-05-31": "7.13490", "2007-02-28": "9.07900", "2006-11-30": "11.53390", "2006-08-31": "7.87300", "2006-05-31": "12.70870", "2006-02-28": "7.49120", "2005-11-30": "14.18990", "2005-08-31": "10.65440", "2005-05-31": "8.39030", "2005-02-28": "7.17430"}, "Net Profit Margin": {"2020-11-30": "52.53680", "2020-08-31": "22.65530", "2020-05-31": "-9.06080", "2020-02-29": "20.93650", "2019-11-30": "18.02540", "2019-08-31": "-22.40620", "2019-05-31": "-11.70130", "2019-02-28": "68.96840", "2018-11-30": "15.36550", "2018-08-31": "49.99780", "2018-05-31": "36.33430", "2018-02-28": "51.67420", "2017-11-30": "27.34890", "2017-08-31": "24.02410", "2017-05-31": "20.66370", "2017-02-28": "27.54080", "2016-11-30": "22.41920", "2016-08-31": "17.75680", "2016-05-31": "17.00500", "2016-02-29": "15.77240", "2015-11-30": "16.48890", "2015-08-31": "17.44550", "2015-05-31": "14.62640", "2015-02-28": "15.82360", "2014-11-30": "14.41270", "2014-08-31": "12.20620", "2014-05-31": "13.54520", "2014-02-28": "12.17470", "2013-11-30": "14.61930", "2013-08-31": "104.26080", "2013-05-31": "7.85570", "2013-02-28": "11.74020", "2012-11-30": "14.27830", "2012-08-31": "17.83820", "2012-05-31": "11.34220", "2012-02-29": "16.39870", "2011-11-30": "14.95650", "2011-08-31": "23.57290", "2011-05-31": "11.72670", "2011-02-28": "39.11650", "2010-11-30": "14.41430", "2010-08-31": "10.58180", "2010-05-31": "6.23490", "2010-02-28": "-7.19630", "2009-11-30": "4.46490", "2009-08-31": "11.37090", "2009-05-31": "0.82110", "2009-02-28": "-55.33940", "2008-11-30": "8.09740", "2008-08-31": "-2.37320", "2008-05-31": "4.78640", "2008-02-29": "-94.39170", "2007-11-30": "10.92440", "2007-08-31": "8.07750", "2007-05-31": "3.30670", "2007-02-28": "6.14600", "2006-11-30": "7.18280", "2006-08-31": "4.65610", "2006-05-31": "7.18060", "2006-02-28": "5.32490", "2005-11-30": "8.40500", "2005-08-31": "6.71140", "2005-05-31": "6.67580", "2005-02-28": "4.35770"}, "Asset Turnover": {"2020-11-30": "0.08820", "2020-08-31": "0.08540", "2020-05-31": "0.07510", "2020-02-29": "0.06960", "2019-11-30": "0.07380", "2019-08-31": "0.08510", "2019-05-31": "0.07240", "2019-02-28": "0.06150", "2018-11-30": "0.07070", "2018-08-31": "0.09540", "2018-05-31": "0.08860", "2018-02-28": "0.08580", "2017-11-30": "0.08960", "2017-08-31": "0.10750", "2017-05-31": "0.10170", "2017-02-28": "0.08700", "2016-11-30": "0.09880", "2016-08-31": "0.11410", "2016-05-31": "0.10620", "2016-02-29": "0.09100", "2015-11-30": "0.10150", "2015-08-31": "0.11060", "2015-05-31": "0.10700", "2015-02-28": "0.08990", "2014-11-30": "0.10290", "2014-08-31": "0.10940", "2014-05-31": "0.10280", "2014-02-28": "0.09030", "2013-11-30": "0.10070", "2013-08-31": "0.10340", "2013-05-31": "0.07120", "2013-02-28": "0.09110", "2012-11-30": "0.09210", "2012-08-31": "0.08690", "2012-05-31": "0.09060", "2012-02-29": "0.08830", "2011-11-30": "0.09700", "2011-08-31": "0.09810", "2011-05-31": "0.08980", "2011-02-28": "0.09980", "2010-11-30": "0.11700", "2010-08-31": "0.10950", "2010-05-31": "0.09970", "2010-02-28": "0.08760", "2009-11-30": "0.11320", "2009-08-31": "0.10400", "2009-05-31": "0.09420", "2009-02-28": "0.09150", "2008-11-30": "0.11320", "2008-08-31": "0.10150", "2008-05-31": "0.09170", "2008-02-29": "0.08800", "2007-11-30": "0.10740", "2007-08-31": "0.09170", "2007-05-31": "0.09170", "2007-02-28": "0.12100", "2006-11-30": "0.15240", "2006-08-31": "0.15000", "2006-05-31": "0.15070", "2006-02-28": "0.14160", "2005-11-30": "0.16450", "2005-08-31": "0.15970", "2005-05-31": "0.14620", "2005-02-28": "0.13300"}, "Inventory Turnover Ratio": {"2020-11-30": "0.84970", "2020-08-31": "0.78640", "2020-05-31": "0.73170", "2020-02-29": "0.69390", "2019-11-30": "0.74470", "2019-08-31": "0.88310", "2019-05-31": "0.71510", "2019-02-28": "0.42420", "2018-11-30": "0.45610", "2018-08-31": "0.58240", "2018-05-31": "0.48270", "2018-02-28": "0.43990", "2017-11-30": "0.41130", "2017-08-31": "0.52820", "2017-05-31": "0.48540", "2017-02-28": "0.42980", "2016-11-30": "0.43290", "2016-08-31": "0.56720", "2016-05-31": "0.51620", "2016-02-29": "0.45750", "2015-11-30": "0.48130", "2015-08-31": "0.53900", "2015-05-31": "0.50130", "2015-02-28": "0.41520", "2014-11-30": "0.46850", "2014-08-31": "0.52400", "2014-05-31": "0.48040", "2014-02-28": "0.42570", "2013-11-30": "0.45700", "2013-08-31": "0.53730", "2013-05-31": "0.28900", "2013-02-28": "0.29310", "2012-11-30": "0.28570", "2012-08-31": "0.30290", "2012-05-31": "0.28990", "2012-02-29": "0.27860", "2011-11-30": "0.28550", "2011-08-31": "0.32340", "2011-05-31": "0.29360", "2011-02-28": "0.33690", "2010-11-30": "0.32920", "2010-08-31": "0.31850", "2010-05-31": "0.28820", "2010-02-28": "0.25870", "2009-11-30": "0.32300", "2009-08-31": "0.31100", "2009-05-31": "0.28330", "2009-02-28": "0.29740", "2008-11-30": "0.31700", "2008-08-31": "0.32450", "2008-05-31": "0.26550", "2008-02-29": "0.26280", "2007-11-30": "0.34430", "2007-08-31": "0.30320", "2007-05-31": "0.32370", "2007-02-28": "0.40910", "2006-11-30": "0.49350", "2006-08-31": "0.52060", "2006-05-31": "0.47820", "2006-02-28": "0.44680", "2005-11-30": "0.48890", "2005-08-31": "0.52240", "2005-05-31": "0.47440", "2005-02-28": "0.46700"}, "Receiveable Turnover": {"2020-11-30": "2.66340", "2020-08-31": "2.44020", "2020-05-31": "2.80290", "2020-02-29": "2.20040", "2019-11-30": "2.47360", "2019-08-31": "2.45780", "2019-05-31": "2.66040", "2019-02-28": "2.12210", "2018-11-30": "2.35620", "2018-08-31": "2.41710", "2018-05-31": "2.47260", "2018-02-28": "2.27000", "2017-11-30": "2.31160", "2017-08-31": "2.44690", "2017-05-31": "2.31790", "2017-02-28": "2.19480", "2016-11-30": "2.11510", "2016-08-31": "2.43200", "2016-05-31": "2.42050", "2016-02-29": "2.10680", "2015-11-30": "2.29540", "2015-08-31": "2.39590", "2015-05-31": "2.34310", "2015-02-28": "2.26450", "2014-11-30": "2.19830", "2014-08-31": "2.44190", "2014-05-31": "2.34300", "2014-02-28": "2.06200", "2013-11-30": "2.15800", "2013-08-31": "2.22560", "2013-05-31": "1.48390", "2013-02-28": "1.47470", "2012-11-30": "1.42260", "2012-08-31": "1.43400", "2012-05-31": "1.38660", "2012-02-29": "1.43530", "2011-11-30": "1.23100", "2011-08-31": "1.37570", "2011-05-31": "1.38320", "2011-02-28": "1.71370", "2010-11-30": "1.11220", "2010-08-31": "1.19720", "2010-05-31": "1.23720", "2010-02-28": "1.37690", "2009-11-30": "1.09540", "2009-08-31": "1.11370", "2009-05-31": "1.10570", "2009-02-28": "1.40130", "2008-11-30": "1.26780", "2008-08-31": "1.23280", "2008-05-31": "1.17790", "2008-02-29": "1.20890", "2007-11-30": "1.16650", "2007-08-31": "1.13780", "2007-05-31": "1.17970", "2007-02-28": "1.29650", "2006-11-30": "1.29420", "2006-08-31": "1.38640", "2006-05-31": "1.35320", "2006-02-28": "1.35760", "2005-11-30": "1.30690", "2005-08-31": "1.33840", "2005-05-31": "1.33360", "2005-02-28": "1.22130"}, "Days Sales In Receivables": {"2020-11-30": "33.79110", "2020-08-31": "36.88150", "2020-05-31": "32.11010", "2020-02-29": "40.90180", "2019-11-30": "36.38440", "2019-08-31": "36.61820", "2019-05-31": "33.82940", "2019-02-28": "42.41100", "2018-11-30": "38.19730", "2018-08-31": "37.23540", "2018-05-31": "36.39830", "2018-02-28": "39.64700", "2017-11-30": "38.93390", "2017-08-31": "36.78190", "2017-05-31": "38.82810", "2017-02-28": "41.00520", "2016-11-30": "42.55180", "2016-08-31": "37.00720", "2016-05-31": "37.18190", "2016-02-29": "42.71970", "2015-11-30": "39.20940", "2015-08-31": "37.56490", "2015-05-31": "38.40990", "2015-02-28": "39.74420", "2014-11-30": "40.93990", "2014-08-31": "36.85620", "2014-05-31": "38.41220", "2014-02-28": "43.64780", "2013-11-30": "41.70440", "2013-08-31": "40.43770", "2013-05-31": "60.65040", "2013-02-28": "61.03030", "2012-11-30": "63.26640", "2012-08-31": "62.76160", "2012-05-31": "64.90550", "2012-02-29": "62.70340", "2011-11-30": "73.10970", "2011-08-31": "65.42020", "2011-05-31": "65.06690", "2011-02-28": "52.51780", "2010-11-30": "80.91990", "2010-08-31": "75.17730", "2010-05-31": "72.74290", "2010-02-28": "65.36330", "2009-11-30": "82.16360", "2009-08-31": "80.81320", "2009-05-31": "81.39340", "2009-02-28": "64.22800", "2008-11-30": "70.99110", "2008-08-31": "73.00680", "2008-05-31": "76.41020", "2008-02-29": "74.45050", "2007-11-30": "77.15110", "2007-08-31": "79.10040", "2007-05-31": "76.28830", "2007-02-28": "69.41870", "2006-11-30": "69.53890", "2006-08-31": "64.91430", "2006-05-31": "66.50920", "2006-02-28": "66.29550", "2005-11-30": "68.86400", "2005-08-31": "67.24620", "2005-05-31": "67.48750", "2005-02-28": "73.69370"}, "ROE - Return On Equity": {"2020-11-30": "9.46350", "2020-08-31": "4.34700", "2020-05-31": "-1.51700", "2020-02-29": "3.27870", "2019-11-30": "3.04500", "2019-08-31": "-4.42220", "2019-05-31": "-1.89860", "2019-02-28": "9.73270", "2018-11-30": "2.70920", "2018-08-31": "9.98080", "2018-05-31": "7.06340", "2018-02-28": "11.43440", "2017-11-30": "6.19790", "2017-08-31": "6.34460", "2017-05-31": "5.42050", "2017-02-28": "6.61460", "2016-11-30": "5.78760", "2016-08-31": "4.92330", "2016-05-31": "4.56600", "2016-02-29": "3.66570", "2015-11-30": "4.10810", "2015-08-31": "4.93270", "2015-05-31": "3.96900", "2015-02-28": "3.59610", "2014-11-30": "3.94320", "2014-08-31": "3.56820", "2014-05-31": "3.90960", "2014-02-28": "3.15580", "2013-11-30": "4.40520", "2013-08-31": "33.74420", "2013-05-31": "1.76490", "2013-02-28": "2.85630", "2012-11-30": "3.94550", "2012-08-31": "4.75920", "2012-05-31": "3.13070", "2012-02-29": "3.84900", "2011-11-30": "3.97270", "2011-08-31": "6.02790", "2011-05-31": "2.74390", "2011-02-28": "10.96440", "2010-11-30": "5.12320", "2010-08-31": "3.75740", "2010-05-31": "2.13720", "2010-02-28": "-1.97960", "2009-11-30": "1.63500", "2009-08-31": "3.96370", "2009-05-31": "0.27950", "2009-02-28": "-21.31740", "2008-11-30": "3.56580", "2008-08-31": "-0.84830", "2008-05-31": "1.54860", "2008-02-29": "-30.18190", "2007-11-30": "3.40480", "2007-08-31": "2.26100", "2007-05-31": "0.95260", "2007-02-28": "2.05410", "2006-11-30": "3.23930", "2006-08-31": "2.15980", "2006-05-31": "2.74040", "2006-02-28": "1.95620", "2005-11-30": "3.74990", "2005-08-31": "2.90750", "2005-05-31": "2.76050", "2005-02-28": "1.71460"}, "Return On Tangible Equity": {"2020-11-30": "41.35990", "2020-08-31": "33.70580", "2020-05-31": "-18.02990", "2020-02-29": "20.46740", "2019-11-30": "23.74940", "2019-08-31": "-42.82280", "2019-05-31": "-12.58030", "2019-02-28": "80.59090", "2018-11-30": "207.51280", "2018-08-31": "801.18200", "2018-05-31": "-94.91280", "2018-02-28": "-26.90650", "2017-11-30": "-14.68470", "2017-08-31": "-14.49400", "2017-05-31": "-10.37730", "2017-02-28": "-10.31860", "2016-11-30": "-10.08870", "2016-08-31": "-9.74560", "2016-05-31": "-8.39300", "2016-02-29": "-6.37040", "2015-11-30": "-9.11570", "2015-08-31": "-8.83880", "2015-05-31": "-7.24560", "2015-02-28": "-6.02920", "2014-11-30": "-5.96700", "2014-08-31": "-5.05240", "2014-05-31": "-5.04700", "2014-02-28": "-3.57550", "2013-11-30": "-4.58960", "2013-08-31": "-31.23530", "2013-05-31": "-9.06910", "2013-02-28": "-11.13990", "2012-11-30": "-13.04040", "2012-08-31": "-12.46750", "2012-05-31": "-6.23860", "2012-02-29": "-12.51060", "2011-11-30": "-12.16060", "2011-08-31": "-19.62610", "2011-05-31": "-9.15350", "2011-02-28": "-29.32300", "2010-11-30": "-17.56180", "2010-08-31": "-8.64340", "2010-05-31": "-4.10470", "2010-02-28": "5.54770", "2009-11-30": "-4.80920", "2009-08-31": "-9.39410", "2009-05-31": "-0.52640", "2009-02-28": "23.82710", "2008-11-30": "-5.17190", "2008-08-31": "1.53190", "2008-05-31": "-3.14260", "2008-02-29": "53.92770", "2007-11-30": "-10.24060", "2007-08-31": "-5.21710", "2007-05-31": "-2.07020", "2007-02-28": "-8.75530", "2006-11-30": "-11.68560", "2006-08-31": "-6.39430", "2006-05-31": "294.82750", "2006-02-28": "-56.89160", "2005-11-30": "-67.07180", "2005-08-31": "-36.26940", "2005-05-31": "-24.77770", "2005-02-28": "-13.68060"}, "ROA - Return On Assets": {"2020-11-30": "4.67600", "2020-08-31": "1.97180", "2020-05-31": "-0.66000", "2020-02-29": "1.49690", "2019-11-30": "1.35270", "2019-08-31": "-1.87620", "2019-05-31": "-0.81900", "2019-02-28": "4.27420", "2018-11-30": "1.11900", "2018-08-31": "4.77770", "2018-05-31": "3.23120", "2018-02-28": "4.44920", "2017-11-30": "2.46880", "2017-08-31": "2.59600", "2017-05-31": "2.11500", "2017-02-28": "2.44810", "2016-11-30": "2.21070", "2016-08-31": "1.99350", "2016-05-31": "1.81000", "2016-02-29": "1.44590", "2015-11-30": "1.67730", "2015-08-31": "1.94020", "2015-05-31": "1.57540", "2015-02-28": "1.40130", "2014-11-30": "1.48330", "2014-08-31": "1.33580", "2014-05-31": "1.39260", "2014-02-28": "1.09910", "2013-11-30": "1.47180", "2013-08-31": "10.77690", "2013-05-31": "0.55960", "2013-02-28": "1.06960", "2012-11-30": "1.31570", "2012-08-31": "1.54970", "2012-05-31": "1.02740", "2012-02-29": "1.44870", "2011-11-30": "1.45050", "2011-08-31": "2.31280", "2011-05-31": "1.05290", "2011-02-28": "3.90370", "2010-11-30": "1.68690", "2010-08-31": "1.15910", "2010-05-31": "0.62180", "2010-02-28": "-0.63010", "2009-11-30": "0.50520", "2009-08-31": "1.18210", "2009-05-31": "0.07740", "2009-02-28": "-5.06190", "2008-11-30": "0.91670", "2008-08-31": "-0.24090", "2008-05-31": "0.43910", "2008-02-29": "-8.30420", "2007-11-30": "1.17330", "2007-08-31": "0.74090", "2007-05-31": "0.30330", "2007-02-28": "0.74380", "2006-11-30": "1.09490", "2006-08-31": "0.72390", "2006-05-31": "1.11450", "2006-02-28": "0.78640", "2005-11-30": "1.41510", "2005-08-31": "1.10410", "2005-05-31": "1.00910", "2005-02-28": "0.61080"}, "ROI - Return On Investment": {"2020-11-30": "5.36800", "2020-08-31": "2.26180", "2020-05-31": "-0.74990", "2020-02-29": "1.72680", "2019-11-30": "1.56780", "2019-08-31": "-2.16760", "2019-05-31": "-0.97840", "2019-02-28": "5.07950", "2018-11-30": "1.33990", "2018-08-31": "5.55570", "2018-05-31": "3.73480", "2018-02-28": "5.24890", "2017-11-30": "3.07880", "2017-08-31": "3.15410", "2017-05-31": "2.59130", "2017-02-28": "3.11800", "2016-11-30": "2.82030", "2016-08-31": "2.48810", "2016-05-31": "2.33270", "2016-02-29": "1.81600", "2015-11-30": "2.06690", "2015-08-31": "2.26890", "2015-05-31": "1.83500", "2015-02-28": "1.63100", "2014-11-30": "1.74730", "2014-08-31": "1.65780", "2014-05-31": "1.77690", "2014-02-28": "1.38450", "2013-11-30": "1.80550", "2013-08-31": "13.32390", "2013-05-31": "0.67690", "2013-02-28": "1.33100", "2012-11-30": "1.63330", "2012-08-31": "1.90320", "2012-05-31": "1.28910", "2012-02-29": "2.02060", "2011-11-30": "2.00920", "2011-08-31": "2.99420", "2011-05-31": "1.36850", "2011-02-28": "4.91860", "2010-11-30": "2.38040", "2010-08-31": "1.64280", "2010-05-31": "0.89300", "2010-02-28": "-0.87130", "2009-11-30": "0.69850", "2009-08-31": "1.60650", "2009-05-31": "0.10770", "2009-02-28": "-6.91910", "2008-11-30": "1.29140", "2008-08-31": "-0.31690", "2008-05-31": "0.59820", "2008-02-29": "-11.25890", "2007-11-30": "1.54360", "2007-08-31": "0.96380", "2007-05-31": "0.39680", "2007-02-28": "0.98420", "2006-11-30": "1.48130", "2006-08-31": "0.95600", "2006-05-31": "1.52630", "2006-02-28": "1.05990", "2005-11-30": "1.98240", "2005-08-31": "1.48780", "2005-05-31": "1.32550", "2005-02-28": "0.79640"}, "Book Value Per Share": {"2020-11-30": "70.63660", "2020-08-31": "62.27390", "2020-05-31": "59.48570", "2020-02-29": "65.26670", "2019-11-30": "63.07710", "2019-08-31": "61.34080", "2019-05-31": "65.53630", "2019-02-28": "67.11240", "2018-11-30": "60.67600", "2018-08-31": "60.89430", "2018-05-31": "55.27410", "2018-02-28": "41.77420", "2017-11-30": "41.13450", "2017-08-31": "40.62510", "2017-05-31": "37.88560", "2017-02-28": "35.37960", "2016-11-30": "35.15940", "2016-08-31": "35.66330", "2016-05-31": "34.85550", "2016-02-29": "33.54980", "2015-11-30": "33.11180", "2015-08-31": "31.42360", "2015-05-31": "30.99200", "2015-02-28": "30.23630", "2014-11-30": "29.13760", "2014-08-31": "28.45470", "2014-05-31": "27.47640", "2014-02-28": "26.01600", "2013-11-30": "25.20750", "2013-08-31": "23.83880", "2013-05-31": "15.90480", "2013-02-28": "15.47980", "2012-11-30": "15.11870", "2012-08-31": "14.36050", "2012-05-31": "12.99330", "2012-02-29": "13.77150", "2011-11-30": "13.19750", "2011-08-31": "13.17530", "2011-05-31": "12.71500", "2011-02-28": "12.08500", "2010-11-30": "13.00300", "2010-08-31": "11.50470", "2010-05-31": "10.89230", "2010-02-28": "11.59230", "2009-11-30": "12.15630", "2009-08-31": "11.35320", "2009-05-31": "10.53060", "2009-02-28": "8.70800", "2008-11-30": "10.70610", "2008-08-31": "12.25530", "2008-05-31": "13.23390", "2008-02-29": "12.80200", "2007-11-30": "16.29280", "2007-08-31": "14.82660", "2007-05-31": "14.52750", "2007-02-28": "14.55070", "2006-11-30": "14.24190", "2006-08-31": "14.19700", "2006-05-31": "13.94310", "2006-02-28": "13.33970", "2005-11-30": "13.13610", "2005-08-31": "12.82730", "2005-05-31": "12.47200", "2005-02-28": "12.69240"}, "Operating Cash Flow Per Share": {"2020-11-30": 4.1915, "2020-08-31": 3.0562, "2020-05-31": "3.55890", "2020-02-29": 3.7949, "2019-11-30": 2.1098, "2019-08-31": 4.3089, "2019-05-31": "3.09820", "2019-02-28": 1.2151, "2018-11-30": 2.9434, "2018-08-31": 3.8186, "2018-05-31": "2.28690", "2018-02-28": 2.0787, "2017-11-30": 1.6318, "2017-08-31": 3.208, "2017-05-31": "1.70070", "2017-02-28": 1.2692, "2016-11-30": 1.6245, "2016-08-31": 3.0505, "2016-05-31": "1.51230", "2016-02-29": 1.4235, "2015-11-30": 1.2531, "2015-08-31": 2.6369, "2015-05-31": "0.90920", "2015-02-28": 1.4738, "2014-11-30": 0.3589, "2014-08-31": 1.9418, "2014-05-31": "1.03810", "2014-02-28": 0.8982, "2013-11-30": 0.6193, "2013-08-31": 2.2052, "2013-05-31": "0.01510", "2013-02-28": 0.7771, "2012-11-30": 0.0543, "2012-08-31": 1.3192, "2012-05-31": "0.45090", "2012-02-29": 0.5473, "2011-11-30": 0.648, "2011-08-31": 1.1692, "2011-05-31": "1.01170", "2011-02-28": 1.0498, "2010-11-30": 0.2567, "2010-08-31": 1.0555, "2010-05-31": "0.24780", "2010-02-28": 0.8763, "2009-11-30": 0.3689, "2009-08-31": 0.6234, "2009-05-31": "-0.22500", "2009-02-28": 0.9714, "2008-11-30": 0.5446, "2008-08-31": 0.9475, "2008-05-31": "-0.13460", "2008-02-29": 1.3564, "2007-11-30": 0.2868, "2007-08-31": 1.0656, "2007-05-31": "-0.33470", "2007-02-28": 0.7589, "2006-11-30": 0.1211, "2006-08-31": 0.2869, "2006-05-31": "0.02120", "2006-02-28": 0.4771, "2005-11-30": 0.455, "2005-08-31": 0.4763, "2005-05-31": "0.25190", "2005-02-28": 1.2474}, "Free Cash Flow Per Share": {"2020-11-30": 3.3258, "2020-08-31": 2.523, "2020-05-31": "2.90310", "2020-02-29": 2.5114, "2019-11-30": 1.4993, "2019-08-31": 3.2671, "2019-05-31": "2.28640", "2019-02-28": 0.1271, "2018-11-30": 1.7986, "2018-08-31": 3.0952, "2018-05-31": "1.52370", "2018-02-28": 0.5228, "2017-11-30": 0.7388, "2017-08-31": 1.931, "2017-05-31": "0.73320", "2017-02-28": -0.1254, "2016-11-30": 0.6485, "2016-08-31": 2.1815, "2016-05-31": "0.77170", "2016-02-29": -0.2408, "2015-11-30": 0.2959, "2015-08-31": 1.9085, "2015-05-31": "0.33590", "2015-02-28": 0.6804, "2014-11-30": -0.6759, "2014-08-31": 1.1544, "2014-05-31": "0.45090", "2014-02-28": 0.2748, "2013-11-30": 0.455, "2013-08-31": 2.0825, "2013-05-31": "-0.08560", "2013-02-28": 0.694, "2012-11-30": -0.02, "2012-08-31": 1.2419, "2012-05-31": "0.39520", "2012-02-29": 0.5045, "2011-11-30": 0.5757, "2011-08-31": 1.093, "2011-05-31": "0.92400", "2011-02-28": 0.9873, "2010-11-30": 0.1968, "2010-08-31": 0.9858, "2010-05-31": "0.14680", "2010-02-28": 0.8025, "2009-11-30": 0.2802, "2009-08-31": 0.6049, "2009-05-31": "-0.41340", "2009-02-28": 0.8118, "2008-11-30": 0.3955, "2008-08-31": 0.8701, "2008-05-31": "-0.22270", "2008-02-29": 1.0738, "2007-11-30": 0.185, "2007-08-31": 0.9436, "2007-05-31": "-0.39650", "2007-02-28": 0.5485, "2006-11-30": 0.026, "2006-08-31": 0.0694, "2006-05-31": "-0.14700", "2006-02-28": 0.313, "2005-11-30": 0.8338, "2005-08-31": -0.0433, "2005-05-31": "0.50800", "2005-02-28": 0.8351}}, "revenue": {"Constellation Brands Inc Annual Revenue (Millions of US $)": {"2020": "$8,344", "2019": "$8,116", "2018": "$7,580", "2017": "$7,321", "2016": "$6,548", "2015": "$6,028", "2014": "$4,868", "2013": "$2,796", "2012": "$2,654", "2011": "$3,332", "2010": "$3,365", "2009": "$3,655", "2008": "$3,773", "2007": "$5,216", "2006": "$4,604", "2005": "$4,088"}, "Constellation Brands Inc Quarterly Revenue (Millions of US $)": {"2020-11-30": "$2,438", "2020-08-31": "$2,260", "2020-05-31": "$1,963", "2020-02-29": "$1,903", "2019-11-30": "$1,999", "2019-08-31": "$2,344", "2019-05-31": "$2,097", "2019-02-28": "$1,797", "2018-11-30": "$1,973", "2018-08-31": "$2,299", "2018-05-31": "$2,047", "2018-02-28": "$1,762", "2017-11-30": "$1,802", "2017-08-31": "$2,088", "2017-05-31": "$1,929", "2017-02-28": "$1,618", "2016-11-30": "$1,811", "2016-08-31": "$2,021", "2016-05-31": "$1,872", "2016-02-29": "$1,543", "2015-11-30": "$1,641", "2015-08-31": "$1,733", "2015-05-31": "$1,631", "2015-02-28": "$1,356", "2014-11-30": "$1,542", "2014-08-31": "$1,604", "2014-05-31": "$1,526", "2014-02-28": "$1,291", "2013-11-30": "$1,443", "2013-08-31": "$1,460", "2013-05-31": "$673", "2013-02-28": "$696", "2012-11-30": "$767", "2012-08-31": "$699", "2012-05-31": "$635", "2012-02-29": "$628", "2011-11-30": "$701", "2011-08-31": "$690", "2011-05-31": "$635", "2011-02-28": "$715", "2010-11-30": "$966", "2010-08-31": "$863", "2010-05-31": "$788", "2010-02-28": "$709", "2009-11-30": "$988", "2009-08-31": "$877", "2009-05-31": "$792", "2009-02-28": "$735", "2008-11-30": "$1,031", "2008-08-31": "$957", "2008-05-31": "$932", "2008-02-29": "$884", "2007-11-30": "$1,095", "2007-08-31": "$893", "2007-05-31": "$901", "2007-02-28": "$1,142", "2006-11-30": "$1,501", "2006-08-31": "$1,418", "2006-05-31": "$1,156", "2006-02-28": "$1,048", "2005-11-30": "$1,267", "2005-08-31": "$1,192", "2005-05-31": "$1,097", "2005-02-28": "$1,038"}}, "gross-profit": {"Constellation Brands Inc Annual Gross Profit (Millions of US $)": {"2020": "$4,152", "2019": "$4,080", "2018": "$3,813", "2017": "$3,519", "2016": "$2,942", "2015": "$2,579", "2014": "$1,992", "2013": "$1,108", "2012": "$1,062", "2011": "$1,190", "2010": "$1,145", "2009": "$1,230", "2008": "$1,282", "2007": "$1,524", "2006": "$1,325", "2005": "$1,141"}, "Constellation Brands Inc Quarterly Gross Profit (Millions of US $)": {"2020-11-30": "$1,268", "2020-08-31": "$1,216", "2020-05-31": "$988", "2020-02-29": "$950", "2019-11-30": "$988", "2019-08-31": "$1,186", "2019-05-31": "$1,029", "2019-02-28": "$894", "2018-11-30": "$970", "2018-08-31": "$1,168", "2018-05-31": "$1,049", "2018-02-28": "$845", "2017-11-30": "$910", "2017-08-31": "$1,069", "2017-05-31": "$988", "2017-02-28": "$777", "2016-11-30": "$891", "2016-08-31": "$969", "2016-05-31": "$881", "2016-02-29": "$696", "2015-11-30": "$734", "2015-08-31": "$776", "2015-05-31": "$737", "2015-02-28": "$598", "2014-11-30": "$639", "2014-08-31": "$672", "2014-05-31": "$670", "2014-02-28": "$549", "2013-11-30": "$610", "2013-08-31": "$577", "2013-05-31": "$256", "2013-02-28": "$262", "2012-11-30": "$311", "2012-08-31": "$285", "2012-05-31": "$251", "2012-02-29": "$245", "2011-11-30": "$283", "2011-08-31": "$283", "2011-05-31": "$251", "2011-02-28": "$254", "2010-11-30": "$352", "2010-08-31": "$314", "2010-05-31": "$270", "2010-02-28": "$222", "2009-11-30": "$344", "2009-08-31": "$310", "2009-05-31": "$269", "2009-02-28": "$191", "2008-11-30": "$404", "2008-08-31": "$306", "2008-05-31": "$329", "2008-02-29": "$312", "2007-11-30": "$392", "2007-08-31": "$310", "2007-05-31": "$268", "2007-02-28": "$345", "2006-11-30": "$445", "2006-08-31": "$415", "2006-05-31": "$319", "2006-02-28": "$286", "2005-11-30": "$384", "2005-08-31": "$348", "2005-05-31": "$306", "2005-02-28": "$287"}}, "operating-income": {"Constellation Brands Inc Annual Operating Income (Millions of US $)": {"2020": "$2,155", "2019": "$2,412", "2018": "$2,280", "2017": "$2,389", "2016": "$1,765", "2015": "$1,500", "2014": "$2,438", "2013": "$523", "2012": "$487", "2011": "$503", "2010": "$312", "2009": "$30", "2008": "$-350", "2007": "$699", "2006": "$666", "2005": "$568"}, "Constellation Brands Inc Quarterly Operating Income (Millions of US $)": {"2020-11-30": "$783", "2020-08-31": "$839", "2020-05-31": "$610", "2020-02-29": "$545", "2019-11-30": "$267", "2019-08-31": "$720", "2019-05-31": "$623", "2019-02-28": "$465", "2018-11-30": "$557", "2018-08-31": "$765", "2018-05-31": "$625", "2018-02-28": "$512", "2017-11-30": "$490", "2017-08-31": "$717", "2017-05-31": "$561", "2017-02-28": "$691", "2016-11-30": "$534", "2016-08-31": "$611", "2016-05-31": "$553", "2016-02-29": "$411", "2015-11-30": "$447", "2015-08-31": "$479", "2015-05-31": "$427", "2015-02-28": "$354", "2014-11-30": "$376", "2014-08-31": "$379", "2014-05-31": "$392", "2014-02-28": "$329", "2013-11-30": "$364", "2013-08-31": "$1,674", "2013-05-31": "$71", "2013-02-28": "$127", "2012-11-30": "$159", "2012-08-31": "$131", "2012-05-31": "$106", "2012-02-29": "$79", "2011-11-30": "$160", "2011-08-31": "$145", "2011-05-31": "$102", "2011-02-28": "$103", "2010-11-30": "$170", "2010-08-31": "$133", "2010-05-31": "$96", "2010-02-28": "$-49", "2009-11-30": "$136", "2009-08-31": "$140", "2009-05-31": "$85", "2009-02-28": "$-280", "2008-11-30": "$198", "2008-08-31": "$22", "2008-05-31": "$91", "2008-02-29": "$-734", "2007-11-30": "$198", "2007-08-31": "$117", "2007-05-31": "$68", "2007-02-28": "$139", "2006-11-30": "$236", "2006-08-31": "$181", "2006-05-31": "$143", "2006-02-28": "$131", "2005-11-30": "$221", "2005-08-31": "$174", "2005-05-31": "$140", "2005-02-28": "$120"}}, "ebitda": {"Constellation Brands Inc Annual EBITDA (Millions of US $)": {"2020": "$2,514", "2019": "$2,889", "2018": "$2,775", "2017": "$2,696", "2016": "$1,986", "2015": "$1,714", "2014": "$2,906", "2013": "$643", "2012": "$635", "2011": "$660", "2010": "$571", "2009": "$487", "2008": "$628", "2007": "$838", "2006": "$794", "2005": "$672"}, "Constellation Brands Inc Quarterly EBITDA (Millions of US $)": {"2020-11-30": "$879", "2020-08-31": "$913", "2020-05-31": "$681", "2020-02-29": "$627", "2019-11-30": "$361", "2019-08-31": "$816", "2019-05-31": "$709", "2019-02-28": "$661", "2018-11-30": "$656", "2018-08-31": "$862", "2018-05-31": "$710", "2018-02-28": "$674", "2017-11-30": "$592", "2017-08-31": "$790", "2017-05-31": "$719", "2017-02-28": "$805", "2016-11-30": "$601", "2016-08-31": "$674", "2016-05-31": "$616", "2016-02-29": "$460", "2015-11-30": "$501", "2015-08-31": "$539", "2015-05-31": "$485", "2015-02-28": "$404", "2014-11-30": "$430", "2014-08-31": "$435", "2014-05-31": "$444", "2014-02-28": "$375", "2013-11-30": "$409", "2013-08-31": "$3,662", "2013-05-31": "$101", "2013-02-28": "$159", "2012-11-30": "$190", "2012-08-31": "$158", "2012-05-31": "$136", "2012-02-29": "$147", "2011-11-30": "$189", "2011-08-31": "$171", "2011-05-31": "$129", "2011-02-28": "$151", "2010-11-30": "$212", "2010-08-31": "$167", "2010-05-31": "$131", "2010-02-28": "$89", "2009-11-30": "$173", "2009-08-31": "$186", "2009-05-31": "$122", "2009-02-28": "$36", "2008-11-30": "$232", "2008-08-31": "$84", "2008-05-31": "$135", "2008-02-29": "$127", "2007-11-30": "$239", "2007-08-31": "$156", "2007-05-31": "$107", "2007-02-28": "$180", "2006-11-30": "$272", "2006-08-31": "$215", "2006-05-31": "$172", "2006-02-28": "$167", "2005-11-30": "$256", "2005-08-31": "$203", "2005-05-31": "$169", "2005-02-28": "$150"}}, "net-income": {"Constellation Brands Inc Annual Net Income (Millions of US $)": {"2020": "$-12", "2019": "$3,436", "2018": "$2,303", "2017": "$1,529", "2016": "$1,055", "2015": "$839", "2014": "$1,943", "2013": "$388", "2012": "$445", "2011": "$560", "2010": "$99", "2009": "$-301", "2008": "$-613", "2007": "$327", "2006": "$316", "2005": "$267"}, "Constellation Brands Inc Quarterly Net Income (Millions of US $)": {"2020-11-30": "$1,281", "2020-08-31": "$512", "2020-05-31": "$-178", "2020-02-29": "$398", "2019-11-30": "$360", "2019-08-31": "$-525", "2019-05-31": "$-245", "2019-02-28": "$1,240", "2018-11-30": "$303", "2018-08-31": "$1,150", "2018-05-31": "$744", "2018-02-28": "$911", "2017-11-30": "$493", "2017-08-31": "$502", "2017-05-31": "$399", "2017-02-28": "$446", "2016-11-30": "$406", "2016-08-31": "$359", "2016-05-31": "$318", "2016-02-29": "$243", "2015-11-30": "$271", "2015-08-31": "$302", "2015-05-31": "$239", "2015-02-28": "$215", "2014-11-30": "$222", "2014-08-31": "$196", "2014-05-31": "$207", "2014-02-28": "$157", "2013-11-30": "$211", "2013-08-31": "$1,522", "2013-05-31": "$53", "2013-02-28": "$82", "2012-11-30": "$110", "2012-08-31": "$125", "2012-05-31": "$72", "2012-02-29": "$103", "2011-11-30": "$105", "2011-08-31": "$163", "2011-05-31": "$75", "2011-02-28": "$280", "2010-11-30": "$139", "2010-08-31": "$91", "2010-05-31": "$49", "2010-02-28": "$-51", "2009-11-30": "$44", "2009-08-31": "$100", "2009-05-31": "$7", "2009-02-28": "$-407", "2008-11-30": "$84", "2008-08-31": "$-23", "2008-05-31": "$45", "2008-02-29": "$-835", "2007-11-30": "$120", "2007-08-31": "$72", "2007-05-31": "$30", "2007-02-28": "$70", "2006-11-30": "$108", "2006-08-31": "$66", "2006-05-31": "$83", "2006-02-28": "$56", "2005-11-30": "$107", "2005-08-31": "$80", "2005-05-31": "$73", "2005-02-28": "$45"}}, "eps-earnings-per-share-diluted": {"Constellation Brands Inc Annual EPS": {"2020": "$-0.07", "2019": "$15.70", "2018": "$10.28", "2017": "$6.72", "2016": "$4.64", "2015": "$3.74", "2014": "$8.79", "2013": "$1.81", "2012": "$1.92", "2011": "$2.36", "2010": "$0.41", "2009": "$-1.38", "2008": "$-2.80", "2007": "$1.24", "2006": "$1.20", "2005": "$1.04"}, "Constellation Brands Inc Quarterly EPS": {"2020-11-30": "$5.86", "2020-08-31": "$2.34", "2020-05-31": "$-0.92", "2020-02-29": "$2.30", "2019-11-30": "$1.65", "2019-08-31": "$-2.74", "2019-05-31": "$-1.28", "2019-02-28": "$5.70", "2018-11-30": "$1.39", "2018-08-31": "$5.24", "2018-05-31": "$3.37", "2018-02-28": "$4.07", "2017-11-30": "$2.20", "2017-08-31": "$2.23", "2017-05-31": "$1.78", "2017-02-28": "$1.99", "2016-11-30": "$1.77", "2016-08-31": "$1.57", "2016-05-31": "$1.39", "2016-02-29": "$1.06", "2015-11-30": "$1.19", "2015-08-31": "$1.34", "2015-05-31": "$1.05", "2015-02-28": "$0.96", "2014-11-30": "$0.99", "2014-08-31": "$0.87", "2014-05-31": "$0.92", "2014-02-28": "$0.69", "2013-11-30": "$0.95", "2013-08-31": "$6.91", "2013-05-31": "$0.24", "2013-02-28": "$0.36", "2012-11-30": "$0.51", "2012-08-31": "$0.60", "2012-05-31": "$0.34", "2012-02-29": "$0.46", "2011-11-30": "$0.46", "2011-08-31": "$0.69", "2011-05-31": "$0.31", "2011-02-28": "$1.18", "2010-11-30": "$0.59", "2010-08-31": "$0.39", "2010-05-31": "$0.20", "2010-02-28": "$-0.21", "2009-11-30": "$0.18", "2009-08-31": "$0.41", "2009-05-31": "$0.03", "2009-02-28": "$-1.80", "2008-11-30": "$0.34", "2008-08-31": "$-0.10", "2008-05-31": "$0.18", "2008-02-29": "$-3.70", "2007-11-30": "$0.48", "2007-08-31": "$0.30", "2007-05-31": "$0.12", "2007-02-28": "$0.27", "2006-11-30": "$0.41", "2006-08-31": "$0.25", "2006-05-31": "$0.31", "2006-02-28": "$0.09", "2005-11-30": "$0.46", "2005-08-31": "$0.34", "2005-05-31": "$0.31", "2005-02-28": "$0.08"}}, "shares-outstanding": {"Constellation Brands Inc Annual Shares Outstanding (Millions of Shares)": {"2020": "192", "2019": "219", "2018": "224", "2017": "227", "2016": "227", "2015": "225", "2014": "221", "2013": "214", "2012": "232", "2011": "237", "2010": "245", "2009": "218", "2008": "219", "2007": "264", "2006": "263", "2005": "257"}, "Constellation Brands Inc Quarterly Shares Outstanding (Millions of Shares)": {"2020-11-30": "219", "2020-08-31": "218", "2020-05-31": "193", "2020-02-29": "192", "2019-11-30": "218", "2019-08-31": "192", "2019-05-31": "191", "2019-02-28": "219", "2018-11-30": "218", "2018-08-31": "219", "2018-05-31": "220", "2018-02-28": "224", "2017-11-30": "225", "2017-08-31": "225", "2017-05-31": "224", "2017-02-28": "227", "2016-11-30": "229", "2016-08-31": "229", "2016-05-31": "229", "2016-02-29": "227", "2015-11-30": "227", "2015-08-31": "226", "2015-05-31": "226", "2015-02-28": "225", "2014-11-30": "225", "2014-08-31": "224", "2014-05-31": "224", "2014-02-28": "221", "2013-11-30": "222", "2013-08-31": "220", "2013-05-31": "218", "2013-02-28": "214", "2012-11-30": "213", "2012-08-31": "208", "2012-05-31": "214", "2012-02-29": "232", "2011-11-30": "227", "2011-08-31": "237", "2011-05-31": "239", "2011-02-28": "237", "2010-11-30": "237", "2010-08-31": "235", "2010-05-31": "243", "2010-02-28": "245", "2009-11-30": "246", "2009-08-31": "244", "2009-05-31": "244", "2009-02-28": "218", "2008-11-30": "244", "2008-08-31": "217", "2008-05-31": "243", "2008-02-29": "219", "2007-11-30": "248", "2007-08-31": "243", "2007-05-31": "257", "2007-02-28": "264", "2006-11-30": "264", "2006-08-31": "264", "2006-05-31": "264", "2006-02-28": "263", "2005-11-30": "239", "2005-08-31": "239", "2005-05-31": "238", "2005-02-28": "257"}}, "total-assets": {"Constellation Brands Inc Annual Total Assets (Millions of US $)": {"2020": "$27,323", "2019": "$29,232", "2018": "$20,539", "2017": "$18,602", "2016": "$16,965", "2015": "$15,093", "2014": "$14,302", "2013": "$7,638", "2012": "$7,110", "2011": "$7,168", "2010": "$8,094", "2009": "$8,037", "2008": "$10,053", "2007": "$9,438", "2006": "$7,401", "2005": "$7,804"}, "Constellation Brands Inc Quarterly Total Assets (Millions of US $)": {"2020-11-30": "$27,631", "2020-08-31": "$26,463", "2020-05-31": "$26,150", "2020-02-29": "$27,323", "2019-11-30": "$27,094", "2019-08-31": "$27,555", "2019-05-31": "$28,951", "2019-02-28": "$29,232", "2018-11-30": "$27,890", "2018-08-31": "$24,098", "2018-05-31": "$23,097", "2018-02-28": "$20,539", "2017-11-30": "$20,107", "2017-08-31": "$19,418", "2017-05-31": "$18,959", "2017-02-28": "$18,602", "2016-11-30": "$18,320", "2016-08-31": "$17,717", "2016-05-31": "$17,630", "2016-02-29": "$16,965", "2015-11-30": "$16,157", "2015-08-31": "$15,673", "2015-05-31": "$15,247", "2015-02-28": "$15,093", "2014-11-30": "$14,981", "2014-08-31": "$14,657", "2014-05-31": "$14,842", "2014-02-28": "$14,302", "2013-11-30": "$14,336", "2013-08-31": "$14,123", "2013-05-31": "$9,452", "2013-02-28": "$7,638", "2012-11-30": "$8,323", "2012-08-31": "$8,041", "2012-05-31": "$7,008", "2012-02-29": "$7,110", "2011-11-30": "$7,225", "2011-08-31": "$7,035", "2011-05-31": "$7,075", "2011-02-28": "$7,168", "2010-11-30": "$8,258", "2010-08-31": "$7,877", "2010-05-31": "$7,896", "2010-02-28": "$8,094", "2009-11-30": "$8,729", "2009-08-31": "$8,434", "2009-05-31": "$8,402", "2009-02-28": "$8,037", "2008-11-30": "$9,109", "2008-08-31": "$9,422", "2008-05-31": "$10,156", "2008-02-29": "$10,053", "2007-11-30": "$10,194", "2007-08-31": "$9,731", "2007-05-31": "$9,826", "2007-02-28": "$9,438", "2006-11-30": "$9,845", "2006-08-31": "$9,449", "2006-05-31": "$7,672", "2006-02-28": "$7,401", "2005-11-30": "$7,703", "2005-08-31": "$7,463", "2005-05-31": "$7,501", "2005-02-28": "$7,804"}}, "cash-on-hand": {"Constellation Brands Inc Annual Cash on Hand (Millions of US $)": {"2020": "$81", "2019": "$94", "2018": "$90", "2017": "$177", "2016": "$83", "2015": "$110", "2014": "$64", "2013": "$332", "2012": "$86", "2011": "$9", "2010": "$44", "2009": "$13", "2008": "$21", "2007": "$34", "2006": "$11", "2005": "$18"}, "Constellation Brands Inc Quarterly Cash on Hand (Millions of US $)": {"2020-11-30": "$153", "2020-08-31": "$205", "2020-05-31": "$303", "2020-02-29": "$81", "2019-11-30": "$94", "2019-08-31": "$81", "2019-05-31": "$99", "2019-02-28": "$94", "2018-11-30": "$131", "2018-08-31": "$206", "2018-05-31": "$210", "2018-02-28": "$90", "2017-11-30": "$155", "2017-08-31": "$126", "2017-05-31": "$199", "2017-02-28": "$177", "2016-11-30": "$197", "2016-08-31": "$177", "2016-05-31": "$167", "2016-02-29": "$83", "2015-11-30": "$491", "2015-08-31": "$330", "2015-05-31": "$131", "2015-02-28": "$110", "2014-11-30": "$67", "2014-08-31": "$104", "2014-05-31": "$378", "2014-02-28": "$64", "2013-11-30": "$65", "2013-08-31": "$117", "2013-05-31": "$609", "2013-02-28": "$332", "2012-11-30": "$201", "2012-08-31": "$179", "2012-05-31": "$69", "2012-02-29": "$86", "2011-11-30": "$56", "2011-08-31": "$10", "2011-05-31": "$13", "2011-02-28": "$9", "2010-11-30": "$16", "2010-08-31": "$14", "2010-05-31": "$21", "2010-02-28": "$44", "2009-11-30": "$50", "2009-08-31": "$20", "2009-05-31": "$17", "2009-02-28": "$13", "2008-11-30": "$181", "2008-08-31": "$25", "2008-05-31": "$25", "2008-02-29": "$21", "2007-11-30": "$25", "2007-08-31": "$33", "2007-05-31": "$34", "2007-02-28": "$34", "2006-11-30": "$35", "2006-08-31": "$42", "2006-05-31": "$38", "2006-02-28": "$11", "2005-11-30": "$26", "2005-08-31": "$19", "2005-05-31": "$19", "2005-02-28": "$18"}}, "long-term-debt": {"Constellation Brands Inc Annual Long Term Debt (Millions of US $)": {"2020": "$11,211", "2019": "$11,760", "2018": "$9,418", "2017": "$7,721", "2016": "$6,816", "2015": "$7,086", "2014": "$6,373", "2013": "$3,278", "2012": "$2,421", "2011": "$3,137", "2010": "$3,277", "2009": "$3,971", "2008": "$4,649", "2007": "$3,715", "2006": "$2,516", "2005": "$3,205"}, "Constellation Brands Inc Quarterly Long Term Debt (Millions of US $)": {"2020-11-30": "$10,416", "2020-08-31": "$11,067", "2020-05-31": "$11,639", "2020-02-29": "$11,211", "2019-11-30": "$11,340", "2019-08-31": "$12,160", "2019-05-31": "$11,746", "2019-02-28": "$11,760", "2018-11-30": "$11,773", "2018-08-31": "$9,188", "2018-05-31": "$9,416", "2018-02-28": "$9,418", "2017-11-30": "$8,114", "2017-08-31": "$8,037", "2017-05-31": "$8,077", "2017-02-28": "$7,721", "2016-11-30": "$7,363", "2016-08-31": "$7,022", "2016-05-31": "$6,691", "2016-02-29": "$6,816", "2015-11-30": "$6,515", "2015-08-31": "$7,238", "2015-05-31": "$7,038", "2015-02-28": "$7,086", "2014-11-30": "$7,082", "2014-08-31": "$6,323", "2014-05-31": "$6,346", "2014-02-28": "$6,373", "2013-11-30": "$6,897", "2013-08-31": "$6,913", "2013-05-31": "$4,818", "2013-02-28": "$3,278", "2012-11-30": "$3,929", "2012-08-31": "$3,929", "2012-05-31": "$3,285", "2012-02-29": "$2,421", "2011-11-30": "$2,578", "2011-08-31": "$2,735", "2011-05-31": "$2,729", "2011-02-28": "$3,137", "2010-11-30": "$3,133", "2010-08-31": "$3,128", "2010-05-31": "$3,201", "2010-02-28": "$3,277", "2009-11-30": "$3,616", "2009-08-31": "$3,691", "2009-05-31": "$3,712", "2009-02-28": "$3,971", "2008-11-30": "$4,124", "2008-08-31": "$4,487", "2008-05-31": "$4,575", "2008-02-29": "$4,649", "2007-11-30": "$4,235", "2007-08-31": "$4,292", "2007-05-31": "$4,382", "2007-02-28": "$3,715", "2006-11-30": "$3,949", "2006-08-31": "$3,988", "2006-05-31": "$2,482", "2006-02-28": "$2,516", "2005-11-30": "$2,592", "2005-08-31": "$2,704", "2005-05-31": "$2,969", "2005-02-28": "$3,205"}}, "total-liabilities": {"Constellation Brands Inc Annual Total Liabilities (Millions of US $)": {"2020": "$14,849", "2019": "$16,394", "2018": "$12,547", "2017": "$11,718", "2016": "$10,273", "2015": "$9,212", "2014": "$9,321", "2013": "$4,778", "2012": "$4,434", "2011": "$4,616", "2010": "$5,518", "2009": "$6,128", "2008": "$7,287", "2007": "$6,021", "2006": "$4,425", "2005": "$5,024"}, "Constellation Brands Inc Quarterly Total Liabilities (Millions of US $)": {"2020-11-30": "$13,978", "2020-08-31": "$14,459", "2020-05-31": "$14,772", "2020-02-29": "$14,849", "2019-11-30": "$15,057", "2019-08-31": "$15,864", "2019-05-31": "$16,463", "2019-02-28": "$16,394", "2018-11-30": "$16,370", "2018-08-31": "$12,562", "2018-05-31": "$12,531", "2018-02-28": "$12,547", "2017-11-30": "$12,098", "2017-08-31": "$11,473", "2017-05-31": "$11,562", "2017-02-28": "$11,718", "2016-11-30": "$11,322", "2016-08-31": "$10,543", "2016-05-31": "$10,641", "2016-02-29": "$10,273", "2015-11-30": "$9,560", "2015-08-31": "$9,508", "2015-05-31": "$9,195", "2015-02-28": "$9,212", "2014-11-30": "$9,346", "2014-08-31": "$9,170", "2014-05-31": "$9,555", "2014-02-28": "$9,321", "2013-11-30": "$9,547", "2013-08-31": "$9,612", "2013-05-31": "$6,455", "2013-02-28": "$4,778", "2012-11-30": "$5,547", "2012-08-31": "$5,422", "2012-05-31": "$4,708", "2012-02-29": "$4,434", "2011-11-30": "$4,587", "2011-08-31": "$4,336", "2011-05-31": "$4,360", "2011-02-28": "$4,616", "2010-11-30": "$5,539", "2010-08-31": "$5,447", "2010-05-31": "$5,599", "2010-02-28": "$5,518", "2009-11-30": "$6,031", "2009-08-31": "$5,919", "2009-05-31": "$6,076", "2009-02-28": "$6,128", "2008-11-30": "$6,767", "2008-08-31": "$6,746", "2008-05-31": "$7,276", "2008-02-29": "$7,287", "2007-11-30": "$6,681", "2007-08-31": "$6,542", "2007-05-31": "$6,698", "2007-02-28": "$6,021", "2006-11-30": "$6,517", "2006-08-31": "$6,282", "2006-05-31": "$4,552", "2006-02-28": "$4,425", "2005-11-30": "$4,796", "2005-08-31": "$4,629", "2005-05-31": "$4,759", "2005-02-28": "$5,024"}}, "total-share-holder-equity": {"Constellation Brands Inc Annual Share Holder Equity (Millions of US $)": {"2020": "$12,474", "2019": "$12,837", "2018": "$7,992", "2017": "$6,885", "2016": "$6,692", "2015": "$5,881", "2014": "$4,981", "2013": "$2,860", "2012": "$2,676", "2011": "$2,552", "2010": "$2,576", "2009": "$1,908", "2008": "$2,766", "2007": "$3,418", "2006": "$2,975", "2005": "$2,780"}, "Constellation Brands Inc Quarterly Share Holder Equity (Millions of US $)": {"2020-11-30": "$13,653", "2020-08-31": "$12,004", "2020-05-31": "$11,378", "2020-02-29": "$12,474", "2019-11-30": "$12,036", "2019-08-31": "$11,691", "2019-05-31": "$12,488", "2019-02-28": "$12,837", "2018-11-30": "$11,520", "2018-08-31": "$11,535", "2018-05-31": "$10,566", "2018-02-28": "$7,992", "2017-11-30": "$8,009", "2017-08-31": "$7,945", "2017-05-31": "$7,398", "2017-02-28": "$6,885", "2016-11-30": "$6,998", "2016-08-31": "$7,174", "2016-05-31": "$6,989", "2016-02-29": "$6,692", "2015-11-30": "$6,597", "2015-08-31": "$6,165", "2015-05-31": "$6,052", "2015-02-28": "$5,881", "2014-11-30": "$5,635", "2014-08-31": "$5,487", "2014-05-31": "$5,287", "2014-02-28": "$4,981", "2013-11-30": "$4,790", "2013-08-31": "$4,510", "2013-05-31": "$2,997", "2013-02-28": "$2,860", "2012-11-30": "$2,775", "2012-08-31": "$2,618", "2012-05-31": "$2,300", "2012-02-29": "$2,676", "2011-11-30": "$2,638", "2011-08-31": "$2,699", "2011-05-31": "$2,715", "2011-02-28": "$2,552", "2010-11-30": "$2,719", "2010-08-31": "$2,430", "2010-05-31": "$2,297", "2010-02-28": "$2,576", "2009-11-30": "$2,697", "2009-08-31": "$2,515", "2009-05-31": "$2,325", "2009-02-28": "$1,908", "2008-11-30": "$2,342", "2008-08-31": "$2,676", "2008-05-31": "$2,880", "2008-02-29": "$2,766", "2007-11-30": "$3,513", "2007-08-31": "$3,189", "2007-05-31": "$3,128", "2007-02-28": "$3,418", "2006-11-30": "$3,328", "2006-08-31": "$3,167", "2006-05-31": "$3,120", "2006-02-28": "$2,975", "2005-11-30": "$2,907", "2005-08-31": "$2,834", "2005-05-31": "$2,742", "2005-02-28": "$2,780"}}, "profit-margins": {"current": "21.63%"}, "gross margin": {"2020-11-30": "51.63%", "2020-08-31": "50.98%", "2020-05-31": "50.09%", "2020-02-29": "49.78%", "2019-11-30": "49.73%", "2019-08-31": "49.67%", "2019-05-31": "49.72%", "2019-02-28": "50.27%", "2018-11-30": "49.89%", "2018-08-31": "50.21%", "2018-05-31": "50.31%", "2018-02-28": "50.28%", "2017-11-30": "50.34%", "2017-08-31": "50.03%", "2017-05-31": "49.13%", "2017-02-28": "48.05%", "2016-11-30": "47.43%", "2016-08-31": "46.35%", "2016-05-31": "45.47%", "2016-02-29": "44.95%", "2015-11-30": "44.73%", "2015-08-31": "43.92%", "2015-05-31": "43.14%", "2015-02-28": "42.78%", "2014-11-30": "42.43%", "2014-08-31": "42.65%", "2014-05-31": "42.06%", "2014-02-28": "40.93%", "2013-11-30": "39.91%", "2013-08-31": "39.10%", "2013-05-31": "39.29%", "2013-02-28": "39.65%", "2012-11-30": "40.01%", "2012-08-31": "39.95%", "2012-05-31": "40.02%", "2012-02-29": "40.02%", "2011-11-30": "39.07%", "2011-08-31": "37.92%", "2011-05-31": "36.84%", "2011-02-28": "35.71%", "2010-11-30": "34.82%", "2010-08-31": "34.35%", "2010-05-31": "34.09%", "2010-02-28": "34.02%", "2009-11-30": "32.84%", "2009-08-31": "34.18%", "2009-05-31": "33.29%", "2009-02-28": "33.65%", "2008-11-30": "35.52%", "2008-08-31": "34.62%", "2008-05-31": "35.30%", "2008-02-29": "33.98%", "2007-11-30": "32.62%", "2007-08-31": "30.83%", "2007-05-31": "29.69%", "2007-02-28": "29.21%", "2006-11-30": "28.60%", "2006-08-31": "28.72%", "2006-05-31": "28.67%", "2006-02-28": "28.76%", "2005-11-30": "28.84%"}, "operating margin": {"2020-11-30": "32.43%", "2020-08-31": "27.83%", "2020-05-31": "26.09%", "2020-02-29": "25.83%", "2019-11-30": "25.19%", "2019-08-31": "28.80%", "2019-05-31": "29.51%", "2019-02-28": "29.72%", "2018-11-30": "30.43%", "2018-08-31": "30.24%", "2018-05-31": "30.45%", "2018-02-28": "30.08%", "2017-11-30": "33.06%", "2017-08-31": "33.62%", "2017-05-31": "32.48%", "2017-02-28": "32.63%", "2016-11-30": "29.10%", "2016-08-31": "28.57%", "2016-05-31": "27.84%", "2016-02-29": "26.94%", "2015-11-30": "26.84%", "2015-08-31": "26.13%", "2015-05-31": "25.04%", "2015-02-28": "24.90%", "2014-11-30": "24.75%", "2014-08-31": "24.97%", "2014-05-31": "48.23%", "2014-02-28": "50.09%", "2013-11-30": "52.34%", "2013-08-31": "56.48%", "2013-05-31": "17.21%", "2013-02-28": "18.70%", "2012-11-30": "17.41%", "2012-08-31": "17.87%", "2012-05-31": "18.46%", "2012-02-29": "18.31%", "2011-11-30": "18.61%", "2011-08-31": "17.30%", "2011-05-31": "15.98%", "2011-02-28": "15.07%", "2010-11-30": "10.52%", "2010-08-31": "9.44%", "2010-05-31": "9.61%", "2010-02-28": "9.27%", "2009-11-30": "2.39%", "2009-08-31": "4.16%", "2009-05-31": "0.71%", "2009-02-28": "0.85%", "2008-11-30": "-11.12%", "2008-08-31": "-10.94%", "2008-05-31": "-8.62%", "2008-02-29": "-9.30%", "2007-11-30": "12.95%", "2007-08-31": "12.62%", "2007-05-31": "12.58%", "2007-02-28": "13.40%", "2006-11-30": "13.49%", "2006-08-31": "13.83%", "2006-05-31": "14.35%", "2006-02-28": "14.47%", "2005-11-30": "14.26%"}, "ebitda margin": {"2020-11-30": "36.20%", "2020-08-31": "31.78%", "2020-05-31": "30.27%", "2020-02-29": "30.12%", "2019-11-30": "30.92%", "2019-08-31": "34.61%", "2019-05-31": "35.37%", "2019-02-28": "35.60%", "2018-11-30": "35.91%", "2018-08-31": "35.88%", "2018-05-31": "35.93%", "2018-02-28": "36.60%", "2017-11-30": "39.07%", "2017-08-31": "39.15%", "2017-05-31": "37.93%", "2017-02-28": "36.82%", "2016-11-30": "32.44%", "2016-08-31": "31.81%", "2016-05-31": "31.17%", "2016-02-29": "30.31%", "2015-11-30": "30.33%", "2015-08-31": "29.67%", "2015-05-31": "28.60%", "2015-02-28": "28.42%", "2014-11-30": "28.24%", "2014-08-31": "28.36%", "2014-05-31": "85.49%", "2014-02-28": "93.43%", "2013-11-30": "101.38%", "2013-08-31": "114.35%", "2013-05-31": "21.45%", "2013-02-28": "22.99%", "2012-11-30": "23.12%", "2012-08-31": "23.66%", "2012-05-31": "24.23%", "2012-02-29": "23.96%", "2011-11-30": "23.35%", "2011-08-31": "22.06%", "2011-05-31": "20.73%", "2011-02-28": "19.84%", "2010-11-30": "18.01%", "2010-08-31": "16.73%", "2010-05-31": "17.22%", "2010-02-28": "16.93%", "2009-11-30": "15.24%", "2009-08-31": "16.77%", "2009-05-31": "13.49%", "2009-02-28": "13.32%", "2008-11-30": "15.19%", "2008-08-31": "15.12%", "2008-05-31": "17.27%", "2008-02-29": "16.67%", "2007-11-30": "16.92%", "2007-08-31": "16.11%", "2007-05-31": "15.60%", "2007-02-28": "16.08%", "2006-11-30": "16.12%", "2006-08-31": "16.57%", "2006-05-31": "17.11%", "2006-02-28": "17.27%", "2005-11-30": "16.94%"}, "pre tax profit margin": {"2020-11-30": "29.74%", "2020-08-31": "9.67%", "2020-05-31": "-7.19%", "2020-02-29": "-11.33%", "2019-11-30": "1.17%", "2019-08-31": "8.95%", "2019-05-31": "34.52%", "2019-02-28": "51.06%", "2018-11-30": "39.59%", "2018-08-31": "44.24%", "2018-05-31": "35.95%", "2018-02-28": "30.84%", "2017-11-30": "31.83%", "2017-08-31": "29.60%", "2017-05-31": "28.28%", "2017-02-28": "28.46%", "2016-11-30": "25.11%", "2016-08-31": "24.52%", "2016-05-31": "23.85%", "2016-02-29": "22.92%", "2015-11-30": "22.40%", "2015-08-31": "21.35%", "2015-05-31": "19.97%", "2015-02-28": "19.58%", "2014-11-30": "19.22%", "2014-08-31": "19.22%", "2014-05-31": "42.40%", "2014-02-28": "45.22%", "2013-11-30": "48.41%", "2013-08-31": "53.56%", "2013-05-31": "17.14%", "2013-02-28": "18.48%", "2012-11-30": "17.99%", "2012-08-31": "19.08%", "2012-05-31": "19.89%", "2012-02-29": "20.16%", "2011-11-30": "20.47%", "2011-08-31": "19.49%", "2011-05-31": "17.87%", "2011-02-28": "16.51%", "2010-11-30": "11.21%", "2010-08-31": "8.54%", "2010-05-31": "8.39%", "2010-02-28": "7.69%", "2009-11-30": "-1.80%", "2009-08-31": "0.87%", "2009-05-31": "-2.96%", "2009-02-28": "-2.93%", "2008-11-30": "-13.75%", "2008-08-31": "-13.68%", "2008-05-31": "-11.28%", "2008-02-29": "-11.69%", "2007-11-30": "11.63%", "2007-08-31": "10.19%", "2007-05-31": "9.13%", "2007-02-28": "10.27%", "2006-11-30": "9.97%", "2006-08-31": "10.60%", "2006-05-31": "11.43%", "2006-02-28": "10.38%", "2005-11-30": "10.30%"}, "net profit margin": {"2020-11-30": "23.51%", "2020-08-31": "13.44%", "2020-05-31": "0.67%", "2020-02-29": "-0.14%", "2019-11-30": "10.08%", "2019-08-31": "9.41%", "2019-05-31": "29.98%", "2019-02-28": "42.35%", "2018-11-30": "38.45%", "2018-08-31": "41.68%", "2018-05-31": "34.41%", "2018-02-28": "30.39%", "2017-11-30": "24.73%", "2017-08-31": "23.53%", "2017-05-31": "21.81%", "2017-02-28": "20.87%", "2016-11-30": "18.30%", "2016-08-31": "16.83%", "2016-05-31": "16.70%", "2016-02-29": "16.11%", "2015-11-30": "16.15%", "2015-08-31": "15.62%", "2015-05-31": "14.22%", "2015-02-28": "13.93%", "2014-11-30": "13.11%", "2014-08-31": "13.15%", "2014-05-31": "36.66%", "2014-02-28": "39.92%", "2013-11-30": "43.73%", "2013-08-31": "49.14%", "2013-05-31": "13.05%", "2013-02-28": "13.91%", "2012-11-30": "15.02%", "2012-08-31": "15.21%", "2012-05-31": "16.69%", "2012-02-29": "16.80%", "2011-11-30": "22.73%", "2011-08-31": "21.86%", "2011-05-31": "18.40%", "2011-02-28": "16.78%", "2010-11-30": "6.86%", "2010-08-31": "3.97%", "2010-05-31": "4.22%", "2010-02-28": "2.97%", "2009-11-30": "-7.55%", "2009-08-31": "-6.29%", "2009-05-31": "-9.64%", "2009-02-28": "-8.24%", "2008-11-30": "-19.16%", "2008-08-31": "-17.92%", "2008-05-31": "-15.72%", "2008-02-29": "-16.25%", "2007-11-30": "7.24%", "2007-08-31": "6.31%", "2007-05-31": "5.52%", "2007-02-28": "6.27%", "2006-11-30": "6.11%", "2006-08-31": "6.38%", "2006-05-31": "6.99%", "2006-02-28": "6.86%", "2005-11-30": "6.64%"}, "pe ratio": {"current": "22.90", "2021-02-11": "23.02", "2020-11-30": "19.98", "2020-08-31": "32.88", "2020-05-31": "948.27", "2020-02-29": "0.00", "2019-11-30": "43.94", "2019-08-31": "51.69", "2019-05-31": "13.78", "2019-02-28": "9.37", "2018-11-30": "11.97", "2018-08-31": "12.02", "2018-05-31": "16.09", "2018-02-28": "17.87", "2017-11-30": "22.66", "2017-08-31": "21.89", "2017-05-31": "21.76", "2017-02-28": "19.98", "2016-11-30": "22.10", "2016-08-31": "26.60", "2016-05-31": "25.93", "2016-02-29": "25.59", "2015-11-30": "25.97", "2015-08-31": "24.77", "2015-05-31": "25.44", "2015-02-28": "25.58", "2014-11-30": "22.98", "2014-08-31": "20.93", "2014-05-31": "7.36", "2014-02-28": "7.63", "2013-11-30": "6.88", "2013-08-31": "5.59", "2013-05-31": "25.28", "2013-02-28": "19.97", "2012-11-30": "15.59", "2012-08-31": "14.73", "2012-05-31": "8.27", "2012-02-29": "9.49", "2011-11-30": "6.14", "2011-08-31": "5.95", "2011-05-31": "7.40", "2011-02-28": "7.18", "2010-11-30": "17.75", "2010-08-31": "24.99", "2010-05-31": "24.21", "2010-02-28": "31.08", "2009-11-30": "0.00", "2009-08-31": "0.00", "2009-05-31": "0.00", "2009-02-28": "0.00", "2008-11-30": "0.00", "2008-08-31": "0.00", "2008-05-31": "0.00", "2008-02-29": "0.00", "2007-11-30": "16.98", "2007-08-31": "18.89", "2007-05-31": "19.82", "2007-02-28": "15.81", "2006-11-30": "19.56"}, "price sales": {"2021-02-11": "5.68", "2020-11-30": "4.93", "2020-08-31": "4.62", "2020-05-31": "4.11", "2020-02-29": "4.01", "2019-11-30": "4.50", "2019-08-31": "4.93", "2019-05-31": "4.45", "2019-02-28": "4.44", "2018-11-30": "5.17", "2018-08-31": "5.63", "2018-05-31": "6.22", "2018-02-28": "6.11", "2017-11-30": "6.30", "2017-08-31": "5.80", "2017-05-31": "5.36", "2017-02-28": "4.70", "2016-11-30": "4.51", "2016-08-31": "4.99", "2016-05-31": "4.83", "2016-02-29": "4.60", "2015-11-30": "4.67", "2015-08-31": "4.31", "2015-05-31": "4.03", "2015-02-28": "3.97", "2014-11-30": "3.36", "2014-08-31": "3.08", "2014-05-31": "3.03", "2014-02-28": "3.41", "2013-11-30": "3.36", "2013-08-31": "3.05", "2013-05-31": "3.71", "2013-02-28": "3.12", "2012-11-30": "2.64", "2012-08-31": "2.53", "2012-05-31": "1.54", "2012-02-29": "1.79", "2011-11-30": "1.55", "2011-08-31": "1.45", "2011-05-31": "1.52", "2011-02-28": "1.35", "2010-11-30": "1.38", "2010-08-31": "1.12", "2010-05-31": "1.13", "2010-02-28": "1.02", "2009-11-30": "1.12", "2009-08-31": "0.95", "2009-05-31": "0.70", "2009-02-28": "0.77", "2008-11-30": "0.72", "2008-08-31": "1.18", "2008-05-31": "1.24", "2008-02-29": "1.14", "2007-11-30": "1.38", "2007-08-31": "1.31", "2007-05-31": "1.20", "2007-02-28": "1.10", "2006-11-30": "1.34"}, "price book": {"current": "3.31", "2021-02-11": "3.35", "2020-11-30": "2.90", "2020-08-31": "2.94", "2020-05-31": "2.87", "2020-02-29": "2.60", "2019-11-30": "2.89", "2019-08-31": "3.25", "2019-05-31": "2.63", "2019-02-28": "2.45", "2018-11-30": "3.12", "2018-08-31": "3.30", "2018-05-31": "3.88", "2018-02-28": "4.94", "2017-11-30": "5.06", "2017-08-31": "4.70", "2017-05-31": "4.59", "2017-02-28": "4.26", "2016-11-30": "4.07", "2016-08-31": "4.34", "2016-05-31": "4.14", "2016-02-29": "3.96", "2015-11-30": "3.97", "2015-08-31": "3.81", "2015-05-31": "3.55", "2015-02-28": "3.53", "2014-11-30": "3.08", "2014-08-31": "2.85", "2014-05-31": "2.85", "2014-02-28": "2.90", "2013-11-30": "2.60", "2013-08-31": "2.12", "2013-05-31": "3.10", "2013-02-28": "2.66", "2012-11-30": "2.21", "2012-08-31": "2.13", "2012-05-31": "1.38", "2012-02-29": "1.47", "2011-11-30": "1.37", "2011-08-31": "1.40", "2011-05-31": "1.61", "2011-02-28": "1.56", "2010-11-30": "1.47", "2010-08-31": "1.35", "2010-05-31": "1.42", "2010-02-28": "1.21", "2009-11-30": "1.31", "2009-08-31": "1.21", "2009-05-31": "1.02", "2009-02-28": "1.39", "2008-11-30": "1.11", "2008-08-31": "1.60", "2008-05-31": "1.50", "2008-02-29": "1.40", "2007-11-30": "1.34", "2007-08-31": "1.52", "2007-05-31": "1.56", "2007-02-28": "1.50", "2006-11-30": "1.83", "2006-08-31": "1.79", "2006-05-31": "1.65", "2006-02-28": "1.84"}, "price fcf": {"2021-02-11": "", "2020-11-30": "$11.26", "2020-08-31": "$9.44", "2020-05-31": "$10.18", "2020-02-29": "$9.56", "2019-11-30": "$7.18", "2019-08-31": "$7.48", "2019-05-31": "$7.31", "2019-02-28": "$6.54", "2018-11-30": "$6.94", "2018-08-31": "$5.88", "2018-05-31": "$4.72", "2018-02-28": "$3.93", "2017-11-30": "$3.28", "2017-08-31": "$3.19", "2017-05-31": "$3.44", "2017-02-28": "$3.48", "2016-11-30": "$3.36", "2016-08-31": "$3.01", "2016-05-31": "$2.74", "2016-02-29": "$2.30", "2015-11-30": "$3.22", "2015-08-31": "$2.25", "2015-05-31": "$1.49", "2015-02-28": "$1.61", "2014-11-30": "$1.20", "2014-08-31": "$2.34", "2014-05-31": "$3.26", "2014-02-28": "$2.73", "2013-11-30": "$3.15", "2013-08-31": "$2.67", "2013-05-31": "$1.83", "2013-02-28": "$2.31", "2012-11-30": "$2.12", "2012-08-31": "$2.72", "2012-05-31": "$2.57", "2012-02-29": "$3.10", "2011-11-30": "$3.58", "2011-08-31": "$3.20", "2011-05-31": "$3.09", "2011-02-28": "$2.32", "2010-11-30": "$2.13", "2010-08-31": "$2.22", "2010-05-31": "$1.83", "2010-02-28": "$1.27", "2009-11-30": "$1.28", "2009-08-31": "$1.40", "2009-05-31": "$1.66", "2009-02-28": "$1.85", "2008-11-30": "$2.12", "2008-08-31": "$1.91", "2008-05-31": "$1.98", "2008-02-29": "$1.81", "2007-11-30": "$1.28", "2007-08-31": "$1.12", "2007-05-31": "$0.25", "2007-02-28": "$0.50", "2006-11-30": "$1.56"}, "net worth": {"value": "$45.34B"}, "current ratio": {"current": "1.69", "2020-11-30": "1.69", "2020-08-31": "1.85", "2020-05-31": "1.94", "2020-02-29": "1.51", "2019-11-30": "1.41", "2019-08-31": "1.61", "2019-05-31": "1.22", "2019-02-28": "1.16", "2018-11-30": "1.08", "2018-08-31": "1.66", "2018-05-31": "1.81", "2018-02-28": "1.70", "2017-11-30": "1.40", "2017-08-31": "1.61", "2017-05-31": "1.54", "2017-02-28": "1.20", "2016-11-30": "1.31", "2016-08-31": "1.44", "2016-05-31": "1.19", "2016-02-29": "1.31", "2015-11-30": "1.80", "2015-08-31": "2.58", "2015-05-31": "2.66", "2015-02-28": "2.57", "2014-11-30": "2.43", "2014-08-31": "1.51", "2014-05-31": "1.39", "2014-02-28": "1.36", "2013-11-30": "1.62", "2013-08-31": "1.48", "2013-05-31": "3.42", "2013-02-28": "3.65", "2012-11-30": "3.15", "2012-08-31": "3.32", "2012-05-31": "3.35", "2012-02-29": "1.70", "2011-11-30": "1.85", "2011-08-31": "2.44", "2011-05-31": "2.50", "2011-02-28": "3.14", "2010-11-30": "1.88", "2010-08-31": "1.77", "2010-05-31": "1.67", "2010-02-28": "1.89", "2009-11-30": "1.96", "2009-08-31": "1.97", "2009-05-31": "1.78", "2009-02-28": "1.91", "2008-11-30": "1.82", "2008-08-31": "2.27", "2008-05-31": "1.86", "2008-02-29": "1.86", "2007-11-30": "1.97", "2007-08-31": "1.99", "2007-05-31": "1.93", "2007-02-28": "1.90", "2006-11-30": "1.97", "2006-08-31": "2.09", "2006-05-31": "2.03", "2006-02-28": "2.08", "2005-11-30": "1.87", "2005-08-31": "2.09", "2005-05-31": "2.40", "2005-02-28": "2.40"}, "quick ratio": {"2020-11-30": "1.01", "2020-08-31": "1.16", "2020-05-31": "1.18", "2020-02-29": "0.91", "2019-11-30": "0.86", "2019-08-31": "1.01", "2019-05-31": "0.71", "2019-02-28": "0.49", "2018-11-30": "0.43", "2018-08-31": "0.76", "2018-05-31": "0.77", "2018-02-28": "0.68", "2017-11-30": "0.54", "2017-08-31": "0.69", "2017-05-31": "0.65", "2017-02-28": "0.47", "2016-11-30": "0.50", "2016-08-31": "0.60", "2016-05-31": "0.48", "2016-02-29": "0.50", "2015-11-30": "0.82", "2015-08-31": "1.12", "2015-05-31": "1.07", "2015-02-28": "0.96", "2014-11-30": "0.88", "2014-08-31": "0.57", "2014-05-31": "0.60", "2014-02-28": "0.50", "2013-11-30": "0.58", "2013-08-31": "0.57", "2013-05-31": "1.61", "2013-02-28": "1.46", "2012-11-30": "1.12", "2012-08-31": "1.24", "2012-05-31": "1.10", "2012-02-29": "0.55", "2011-11-30": "0.61", "2011-08-31": "0.84", "2011-05-31": "0.83", "2011-02-28": "1.08", "2010-11-30": "0.65", "2010-08-31": "0.58", "2010-05-31": "0.50", "2010-02-28": "0.52", "2009-11-30": "0.70", "2009-08-31": "0.70", "2009-05-31": "0.59", "2009-02-28": "0.53", "2008-11-30": "0.68", "2008-08-31": "0.77", "2008-05-31": "0.59", "2008-02-29": "0.59", "2007-11-30": "0.69", "2007-08-31": "0.66", "2007-05-31": "0.63", "2007-02-28": "0.68", "2006-11-30": "0.81", "2006-08-31": "0.86", "2006-05-31": "0.81", "2006-02-28": "0.77", "2005-11-30": "0.74", "2005-08-31": "0.86", "2005-05-31": "0.93", "2005-02-28": "0.99"}, "debt equity ratio": {"current": "0.76", "2020-11-30": "1.02", "2020-08-31": "1.21", "2020-05-31": "1.30", "2020-02-29": "1.19", "2019-11-30": "1.25", "2019-08-31": "1.36", "2019-05-31": "1.32", "2019-02-28": "1.28", "2018-11-30": "1.42", "2018-08-31": "1.09", "2018-05-31": "1.19", "2018-02-28": "1.57", "2017-11-30": "1.51", "2017-08-31": "1.44", "2017-05-31": "1.56", "2017-02-28": "1.70", "2016-11-30": "1.62", "2016-08-31": "1.47", "2016-05-31": "1.52", "2016-02-29": "1.54", "2015-11-30": "1.45", "2015-08-31": "1.54", "2015-05-31": "1.52", "2015-02-28": "1.57", "2014-11-30": "1.66", "2014-08-31": "1.67", "2014-05-31": "1.81", "2014-02-28": "1.87", "2013-11-30": "1.99", "2013-08-31": "2.13", "2013-05-31": "2.15", "2013-02-28": "1.67", "2012-11-30": "2.00", "2012-08-31": "2.07", "2012-05-31": "2.05", "2012-02-29": "1.66", "2011-11-30": "1.74", "2011-08-31": "1.61", "2011-05-31": "1.61", "2011-02-28": "1.81", "2010-11-30": "2.04", "2010-08-31": "2.24", "2010-05-31": "2.44", "2010-02-28": "2.14", "2009-11-30": "2.24", "2009-08-31": "2.35", "2009-05-31": "2.61", "2009-02-28": "3.21", "2008-11-30": "2.89", "2008-08-31": "2.52", "2008-05-31": "2.53", "2008-02-29": "2.64", "2007-11-30": "1.90", "2007-08-31": "2.05", "2007-05-31": "2.14", "2007-02-28": "1.76", "2006-11-30": "1.96", "2006-08-31": "1.98", "2006-05-31": "1.46", "2006-02-28": "1.49", "2005-11-30": "1.65", "2005-08-31": "1.63", "2005-05-31": "1.74", "2005-02-28": "1.81"}, "return on equity": {"2020-11-30": "16.26%", "2020-08-31": "9.12%", "2020-05-31": "0.46%", "2020-02-29": "-0.10%", "2019-11-30": "6.77%", "2019-08-31": "6.37%", "2019-05-31": "20.24%", "2019-02-28": "29.59%", "2018-11-30": "29.87%", "2018-08-31": "34.61%", "2018-05-31": "30.70%", "2018-02-28": "29.40%", "2017-11-30": "24.33%", "2017-08-31": "23.98%", "2017-05-31": "22.62%", "2017-02-28": "21.79%", "2016-11-30": "19.04%", "2016-08-31": "17.35%", "2016-05-31": "17.15%", "2016-02-29": "16.55%", "2015-11-30": "16.63%", "2015-08-31": "16.48%", "2015-05-31": "15.13%", "2015-02-28": "15.07%", "2014-11-30": "14.62%", "2014-08-31": "15.01%", "2014-05-31": "42.87%", "2014-02-28": "44.98%", "2013-11-30": "49.30%", "2013-08-31": "53.78%", "2013-05-31": "13.16%", "2013-02-28": "14.74%", "2012-11-30": "15.82%", "2012-08-31": "15.83%", "2012-05-31": "17.18%", "2012-02-29": "16.63%", "2011-11-30": "23.50%", "2011-08-31": "24.60%", "2011-05-31": "22.47%", "2011-02-28": "22.36%", "2010-11-30": "9.10%", "2010-08-31": "5.32%", "2010-05-31": "5.63%", "2010-02-28": "3.96%", "2009-11-30": "-10.84%", "2009-08-31": "-9.50%", "2009-05-31": "-14.66%", "2009-02-28": "-12.28%", "2008-11-30": "-27.34%", "2008-08-31": "-23.42%", "2008-05-31": "-19.37%", "2008-02-29": "-19.47%", "2007-11-30": "8.82%", "2007-08-31": "8.57%", "2007-05-31": "8.40%", "2007-02-28": "10.04%", "2006-11-30": "9.94%", "2006-08-31": "10.26%", "2006-05-31": "11.02%", "2006-02-28": "11.03%", "2005-11-30": "10.83%"}, "return on assets": {"2020-11-30": "7.49%", "2020-08-31": "4.08%", "2020-05-31": "0.20%", "2020-02-29": "-0.04%", "2019-11-30": "2.94%", "2019-08-31": "2.72%", "2019-05-31": "8.89%", "2019-02-28": "13.18%", "2018-11-30": "13.00%", "2018-08-31": "15.01%", "2018-05-31": "12.74%", "2018-02-28": "11.66%", "2017-11-30": "9.54%", "2017-08-31": "9.31%", "2017-05-31": "8.74%", "2017-02-28": "8.46%", "2016-11-30": "7.51%", "2016-08-31": "6.96%", "2016-05-31": "6.83%", "2016-02-29": "6.59%", "2015-11-30": "6.61%", "2015-08-31": "6.41%", "2015-05-31": "5.82%", "2015-02-28": "5.64%", "2014-11-30": "5.32%", "2014-08-31": "5.30%", "2014-05-31": "14.56%", "2014-02-28": "14.89%", "2013-11-30": "16.40%", "2013-08-31": "17.88%", "2013-05-31": "4.42%", "2013-02-28": "5.02%", "2012-11-30": "5.38%", "2012-08-31": "5.51%", "2012-05-31": "6.24%", "2012-02-29": "6.27%", "2011-11-30": "8.74%", "2011-08-31": "8.90%", "2011-05-31": "7.70%", "2011-02-28": "7.17%", "2010-11-30": "2.84%", "2010-08-31": "1.63%", "2010-05-31": "1.71%", "2010-02-28": "1.19%", "2009-11-30": "-3.05%", "2009-08-31": "-2.54%", "2009-05-31": "-3.88%", "2009-02-28": "-3.28%", "2008-11-30": "-7.53%", "2008-08-31": "-6.96%", "2008-05-31": "-5.96%", "2008-02-29": "-6.16%", "2007-11-30": "2.98%", "2007-08-31": "2.88%", "2007-05-31": "2.84%", "2007-02-28": "3.59%", "2006-11-30": "3.64%", "2006-08-31": "3.87%", "2006-05-31": "4.31%", "2006-02-28": "4.20%", "2005-11-30": "4.00%"}, "return on investments": {"2020-11-30": "11.84%", "2020-08-31": "9.71%", "2020-05-31": "9.12%", "2020-02-29": "9.06%", "2019-11-30": "8.64%", "2019-08-31": "9.86%", "2019-05-31": "10.38%", "2019-02-28": "10.89%", "2018-11-30": "12.08%", "2018-08-31": "12.89%", "2018-05-31": "13.49%", "2018-02-28": "14.03%", "2017-11-30": "15.82%", "2017-08-31": "16.57%", "2017-05-31": "16.35%", "2017-02-28": "16.81%", "2016-11-30": "15.13%", "2016-08-31": "14.84%", "2016-05-31": "14.08%", "2016-02-29": "13.28%", "2015-11-30": "12.99%", "2015-08-31": "12.54%", "2015-05-31": "12.15%", "2015-02-28": "12.22%", "2014-11-30": "12.43%", "2014-08-31": "12.60%", "2014-05-31": "23.94%", "2014-02-28": "23.07%", "2013-11-30": "24.13%", "2013-08-31": "25.32%", "2013-05-31": "7.18%", "2013-02-28": "8.38%", "2012-11-30": "7.94%", "2012-08-31": "8.48%", "2012-05-31": "9.19%", "2012-02-29": "9.17%", "2011-11-30": "9.37%", "2011-08-31": "9.28%", "2011-05-31": "9.01%", "2011-02-28": "8.89%", "2010-11-30": "6.15%", "2010-08-31": "5.44%", "2010-05-31": "5.41%", "2010-02-28": "5.11%", "2009-11-30": "1.33%", "2009-08-31": "2.33%", "2009-05-31": "0.39%", "2009-02-28": "0.46%", "2008-11-30": "-5.94%", "2008-08-31": "-5.68%", "2008-05-31": "-4.36%", "2008-02-29": "-4.66%", "2007-11-30": "6.99%", "2007-08-31": "7.62%", "2007-05-31": "8.58%", "2007-02-28": "10.29%", "2006-11-30": "10.83%", "2006-08-31": "11.39%", "2006-05-31": "12.09%", "2006-02-28": "11.98%", "2005-11-30": "11.53%"}, "return on tangible equity": {"2020-11-30": "105.57%", "2020-08-31": "72.25%", "2020-05-31": "3.86%", "2020-02-29": "-0.72%", "2019-11-30": "53.68%", "2019-08-31": "64.52%", "2019-05-31": "262.59%", "2019-02-28": "1299.43%", "2018-11-30": "-319.65%", "2018-08-31": "-177.78%", "2018-05-31": "-95.98%", "2018-02-28": "-65.28%", "2017-11-30": "-48.60%", "2017-08-31": "-44.44%", "2017-05-31": "-40.44%", "2017-02-28": "-38.55%", "2016-11-30": "-34.69%", "2016-08-31": "-33.43%", "2016-05-31": "-32.25%", "2016-02-29": "-31.08%", "2015-11-30": "-31.03%", "2015-08-31": "-27.97%", "2015-05-31": "-24.19%", "2015-02-28": "-22.10%", "2014-11-30": "-19.44%", "2014-08-31": "-18.18%", "2014-05-31": "-46.70%", "2014-02-28": "-53.79%", "2013-11-30": "-69.27%", "2013-08-31": "-100.55%", "2013-05-31": "-46.91%", "2013-02-28": "-41.76%", "2012-11-30": "-42.98%", "2012-08-31": "-42.21%", "2012-05-31": "-48.31%", "2012-02-29": "-53.61%", "2011-11-30": "-72.04%", "2011-08-31": "-77.52%", "2011-05-31": "-64.69%", "2011-02-28": "-55.91%", "2010-11-30": "-23.01%", "2010-08-31": "-13.01%", "2010-05-31": "-13.88%", "2010-02-28": "-9.68%", "2009-11-30": "20.81%", "2009-08-31": "15.38%", "2009-05-31": "22.45%", "2009-02-28": "19.35%", "2008-11-30": "48.09%", "2008-08-31": "49.35%", "2008-05-31": "43.36%", "2008-02-29": "44.28%", "2007-11-30": "-24.37%", "2007-08-31": "-24.63%", "2007-05-31": "-25.88%", "2007-02-28": "-47.29%", "2006-11-30": "-60.60%", "2006-08-31": "-95.56%", "2006-05-31": "-281.64%", "2006-02-28": "-158.40%", "2005-11-30": "-116.86%"}, "dividend yield history": {"last payout": "$3.00", "last yield": "1.28%"}}