{"ticker": "SUI", "price": {"title": "Sun Communities Historical Annual Stock Price Data", "value": 148.82, "historical": {"2021": {"Average Stock Price": "145.0863", "Year Open": "146.1300", "Year High": "149.3600", "Year Low": "139.0000", "Year Close": "148.8200", "Annual % Change": "-2.06%"}, "2020": {"Average Stock Price": "142.9436", "Year Open": "147.4000", "Year High": "172.6600", "Year Low": "101.9400", "Year Close": "151.9500", "Annual % Change": "1.23%"}, "2019": {"Average Stock Price": "133.3674", "Year Open": "97.7900", "Year High": "165.2900", "Year Low": "97.7900", "Year Close": "150.1000", "Annual % Change": "47.58%"}, "2018": {"Average Stock Price": "96.0588", "Year Open": "91.7000", "Year High": "108.3200", "Year Low": "83.9600", "Year Close": "101.7100", "Annual % Change": "9.62%"}, "2017": {"Average Stock Price": "86.4015", "Year Open": "76.1300", "Year High": "95.6000", "Year Low": "76.1300", "Year Close": "92.7800", "Annual % Change": "21.11%"}, "2016": {"Average Stock Price": "72.6327", "Year Open": "67.0000", "Year High": "81.5500", "Year Low": "63.8100", "Year Close": "76.6100", "Annual % Change": "11.79%"}, "2015": {"Average Stock Price": "66.1305", "Year Open": "61.5100", "Year High": "71.2700", "Year Low": "60.8800", "Year Close": "68.5300", "Annual % Change": "13.35%"}, "2014": {"Average Stock Price": "50.4758", "Year Open": "41.9800", "Year High": "63.9700", "Year Low": "41.9800", "Year Close": "60.4600", "Annual % Change": "41.79%"}, "2013": {"Average Stock Price": "46.2392", "Year Open": "40.9900", "Year High": "56.8900", "Year Low": "39.8700", "Year Close": "42.6400", "Annual % Change": "6.89%"}, "2012": {"Average Stock Price": "42.3497", "Year Open": "36.9600", "Year High": "47.2900", "Year Low": "36.1600", "Year Close": "39.8900", "Annual % Change": "9.20%"}, "2011": {"Average Stock Price": "36.1740", "Year Open": "34.0300", "Year High": "39.9200", "Year Low": "31.1600", "Year Close": "36.5300", "Annual % Change": "9.67%"}, "2010": {"Average Stock Price": "27.7654", "Year Open": "20.0200", "Year High": "35.0500", "Year Low": "17.6700", "Year Close": "33.3100", "Annual % Change": "68.66%"}, "2009": {"Average Stock Price": "15.3644", "Year Open": "13.8300", "Year High": "21.7100", "Year Low": "7.0300", "Year Close": "19.7500", "Annual % Change": "41.07%"}, "2008": {"Average Stock Price": "17.7407", "Year Open": "20.4200", "Year High": "22.0900", "Year Low": "8.9000", "Year Close": "14.0000", "Annual % Change": "-33.55%"}, "2007": {"Average Stock Price": "29.1814", "Year Open": "32.6400", "Year High": "32.6400", "Year Low": "20.9600", "Year Close": "21.0700", "Annual % Change": "-34.89%"}, "2006": {"Average Stock Price": "32.9445", "Year Open": "31.5400", "Year High": "36.7100", "Year Low": "30.5700", "Year Close": "32.3600", "Annual % Change": "3.06%"}, "2005": {"Average Stock Price": "34.4429", "Year Open": "39.6000", "Year High": "39.6000", "Year Low": "29.5100", "Year Close": "31.4000", "Annual % Change": "-21.99%"}, "2004": {"Average Stock Price": "38.6457", "Year Open": "39.0500", "Year High": "42.8200", "Year Low": "34.0000", "Year Close": "40.2500", "Annual % Change": "4.01%"}, "2003": {"Average Stock Price": "37.8969", "Year Open": "36.9000", "Year High": "40.8500", "Year Low": "33.2000", "Year Close": "38.7000", "Annual % Change": "5.82%"}, "2002": {"Average Stock Price": "38.1550", "Year Open": "37.0500", "Year High": "42.1200", "Year Low": "32.6000", "Year Close": "36.5700", "Annual % Change": "-1.83%"}, "2001": {"Average Stock Price": "34.8490", "Year Open": "33.1200", "Year High": "38.5500", "Year Low": "30.9900", "Year Close": "37.2500", "Annual % Change": "11.19%"}, "2000": {"Average Stock Price": "31.4255", "Year Open": "31.8100", "Year High": "35.6200", "Year Low": "27.3800", "Year Close": "33.5000", "Annual % Change": "4.07%"}, "1999": {"Average Stock Price": "33.5757", "Year Open": "34.6200", "Year High": "37.0000", "Year Low": "29.8800", "Year Close": "32.1900", "Annual % Change": "-7.53%"}, "1998": {"Average Stock Price": "33.8472", "Year Open": "35.8800", "Year High": "36.2500", "Year Low": "30.5000", "Year Close": "34.8100", "Annual % Change": "-3.14%"}, "1997": {"Average Stock Price": "34.1205", "Year Open": "32.8800", "Year High": "37.8800", "Year Low": "30.5000", "Year Close": "35.9400", "Annual % Change": "4.17%"}, "1996": {"Average Stock Price": "27.7470", "Year Open": "26.5000", "Year High": "34.5000", "Year Low": "25.2500", "Year Close": "34.5000", "Annual % Change": "30.78%"}, "1995": {"Average Stock Price": "24.0010", "Year Open": "22.2500", "Year High": "26.3800", "Year Low": "21.1200", "Year Close": "26.3800", "Annual % Change": "17.24%"}, "1994": {"Average Stock Price": "22.5500", "Year Open": "20.2500", "Year High": "24.0000", "Year Low": "19.8800", "Year Close": "22.5000", "Annual % Change": "11.83%"}}}, "market cap": {"value": "$16.01B"}, "income statement": {"Revenue": {"2019-12-31": "1264.03700", "2018-12-31": "1126.82500", "2017-12-31": "982.57000", "2016-12-31": "833.77800", "2015-12-31": "674.73100", "2014-12-31": "484.25900", "2013-12-31": "422.71300", "2012-12-31": "338.95200", "2011-12-31": "288.60000", "2010-12-31": "265.97000", "2009-12-31": "259.02100", "2008-12-31": "254.29100", "2007-12-31": "235.07500", "2006-12-31": "227.77800", "2005-12-31": "211.96400"}, "Cost Of Goods Sold": {"2019-12-31": "484.61000", "2018-12-31": "439.28900", "2017-12-31": "379.84000", "2016-12-31": "322.36100", "2015-12-31": "254.40800", "2014-12-31": "189.14100", "2013-12-31": "170.65300", "2012-12-31": "141.10500", "2011-12-31": "118.32500", "2010-12-31": "108.72000", "2009-12-31": "107.48700", "2008-12-31": "105.18700", "2007-12-31": "96.22800", "2006-12-31": "90.61200", "2005-12-31": "82.52800"}, "Gross Profit": {"2019-12-31": "779.42700", "2018-12-31": "687.53590", "2017-12-31": "602.73000", "2016-12-31": "511.41700", "2015-12-31": "420.32300", "2014-12-31": "295.11800", "2013-12-31": "252.06000", "2012-12-31": "197.84700", "2011-12-31": "170.27500", "2010-12-31": "157.25000", "2009-12-31": "151.53400", "2008-12-31": "149.10400", "2007-12-31": "138.84700", "2006-12-31": "137.16600", "2005-12-31": "129.43600"}, "Research And Development Expenses": {"2019-12-31": "", "2018-12-31": "", "2017-12-31": "", "2016-12-31": "", "2015-12-31": "", "2014-12-31": "", "2013-12-31": "", "2012-12-31": "", "2011-12-31": "", "2010-12-31": "", "2009-12-31": "", "2008-12-31": "", "2007-12-31": "", "2006-12-31": "", "2005-12-31": ""}, "SG&A Expenses": {"2019-12-31": "108.65400", "2018-12-31": "97.15100", "2017-12-31": "96.43000", "2016-12-31": "73.40600", "2015-12-31": "54.93100", "2014-12-31": "42.62200", "2013-12-31": "35.85400", "2012-12-31": "28.35300", "2011-12-31": "27.27500", "2010-12-31": "24.81000", "2009-12-31": "25.09900", "2008-12-31": "23.09700", "2007-12-31": "20.64900", "2006-12-31": "22.95000", "2005-12-31": "20.76800"}, "Other Operating Income Or Expenses": {"2019-12-31": "-49.16900", "2018-12-31": "-38.13500", "2017-12-31": "-35.80200", "2016-12-31": "-56.86900", "2015-12-31": "-35.32200", "2014-12-31": "-30.84300", "2013-12-31": "-11.41900", "2012-12-31": "-4.29600", "2011-12-31": "-1.97100", "2010-12-31": "0.00000", "2009-12-31": "", "2008-12-31": "", "2007-12-31": "", "2006-12-31": "", "2005-12-31": ""}, "Operating Expenses": {"2019-12-31": "970.50000", "2018-12-31": "861.83700", "2017-12-31": "773.60800", "2016-12-31": "674.40600", "2015-12-31": "522.29800", "2014-12-31": "396.33200", "2013-12-31": "328.00400", "2012-12-31": "263.42800", "2011-12-31": "221.76400", "2010-12-31": "202.39800", "2009-12-31": "200.00900", "2008-12-31": "192.71100", "2007-12-31": "178.77700", "2006-12-31": "173.86200", "2005-12-31": "157.62600"}, "Operating Income": {"2019-12-31": "293.53700", "2018-12-31": "264.98790", "2017-12-31": "208.96200", "2016-12-31": "159.37200", "2015-12-31": "152.43300", "2014-12-31": "87.92700", "2013-12-31": "94.70900", "2012-12-31": "75.52400", "2011-12-31": "66.83600", "2010-12-31": "63.57200", "2009-12-31": "59.01200", "2008-12-31": "61.58000", "2007-12-31": "56.29800", "2006-12-31": "53.91600", "2005-12-31": "54.33800"}, "Total Non-Operating Income/Expense": {"2019-12-31": "-154.35600", "2018-12-31": "-135.44000", "2017-12-31": "-136.26100", "2016-12-31": "-123.44200", "2015-12-31": "-113.67800", "2014-12-31": "-77.81800", "2013-12-31": "-76.57700", "2012-12-31": "-71.18000", "2011-12-31": "-69.32100", "2010-12-31": "-65.42700", "2009-12-31": "-63.57900", "2008-12-31": "-73.24400", "2007-12-31": "-65.54000", "2006-12-31": "-82.42100", "2005-12-31": "-60.49000"}, "Pre-Tax Income": {"2019-12-31": "139.18100", "2018-12-31": "129.54800", "2017-12-31": "72.70100", "2016-12-31": "35.93000", "2015-12-31": "38.75500", "2014-12-31": "10.10900", "2013-12-31": "18.13200", "2012-12-31": "4.34400", "2011-12-31": "-2.48500", "2010-12-31": "-1.85500", "2009-12-31": "-4.56700", "2008-12-31": "-11.66400", "2007-12-31": "-9.24200", "2006-12-31": "-28.50500", "2005-12-31": "-6.15200"}, "Income Taxes": {"2019-12-31": "0.87300", "2018-12-31": "0.08800", "2017-12-31": "-0.13600", "2016-12-31": "0.28300", "2015-12-31": "1.15800", "2014-12-31": "0.21900", "2013-12-31": "0.23400", "2012-12-31": "0.24900", "2011-12-31": "0.15000", "2010-12-31": "0.51200", "2009-12-31": "0.41300", "2008-12-31": "0.33600", "2007-12-31": "0.76800", "2006-12-31": "", "2005-12-31": ""}, "Income After Taxes": {"2019-12-31": "138.30800", "2018-12-31": "129.46000", "2017-12-31": "72.83700", "2016-12-31": "35.64700", "2015-12-31": "37.59700", "2014-12-31": "9.89000", "2013-12-31": "17.89800", "2012-12-31": "4.09500", "2011-12-31": "-2.63500", "2010-12-31": "-2.36700", "2009-12-31": "-4.98000", "2008-12-31": "-12.00000", "2007-12-31": "-10.01000", "2006-12-31": "-28.50500", "2005-12-31": "-6.15200"}, "Other Income": {"2019-12-31": "3.45700", "2018-12-31": "-6.45300", "2017-12-31": "8.98200", "2016-12-31": "-4.67600", "2015-12-31": "125.37600", "2014-12-31": "22.10600", "2013-12-31": "", "2012-12-31": "", "2011-12-31": "", "2010-12-31": "", "2009-12-31": "", "2008-12-31": "", "2007-12-31": "", "2006-12-31": "", "2005-12-31": ""}, "Income From Continuous Operations": {"2019-12-31": "177.37900", "2018-12-31": "120.15800", "2017-12-31": "81.81900", "2016-12-31": "31.47100", "2015-12-31": "170.47300", "2014-12-31": "33.19600", "2013-12-31": "20.14800", "2012-12-31": "7.99500", "2011-12-31": "-0.53500", "2010-12-31": "-3.51300", "2009-12-31": "-7.15600", "2008-12-31": "-28.49800", "2007-12-31": "-17.97900", "2006-12-31": "-25.25700", "2005-12-31": "-6.27600"}, "Income From Discontinued Operations": {"2019-12-31": "", "2018-12-31": "", "2017-12-31": "", "2016-12-31": "", "2015-12-31": "", "2014-12-31": "", "2013-12-31": "", "2012-12-31": "", "2011-12-31": "", "2010-12-31": "", "2009-12-31": "-0.22700", "2008-12-31": "-5.11100", "2007-12-31": "-0.79300", "2006-12-31": "", "2005-12-31": "0.82400"}, "Net Income": {"2019-12-31": "160.26500", "2018-12-31": "105.49300", "2017-12-31": "65.02100", "2016-12-31": "17.36900", "2015-12-31": "137.32500", "2014-12-31": "22.37600", "2013-12-31": "10.61000", "2012-12-31": "4.95800", "2011-12-31": "-1.08600", "2010-12-31": "-2.88300", "2009-12-31": "-6.30200", "2008-12-31": "-34.44800", "2007-12-31": "-16.64300", "2006-12-31": "-24.96800", "2005-12-31": "-5.45200"}, "EBITDA": {"2019-12-31": "598.83900", "2018-12-31": "530.53890", "2017-12-31": "454.37190", "2016-12-31": "363.53800", "2015-12-31": "313.40200", "2014-12-31": "219.98600", "2013-12-31": "202.63200", "2012-12-31": "163.63000", "2011-12-31": "142.02700", "2010-12-31": "132.09300", "2009-12-31": "124.97200", "2008-12-31": "130.08100", "2007-12-31": "123.16600", "2006-12-31": "119.02200", "2005-12-31": "113.70700"}, "EBIT": {"2019-12-31": "293.53700", "2018-12-31": "264.98790", "2017-12-31": "208.96200", "2016-12-31": "159.37200", "2015-12-31": "152.43300", "2014-12-31": "87.92700", "2013-12-31": "94.70900", "2012-12-31": "75.52400", "2011-12-31": "66.83600", "2010-12-31": "63.57200", "2009-12-31": "59.01200", "2008-12-31": "61.58000", "2007-12-31": "56.29800", "2006-12-31": "53.91600", "2005-12-31": "54.33800"}, "Basic Shares Outstanding": {"2019-12-31": "88.46000", "2018-12-31": "81.38700", "2017-12-31": "76.08400", "2016-12-31": "65.85600", "2015-12-31": "53.68600", "2014-12-31": "41.33700", "2013-12-31": "34.22800", "2012-12-31": "26.97000", "2011-12-31": "21.14700", "2010-12-31": "19.16800", "2009-12-31": "18.48400", "2008-12-31": "18.17600", "2007-12-31": "17.93800", "2006-12-31": "17.64100", "2005-12-31": "17.71600"}, "Shares Outstanding": {"2019-12-31": "88.91500", "2018-12-31": "82.04000", "2017-12-31": "76.71100", "2016-12-31": "66.32100", "2015-12-31": "53.70200", "2014-12-31": "41.80500", "2013-12-31": "34.41000", "2012-12-31": "27.12500", "2011-12-31": "21.14700", "2010-12-31": "19.16800", "2009-12-31": "18.48400", "2008-12-31": "18.17600", "2007-12-31": "17.93800", "2006-12-31": "17.64100", "2005-12-31": "17.71600"}, "Basic EPS": {"2019-12-31": "1.80000", "2018-12-31": "1.29000", "2017-12-31": "0.85000", "2016-12-31": "0.27000", "2015-12-31": "2.53000", "2014-12-31": "0.54000", "2013-12-31": "0.31000", "2012-12-31": "0.19000", "2011-12-31": "-0.05000", "2010-12-31": "-0.15000", "2009-12-31": "-0.34000", "2008-12-31": "-1.90000", "2007-12-31": "-0.93000", "2006-12-31": "-1.42000", "2005-12-31": "-0.31000"}, "EPS - Earnings Per Share": {"2019-12-31": "1.80000", "2018-12-31": "1.29000", "2017-12-31": "0.85000", "2016-12-31": "0.26000", "2015-12-31": "2.52000", "2014-12-31": "0.54000", "2013-12-31": "0.31000", "2012-12-31": "0.18000", "2011-12-31": "-0.05000", "2010-12-31": "-0.15000", "2009-12-31": "-0.34000", "2008-12-31": "-1.90000", "2007-12-31": "-0.93000", "2006-12-31": "-1.42000", "2005-12-31": "-0.31000"}}, "income statement, quarterly": {"Revenue": {"2020-09-30": "400.51400", "2020-06-30": "303.26600", "2020-03-31": "310.30200", "2019-12-31": "301.81900", "2019-09-30": "362.44300", "2019-06-30": "312.44500", "2019-03-31": "287.33000", "2018-12-31": "274.00300", "2018-09-30": "323.41300", "2018-06-30": "271.43400", "2018-03-31": "257.97500", "2017-12-31": "242.02600", "2017-09-30": "268.24500", "2017-06-30": "237.89900", "2017-03-31": "234.40000", "2016-12-31": "218.63400", "2016-09-30": "249.70100", "2016-06-30": "190.79900", "2016-03-31": "174.64400", "2015-12-31": "168.23810", "2015-09-30": "185.35500", "2015-06-30": "165.93800", "2015-03-31": "155.20000", "2014-12-31": "123.92000", "2014-09-30": "130.63200", "2014-06-30": "118.52600", "2014-03-31": "111.18100", "2013-12-31": "112.44800", "2013-09-30": "107.20100", "2013-06-30": "100.15100", "2013-03-31": "102.91300", "2012-12-31": "90.58300", "2012-09-30": "83.01800", "2012-06-30": "82.22300", "2012-03-31": "83.12800", "2011-12-31": "75.90100", "2011-09-30": "74.72300", "2011-06-30": "68.26200", "2011-03-31": "69.71400", "2010-12-31": "67.10300", "2010-09-30": "64.70900", "2010-06-30": "66.74100", "2010-03-31": "67.41700", "2009-12-31": "67.07300", "2009-09-30": "63.39200", "2009-06-30": "63.27200", "2009-03-31": "65.28400", "2008-12-31": "63.00300", "2008-09-30": "61.25500", "2008-06-30": "65.28300", "2008-03-31": "64.75000", "2007-12-31": "58.40600", "2007-09-30": "57.36600", "2007-06-30": "57.94600", "2007-03-31": "61.35700", "2006-12-31": "58.86800", "2006-09-30": "54.70500", "2006-06-30": "58.37400", "2006-03-31": "55.83100", "2005-12-31": "54.46100", "2005-09-30": "53.28300", "2005-06-30": "51.61000", "2005-03-31": "52.61000"}, "Cost Of Goods Sold": {"2020-09-30": "150.27500", "2020-06-30": "116.79300", "2020-03-31": "116.75900", "2019-12-31": "118.78000", "2019-09-30": "137.25600", "2019-06-30": "121.22600", "2019-03-31": "107.34800", "2018-12-31": "106.89400", "2018-09-30": "126.11700", "2018-06-30": "109.01400", "2018-03-31": "97.26400", "2017-12-31": "95.83700", "2017-09-30": "104.17100", "2017-06-30": "93.53800", "2017-03-31": "86.29400", "2016-12-31": "88.44200", "2016-09-30": "97.75800", "2016-06-30": "71.31500", "2016-03-31": "64.84600", "2015-12-31": "68.18000", "2015-09-30": "67.65300", "2015-06-30": "62.48400", "2015-03-31": "56.09100", "2014-12-31": "48.46800", "2014-09-30": "50.79100", "2014-06-30": "47.58500", "2014-03-31": "42.29700", "2013-12-31": "43.30200", "2013-09-30": "45.64600", "2013-06-30": "41.92400", "2013-03-31": "39.78100", "2012-12-31": "37.47800", "2012-09-30": "35.90900", "2012-06-30": "35.22300", "2012-03-31": "32.49500", "2011-12-31": "30.87300", "2011-09-30": "31.46800", "2011-06-30": "28.24700", "2011-03-31": "27.73700", "2010-12-31": "26.27900", "2010-09-30": "27.23900", "2010-06-30": "28.11500", "2010-03-31": "27.08700", "2009-12-31": "26.96000", "2009-09-30": "27.00700", "2009-06-30": "26.77100", "2009-03-31": "26.74900", "2008-12-31": "25.68800", "2008-09-30": "26.52100", "2008-06-30": "27.43000", "2008-03-31": "25.54800", "2007-12-31": "22.99500", "2007-09-30": "24.99000", "2007-06-30": "24.13500", "2007-03-31": "24.10800", "2006-12-31": "24.30400", "2006-09-30": "22.71500", "2006-06-30": "23.71800", "2006-03-31": "19.87500", "2005-12-31": "21.36300", "2005-09-30": "22.19600", "2005-06-30": "20.34200", "2005-03-31": "18.62700"}, "Gross Profit": {"2020-09-30": "250.23900", "2020-06-30": "186.47300", "2020-03-31": "193.54300", "2019-12-31": "183.03900", "2019-09-30": "225.18700", "2019-06-30": "191.21900", "2019-03-31": "179.98200", "2018-12-31": "167.10900", "2018-09-30": "197.29600", "2018-06-30": "162.42000", "2018-03-31": "160.71100", "2017-12-31": "146.18900", "2017-09-30": "164.07400", "2017-06-30": "144.36100", "2017-03-31": "148.10600", "2016-12-31": "130.19200", "2016-09-30": "151.94300", "2016-06-30": "119.48400", "2016-03-31": "109.79800", "2015-12-31": "100.05810", "2015-09-30": "117.70200", "2015-06-30": "103.45400", "2015-03-31": "99.10900", "2014-12-31": "75.45200", "2014-09-30": "79.84100", "2014-06-30": "70.94100", "2014-03-31": "68.88400", "2013-12-31": "69.14600", "2013-09-30": "61.55500", "2013-06-30": "58.22700", "2013-03-31": "63.13200", "2012-12-31": "53.10500", "2012-09-30": "47.10900", "2012-06-30": "47.00000", "2012-03-31": "50.63300", "2011-12-31": "45.02800", "2011-09-30": "43.25500", "2011-06-30": "40.01500", "2011-03-31": "41.97700", "2010-12-31": "40.82400", "2010-09-30": "37.47000", "2010-06-30": "38.62600", "2010-03-31": "40.33000", "2009-12-31": "40.11300", "2009-09-30": "36.38500", "2009-06-30": "36.50100", "2009-03-31": "38.53500", "2008-12-31": "37.31500", "2008-09-30": "34.73400", "2008-06-30": "37.85300", "2008-03-31": "39.20200", "2007-12-31": "35.41100", "2007-09-30": "32.37600", "2007-06-30": "33.81100", "2007-03-31": "37.24900", "2006-12-31": "34.56400", "2006-09-30": "31.99000", "2006-06-30": "34.65600", "2006-03-31": "35.95600", "2005-12-31": "33.09800", "2005-09-30": "31.08700", "2005-06-30": "31.26800", "2005-03-31": "33.98300"}, "Research And Development Expenses": {"2020-09-30": "", "2020-06-30": "", "2020-03-31": "", "2019-12-31": "", "2019-09-30": "", "2019-06-30": "", "2019-03-31": "", "2018-12-31": "", "2018-09-30": "", "2018-06-30": "", "2018-03-31": "", "2017-12-31": "", "2017-09-30": "", "2017-06-30": "", "2017-03-31": "", "2016-12-31": "", "2016-09-30": "", "2016-06-30": "", "2016-03-31": "", "2015-12-31": "", "2015-09-30": "", "2015-06-30": "", "2015-03-31": "", "2014-12-31": "", "2014-09-30": "", "2014-06-30": "", "2014-03-31": "", "2013-12-31": "", "2013-09-30": "", "2013-06-30": "", "2013-03-31": "", "2012-12-31": "", "2012-09-30": "", "2012-06-30": "", "2012-03-31": "", "2011-12-31": "", "2011-09-30": "", "2011-06-30": "", "2011-03-31": "", "2010-12-31": "", "2010-09-30": "", "2010-06-30": "", "2010-03-31": "", "2009-12-31": "", "2009-09-30": "", "2009-06-30": "", "2009-03-31": "", "2008-12-31": "", "2008-09-30": "", "2008-06-30": "", "2008-03-31": "", "2007-12-31": "", "2007-09-30": "", "2007-06-30": "", "2007-03-31": "", "2006-12-31": "", "2006-09-30": "", "2006-06-30": "", "2006-03-31": "", "2005-12-31": "", "2005-09-30": "", "2005-06-30": "", "2005-03-31": ""}, "SG&A Expenses": {"2020-09-30": "30.89500", "2020-06-30": "29.59700", "2020-03-31": "29.50900", "2019-12-31": "29.20200", "2019-09-30": "26.91800", "2019-06-30": "27.32300", "2019-03-31": "25.21100", "2018-12-31": "24.86000", "2018-09-30": "23.80600", "2018-06-30": "25.43800", "2018-03-31": "23.04700", "2017-12-31": "31.03400", "2017-09-30": "21.46400", "2017-06-30": "22.88900", "2017-03-31": "21.04300", "2016-12-31": "19.25600", "2016-09-30": "19.21800", "2016-06-30": "19.00300", "2016-03-31": "15.92900", "2015-12-31": "12.59000", "2015-09-30": "14.58000", "2015-06-30": "14.44300", "2015-03-31": "13.31800", "2014-12-31": "11.51400", "2014-09-30": "9.28400", "2014-06-30": "11.51200", "2014-03-31": "10.31200", "2013-12-31": "9.29400", "2013-09-30": "8.15400", "2013-06-30": "9.18100", "2013-03-31": "9.22500", "2012-12-31": "6.75200", "2012-09-30": "7.07000", "2012-06-30": "7.26400", "2012-03-31": "7.26700", "2011-12-31": "6.79200", "2011-09-30": "7.24700", "2011-06-30": "6.78500", "2011-03-31": "6.45100", "2010-12-31": "6.62600", "2010-09-30": "5.28100", "2010-06-30": "7.48000", "2010-03-31": "5.42300", "2009-12-31": "6.81400", "2009-09-30": "5.57700", "2009-06-30": "6.71600", "2009-03-31": "5.99200", "2008-12-31": "5.54800", "2008-09-30": "5.36700", "2008-06-30": "6.41200", "2008-03-31": "5.77000", "2007-12-31": "4.35300", "2007-09-30": "5.17100", "2007-06-30": "5.08200", "2007-03-31": "6.04300", "2006-12-31": "5.21800", "2006-09-30": "5.05900", "2006-06-30": "5.95600", "2006-03-31": "6.71700", "2005-12-31": "5.15800", "2005-09-30": "5.45600", "2005-06-30": "5.10900", "2005-03-31": "5.04500"}, "Other Operating Income Or Expenses": {"2020-09-30": "-20.03700", "2020-06-30": "-7.66000", "2020-03-31": "-8.08800", "2019-12-31": "-9.53400", "2019-09-30": "-19.09300", "2019-06-30": "-12.65900", "2019-03-31": "-7.88300", "2018-12-31": "-11.13700", "2018-09-30": "-15.53400", "2018-06-30": "-8.29400", "2018-03-31": "-3.17000", "2017-12-31": "1.21400", "2017-09-30": "-20.00900", "2017-06-30": "-9.86600", "2017-03-31": "-7.14100", "2016-12-31": "-10.28100", "2016-09-30": "-13.64000", "2016-06-30": "-26.57800", "2016-03-31": "-6.37000", "2015-12-31": "-8.54100", "2015-09-30": "-8.60000", "2015-06-30": "-6.18600", "2015-03-31": "-11.99500", "2014-12-31": "-18.24400", "2014-09-30": "-7.59600", "2014-06-30": "-4.24300", "2014-03-31": "-0.76000", "2013-12-31": "-8.65000", "2013-09-30": "-0.61900", "2013-06-30": "-1.10800", "2013-03-31": "-1.04200", "2012-12-31": "-2.86200", "2012-09-30": "-0.84700", "2012-06-30": "-0.42300", "2012-03-31": "-0.16400", "2011-12-31": "-0.45000", "2011-09-30": "-0.12100", "2011-06-30": "-1.15100", "2011-03-31": "-0.24900", "2010-12-31": "", "2010-09-30": "0.00000", "2010-06-30": "0.00000", "2010-03-31": "", "2009-12-31": "", "2009-09-30": "", "2009-06-30": "", "2009-03-31": "", "2008-12-31": "", "2008-09-30": "", "2008-06-30": "", "2008-03-31": "", "2007-12-31": "", "2007-09-30": "", "2007-06-30": "", "2007-03-31": "", "2006-12-31": "", "2006-09-30": "", "2006-06-30": "", "2006-03-31": "", "2005-12-31": "", "2005-09-30": "", "2005-06-30": "", "2005-03-31": ""}, "Operating Expenses": {"2020-09-30": "289.70600", "2020-06-30": "241.31500", "2020-03-31": "238.04500", "2019-12-31": "256.34200", "2019-09-30": "259.79900", "2019-06-30": "237.36100", "2019-03-31": "216.99800", "2018-12-31": "223.96110", "2018-09-30": "237.43900", "2018-06-30": "210.51900", "2018-03-31": "189.91800", "2017-12-31": "197.47400", "2017-09-30": "209.87600", "2017-06-30": "189.01400", "2017-03-31": "177.24400", "2016-12-31": "180.18400", "2016-09-30": "192.09900", "2016-06-30": "166.56600", "2016-03-31": "135.55700", "2015-12-31": "136.84100", "2015-09-30": "135.52800", "2015-06-30": "124.52400", "2015-03-31": "125.40500", "2014-12-31": "123.10100", "2014-09-30": "97.58800", "2014-06-30": "93.38500", "2014-03-31": "82.25800", "2013-12-31": "91.20800", "2013-09-30": "83.20900", "2013-06-30": "78.27700", "2013-03-31": "75.31000", "2012-12-31": "73.73900", "2012-09-30": "65.91800", "2012-06-30": "63.97700", "2012-03-31": "59.79400", "2011-12-31": "58.76000", "2011-09-30": "57.58400", "2011-06-30": "54.30400", "2011-03-31": "51.11600", "2010-12-31": "51.23600", "2010-09-30": "49.65200", "2010-06-30": "52.42700", "2010-03-31": "49.08300", "2009-12-31": "53.23700", "2009-09-30": "48.42500", "2009-06-30": "49.40200", "2009-03-31": "48.94500", "2008-12-31": "47.56600", "2008-09-30": "47.91300", "2008-06-30": "50.05300", "2008-03-31": "47.17900", "2007-12-31": "42.80400", "2007-09-30": "45.67300", "2007-06-30": "44.79900", "2007-03-31": "45.50100", "2006-12-31": "44.98700", "2006-09-30": "42.84600", "2006-06-30": "44.45900", "2006-03-31": "41.57000", "2005-12-31": "40.84000", "2005-09-30": "41.17700", "2005-06-30": "38.91200", "2005-03-31": "36.69700"}, "Operating Income": {"2020-09-30": "110.80800", "2020-06-30": "61.95100", "2020-03-31": "72.25700", "2019-12-31": "45.47700", "2019-09-30": "102.64400", "2019-06-30": "75.08400", "2019-03-31": "70.33200", "2018-12-31": "50.04200", "2018-09-30": "85.97400", "2018-06-30": "60.91500", "2018-03-31": "68.05700", "2017-12-31": "44.55210", "2017-09-30": "58.36900", "2017-06-30": "48.88500", "2017-03-31": "57.15600", "2016-12-31": "38.45000", "2016-09-30": "57.60200", "2016-06-30": "24.23300", "2016-03-31": "39.08700", "2015-12-31": "31.39710", "2015-09-30": "49.82700", "2015-06-30": "41.41400", "2015-03-31": "29.79500", "2014-12-31": "0.81900", "2014-09-30": "33.04400", "2014-06-30": "25.14100", "2014-03-31": "28.92300", "2013-12-31": "21.24000", "2013-09-30": "23.99200", "2013-06-30": "21.87400", "2013-03-31": "27.60300", "2012-12-31": "16.84400", "2012-09-30": "17.10000", "2012-06-30": "18.24600", "2012-03-31": "23.33400", "2011-12-31": "17.14100", "2011-09-30": "17.13900", "2011-06-30": "13.95800", "2011-03-31": "18.59800", "2010-12-31": "15.86700", "2010-09-30": "15.05700", "2010-06-30": "14.31400", "2010-03-31": "18.33400", "2009-12-31": "13.83600", "2009-09-30": "14.96700", "2009-06-30": "13.87000", "2009-03-31": "16.33900", "2008-12-31": "15.43700", "2008-09-30": "13.34200", "2008-06-30": "15.23000", "2008-03-31": "17.57100", "2007-12-31": "15.60200", "2007-09-30": "11.69300", "2007-06-30": "13.14700", "2007-03-31": "15.85600", "2006-12-31": "13.88100", "2006-09-30": "11.85900", "2006-06-30": "13.91500", "2006-03-31": "14.26100", "2005-12-31": "13.62100", "2005-09-30": "12.10600", "2005-06-30": "12.69800", "2005-03-31": "15.91300"}, "Total Non-Operating Income/Expense": {"2020-09-30": "-31.26100", "2020-06-30": "-34.40000", "2020-03-31": "-36.73600", "2019-12-31": "-37.49300", "2019-09-30": "-46.19000", "2019-06-30": "-34.91200", "2019-03-31": "-35.76100", "2018-12-31": "-33.31300", "2018-09-30": "-35.60200", "2018-06-30": "-34.57200", "2018-03-31": "-31.95300", "2017-12-31": "-37.37600", "2017-09-30": "-32.87500", "2017-06-30": "-33.43800", "2017-03-31": "-32.57200", "2016-12-31": "-32.55700", "2016-09-30": "-34.58900", "2016-06-30": "-29.21500", "2016-03-31": "-27.08100", "2015-12-31": "-47.03300", "2015-09-30": "-10.05300", "2015-06-30": "-30.35100", "2015-03-31": "-26.24100", "2014-12-31": "-20.41500", "2014-09-30": "-20.26400", "2014-06-30": "-18.74600", "2014-03-31": "-18.39300", "2013-12-31": "-19.25900", "2013-09-30": "-18.63200", "2013-06-30": "-19.01300", "2013-03-31": "-19.67300", "2012-12-31": "-18.03700", "2012-09-30": "-17.89100", "2012-06-30": "-17.61400", "2012-03-31": "-17.63800", "2011-12-31": "-19.57500", "2011-09-30": "-17.46000", "2011-06-30": "-16.05400", "2011-03-31": "-16.23200", "2010-12-31": "-16.73700", "2010-09-30": "-16.49400", "2010-06-30": "-16.27400", "2010-03-31": "-15.92200", "2009-12-31": "-14.83300", "2009-09-30": "-17.60200", "2009-06-30": "-16.09100", "2009-03-31": "-15.05300", "2008-12-31": "-11.36200", "2008-09-30": "-17.69400", "2008-06-30": "-23.13400", "2008-03-31": "-21.05400", "2007-12-31": "-18.10200", "2007-09-30": "-16.09600", "2007-06-30": "-15.56300", "2007-03-31": "-15.77900", "2006-12-31": "-34.78000", "2006-09-30": "-16.25800", "2006-06-30": "-15.85000", "2006-03-31": "-15.53300", "2005-12-31": "-15.50400", "2005-09-30": "-16.32600", "2005-06-30": "-14.34100", "2005-03-31": "-14.31900"}, "Pre-Tax Income": {"2020-09-30": "79.54700", "2020-06-30": "27.55100", "2020-03-31": "35.52100", "2019-12-31": "7.98400", "2019-09-30": "56.45400", "2019-06-30": "40.17200", "2019-03-31": "34.57100", "2018-12-31": "16.72900", "2018-09-30": "50.37200", "2018-06-30": "26.34300", "2018-03-31": "36.10400", "2017-12-31": "7.17600", "2017-09-30": "25.49400", "2017-06-30": "15.44700", "2017-03-31": "24.58400", "2016-12-31": "5.89300", "2016-09-30": "23.01300", "2016-06-30": "-4.98200", "2016-03-31": "12.00600", "2015-12-31": "-15.64900", "2015-09-30": "39.77400", "2015-06-30": "11.07600", "2015-03-31": "3.55400", "2014-12-31": "-19.59600", "2014-09-30": "12.78000", "2014-06-30": "6.39500", "2014-03-31": "10.53000", "2013-12-31": "1.98100", "2013-09-30": "5.36000", "2013-06-30": "2.86100", "2013-03-31": "7.93000", "2012-12-31": "-1.19300", "2012-09-30": "-0.79100", "2012-06-30": "0.63200", "2012-03-31": "5.69600", "2011-12-31": "-2.43400", "2011-09-30": "-0.32100", "2011-06-30": "-2.09600", "2011-03-31": "2.36600", "2010-12-31": "-0.87000", "2010-09-30": "-1.43700", "2010-06-30": "-1.96000", "2010-03-31": "2.41200", "2009-12-31": "-0.99700", "2009-09-30": "-2.63500", "2009-06-30": "-2.22100", "2009-03-31": "1.28600", "2008-12-31": "4.07500", "2008-09-30": "-4.35200", "2008-06-30": "-7.90400", "2008-03-31": "-3.48300", "2007-12-31": "-2.50000", "2007-09-30": "-4.40300", "2007-06-30": "-2.41600", "2007-03-31": "0.07700", "2006-12-31": "-20.89900", "2006-09-30": "-4.39900", "2006-06-30": "-1.93500", "2006-03-31": "-1.27200", "2005-12-31": "-1.88300", "2005-09-30": "-4.22000", "2005-06-30": "-1.64300", "2005-03-31": "1.59400"}, "Income Taxes": {"2020-09-30": "-0.66900", "2020-06-30": "0.00700", "2020-03-31": "0.32000", "2019-12-31": "-0.07500", "2019-09-30": "0.76900", "2019-06-30": "0.17600", "2019-03-31": "0.00300", "2018-12-31": "-0.09000", "2018-09-30": "0.01400", "2018-06-30": "0.33700", "2018-03-31": "-0.17300", "2017-12-31": "0.47600", "2017-09-30": "-0.11900", "2017-06-30": "-0.37100", "2017-03-31": "-0.12200", "2016-12-31": "-0.28400", "2016-09-30": "0.28300", "2016-06-30": "0.05600", "2016-03-31": "0.22800", "2015-12-31": "0.92900", "2015-09-30": "0.07700", "2015-06-30": "0.07700", "2015-03-31": "0.07500", "2014-12-31": "0.01100", "2014-09-30": "0.06900", "2014-06-30": "0.07000", "2014-03-31": "0.06900", "2013-12-31": "0.04800", "2013-09-30": "0.09000", "2013-06-30": "0.03700", "2013-03-31": "0.05900", "2012-12-31": "0.05900", "2012-09-30": "0.08400", "2012-06-30": "0.05300", "2012-03-31": "0.05300", "2011-12-31": "0.12800", "2011-09-30": "0.15000", "2011-06-30": "-0.25900", "2011-03-31": "0.13100", "2010-12-31": "0.10800", "2010-09-30": "0.14300", "2010-06-30": "0.12900", "2010-03-31": "0.13200", "2009-12-31": "0.03100", "2009-09-30": "0.10300", "2009-06-30": "0.14600", "2009-03-31": "0.13300", "2008-12-31": "0.30200", "2008-09-30": "0.14100", "2008-06-30": "0.12800", "2008-03-31": "-0.23500", "2007-12-31": "0.19300", "2007-09-30": "0.52500", "2007-06-30": "0.02500", "2007-03-31": "0.02500", "2006-12-31": "", "2006-09-30": "", "2006-06-30": "", "2006-03-31": "", "2005-12-31": "", "2005-09-30": "", "2005-06-30": "", "2005-03-31": ""}, "Income After Taxes": {"2020-09-30": "80.21600", "2020-06-30": "27.54400", "2020-03-31": "35.20100", "2019-12-31": "8.05900", "2019-09-30": "55.68500", "2019-06-30": "39.99600", "2019-03-31": "34.56800", "2018-12-31": "16.81900", "2018-09-30": "50.35800", "2018-06-30": "26.00600", "2018-03-31": "36.27700", "2017-12-31": "6.70000", "2017-09-30": "25.61300", "2017-06-30": "15.81800", "2017-03-31": "24.70600", "2016-12-31": "6.17700", "2016-09-30": "22.73000", "2016-06-30": "-5.03800", "2016-03-31": "11.77800", "2015-12-31": "-16.57800", "2015-09-30": "39.69700", "2015-06-30": "10.99900", "2015-03-31": "3.47900", "2014-12-31": "-19.60700", "2014-09-30": "12.71100", "2014-06-30": "6.32500", "2014-03-31": "10.46100", "2013-12-31": "1.93300", "2013-09-30": "5.27000", "2013-06-30": "2.82400", "2013-03-31": "7.87100", "2012-12-31": "-1.25200", "2012-09-30": "-0.87500", "2012-06-30": "0.57900", "2012-03-31": "5.64300", "2011-12-31": "-2.56200", "2011-09-30": "-0.47100", "2011-06-30": "-1.83700", "2011-03-31": "2.23500", "2010-12-31": "-0.97800", "2010-09-30": "-1.58000", "2010-06-30": "-2.08900", "2010-03-31": "2.28000", "2009-12-31": "-1.02800", "2009-09-30": "-2.73800", "2009-06-30": "-2.36700", "2009-03-31": "1.15300", "2008-12-31": "3.77300", "2008-09-30": "-4.49300", "2008-06-30": "-8.03200", "2008-03-31": "-3.24800", "2007-12-31": "-2.69300", "2007-09-30": "-4.92800", "2007-06-30": "-2.44100", "2007-03-31": "0.05200", "2006-12-31": "-20.89900", "2006-09-30": "-4.39900", "2006-06-30": "-1.93500", "2006-03-31": "-1.27200", "2005-12-31": "-1.88300", "2005-09-30": "-4.22000", "2005-06-30": "-1.64300", "2005-03-31": "1.59400"}, "Other Income": {"2020-09-30": "9.54000", "2020-06-30": "35.81100", "2020-03-31": "-50.73100", "2019-12-31": "-12.59400", "2019-09-30": "8.76600", "2019-06-30": "5.12000", "2019-03-31": "2.16500", "2018-12-31": "-3.23900", "2018-09-30": "1.23100", "2018-06-30": "-1.82800", "2018-03-31": "-2.61700", "2017-12-31": "3.64200", "2017-09-30": "3.34500", "2017-06-30": "1.15600", "2017-03-31": "0.83900", "2016-12-31": "", "2016-09-30": "", "2016-06-30": "", "2016-03-31": "", "2015-12-31": "116.60700", "2015-09-30": "", "2015-06-30": "", "2015-03-31": "8.76900", "2014-12-31": "7.59000", "2014-09-30": "13.63100", "2014-06-30": "0.88500", "2014-03-31": "", "2013-12-31": "", "2013-09-30": "", "2013-06-30": "", "2013-03-31": "", "2012-12-31": "", "2012-09-30": "", "2012-06-30": "", "2012-03-31": "", "2011-12-31": "", "2011-09-30": "", "2011-06-30": "", "2011-03-31": "", "2010-12-31": "", "2010-09-30": "", "2010-06-30": "", "2010-03-31": "", "2009-12-31": "", "2009-09-30": "", "2009-06-30": "", "2009-03-31": "", "2008-12-31": "", "2008-09-30": "", "2008-06-30": "", "2008-03-31": "", "2007-12-31": "", "2007-09-30": "", "2007-06-30": "", "2007-03-31": "", "2006-12-31": "", "2006-09-30": "", "2006-06-30": "", "2006-03-31": "", "2005-12-31": "", "2005-09-30": "", "2005-06-30": "", "2005-03-31": ""}, "Income From Continuous Operations": {"2020-09-30": "89.75600", "2020-06-30": "63.35500", "2020-03-31": "-15.47800", "2019-12-31": "30.69100", "2019-09-30": "64.45100", "2019-06-30": "45.11600", "2019-03-31": "37.12100", "2018-12-31": "10.67200", "2018-09-30": "51.71500", "2018-06-30": "24.17000", "2018-03-31": "33.60100", "2017-12-31": "10.34200", "2017-09-30": "28.95800", "2017-06-30": "16.97400", "2017-03-31": "25.54500", "2016-12-31": "1.50100", "2016-09-30": "23.23000", "2016-06-30": "-5.03800", "2016-03-31": "11.77800", "2015-12-31": "100.02900", "2015-09-30": "39.69700", "2015-06-30": "18.49900", "2015-03-31": "12.24800", "2014-12-31": "-12.01700", "2014-09-30": "26.74200", "2014-06-30": "7.61000", "2014-03-31": "10.86100", "2013-12-31": "2.63300", "2013-09-30": "5.97000", "2013-06-30": "3.27400", "2013-03-31": "8.27100", "2012-12-31": "-0.60200", "2012-09-30": "-0.27500", "2012-06-30": "2.47900", "2012-03-31": "6.39300", "2011-12-31": "-2.11200", "2011-09-30": "-0.02100", "2011-06-30": "-0.98700", "2011-03-31": "2.58500", "2010-12-31": "-0.47800", "2010-09-30": "-1.64900", "2010-06-30": "-2.84700", "2010-03-31": "1.46100", "2009-12-31": "-3.20400", "2009-09-30": "-2.73800", "2009-06-30": "-2.36700", "2009-03-31": "1.15300", "2008-12-31": "-12.72500", "2008-09-30": "-4.49300", "2008-06-30": "-8.03200", "2008-03-31": "-3.24800", "2007-12-31": "-11.49400", "2007-09-30": "-4.36800", "2007-06-30": "-2.16300", "2007-03-31": "0.04600", "2006-12-31": "-18.50200", "2006-09-30": "-3.88900", "2006-06-30": "-1.70900", "2006-03-31": "-1.15700", "2005-12-31": "-1.66400", "2005-09-30": "-3.72500", "2005-06-30": "-1.44300", "2005-03-31": "0.55600"}, "Income From Discontinued Operations": {"2020-09-30": "", "2020-06-30": "", "2020-03-31": "", "2019-12-31": "", "2019-09-30": "", "2019-06-30": "", "2019-03-31": "", "2018-12-31": "", "2018-09-30": "", "2018-06-30": "", "2018-03-31": "", "2017-12-31": "", "2017-09-30": "", "2017-06-30": "", "2017-03-31": "", "2016-12-31": "", "2016-09-30": "", "2016-06-30": "", "2016-03-31": "", "2015-12-31": "", "2015-09-30": "", "2015-06-30": "", "2015-03-31": "", "2014-12-31": "", "2014-09-30": "", "2014-06-30": "", "2014-03-31": "", "2013-12-31": "", "2013-09-30": "", "2013-06-30": "", "2013-03-31": "", "2012-12-31": "", "2012-09-30": "", "2012-06-30": "", "2012-03-31": "", "2011-12-31": "", "2011-09-30": "", "2011-06-30": "", "2011-03-31": "", "2010-12-31": "", "2010-09-30": "", "2010-06-30": "", "2010-03-31": "", "2009-12-31": "-0.07200", "2009-09-30": "0.17700", "2009-06-30": "-0.16000", "2009-03-31": "-0.17200", "2008-12-31": "-4.32600", "2008-09-30": "-0.27400", "2008-06-30": "-0.27000", "2008-03-31": "-0.24100", "2007-12-31": "", "2007-09-30": "", "2007-06-30": "", "2007-03-31": "", "2006-12-31": "", "2006-09-30": "", "2006-06-30": "", "2006-03-31": "", "2005-12-31": "0.00000", "2005-09-30": "", "2005-06-30": "0.69300", "2005-03-31": "0.13100"}, "Net Income": {"2020-09-30": "81.20400", "2020-06-30": "58.91000", "2020-03-31": "-16.08600", "2019-12-31": "28.54700", "2019-09-30": "57.00200", "2019-06-30": "40.38500", "2019-03-31": "34.33100", "2018-12-31": "9.03900", "2018-09-30": "46.06000", "2018-06-30": "20.40800", "2018-03-31": "29.98600", "2017-12-31": "7.43800", "2017-09-30": "24.11500", "2017-06-30": "12.36400", "2017-03-31": "21.10400", "2016-12-31": "-1.60000", "2016-09-30": "18.89700", "2016-06-30": "-7.80300", "2016-03-31": "7.87500", "2015-12-31": "89.39900", "2015-09-30": "28.76300", "2015-06-30": "12.29400", "2015-03-31": "6.86900", "2014-12-31": "-13.06900", "2014-09-30": "22.67100", "2014-06-30": "4.92800", "2014-03-31": "7.84600", "2013-12-31": "0.08200", "2013-09-30": "3.74900", "2013-06-30": "1.03500", "2013-03-31": "5.74400", "2012-12-31": "-1.43200", "2012-09-30": "-0.65000", "2012-06-30": "1.66300", "2012-03-31": "5.37700", "2011-12-31": "-2.22300", "2011-09-30": "-0.37300", "2011-06-30": "-0.89000", "2011-03-31": "2.40000", "2010-12-31": "-0.36800", "2010-09-30": "-1.40300", "2010-06-30": "-2.44900", "2010-03-31": "1.33700", "2009-12-31": "-2.88500", "2009-09-30": "-2.03500", "2009-06-30": "-2.25900", "2009-03-31": "0.87700", "2008-12-31": "-18.49200", "2008-09-30": "-5.49300", "2008-06-30": "-7.36800", "2008-03-31": "-3.09500", "2007-12-31": "-10.15800", "2007-09-30": "-4.36800", "2007-06-30": "-2.16300", "2007-03-31": "0.04600", "2006-12-31": "-18.50200", "2006-09-30": "-3.88900", "2006-06-30": "-1.70900", "2006-03-31": "-0.86800", "2005-12-31": "-1.66400", "2005-09-30": "-3.72500", "2005-06-30": "-0.75000", "2005-03-31": "0.68700"}, "EBITDA": {"2020-09-30": "110.80800", "2020-06-30": "61.95100", "2020-03-31": "72.25700", "2019-12-31": "45.47700", "2019-09-30": "102.64400", "2019-06-30": "75.08400", "2019-03-31": "70.33200", "2018-12-31": "50.04200", "2018-09-30": "85.97400", "2018-06-30": "60.91500", "2018-03-31": "68.05700", "2017-12-31": "44.55210", "2017-09-30": "58.36900", "2017-06-30": "48.88500", "2017-03-31": "57.15600", "2016-12-31": "38.45000", "2016-09-30": "57.60200", "2016-06-30": "24.23300", "2016-03-31": "39.08700", "2015-12-31": "73.57110", "2015-09-30": "90.11800", "2015-06-30": "79.08000", "2015-03-31": "70.63300", "2014-12-31": "42.82700", "2014-09-30": "63.22600", "2014-06-30": "55.57400", "2014-03-31": "58.35900", "2013-12-31": "51.88100", "2013-09-30": "49.93300", "2013-06-30": "47.63800", "2013-03-31": "53.18000", "2012-12-31": "42.55400", "2012-09-30": "38.67300", "2012-06-30": "39.05900", "2012-03-31": "43.34400", "2011-12-31": "38.22400", "2011-09-30": "36.09300", "2011-06-30": "32.31400", "2011-03-31": "35.39600", "2010-12-31": "34.03700", "2010-09-30": "30.37200", "2010-06-30": "31.71400", "2010-03-31": "35.97000", "2009-12-31": "28.77200", "2009-09-30": "30.87600", "2009-06-30": "31.80100", "2009-03-31": "33.52300", "2008-12-31": "31.65600", "2008-09-30": "30.78000", "2008-06-30": "32.84300", "2008-03-31": "34.80200", "2007-12-31": "32.46900", "2007-09-30": "28.48400", "2007-06-30": "29.90300", "2007-03-31": "32.31000", "2006-12-31": "30.51400", "2006-09-30": "28.13500", "2006-06-30": "29.90400", "2006-03-31": "30.46900", "2005-12-31": "27.67500", "2005-09-30": "27.29300", "2005-06-30": "28.03800", "2005-03-31": "30.70100"}, "EBIT": {"2020-09-30": "110.80800", "2020-06-30": "61.95100", "2020-03-31": "72.25700", "2019-12-31": "45.47700", "2019-09-30": "102.64400", "2019-06-30": "75.08400", "2019-03-31": "70.33200", "2018-12-31": "50.04190", "2018-09-30": "85.97400", "2018-06-30": "60.91500", "2018-03-31": "68.05700", "2017-12-31": "44.55200", "2017-09-30": "58.36900", "2017-06-30": "48.88500", "2017-03-31": "57.15600", "2016-12-31": "38.45000", "2016-09-30": "57.60200", "2016-06-30": "24.23300", "2016-03-31": "39.08700", "2015-12-31": "31.39700", "2015-09-30": "49.82700", "2015-06-30": "41.41400", "2015-03-31": "29.79500", "2014-12-31": "0.81900", "2014-09-30": "33.04400", "2014-06-30": "25.14100", "2014-03-31": "28.92300", "2013-12-31": "21.24000", "2013-09-30": "23.99200", "2013-06-30": "21.87400", "2013-03-31": "27.60300", "2012-12-31": "16.84400", "2012-09-30": "17.10000", "2012-06-30": "18.24600", "2012-03-31": "23.33400", "2011-12-31": "17.14100", "2011-09-30": "17.13900", "2011-06-30": "13.95800", "2011-03-31": "18.59800", "2010-12-31": "15.86700", "2010-09-30": "15.05700", "2010-06-30": "14.31400", "2010-03-31": "18.33400", "2009-12-31": "13.83600", "2009-09-30": "14.96700", "2009-06-30": "13.87000", "2009-03-31": "16.33900", "2008-12-31": "15.43700", "2008-09-30": "13.34200", "2008-06-30": "15.23000", "2008-03-31": "17.57100", "2007-12-31": "15.60200", "2007-09-30": "11.69300", "2007-06-30": "13.14700", "2007-03-31": "15.85600", "2006-12-31": "13.88100", "2006-09-30": "11.85900", "2006-06-30": "13.91500", "2006-03-31": "14.26100", "2005-12-31": "13.62100", "2005-09-30": "12.10600", "2005-06-30": "12.69800", "2005-03-31": "15.91300"}, "Basic Shares Outstanding": {"2020-09-30": "97.54200", "2020-06-30": "95.85900", "2020-03-31": "92.41000", "2019-12-31": "88.46000", "2019-09-30": "89.84700", "2019-06-30": "87.13000", "2019-03-31": "85.52000", "2018-12-31": "81.38700", "2018-09-30": "81.59900", "2018-06-30": "79.61200", "2018-03-31": "78.85500", "2017-12-31": "76.08400", "2017-09-30": "78.36900", "2017-06-30": "74.67800", "2017-03-31": "72.67700", "2016-12-31": "65.85600", "2016-09-30": "68.65500", "2016-06-30": "64.75700", "2016-03-31": "57.73600", "2015-12-31": "53.68600", "2015-09-30": "53.22000", "2015-06-30": "52.84600", "2015-03-31": "52.49800", "2014-12-31": "41.33700", "2014-09-30": "41.02300", "2014-06-30": "40.33100", "2014-03-31": "36.49500", "2013-12-31": "34.22800", "2013-09-30": "36.12800", "2013-06-30": "35.88700", "2013-03-31": "30.77400", "2012-12-31": "26.97000", "2012-09-30": "26.93800", "2012-06-30": "26.46900", "2012-03-31": "25.58700", "2011-12-31": "21.14700", "2011-09-30": "21.36600", "2011-06-30": "21.09000", "2011-03-31": "20.80800", "2010-12-31": "19.16800", "2010-09-30": "19.32300", "2010-06-30": "19.03100", "2010-03-31": "18.84200", "2009-12-31": "18.48400", "2009-09-30": "18.51300", "2009-06-30": "18.46900", "2009-03-31": "18.51100", "2008-12-31": "18.17600", "2008-09-30": "18.21300", "2008-06-30": "18.16200", "2008-03-31": "18.07700", "2007-12-31": "17.93800", "2007-09-30": "17.96200", "2007-06-30": "17.92300", "2007-03-31": "17.84100", "2006-12-31": "17.64100", "2006-09-30": "17.65500", "2006-06-30": "17.61500", "2006-03-31": "17.53400", "2005-12-31": "17.71600", "2005-09-30": "17.74600", "2005-06-30": "17.73100", "2005-03-31": "17.84800"}, "Shares Outstanding": {"2020-09-30": "97.54900", "2020-06-30": "96.16500", "2020-03-31": "92.93500", "2019-12-31": "88.91500", "2019-09-30": "90.33200", "2019-06-30": "87.56400", "2019-03-31": "86.03300", "2018-12-31": "82.04000", "2018-09-30": "82.08100", "2018-06-30": "80.11600", "2018-03-31": "79.46400", "2017-12-31": "76.71100", "2017-09-30": "78.80800", "2017-06-30": "75.15400", "2017-03-31": "73.12000", "2016-12-31": "66.32100", "2016-09-30": "69.06900", "2016-06-30": "64.75700", "2016-03-31": "58.12600", "2015-12-31": "53.70200", "2015-09-30": "53.66500", "2015-06-30": "53.23700", "2015-03-31": "52.89200", "2014-12-31": "41.80500", "2014-09-30": "41.26700", "2014-06-30": "40.54600", "2014-03-31": "36.70400", "2013-12-31": "34.41000", "2013-09-30": "36.14300", "2013-06-30": "35.90700", "2013-03-31": "30.78900", "2012-12-31": "27.12500", "2012-09-30": "26.93800", "2012-06-30": "26.48500", "2012-03-31": "25.60500", "2011-12-31": "21.14700", "2011-09-30": "21.36600", "2011-06-30": "21.09000", "2011-03-31": "22.90200", "2010-12-31": "19.16800", "2010-09-30": "19.32300", "2010-06-30": "19.03100", "2010-03-31": "20.98400", "2009-12-31": "18.48400", "2009-09-30": "18.51300", "2009-06-30": "18.46900", "2009-03-31": "20.69800", "2008-12-31": "18.17600", "2008-09-30": "18.21300", "2008-06-30": "18.16200", "2008-03-31": "18.07700", "2007-12-31": "17.93800", "2007-09-30": "17.96200", "2007-06-30": "17.92300", "2007-03-31": "17.98500", "2006-12-31": "17.64100", "2006-09-30": "17.65500", "2006-06-30": "17.61500", "2006-03-31": "17.53400", "2005-12-31": "17.71600", "2005-09-30": "17.74600", "2005-06-30": "17.73100", "2005-03-31": "17.95000"}, "Basic EPS": {"2020-09-30": "0.83000", "2020-06-30": "0.61000", "2020-03-31": "-0.17000", "2019-12-31": "0.31000", "2019-09-30": "0.63000", "2019-06-30": "0.46000", "2019-03-31": "0.40000", "2018-12-31": "0.10000", "2018-09-30": "0.56000", "2018-06-30": "0.25000", "2018-03-31": "0.38000", "2017-12-31": "0.09000", "2017-09-30": "0.31000", "2017-06-30": "0.16000", "2017-03-31": "0.29000", "2016-12-31": "-0.02000", "2016-09-30": "0.27000", "2016-06-30": "-0.12000", "2016-03-31": "0.14000", "2015-12-31": "1.64000", "2015-09-30": "0.53000", "2015-06-30": "0.23000", "2015-03-31": "0.13000", "2014-12-31": "-0.34000", "2014-09-30": "0.55000", "2014-06-30": "0.12000", "2014-03-31": "0.21000", "2013-12-31": "-0.01000", "2013-09-30": "0.10000", "2013-06-30": "0.03000", "2013-03-31": "0.19000", "2012-12-31": "-0.06000", "2012-09-30": "-0.02000", "2012-06-30": "0.06000", "2012-03-31": "0.21000", "2011-12-31": "-0.11000", "2011-09-30": "-0.02000", "2011-06-30": "-0.04000", "2011-03-31": "0.12000", "2010-12-31": "-0.02000", "2010-09-30": "-0.07000", "2010-06-30": "-0.13000", "2010-03-31": "0.07000", "2009-12-31": "-0.16000", "2009-09-30": "-0.11000", "2009-06-30": "-0.12000", "2009-03-31": "0.05000", "2008-12-31": "-1.02000", "2008-09-30": "-0.30000", "2008-06-30": "-0.41000", "2008-03-31": "-0.17000", "2007-12-31": "-0.57000", "2007-09-30": "-0.24000", "2007-06-30": "-0.12000", "2007-03-31": "0.00000", "2006-12-31": "-1.05000", "2006-09-30": "-0.22000", "2006-06-30": "-0.10000", "2006-03-31": "-0.05000", "2005-12-31": "-0.10000", "2005-09-30": "-0.21000", "2005-06-30": "-0.04000", "2005-03-31": "0.04000"}, "EPS - Earnings Per Share": {"2020-09-30": "0.83000", "2020-06-30": "0.61000", "2020-03-31": "-0.17000", "2019-12-31": "0.31000", "2019-09-30": "0.63000", "2019-06-30": "0.46000", "2019-03-31": "0.40000", "2018-12-31": "0.10000", "2018-09-30": "0.56000", "2018-06-30": "0.25000", "2018-03-31": "0.38000", "2017-12-31": "0.09000", "2017-09-30": "0.31000", "2017-06-30": "0.16000", "2017-03-31": "0.29000", "2016-12-31": "-0.03000", "2016-09-30": "0.27000", "2016-06-30": "-0.12000", "2016-03-31": "0.14000", "2015-12-31": "1.63000", "2015-09-30": "0.53000", "2015-06-30": "0.23000", "2015-03-31": "0.13000", "2014-12-31": "-0.34000", "2014-09-30": "0.55000", "2014-06-30": "0.12000", "2014-03-31": "0.21000", "2013-12-31": "-0.01000", "2013-09-30": "0.10000", "2013-06-30": "0.03000", "2013-03-31": "0.19000", "2012-12-31": "-0.07000", "2012-09-30": "-0.02000", "2012-06-30": "0.06000", "2012-03-31": "0.21000", "2011-12-31": "-0.10000", "2011-09-30": "-0.02000", "2011-06-30": "-0.04000", "2011-03-31": "0.11000", "2010-12-31": "-0.02000", "2010-09-30": "-0.07000", "2010-06-30": "-0.13000", "2010-03-31": "0.07000", "2009-12-31": "-0.16000", "2009-09-30": "-0.11000", "2009-06-30": "-0.12000", "2009-03-31": "0.05000", "2008-12-31": "-1.02000", "2008-09-30": "-0.30000", "2008-06-30": "-0.41000", "2008-03-31": "-0.17000", "2007-12-31": "-0.57000", "2007-09-30": "-0.24000", "2007-06-30": "-0.12000", "2007-03-31": "0.00000", "2006-12-31": "-1.05000", "2006-09-30": "-0.22000", "2006-06-30": "-0.10000", "2006-03-31": "-0.05000", "2005-12-31": "-0.10000", "2005-09-30": "-0.21000", "2005-06-30": "-0.04000", "2005-03-31": "0.04000"}}, "balance sheet": {"Cash On Hand": {"2019-12-31": "129.55700", "2018-12-31": "111.29900", "2017-12-31": "10.12700", "2016-12-31": "8.16400", "2015-12-31": "45.08600", "2014-12-31": "83.45900", "2013-12-31": "4.75300", "2012-12-31": "29.50800", "2011-12-31": "5.85700", "2010-12-31": "8.42000", "2009-12-31": "4.49600", "2008-12-31": "6.16200", "2007-12-31": "5.41500", "2006-12-31": "3.18300", "2005-12-31": "5.88000"}, "Receivables": {"2019-12-31": "", "2018-12-31": "", "2017-12-31": "", "2016-12-31": "", "2015-12-31": "", "2014-12-31": "", "2013-12-31": "", "2012-12-31": "", "2011-12-31": "", "2010-12-31": "", "2009-12-31": "", "2008-12-31": "", "2007-12-31": "", "2006-12-31": "", "2005-12-31": ""}, "Inventory": {"2019-12-31": "", "2018-12-31": "", "2017-12-31": "", "2016-12-31": "", "2015-12-31": "", "2014-12-31": "", "2013-12-31": "", "2012-12-31": "", "2011-12-31": "", "2010-12-31": "", "2009-12-31": "", "2008-12-31": "", "2007-12-31": "", "2006-12-31": "", "2005-12-31": ""}, "Pre-Paid Expenses": {"2019-12-31": "", "2018-12-31": "", "2017-12-31": "", "2016-12-31": "", "2015-12-31": "", "2014-12-31": "", "2013-12-31": "", "2012-12-31": "", "2011-12-31": "", "2010-12-31": "", "2009-12-31": "", "2008-12-31": "", "2007-12-31": "", "2006-12-31": "", "2005-12-31": ""}, "Other Current Assets": {"2019-12-31": "", "2018-12-31": "", "2017-12-31": "", "2016-12-31": "", "2015-12-31": "", "2014-12-31": "", "2013-12-31": "", "2012-12-31": "", "2011-12-31": "", "2010-12-31": "", "2009-12-31": "", "2008-12-31": "", "2007-12-31": "", "2006-12-31": "", "2005-12-31": ""}, "Total Current Assets": {"2019-12-31": "287.48300", "2018-12-31": "378.30000", "2017-12-31": "301.86900", "2016-12-31": "233.21300", "2015-12-31": "232.82600", "2014-12-31": "258.31600", "2013-12-31": "166.89400", "2012-12-31": "169.35800", "2011-12-31": "120.74100", "2010-12-31": "97.22700", "2009-12-31": "78.52600", "2008-12-31": "63.64300", "2007-12-31": "42.26100", "2006-12-31": "44.59000", "2005-12-31": "47.01400"}, "Property, Plant, And Equipment": {"2019-12-31": "7232.62000", "2018-12-31": "6118.31600", "2017-12-31": "5645.35400", "2016-12-31": "5469.48100", "2015-12-31": "3721.11500", "2014-12-31": "2568.16400", "2013-12-31": "1755.05200", "2012-12-31": "1518.13600", "2011-12-31": "1196.60600", "2010-12-31": "1032.32600", "2009-12-31": "1064.30500", "2008-12-31": "1099.02000", "2007-12-31": "1134.20400", "2006-12-31": "1161.64900", "2005-12-31": "1161.82000"}, "Long-Term Investments": {"2019-12-31": "", "2018-12-31": "", "2017-12-31": "", "2016-12-31": "", "2015-12-31": "", "2014-12-31": "", "2013-12-31": "", "2012-12-31": "", "2011-12-31": "", "2010-12-31": "", "2009-12-31": "", "2008-12-31": "", "2007-12-31": "", "2006-12-31": "", "2005-12-31": ""}, "Goodwill And Intangible Assets": {"2019-12-31": "", "2018-12-31": "", "2017-12-31": "", "2016-12-31": "", "2015-12-31": "", "2014-12-31": "", "2013-12-31": "", "2012-12-31": "", "2011-12-31": "", "2010-12-31": "", "2009-12-31": "", "2008-12-31": "", "2007-12-31": "", "2006-12-31": "", "2005-12-31": ""}, "Other Long-Term Assets": {"2019-12-31": "281.95700", "2018-12-31": "213.41000", "2017-12-31": "164.73400", "2016-12-31": "168.08200", "2015-12-31": "227.85800", "2014-12-31": "111.21200", "2013-12-31": "72.95800", "2012-12-31": "67.13400", "2011-12-31": "50.62700", "2010-12-31": "35.78900", "2009-12-31": "38.53400", "2008-12-31": "44.26600", "2007-12-31": "69.35800", "2006-12-31": "83.50000", "2005-12-31": "111.70200"}, "Total Long-Term Assets": {"2019-12-31": "7514.57700", "2018-12-31": "6331.72600", "2017-12-31": "5810.08800", "2016-12-31": "5637.56300", "2015-12-31": "3948.97300", "2014-12-31": "2679.37600", "2013-12-31": "1828.01000", "2012-12-31": "1585.27000", "2011-12-31": "1247.23300", "2010-12-31": "1068.11500", "2009-12-31": "1102.83900", "2008-12-31": "1143.35600", "2007-12-31": "1203.56200", "2006-12-31": "1245.14900", "2005-12-31": "1273.52200"}, "Total Assets": {"2019-12-31": "7802.06000", "2018-12-31": "6710.02600", "2017-12-31": "6111.95700", "2016-12-31": "5870.77600", "2015-12-31": "4181.79900", "2014-12-31": "2937.69200", "2013-12-31": "1994.90400", "2012-12-31": "1754.62800", "2011-12-31": "1367.97400", "2010-12-31": "1165.34200", "2009-12-31": "1181.36500", "2008-12-31": "1206.99900", "2007-12-31": "1245.82300", "2006-12-31": "1289.73900", "2005-12-31": "1320.53600"}, "Total Current Liabilities": {"2019-12-31": "127.28900", "2018-12-31": "106.28100", "2017-12-31": "", "2016-12-31": "", "2015-12-31": "", "2014-12-31": "", "2013-12-31": "", "2012-12-31": "", "2011-12-31": "", "2010-12-31": "", "2009-12-31": "", "2008-12-31": "", "2007-12-31": "", "2006-12-31": "", "2005-12-31": ""}, "Long Term Debt": {"2019-12-31": "3364.49000", "2018-12-31": "3051.68800", "2017-12-31": "3037.79500", "2016-12-31": "3064.13900", "2015-12-31": "2290.39400", "2014-12-31": "1786.18400", "2013-12-31": "1492.82000", "2012-12-31": "1453.50100", "2011-12-31": "1397.22500", "2010-12-31": "1258.13900", "2009-12-31": "1253.90700", "2008-12-31": "1229.57100", "2007-12-31": "1187.67500", "2006-12-31": "1166.85000", "2005-12-31": "1123.46800"}, "Other Non-Current Liabilities": {"2019-12-31": "286.41300", "2018-12-31": "248.52800", "2017-12-31": "325.96600", "2016-12-31": "331.56300", "2015-12-31": "226.12400", "2014-12-31": "165.45300", "2013-12-31": "118.54300", "2012-12-31": "88.13700", "2011-12-31": "71.40400", "2010-12-31": "39.58700", "2009-12-31": "38.76600", "2008-12-31": "37.24000", "2007-12-31": "32.10200", "2006-12-31": "31.30100", "2005-12-31": "32.26700"}, "Total Long Term Liabilities": {"2019-12-31": "3771.72800", "2018-12-31": "3382.70800", "2017-12-31": "3415.85600", "2016-12-31": "3458.32200", "2015-12-31": "2645.21800", "2014-12-31": "1997.54000", "2013-12-31": "1611.36300", "2012-12-31": "1541.63800", "2011-12-31": "1468.62900", "2010-12-31": "1297.72600", "2009-12-31": "1292.67300", "2008-12-31": "1266.88100", "2007-12-31": "1224.77600", "2006-12-31": "1210.54200", "2005-12-31": "1177.27900"}, "Total Liabilities": {"2019-12-31": "3899.01700", "2018-12-31": "3488.98900", "2017-12-31": "3415.85600", "2016-12-31": "3458.32200", "2015-12-31": "2645.21800", "2014-12-31": "1997.54000", "2013-12-31": "1611.36300", "2012-12-31": "1541.63800", "2011-12-31": "1468.62900", "2010-12-31": "1297.72600", "2009-12-31": "1292.67300", "2008-12-31": "1266.88100", "2007-12-31": "1224.77600", "2006-12-31": "1210.54200", "2005-12-31": "1177.27900"}, "Common Stock Net": {"2019-12-31": "0.93200", "2018-12-31": "0.86400", "2017-12-31": "0.79700", "2016-12-31": "0.73200", "2015-12-31": "0.58400", "2014-12-31": "0.48600", "2013-12-31": "0.36100", "2012-12-31": "0.29800", "2011-12-31": "0.23600", "2010-12-31": "0.21700", "2009-12-31": "0.20600", "2008-12-31": "0.20300", "2007-12-31": "0.20200", "2006-12-31": "0.20000", "2005-12-31": "0.19800"}, "Retained Earnings (Accumulated Deficit)": {"2019-12-31": "-1393.14100", "2018-12-31": "-1288.48600", "2017-12-31": "-1162.00100", "2016-12-31": "-1023.41500", "2015-12-31": "-864.12200", "2014-12-31": "-863.54500", "2013-12-31": "-773.30100", "2012-12-31": "-683.73400", "2011-12-31": "-617.95300", "2010-12-31": "-549.62500", "2009-12-31": "-498.37000", "2008-12-31": "-445.14700", "2007-12-31": "-364.44600", "2006-12-31": "-302.02200", "2005-12-31": "-231.82700"}, "Comprehensive Income": {"2019-12-31": "-1.33100", "2018-12-31": "-4.50400", "2017-12-31": "1.10200", "2016-12-31": "-3.18100", "2015-12-31": "", "2014-12-31": "", "2013-12-31": "-0.36600", "2012-12-31": "-0.69600", "2011-12-31": "-1.27300", "2010-12-31": "-2.22600", "2009-12-31": "-1.85800", "2008-12-31": "-2.85100", "2007-12-31": "-0.85600", "2006-12-31": "0.82000", "2005-12-31": "0.53200"}, "Other Share Holders Equity": {"2019-12-31": "8.54200", "2018-12-31": "7.14500", "2017-12-31": "", "2016-12-31": "", "2015-12-31": "", "2014-12-31": "-0.41600", "2013-12-31": "-0.53700", "2012-12-31": "-0.50800", "2011-12-31": "", "2010-12-31": "", "2009-12-31": "-5.02800", "2008-12-31": "-8.33400", "2007-12-31": "-8.74000", "2006-12-31": "-9.08300", "2005-12-31": "-9.42700"}, "Share Holder Equity": {"2019-12-31": "3903.04300", "2018-12-31": "3221.03700", "2017-12-31": "2696.10100", "2016-12-31": "2412.45400", "2015-12-31": "1536.58100", "2014-12-31": "940.15200", "2013-12-31": "383.54100", "2012-12-31": "212.99000", "2011-12-31": "-100.65500", "2010-12-31": "-132.38400", "2009-12-31": "-111.30800", "2008-12-31": "-59.88200", "2007-12-31": "21.04700", "2006-12-31": "79.19700", "2005-12-31": "143.25700"}, "Total Liabilities And Share Holders Equity": {"2019-12-31": "7802.06000", "2018-12-31": "6710.02600", "2017-12-31": "6111.95700", "2016-12-31": "5870.77600", "2015-12-31": "4181.79900", "2014-12-31": "2937.69200", "2013-12-31": "1994.90400", "2012-12-31": "1754.62800", "2011-12-31": "1367.97400", "2010-12-31": "1165.34200", "2009-12-31": "1181.36500", "2008-12-31": "1206.99900", "2007-12-31": "1245.82300", "2006-12-31": "1289.73900", "2005-12-31": "1320.53600"}}, "balance sheet, quarterly": {"Cash On Hand": {"2020-09-30": "222.61200", "2020-06-30": "489.77800", "2020-03-31": "450.34200", "2019-12-31": "129.55700", "2019-09-30": "91.01600", "2019-06-30": "82.25700", "2019-03-31": "72.44700", "2018-12-31": "111.29900", "2018-09-30": "113.55600", "2018-06-30": "20.04600", "2018-03-31": "15.15300", "2017-12-31": "10.12700", "2017-09-30": "137.44800", "2017-06-30": "241.64600", "2017-03-31": "10.91900", "2016-12-31": "8.16400", "2016-09-30": "69.82900", "2016-06-30": "31.44100", "2016-03-31": "410.40800", "2015-12-31": "45.08600", "2015-09-30": "23.91700", "2015-06-30": "11.93000", "2015-03-31": "124.88100", "2014-12-31": "83.45900", "2014-09-30": "259.15200", "2014-06-30": "7.62000", "2014-03-31": "9.30500", "2013-12-31": "4.75300", "2013-09-30": "4.95500", "2013-06-30": "6.48800", "2013-03-31": "61.04500", "2012-12-31": "29.50800", "2012-09-30": "38.72400", "2012-06-30": "4.49900", "2012-03-31": "15.97500", "2011-12-31": "5.85700", "2011-09-30": "4.74100", "2011-06-30": "4.00700", "2011-03-31": "4.85700", "2010-12-31": "8.42000", "2010-09-30": "4.70600", "2010-06-30": "5.61800", "2010-03-31": "8.05400", "2009-12-31": "4.49600", "2009-09-30": "5.07900", "2009-06-30": "4.62500", "2009-03-31": "6.58800", "2008-12-31": "6.16200", "2008-09-30": "6.82400", "2008-06-30": "4.31300", "2008-03-31": "4.95300", "2007-12-31": "5.41500", "2007-09-30": "3.80900", "2007-06-30": "2.81400", "2007-03-31": "4.33500", "2006-12-31": "3.18300", "2006-09-30": "4.04700", "2006-06-30": "5.15600", "2006-03-31": "5.60800", "2005-12-31": "5.88000", "2005-09-30": "4.28400", "2005-06-30": "3.39200", "2005-03-31": "17.78300"}, "Receivables": {"2020-09-30": "", "2020-06-30": "", "2020-03-31": "", "2019-12-31": "", "2019-09-30": "", "2019-06-30": "", "2019-03-31": "", "2018-12-31": "", "2018-09-30": "", "2018-06-30": "", "2018-03-31": "", "2017-12-31": "", "2017-09-30": "", "2017-06-30": "", "2017-03-31": "", "2016-12-31": "", "2016-09-30": "", "2016-06-30": "", "2016-03-31": "", "2015-12-31": "", "2015-09-30": "", "2015-06-30": "", "2015-03-31": "", "2014-12-31": "", "2014-09-30": "", "2014-06-30": "", "2014-03-31": "", "2013-12-31": "", "2013-09-30": "", "2013-06-30": "", "2013-03-31": "", "2012-12-31": "", "2012-09-30": "", "2012-06-30": "", "2012-03-31": "", "2011-12-31": "", "2011-09-30": "", "2011-06-30": "", "2011-03-31": "", "2010-12-31": "", "2010-09-30": "", "2010-06-30": "", "2010-03-31": "", "2009-12-31": "", "2009-09-30": "", "2009-06-30": "", "2009-03-31": "", "2008-12-31": "", "2008-09-30": "", "2008-06-30": "", "2008-03-31": "", "2007-12-31": "", "2007-09-30": "", "2007-06-30": "", "2007-03-31": "", "2006-12-31": "", "2006-09-30": "", "2006-06-30": "", "2006-03-31": "", "2005-12-31": "", "2005-09-30": "", "2005-06-30": "", "2005-03-31": ""}, "Inventory": {"2020-09-30": "", "2020-06-30": "", "2020-03-31": "", "2019-12-31": "", "2019-09-30": "", "2019-06-30": "", "2019-03-31": "", "2018-12-31": "", "2018-09-30": "", "2018-06-30": "", "2018-03-31": "", "2017-12-31": "", "2017-09-30": "", "2017-06-30": "", "2017-03-31": "", "2016-12-31": "", "2016-09-30": "", "2016-06-30": "", "2016-03-31": "", "2015-12-31": "", "2015-09-30": "", "2015-06-30": "", "2015-03-31": "", "2014-12-31": "", "2014-09-30": "", "2014-06-30": "", "2014-03-31": "", "2013-12-31": "", "2013-09-30": "", "2013-06-30": "", "2013-03-31": "", "2012-12-31": "", "2012-09-30": "", "2012-06-30": "", "2012-03-31": "", "2011-12-31": "", "2011-09-30": "", "2011-06-30": "", "2011-03-31": "", "2010-12-31": "", "2010-09-30": "", "2010-06-30": "", "2010-03-31": "", "2009-12-31": "", "2009-09-30": "", "2009-06-30": "", "2009-03-31": "", "2008-12-31": "", "2008-09-30": "", "2008-06-30": "", "2008-03-31": "", "2007-12-31": "", "2007-09-30": "", "2007-06-30": "", "2007-03-31": "", "2006-12-31": "", "2006-09-30": "", "2006-06-30": "", "2006-03-31": "", "2005-12-31": "", "2005-09-30": "", "2005-06-30": "", "2005-03-31": ""}, "Pre-Paid Expenses": {"2020-09-30": "", "2020-06-30": "", "2020-03-31": "", "2019-12-31": "", "2019-09-30": "", "2019-06-30": "", "2019-03-31": "", "2018-12-31": "", "2018-09-30": "", "2018-06-30": "", "2018-03-31": "", "2017-12-31": "", "2017-09-30": "", "2017-06-30": "", "2017-03-31": "", "2016-12-31": "", "2016-09-30": "", "2016-06-30": "", "2016-03-31": "", "2015-12-31": "", "2015-09-30": "", "2015-06-30": "", "2015-03-31": "", "2014-12-31": "", "2014-09-30": "", "2014-06-30": "", "2014-03-31": "", "2013-12-31": "", "2013-09-30": "", "2013-06-30": "", "2013-03-31": "", "2012-12-31": "", "2012-09-30": "", "2012-06-30": "", "2012-03-31": "", "2011-12-31": "", "2011-09-30": "", "2011-06-30": "", "2011-03-31": "", "2010-12-31": "", "2010-09-30": "", "2010-06-30": "", "2010-03-31": "", "2009-12-31": "", "2009-09-30": "", "2009-06-30": "", "2009-03-31": "", "2008-12-31": "", "2008-09-30": "", "2008-06-30": "", "2008-03-31": "", "2007-12-31": "", "2007-09-30": "", "2007-06-30": "", "2007-03-31": "", "2006-12-31": "", "2006-09-30": "", "2006-06-30": "", "2006-03-31": "", "2005-12-31": "", "2005-09-30": "", "2005-06-30": "", "2005-03-31": ""}, "Other Current Assets": {"2020-09-30": "", "2020-06-30": "", "2020-03-31": "", "2019-12-31": "", "2019-09-30": "", "2019-06-30": "", "2019-03-31": "", "2018-12-31": "", "2018-09-30": "", "2018-06-30": "", "2018-03-31": "", "2017-12-31": "", "2017-09-30": "", "2017-06-30": "", "2017-03-31": "", "2016-12-31": "", "2016-09-30": "", "2016-06-30": "", "2016-03-31": "", "2015-12-31": "", "2015-09-30": "", "2015-06-30": "", "2015-03-31": "", "2014-12-31": "", "2014-09-30": "", "2014-06-30": "", "2014-03-31": "", "2013-12-31": "", "2013-09-30": "", "2013-06-30": "", "2013-03-31": "", "2012-12-31": "", "2012-09-30": "", "2012-06-30": "", "2012-03-31": "", "2011-12-31": "", "2011-09-30": "", "2011-06-30": "", "2011-03-31": "", "2010-12-31": "", "2010-09-30": "", "2010-06-30": "", "2010-03-31": "", "2009-12-31": "", "2009-09-30": "", "2009-06-30": "", "2009-03-31": "", "2008-12-31": "", "2008-09-30": "", "2008-06-30": "", "2008-03-31": "", "2007-12-31": "", "2007-09-30": "", "2007-06-30": "", "2007-03-31": "", "2006-12-31": "", "2006-09-30": "", "2006-06-30": "", "2006-03-31": "", "2005-12-31": "", "2005-09-30": "", "2005-06-30": "", "2005-03-31": ""}, "Total Current Assets": {"2020-09-30": "414.12000", "2020-06-30": "670.16900", "2020-03-31": "637.03400", "2019-12-31": "287.48300", "2019-09-30": "359.00400", "2019-06-30": "344.21800", "2019-03-31": "354.19900", "2018-12-31": "378.30000", "2018-09-30": "393.48200", "2018-06-30": "314.11500", "2018-03-31": "332.15900", "2017-12-31": "301.86900", "2017-09-30": "417.22300", "2017-06-30": "490.84100", "2017-03-31": "250.36300", "2016-12-31": "233.21300", "2016-09-30": "301.57300", "2016-06-30": "251.92400", "2016-03-31": "607.47600", "2015-12-31": "232.82600", "2015-09-30": "211.35900", "2015-06-30": "199.96600", "2015-03-31": "341.00000", "2014-12-31": "258.31600", "2014-09-30": "427.49300", "2014-06-30": "172.05000", "2014-03-31": "171.61100", "2013-12-31": "166.89400", "2013-09-30": "175.53900", "2013-06-30": "167.24300", "2013-03-31": "216.60400", "2012-12-31": "169.35800", "2012-09-30": "166.90200", "2012-06-30": "126.40700", "2012-03-31": "128.90700", "2011-12-31": "120.74100", "2011-09-30": "109.80600", "2011-06-30": "106.38900", "2011-03-31": "99.30500", "2010-12-31": "97.22700", "2010-09-30": "90.38800", "2010-06-30": "88.33100", "2010-03-31": "85.99900", "2009-12-31": "78.52600", "2009-09-30": "74.86000", "2009-06-30": "69.44300", "2009-03-31": "66.67600", "2008-12-31": "63.64300", "2008-09-30": "57.89800", "2008-06-30": "50.48600", "2008-03-31": "45.52500", "2007-12-31": "42.26100", "2007-09-30": "43.00000", "2007-06-30": "37.15800", "2007-03-31": "34.24100", "2006-12-31": "44.59000", "2006-09-30": "44.66200", "2006-06-30": "49.65000", "2006-03-31": "46.60100", "2005-12-31": "47.01400", "2005-09-30": "43.81000", "2005-06-30": "46.95400", "2005-03-31": "61.98800"}, "Property, Plant, And Equipment": {"2020-09-30": "7647.46900", "2020-06-30": "7397.51900", "2020-03-31": "7288.40100", "2019-12-31": "7232.62000", "2019-09-30": "6757.43900", "2019-06-30": "6567.84400", "2019-03-31": "6471.25600", "2018-12-31": "6118.31600", "2018-09-30": "6053.97700", "2018-06-30": "5993.57800", "2018-03-31": "5642.65400", "2017-12-31": "5645.35400", "2017-09-30": "5573.82500", "2017-06-30": "5517.13900", "2017-03-31": "5483.96900", "2016-12-31": "5469.48100", "2016-09-30": "5412.83800", "2016-06-30": "5432.62500", "2016-03-31": "3750.52700", "2015-12-31": "3721.11500", "2015-09-30": "3783.52900", "2015-06-30": "3716.14100", "2015-03-31": "3375.77300", "2014-12-31": "2568.16400", "2014-09-30": "1884.63200", "2014-06-30": "1899.78300", "2014-03-31": "1864.07400", "2013-12-31": "1755.05200", "2013-09-30": "1695.31700", "2013-06-30": "1676.81300", "2013-03-31": "1625.05200", "2012-12-31": "1518.13600", "2012-09-30": "1278.12700", "2012-06-30": "1236.33700", "2012-03-31": "1229.20800", "2011-12-31": "1196.60600", "2011-09-30": "1169.41400", "2011-06-30": "1167.48500", "2011-03-31": "1026.76700", "2010-12-31": "1032.32600", "2010-09-30": "1037.08500", "2010-06-30": "1043.62700", "2010-03-31": "1052.97300", "2009-12-31": "1064.30500", "2009-09-30": "1072.85000", "2009-06-30": "1080.97300", "2009-03-31": "1084.12800", "2008-12-31": "1099.02000", "2008-09-30": "1108.07900", "2008-06-30": "1116.70900", "2008-03-31": "1125.50600", "2007-12-31": "1134.20400", "2007-09-30": "1137.18400", "2007-06-30": "1144.74500", "2007-03-31": "1153.50700", "2006-12-31": "1161.64900", "2006-09-30": "1170.42600", "2006-06-30": "1173.75200", "2006-03-31": "1171.62100", "2005-12-31": "1161.82000", "2005-09-30": "1160.27000", "2005-06-30": "1159.20800", "2005-03-31": "1151.67700"}, "Long-Term Investments": {"2020-09-30": "", "2020-06-30": "", "2020-03-31": "", "2019-12-31": "", "2019-09-30": "", "2019-06-30": "", "2019-03-31": "", "2018-12-31": "", "2018-09-30": "", "2018-06-30": "", "2018-03-31": "", "2017-12-31": "", "2017-09-30": "", "2017-06-30": "", "2017-03-31": "", "2016-12-31": "", "2016-09-30": "", "2016-06-30": "", "2016-03-31": "", "2015-12-31": "", "2015-09-30": "", "2015-06-30": "", "2015-03-31": "", "2014-12-31": "", "2014-09-30": "", "2014-06-30": "", "2014-03-31": "", "2013-12-31": "", "2013-09-30": "", "2013-06-30": "", "2013-03-31": "", "2012-12-31": "", "2012-09-30": "", "2012-06-30": "", "2012-03-31": "", "2011-12-31": "", "2011-09-30": "", "2011-06-30": "", "2011-03-31": "", "2010-12-31": "", "2010-09-30": "", "2010-06-30": "", "2010-03-31": "", "2009-12-31": "", "2009-09-30": "", "2009-06-30": "", "2009-03-31": "", "2008-12-31": "", "2008-09-30": "", "2008-06-30": "", "2008-03-31": "", "2007-12-31": "", "2007-09-30": "", "2007-06-30": "", "2007-03-31": "", "2006-12-31": "", "2006-09-30": "", "2006-06-30": "", "2006-03-31": "", "2005-12-31": "", "2005-09-30": "", "2005-06-30": "", "2005-03-31": ""}, "Goodwill And Intangible Assets": {"2020-09-30": "", "2020-06-30": "", "2020-03-31": "", "2019-12-31": "", "2019-09-30": "", "2019-06-30": "", "2019-03-31": "", "2018-12-31": "", "2018-09-30": "", "2018-06-30": "", "2018-03-31": "", "2017-12-31": "", "2017-09-30": "", "2017-06-30": "", "2017-03-31": "", "2016-12-31": "", "2016-09-30": "", "2016-06-30": "", "2016-03-31": "", "2015-12-31": "", "2015-09-30": "", "2015-06-30": "", "2015-03-31": "", "2014-12-31": "", "2014-09-30": "", "2014-06-30": "", "2014-03-31": "", "2013-12-31": "", "2013-09-30": "", "2013-06-30": "", "2013-03-31": "", "2012-12-31": "", "2012-09-30": "", "2012-06-30": "", "2012-03-31": "", "2011-12-31": "", "2011-09-30": "", "2011-06-30": "", "2011-03-31": "", "2010-12-31": "", "2010-09-30": "", "2010-06-30": "", "2010-03-31": "", "2009-12-31": "", "2009-09-30": "", "2009-06-30": "", "2009-03-31": "", "2008-12-31": "", "2008-09-30": "", "2008-06-30": "", "2008-03-31": "", "2007-12-31": "", "2007-09-30": "", "2007-06-30": "", "2007-03-31": "", "2006-12-31": "", "2006-09-30": "", "2006-06-30": "", "2006-03-31": "", "2005-12-31": "", "2005-09-30": "", "2005-06-30": "", "2005-03-31": ""}, "Other Long-Term Assets": {"2020-09-30": "274.12800", "2020-06-30": "280.97100", "2020-03-31": "283.61200", "2019-12-31": "281.95700", "2019-09-30": "281.41100", "2019-06-30": "310.02200", "2019-03-31": "273.20700", "2018-12-31": "213.41000", "2018-09-30": "206.26700", "2018-06-30": "184.65500", "2018-03-31": "174.84000", "2017-12-31": "164.73400", "2017-09-30": "166.78800", "2017-06-30": "170.73300", "2017-03-31": "168.11500", "2016-12-31": "168.08200", "2016-09-30": "190.29500", "2016-06-30": "138.64200", "2016-03-31": "204.88300", "2015-12-31": "227.85800", "2015-09-30": "119.71500", "2015-06-30": "116.74200", "2015-03-31": "127.86800", "2014-12-31": "111.21200", "2014-09-30": "118.67200", "2014-06-30": "72.14700", "2014-03-31": "72.54700", "2013-12-31": "72.95800", "2013-09-30": "65.83500", "2013-06-30": "72.71200", "2013-03-31": "72.14400", "2012-12-31": "67.13400", "2012-09-30": "56.19700", "2012-06-30": "49.57500", "2012-03-31": "49.90100", "2011-12-31": "50.62700", "2011-09-30": "49.40300", "2011-06-30": "48.92100", "2011-03-31": "34.00300", "2010-12-31": "35.78900", "2010-09-30": "36.58900", "2010-06-30": "35.46600", "2010-03-31": "34.35700", "2009-12-31": "38.53400", "2009-09-30": "41.49500", "2009-06-30": "41.81400", "2009-03-31": "46.72300", "2008-12-31": "44.26600", "2008-09-30": "55.87800", "2008-06-30": "53.81800", "2008-03-31": "62.16600", "2007-12-31": "69.35800", "2007-09-30": "80.92000", "2007-06-30": "80.43600", "2007-03-31": "80.03700", "2006-12-31": "83.50000", "2006-09-30": "101.40300", "2006-06-30": "106.39200", "2006-03-31": "109.48200", "2005-12-31": "111.70200", "2005-09-30": "115.66500", "2005-06-30": "120.64700", "2005-03-31": "118.88200"}, "Total Long-Term Assets": {"2020-09-30": "7921.59700", "2020-06-30": "7678.49000", "2020-03-31": "7572.01300", "2019-12-31": "7514.57700", "2019-09-30": "7038.85000", "2019-06-30": "6877.86600", "2019-03-31": "6744.46300", "2018-12-31": "6331.72600", "2018-09-30": "6260.24400", "2018-06-30": "6178.23300", "2018-03-31": "5817.49400", "2017-12-31": "5810.08800", "2017-09-30": "5740.61300", "2017-06-30": "5687.87200", "2017-03-31": "5652.08400", "2016-12-31": "5637.56300", "2016-09-30": "5603.13300", "2016-06-30": "5571.26700", "2016-03-31": "3955.41000", "2015-12-31": "3948.97300", "2015-09-30": "3903.24400", "2015-06-30": "3832.88300", "2015-03-31": "3503.64100", "2014-12-31": "2679.37600", "2014-09-30": "2003.30400", "2014-06-30": "1971.93000", "2014-03-31": "1936.62100", "2013-12-31": "1828.01000", "2013-09-30": "1761.15200", "2013-06-30": "1749.52500", "2013-03-31": "1697.19600", "2012-12-31": "1585.27000", "2012-09-30": "1334.32400", "2012-06-30": "1285.91200", "2012-03-31": "1279.10900", "2011-12-31": "1247.23300", "2011-09-30": "1218.81700", "2011-06-30": "1216.40600", "2011-03-31": "1060.77000", "2010-12-31": "1068.11500", "2010-09-30": "1073.67400", "2010-06-30": "1079.09300", "2010-03-31": "1087.33000", "2009-12-31": "1102.83900", "2009-09-30": "1114.34500", "2009-06-30": "1122.80600", "2009-03-31": "1130.91900", "2008-12-31": "1143.35600", "2008-09-30": "1163.95700", "2008-06-30": "1170.52700", "2008-03-31": "1187.67200", "2007-12-31": "1203.56200", "2007-09-30": "1218.10400", "2007-06-30": "1225.18100", "2007-03-31": "1233.54400", "2006-12-31": "1245.14900", "2006-09-30": "1271.82900", "2006-06-30": "1280.14400", "2006-03-31": "1281.10300", "2005-12-31": "1273.52200", "2005-09-30": "1275.93500", "2005-06-30": "1279.85500", "2005-03-31": "1270.55900"}, "Total Assets": {"2020-09-30": "8335.71700", "2020-06-30": "8348.65900", "2020-03-31": "8209.04700", "2019-12-31": "7802.06000", "2019-09-30": "7397.85400", "2019-06-30": "7222.08400", "2019-03-31": "7098.66200", "2018-12-31": "6710.02600", "2018-09-30": "6653.72600", "2018-06-30": "6492.34800", "2018-03-31": "6149.65300", "2017-12-31": "6111.95700", "2017-09-30": "6157.83600", "2017-06-30": "6178.71300", "2017-03-31": "5902.44700", "2016-12-31": "5870.77600", "2016-09-30": "5904.70600", "2016-06-30": "5823.19100", "2016-03-31": "4562.88600", "2015-12-31": "4181.79900", "2015-09-30": "4114.60300", "2015-06-30": "4032.84900", "2015-03-31": "3844.64100", "2014-12-31": "2937.69200", "2014-09-30": "2430.79700", "2014-06-30": "2143.98000", "2014-03-31": "2108.23200", "2013-12-31": "1994.90400", "2013-09-30": "1936.69100", "2013-06-30": "1916.76800", "2013-03-31": "1913.80000", "2012-12-31": "1754.62800", "2012-09-30": "1501.22600", "2012-06-30": "1412.31900", "2012-03-31": "1408.01600", "2011-12-31": "1367.97400", "2011-09-30": "1328.62300", "2011-06-30": "1322.79500", "2011-03-31": "1160.07500", "2010-12-31": "1165.34200", "2010-09-30": "1164.06200", "2010-06-30": "1167.42400", "2010-03-31": "1173.32900", "2009-12-31": "1181.36500", "2009-09-30": "1189.20500", "2009-06-30": "1192.24900", "2009-03-31": "1197.59500", "2008-12-31": "1206.99900", "2008-09-30": "1221.85500", "2008-06-30": "1221.01300", "2008-03-31": "1233.19700", "2007-12-31": "1245.82300", "2007-09-30": "1261.10400", "2007-06-30": "1262.33900", "2007-03-31": "1267.78500", "2006-12-31": "1289.73900", "2006-09-30": "1316.49100", "2006-06-30": "1329.79400", "2006-03-31": "1327.70400", "2005-12-31": "1320.53600", "2005-09-30": "1319.74500", "2005-06-30": "1326.80900", "2005-03-31": "1332.54700"}, "Total Current Liabilities": {"2020-09-30": "140.84800", "2020-06-30": "124.32400", "2020-03-31": "110.51200", "2019-12-31": "127.28900", "2019-09-30": "", "2019-06-30": "", "2019-03-31": "", "2018-12-31": "106.28100", "2018-09-30": "", "2018-06-30": "", "2018-03-31": "", "2017-12-31": "", "2017-09-30": "", "2017-06-30": "", "2017-03-31": "", "2016-12-31": "", "2016-09-30": "", "2016-06-30": "", "2016-03-31": "", "2015-12-31": "", "2015-09-30": "", "2015-06-30": "", "2015-03-31": "", "2014-12-31": "", "2014-09-30": "", "2014-06-30": "", "2014-03-31": "", "2013-12-31": "", "2013-09-30": "", "2013-06-30": "", "2013-03-31": "", "2012-12-31": "", "2012-09-30": "", "2012-06-30": "", "2012-03-31": "", "2011-12-31": "", "2011-09-30": "", "2011-06-30": "", "2011-03-31": "", "2010-12-31": "", "2010-09-30": "", "2010-06-30": "", "2010-03-31": "", "2009-12-31": "", "2009-09-30": "", "2009-06-30": "", "2009-03-31": "", "2008-12-31": "", "2008-09-30": "", "2008-06-30": "", "2008-03-31": "", "2007-12-31": "", "2007-09-30": "", "2007-06-30": "", "2007-03-31": "", "2006-12-31": "", "2006-09-30": "", "2006-06-30": "", "2006-03-31": "", "2005-12-31": "", "2005-09-30": "", "2005-06-30": "", "2005-03-31": ""}, "Long Term Debt": {"2020-09-30": "3270.70100", "2020-06-30": "3320.85900", "2020-03-31": "3856.58200", "2019-12-31": "3364.49000", "2019-09-30": "3201.42900", "2019-06-30": "3037.86300", "2019-03-31": "3378.20500", "2018-12-31": "3051.68800", "2018-09-30": "2932.31400", "2018-06-30": "3291.46600", "2018-03-31": "3092.10200", "2017-12-31": "3037.79500", "2017-09-30": "2957.52400", "2017-06-30": "2972.75000", "2017-03-31": "3094.64400", "2016-12-31": "3064.13900", "2016-09-30": "3057.09000", "2016-06-30": "3294.42600", "2016-03-31": "2316.54700", "2015-12-31": "2290.39400", "2015-09-30": "2511.64700", "2015-06-30": "2381.56300", "2015-03-31": "2248.60700", "2014-12-31": "1786.18400", "2014-09-30": "1393.94100", "2014-06-30": "1445.77800", "2014-03-31": "1424.83400", "2013-12-31": "1492.82000", "2013-09-30": "1408.21300", "2013-06-30": "1371.77500", "2013-03-31": "1357.00100", "2012-12-31": "1453.50100", "2012-09-30": "1271.66000", "2012-06-30": "1310.78700", "2012-03-31": "1293.55500", "2011-12-31": "1397.22500", "2011-09-30": "1356.46500", "2011-06-30": "1342.90900", "2011-03-31": "1235.85500", "2010-12-31": "1258.13900", "2010-09-30": "1256.66900", "2010-06-30": "1251.31700", "2010-03-31": "1256.48700", "2009-12-31": "1253.90700", "2009-09-30": "1244.52900", "2009-06-30": "1234.52000", "2009-03-31": "1230.35800", "2008-12-31": "1229.57100", "2008-09-30": "1212.90600", "2008-06-30": "1194.40500", "2008-03-31": "1191.63500", "2007-12-31": "1187.67500", "2007-09-30": "1178.59600", "2007-06-30": "1161.45500", "2007-03-31": "1157.65600", "2006-12-31": "1166.85000", "2006-09-30": "1163.19100", "2006-06-30": "1157.44600", "2006-03-31": "1144.00200", "2005-12-31": "1123.46800", "2005-09-30": "1104.32800", "2005-06-30": "1086.68800", "2005-03-31": "1073.82200"}, "Other Non-Current Liabilities": {"2020-09-30": "310.46100", "2020-06-30": "330.21300", "2020-03-31": "309.12100", "2019-12-31": "286.41300", "2019-09-30": "449.64200", "2019-06-30": "434.41300", "2019-03-31": "398.20800", "2018-12-31": "248.52800", "2018-09-30": "362.35600", "2018-06-30": "372.54000", "2018-03-31": "341.65600", "2017-12-31": "325.96600", "2017-09-30": "347.59400", "2017-06-30": "355.04200", "2017-03-31": "337.58500", "2016-12-31": "331.56300", "2016-09-30": "326.75000", "2016-06-30": "305.41500", "2016-03-31": "229.45300", "2015-12-31": "226.12400", "2015-09-30": "229.10300", "2015-06-30": "235.50800", "2015-03-31": "214.71200", "2014-12-31": "165.45300", "2014-09-30": "123.35100", "2014-06-30": "126.59800", "2014-03-31": "117.61800", "2013-12-31": "118.54300", "2013-09-30": "108.78200", "2013-06-30": "105.87300", "2013-03-31": "95.23200", "2012-12-31": "88.13700", "2012-09-30": "76.74900", "2012-06-30": "71.67300", "2012-03-31": "69.08500", "2011-12-31": "71.40400", "2011-09-30": "44.57300", "2011-06-30": "45.33400", "2011-03-31": "35.92200", "2010-12-31": "39.58700", "2010-09-30": "38.43300", "2010-06-30": "39.08100", "2010-03-31": "35.17800", "2009-12-31": "38.76600", "2009-09-30": "40.13300", "2009-06-30": "39.27600", "2009-03-31": "35.90400", "2008-12-31": "37.24000", "2008-09-30": "37.18600", "2008-06-30": "37.33600", "2008-03-31": "33.03100", "2007-12-31": "32.10200", "2007-09-30": "33.06900", "2007-06-30": "33.47500", "2007-03-31": "30.09800", "2006-12-31": "31.30100", "2006-09-30": "29.72400", "2006-06-30": "32.45700", "2006-03-31": "30.59300", "2005-12-31": "32.26700", "2005-09-30": "30.52500", "2005-06-30": "30.50400", "2005-03-31": "42.31200"}, "Total Long Term Liabilities": {"2020-09-30": "3736.11000", "2020-06-30": "3780.10300", "2020-03-31": "4286.00200", "2019-12-31": "3771.72800", "2019-09-30": "3781.77100", "2019-06-30": "3603.24000", "2019-03-31": "3907.84700", "2018-12-31": "3382.70800", "2018-09-30": "3377.31100", "2018-06-30": "3746.75800", "2018-03-31": "3514.00200", "2017-12-31": "3415.85600", "2017-09-30": "3394.26700", "2017-06-30": "3417.16000", "2017-03-31": "3543.50000", "2016-12-31": "3458.32200", "2016-09-30": "3499.87600", "2016-06-30": "3716.23700", "2016-03-31": "2674.39700", "2015-12-31": "2645.21800", "2015-09-30": "2876.26800", "2015-06-30": "2831.30500", "2015-03-31": "2676.76500", "2014-12-31": "1997.54000", "2014-09-30": "1517.29200", "2014-06-30": "1572.37600", "2014-03-31": "1542.45200", "2013-12-31": "1611.36300", "2013-09-30": "1516.99500", "2013-06-30": "1477.64800", "2013-03-31": "1452.23300", "2012-12-31": "1541.63800", "2012-09-30": "1348.40900", "2012-06-30": "1382.46000", "2012-03-31": "1362.64000", "2011-12-31": "1468.62900", "2011-09-30": "1401.03800", "2011-06-30": "1388.24300", "2011-03-31": "1271.77700", "2010-12-31": "1297.72600", "2010-09-30": "1295.10200", "2010-06-30": "1290.39800", "2010-03-31": "1291.66500", "2009-12-31": "1292.67300", "2009-09-30": "1284.66200", "2009-06-30": "1273.87400", "2009-03-31": "1266.34000", "2008-12-31": "1266.88100", "2008-09-30": "1250.09200", "2008-06-30": "1232.46500", "2008-03-31": "1227.77400", "2007-12-31": "1224.77600", "2007-09-30": "1217.86800", "2007-06-30": "1203.14200", "2007-03-31": "1197.69400", "2006-12-31": "1210.54200", "2006-09-30": "1208.01700", "2006-06-30": "1206.97700", "2006-03-31": "1193.40000", "2005-12-31": "1177.27900", "2005-09-30": "1154.25100", "2005-06-30": "1143.41700", "2005-03-31": "1144.18400"}, "Total Liabilities": {"2020-09-30": "3876.95800", "2020-06-30": "3904.42700", "2020-03-31": "4396.51400", "2019-12-31": "3899.01700", "2019-09-30": "3781.77100", "2019-06-30": "3603.24000", "2019-03-31": "3907.84700", "2018-12-31": "3488.98900", "2018-09-30": "3377.31100", "2018-06-30": "3746.75800", "2018-03-31": "3514.00200", "2017-12-31": "3415.85600", "2017-09-30": "3394.26700", "2017-06-30": "3417.16000", "2017-03-31": "3543.50000", "2016-12-31": "3458.32200", "2016-09-30": "3499.87600", "2016-06-30": "3716.23700", "2016-03-31": "2674.39700", "2015-12-31": "2645.21800", "2015-09-30": "2876.26800", "2015-06-30": "2831.30500", "2015-03-31": "2676.76500", "2014-12-31": "1997.54000", "2014-09-30": "1517.29200", "2014-06-30": "1572.37600", "2014-03-31": "1542.45200", "2013-12-31": "1611.36300", "2013-09-30": "1516.99500", "2013-06-30": "1477.64800", "2013-03-31": "1452.23300", "2012-12-31": "1541.63800", "2012-09-30": "1348.40900", "2012-06-30": "1382.46000", "2012-03-31": "1362.64000", "2011-12-31": "1468.62900", "2011-09-30": "1401.03800", "2011-06-30": "1388.24300", "2011-03-31": "1271.77700", "2010-12-31": "1297.72600", "2010-09-30": "1295.10200", "2010-06-30": "1290.39800", "2010-03-31": "1291.66500", "2009-12-31": "1292.67300", "2009-09-30": "1284.66200", "2009-06-30": "1273.87400", "2009-03-31": "1266.34000", "2008-12-31": "1266.88100", "2008-09-30": "1250.09200", "2008-06-30": "1232.46500", "2008-03-31": "1227.77400", "2007-12-31": "1224.77600", "2007-09-30": "1217.86800", "2007-06-30": "1203.14200", "2007-03-31": "1197.69400", "2006-12-31": "1210.54200", "2006-09-30": "1208.01700", "2006-06-30": "1206.97700", "2006-03-31": "1193.40000", "2005-12-31": "1177.27900", "2005-09-30": "1154.25100", "2005-06-30": "1143.41700", "2005-03-31": "1144.18400"}, "Common Stock Net": {"2020-09-30": "0.98300", "2020-06-30": "0.98300", "2020-03-31": "0.93300", "2019-12-31": "0.93200", "2019-09-30": "0.90700", "2019-06-30": "0.90700", "2019-03-31": "0.86500", "2018-12-31": "0.86400", "2018-09-30": "0.86400", "2018-06-30": "0.80900", "2018-03-31": "0.79900", "2017-12-31": "0.79700", "2017-09-30": "0.79300", "2017-06-30": "0.79000", "2017-03-31": "0.73700", "2016-12-31": "0.73200", "2016-09-30": "0.73000", "2016-06-30": "0.68600", "2016-03-31": "0.64600", "2015-12-31": "0.58400", "2015-09-30": "0.54500", "2015-06-30": "0.53800", "2015-03-31": "0.53500", "2014-12-31": "0.48600", "2014-09-30": "0.48000", "2014-06-30": "0.41100", "2014-03-31": "0.40400", "2013-12-31": "0.36100", "2013-09-30": "0.36100", "2013-06-30": "0.37900", "2013-03-31": "0.37700", "2012-12-31": "0.29800", "2012-09-30": "0.31500", "2012-06-30": "0.28300", "2012-03-31": "0.28300", "2011-12-31": "0.23600", "2011-09-30": "0.23500", "2011-06-30": "0.23300", "2011-03-31": "0.22700", "2010-12-31": "0.21700", "2010-09-30": "0.21400", "2010-06-30": "0.21200", "2010-03-31": "0.20800", "2009-12-31": "0.20600", "2009-09-30": "0.20600", "2009-06-30": "0.20400", "2009-03-31": "0.20400", "2008-12-31": "0.20300", "2008-09-30": "0.20200", "2008-06-30": "0.20200", "2008-03-31": "0.20200", "2007-12-31": "0.20200", "2007-09-30": "0.20100", "2007-06-30": "0.20100", "2007-03-31": "0.20100", "2006-12-31": "0.20000", "2006-09-30": "0.19900", "2006-06-30": "0.19900", "2006-03-31": "0.19900", "2005-12-31": "0.19800", "2005-09-30": "0.19800", "2005-06-30": "0.19600", "2005-03-31": "0.19600"}, "Retained Earnings (Accumulated Deficit)": {"2020-09-30": "-1491.33800", "2020-06-30": "-1496.54200", "2020-03-31": "-1479.42400", "2019-12-31": "-1393.14100", "2019-09-30": "-1353.21400", "2019-06-30": "-1343.79200", "2019-03-31": "-1317.60500", "2018-12-31": "-1288.48600", "2018-09-30": "-1237.42800", "2018-06-30": "-1223.39400", "2018-03-31": "-1187.56300", "2017-12-31": "-1162.00100", "2017-09-30": "-1117.22800", "2017-06-30": "-1089.42800", "2017-03-31": "-1050.14100", "2016-12-31": "-1023.41500", "2016-09-30": "-975.51100", "2016-06-30": "-947.98800", "2016-03-31": "-896.89600", "2015-12-31": "-864.12200", "2015-09-30": "-916.96100", "2015-06-30": "-911.62800", "2015-03-31": "-890.37400", "2014-12-31": "-863.54500", "2014-09-30": "-807.59000", "2014-06-30": "-799.80500", "2014-03-31": "-778.76600", "2013-12-31": "-773.30100", "2013-09-30": "-739.19700", "2013-06-30": "-720.95000", "2013-03-31": "-699.95500", "2012-12-31": "-683.73400", "2012-09-30": "-663.57900", "2012-06-30": "-644.22000", "2012-03-31": "-629.23000", "2011-12-31": "-617.95300", "2011-09-30": "-588.33800", "2011-06-30": "-574.41700", "2011-03-31": "-560.33500", "2010-12-31": "-549.62500", "2010-09-30": "-536.86600", "2010-06-30": "-523.29200", "2010-03-31": "-508.89000", "2009-12-31": "-498.37000", "2009-09-30": "-483.66600", "2009-06-30": "-469.92800", "2009-03-31": "-455.95700", "2008-12-31": "-445.14700", "2008-09-30": "-415.07800", "2008-06-30": "-398.01700", "2008-03-31": "-379.06900", "2007-12-31": "-364.44600", "2007-09-30": "-342.81800", "2007-06-30": "-326.98100", "2007-03-31": "-313.37900", "2006-12-31": "-302.02200", "2006-09-30": "-272.16900", "2006-06-30": "-256.97300", "2006-03-31": "-243.96400", "2005-12-31": "-231.82700", "2005-09-30": "-218.78000", "2005-06-30": "-203.63500", "2005-03-31": "-203.41700"}, "Comprehensive Income": {"2020-09-30": "-2.22600", "2020-06-30": "-4.47500", "2020-03-31": "-8.32500", "2019-12-31": "-1.33100", "2019-09-30": "-2.82500", "2019-06-30": "-1.18400", "2019-03-31": "-3.00600", "2018-12-31": "-4.50400", "2018-09-30": "-0.39000", "2018-06-30": "-2.18400", "2018-03-31": "-0.67000", "2017-12-31": "1.10200", "2017-09-30": "1.53100", "2017-06-30": "-0.98100", "2017-03-31": "-2.63000", "2016-12-31": "-3.18100", "2016-09-30": "-4.87600", "2016-06-30": "0.00100", "2016-03-31": "", "2015-12-31": "", "2015-09-30": "", "2015-06-30": "", "2015-03-31": "", "2014-12-31": "", "2014-09-30": "-0.27700", "2014-06-30": "-0.27700", "2014-03-31": "-0.27700", "2013-12-31": "-0.36600", "2013-09-30": "-0.45400", "2013-06-30": "-0.53500", "2013-03-31": "-0.61300", "2012-12-31": "-0.69600", "2012-09-30": "-0.69600", "2012-06-30": "-0.73500", "2012-03-31": "-1.04100", "2011-12-31": "-1.27300", "2011-09-30": "-1.64100", "2011-06-30": "-1.84200", "2011-03-31": "-1.86000", "2010-12-31": "-2.22600", "2010-09-30": "-2.77200", "2010-06-30": "-2.53800", "2010-03-31": "-2.24600", "2009-12-31": "-1.85800", "2009-09-30": "-2.10800", "2009-06-30": "-1.66600", "2009-03-31": "-2.85500", "2008-12-31": "-2.85100", "2008-09-30": "-0.92000", "2008-06-30": "-0.92400", "2008-03-31": "-2.27200", "2007-12-31": "-0.85600", "2007-09-30": "0.18000", "2007-06-30": "1.22200", "2007-03-31": "0.56600", "2006-12-31": "0.82000", "2006-09-30": "0.82100", "2006-06-30": "1.95400", "2006-03-31": "1.37600", "2005-12-31": "0.53200", "2005-09-30": "0.11500", "2005-06-30": "-1.03500", "2005-03-31": "0.21500"}, "Other Share Holders Equity": {"2020-09-30": "11.09700", "2020-06-30": "10.25000", "2020-03-31": "9.37400", "2019-12-31": "8.54200", "2019-09-30": "7.85400", "2019-06-30": "7.20900", "2019-03-31": "6.19800", "2018-12-31": "7.14500", "2018-09-30": "7.54400", "2018-06-30": "5.87400", "2018-03-31": "", "2017-12-31": "", "2017-09-30": "67.50900", "2017-06-30": "", "2017-03-31": "", "2016-12-31": "", "2016-09-30": "-2.73600", "2016-06-30": "-2.32700", "2016-03-31": "-1.97000", "2015-12-31": "", "2015-09-30": "-1.33600", "2015-06-30": "-0.98500", "2015-03-31": "-0.65200", "2014-12-31": "-0.41600", "2014-09-30": "-0.11400", "2014-06-30": "-0.26800", "2014-03-31": "-0.38900", "2013-12-31": "-0.53700", "2013-09-30": "-0.92000", "2013-06-30": "-0.62700", "2013-03-31": "-0.63300", "2012-12-31": "-0.50800", "2012-09-30": "", "2012-06-30": "", "2012-03-31": "", "2011-12-31": "", "2011-09-30": "", "2011-06-30": "", "2011-03-31": "", "2010-12-31": "", "2010-09-30": "-2.91200", "2010-06-30": "-3.06500", "2010-03-31": "-3.21700", "2009-12-31": "-5.02800", "2009-09-30": "-5.16300", "2009-06-30": "-5.29600", "2009-03-31": "-5.42700", "2008-12-31": "-8.33400", "2008-09-30": "-8.43900", "2008-06-30": "-8.54300", "2008-03-31": "-8.64700", "2007-12-31": "-8.74000", "2007-09-30": "-8.82600", "2007-06-30": "-8.91300", "2007-03-31": "-8.99900", "2006-12-31": "-9.08300", "2006-09-30": "-9.16300", "2006-06-30": "-9.24600", "2006-03-31": "-9.33500", "2005-12-31": "-9.42700", "2005-09-30": "-9.52200", "2005-06-30": "-9.61700", "2005-03-31": "-9.71100"}, "Share Holder Equity": {"2020-09-30": "4458.75900", "2020-06-30": "4444.23200", "2020-03-31": "3812.53300", "2019-12-31": "3903.04300", "2019-09-30": "3616.08300", "2019-06-30": "3618.84400", "2019-03-31": "3190.81500", "2018-12-31": "3221.03700", "2018-09-30": "3276.41500", "2018-06-30": "2745.59000", "2018-03-31": "2635.65100", "2017-12-31": "2696.10100", "2017-09-30": "2763.56900", "2017-06-30": "2761.55300", "2017-03-31": "2358.94700", "2016-12-31": "2412.45400", "2016-09-30": "2404.83000", "2016-06-30": "2106.95400", "2016-03-31": "1888.48900", "2015-12-31": "1536.58100", "2015-09-30": "1238.33500", "2015-06-30": "1201.54400", "2015-03-31": "1167.87600", "2014-12-31": "940.15200", "2014-09-30": "913.50500", "2014-06-30": "571.60400", "2014-03-31": "565.78000", "2013-12-31": "383.54100", "2013-09-30": "419.69600", "2013-06-30": "439.12000", "2013-03-31": "461.56700", "2012-12-31": "212.99000", "2012-09-30": "152.81700", "2012-06-30": "29.85900", "2012-03-31": "45.37600", "2011-12-31": "-100.65500", "2011-09-30": "-72.41500", "2011-06-30": "-65.44800", "2011-03-31": "-111.70200", "2010-12-31": "-132.38400", "2010-09-30": "-131.04000", "2010-06-30": "-122.97400", "2010-03-31": "-118.33600", "2009-12-31": "-111.30800", "2009-09-30": "-95.45700", "2009-06-30": "-81.62500", "2009-03-31": "-68.74500", "2008-12-31": "-59.88200", "2008-09-30": "-28.23700", "2008-06-30": "-11.45200", "2008-03-31": "5.42300", "2007-12-31": "21.04700", "2007-09-30": "43.23600", "2007-06-30": "59.19700", "2007-03-31": "70.09100", "2006-12-31": "79.19700", "2006-09-30": "108.47400", "2006-06-30": "122.81700", "2006-03-31": "134.30400", "2005-12-31": "143.25700", "2005-09-30": "165.49400", "2005-06-30": "183.39200", "2005-03-31": "188.36300"}, "Total Liabilities And Share Holders Equity": {"2020-09-30": "8335.71700", "2020-06-30": "8348.65900", "2020-03-31": "8209.04700", "2019-12-31": "7802.06000", "2019-09-30": "7397.85400", "2019-06-30": "7222.08400", "2019-03-31": "7098.66200", "2018-12-31": "6710.02600", "2018-09-30": "6653.72600", "2018-06-30": "6492.34800", "2018-03-31": "6149.65300", "2017-12-31": "6111.95700", "2017-09-30": "6157.83600", "2017-06-30": "6178.71300", "2017-03-31": "5902.44700", "2016-12-31": "5870.77600", "2016-09-30": "5904.70600", "2016-06-30": "5823.19100", "2016-03-31": "4562.88600", "2015-12-31": "4181.79900", "2015-09-30": "4114.60300", "2015-06-30": "4032.84900", "2015-03-31": "3844.64100", "2014-12-31": "2937.69200", "2014-09-30": "2430.79700", "2014-06-30": "2143.98000", "2014-03-31": "2108.23200", "2013-12-31": "1994.90400", "2013-09-30": "1936.69100", "2013-06-30": "1916.76800", "2013-03-31": "1913.80000", "2012-12-31": "1754.62800", "2012-09-30": "1501.22600", "2012-06-30": "1412.31900", "2012-03-31": "1408.01600", "2011-12-31": "1367.97400", "2011-09-30": "1328.62300", "2011-06-30": "1322.79500", "2011-03-31": "1160.07500", "2010-12-31": "1165.34200", "2010-09-30": "1164.06200", "2010-06-30": "1167.42400", "2010-03-31": "1173.32900", "2009-12-31": "1181.36500", "2009-09-30": "1189.20500", "2009-06-30": "1192.24900", "2009-03-31": "1197.59500", "2008-12-31": "1206.99900", "2008-09-30": "1221.85500", "2008-06-30": "1221.01300", "2008-03-31": "1233.19700", "2007-12-31": "1245.82300", "2007-09-30": "1261.10400", "2007-06-30": "1262.33900", "2007-03-31": "1267.78500", "2006-12-31": "1289.73900", "2006-09-30": "1316.49100", "2006-06-30": "1329.79400", "2006-03-31": "1327.70400", "2005-12-31": "1320.53600", "2005-09-30": "1319.74500", "2005-06-30": "1326.80900", "2005-03-31": "1332.54700"}}, "cash flow statement": {"Net Income/Loss": {"2019-12-31": "177.37900", "2018-12-31": "120.15800", "2017-12-31": "81.81900", "2016-12-31": "31.47100", "2015-12-31": "170.47300", "2014-12-31": "33.19600", "2013-12-31": "20.14800", "2012-12-31": "7.99500", "2011-12-31": "-0.53500", "2010-12-31": "-3.51300", "2009-12-31": "-7.38300", "2008-12-31": "-33.60900", "2007-12-31": "-18.77200", "2006-12-31": "-24.96800", "2005-12-31": "-5.45200"}, "Total Depreciation And Amortization - Cash Flow": {"2019-12-31": "305.30200", "2018-12-31": "265.55100", "2017-12-31": "245.41000", "2016-12-31": "204.16600", "2015-12-31": "160.96900", "2014-12-31": "132.05900", "2013-12-31": "107.92300", "2012-12-31": "88.10600", "2011-12-31": "75.19100", "2010-12-31": "68.52100", "2009-12-31": "65.96000", "2008-12-31": "68.50100", "2007-12-31": "66.86800", "2006-12-31": "65.10600", "2005-12-31": "59.36900"}, "Other Non-Cash Items": {"2019-12-31": "-14.61400", "2018-12-31": "15.91000", "2017-12-31": "-0.98800", "2016-12-31": "3.73600", "2015-12-31": "-119.51900", "2014-12-31": "-14.68600", "2013-12-31": "2.33200", "2012-12-31": "1.36000", "2011-12-31": "3.00400", "2010-12-31": "1.61500", "2009-12-31": "2.16800", "2008-12-31": "9.32700", "2007-12-31": "0.65300", "2006-12-31": "0.88100", "2005-12-31": "0.72200"}, "Total Non-Cash Items": {"2019-12-31": "290.68800", "2018-12-31": "281.46100", "2017-12-31": "244.42200", "2016-12-31": "207.90200", "2015-12-31": "41.45000", "2014-12-31": "117.37300", "2013-12-31": "110.25500", "2012-12-31": "89.46600", "2011-12-31": "78.19500", "2010-12-31": "70.13600", "2009-12-31": "68.12800", "2008-12-31": "77.82800", "2007-12-31": "67.52100", "2006-12-31": "65.98700", "2005-12-31": "60.09100"}, "Change In Accounts Receivable": {"2019-12-31": "2.98800", "2018-12-31": "-2.29900", "2017-12-31": "-26.19300", "2016-12-31": "-20.93300", "2015-12-31": "-9.27000", "2014-12-31": "-15.30000", "2013-12-31": "-6.22800", "2012-12-31": "-8.58300", "2011-12-31": "-5.86800", "2010-12-31": "-4.20700", "2009-12-31": "-4.23600", "2008-12-31": "-4.77300", "2007-12-31": "-1.14200", "2006-12-31": "1.72400", "2005-12-31": "-0.78200"}, "Change In Inventories": {"2019-12-31": "-44.32200", "2018-12-31": "-39.51400", "2017-12-31": "-33.03100", "2016-12-31": "30.88000", "2015-12-31": "-14.61800", "2014-12-31": "-11.14400", "2013-12-31": "-1.44100", "2012-12-31": "-1.21100", "2011-12-31": "-18.46100", "2010-12-31": "-3.64700", "2009-12-31": "-0.42000", "2008-12-31": "-6.88000", "2007-12-31": "-1.68200", "2006-12-31": "-11.51100", "2005-12-31": "-15.98200"}, "Change In Accounts Payable": {"2019-12-31": "", "2018-12-31": "", "2017-12-31": "", "2016-12-31": "", "2015-12-31": "", "2014-12-31": "", "2013-12-31": "", "2012-12-31": "", "2011-12-31": "", "2010-12-31": "", "2009-12-31": "", "2008-12-31": "", "2007-12-31": "", "2006-12-31": "", "2005-12-31": ""}, "Change In Assets/Liabilities": {"2019-12-31": "1.67500", "2018-12-31": "-0.79000", "2017-12-31": "", "2016-12-31": "-0.50000", "2015-12-31": "-7.50000", "2014-12-31": "-1.20000", "2013-12-31": "-8.05100", "2012-12-31": "-3.90000", "2011-12-31": "-2.10000", "2010-12-31": "1.14600", "2009-12-31": "2.17600", "2008-12-31": "16.72800", "2007-12-31": "9.31900", "2006-12-31": "17.03300", "2005-12-31": "2.00800"}, "Total Change In Assets/Liabilities": {"2019-12-31": "8.66700", "2018-12-31": "-38.50500", "2017-12-31": "-68.25800", "2016-12-31": "2.08200", "2015-12-31": "-29.66000", "2014-12-31": "-17.24900", "2013-12-31": "-15.72000", "2012-12-31": "-10.21000", "2011-12-31": "-14.34900", "2010-12-31": "-8.27400", "2009-12-31": "-0.98400", "2008-12-31": "6.89100", "2007-12-31": "6.53800", "2006-12-31": "6.02400", "2005-12-31": "-14.42500"}, "Cash Flow From Operating Activities": {"2019-12-31": "476.73400", "2018-12-31": "363.11400", "2017-12-31": "257.98300", "2016-12-31": "241.45500", "2015-12-31": "182.26300", "2014-12-31": "133.32000", "2013-12-31": "114.68300", "2012-12-31": "87.25100", "2011-12-31": "63.31100", "2010-12-31": "58.34900", "2009-12-31": "59.76100", "2008-12-31": "51.11000", "2007-12-31": "55.28700", "2006-12-31": "47.04300", "2005-12-31": "40.21400"}, "Net Change In Property, Plant, And Equipment": {"2019-12-31": "-980.60500", "2018-12-31": "-653.81200", "2017-12-31": "-400.33900", "2016-12-31": "-1617.61700", "2015-12-31": "-416.33100", "2014-12-31": "-541.21800", "2013-12-31": "-302.60600", "2012-12-31": "-373.28400", "2011-12-31": "-83.86100", "2010-12-31": "-46.97100", "2009-12-31": "-44.96800", "2008-12-31": "-43.06300", "2007-12-31": "-44.27400", "2006-12-31": "-43.66200", "2005-12-31": "-61.41300"}, "Net Change In Intangible Assets": {"2019-12-31": "", "2018-12-31": "", "2017-12-31": "", "2016-12-31": "", "2015-12-31": "", "2014-12-31": "", "2013-12-31": "", "2012-12-31": "", "2011-12-31": "", "2010-12-31": "", "2009-12-31": "", "2008-12-31": "", "2007-12-31": "", "2006-12-31": "", "2005-12-31": ""}, "Net Acquisitions/Divestitures": {"2019-12-31": "", "2018-12-31": "", "2017-12-31": "", "2016-12-31": "", "2015-12-31": "-2.26000", "2014-12-31": "-17.06400", "2013-12-31": "", "2012-12-31": "", "2011-12-31": "-77.17100", "2010-12-31": "", "2009-12-31": "", "2008-12-31": "", "2007-12-31": "", "2006-12-31": "", "2005-12-31": ""}, "Net Change In Short-term Investments": {"2019-12-31": "-74.32200", "2018-12-31": "-80.90100", "2017-12-31": "-1.30300", "2016-12-31": "2.60500", "2015-12-31": "0.00900", "2014-12-31": "6.37700", "2013-12-31": "-52.05600", "2012-12-31": "-5.83500", "2011-12-31": "-0.39600", "2010-12-31": "3.85900", "2009-12-31": "-0.05000", "2008-12-31": "-0.50000", "2007-12-31": "", "2006-12-31": "", "2005-12-31": "44.97500"}, "Net Change In Long-Term Investments": {"2019-12-31": "", "2018-12-31": "", "2017-12-31": "", "2016-12-31": "", "2015-12-31": "", "2014-12-31": "", "2013-12-31": "", "2012-12-31": "", "2011-12-31": "", "2010-12-31": "", "2009-12-31": "", "2008-12-31": "", "2007-12-31": "", "2006-12-31": "", "2005-12-31": ""}, "Net Change In Investments - Total": {"2019-12-31": "-74.32200", "2018-12-31": "-80.90100", "2017-12-31": "-1.30300", "2016-12-31": "2.60500", "2015-12-31": "0.00900", "2014-12-31": "6.37700", "2013-12-31": "-52.05600", "2012-12-31": "-5.83500", "2011-12-31": "-0.39600", "2010-12-31": "3.85900", "2009-12-31": "-0.05000", "2008-12-31": "-0.50000", "2007-12-31": "", "2006-12-31": "", "2005-12-31": "44.97500"}, "Investing Activities - Other": {"2019-12-31": "44.47000", "2018-12-31": "0.97000", "2017-12-31": "", "2016-12-31": "0.50000", "2015-12-31": "5.39800", "2014-12-31": "1.20000", "2013-12-31": "2.25000", "2012-12-31": "3.90000", "2011-12-31": "2.10000", "2010-12-31": "0.50000", "2009-12-31": "5.53300", "2008-12-31": "3.00900", "2007-12-31": "17.83600", "2006-12-31": "4.93500", "2005-12-31": "5.38400"}, "Cash Flow From Investing Activities": {"2019-12-31": "-1010.45700", "2018-12-31": "-733.74300", "2017-12-31": "-401.64200", "2016-12-31": "-1614.51200", "2015-12-31": "-413.18400", "2014-12-31": "-550.70500", "2013-12-31": "-352.41200", "2012-12-31": "-375.21900", "2011-12-31": "-159.32800", "2010-12-31": "-42.61200", "2009-12-31": "-39.48500", "2008-12-31": "-40.55400", "2007-12-31": "-26.43800", "2006-12-31": "-38.72700", "2005-12-31": "-11.05400"}, "Net Long-Term Debt": {"2019-12-31": "368.44630", "2018-12-31": "37.43700", "2017-12-31": "2.19000", "2016-12-31": "808.81200", "2015-12-31": "173.37000", "2014-12-31": "52.38310", "2013-12-31": "57.70900", "2012-12-31": "4.02100", "2011-12-31": "97.79200", "2010-12-31": "13.15600", "2009-12-31": "29.99200", "2008-12-31": "43.13800", "2007-12-31": "25.27900", "2006-12-31": "46.52500", "2005-12-31": "44.97900"}, "Net Current Debt": {"2019-12-31": "", "2018-12-31": "", "2017-12-31": "", "2016-12-31": "", "2015-12-31": "", "2014-12-31": "", "2013-12-31": "", "2012-12-31": "", "2011-12-31": "", "2010-12-31": "", "2009-12-31": "", "2008-12-31": "", "2007-12-31": "", "2006-12-31": "", "2005-12-31": ""}, "Debt Issuance/Retirement Net - Total": {"2019-12-31": "368.44630", "2018-12-31": "37.43700", "2017-12-31": "2.19000", "2016-12-31": "808.81200", "2015-12-31": "173.37000", "2014-12-31": "52.38310", "2013-12-31": "57.70900", "2012-12-31": "4.02100", "2011-12-31": "97.79200", "2010-12-31": "13.15600", "2009-12-31": "29.99200", "2008-12-31": "43.13800", "2007-12-31": "25.27900", "2006-12-31": "46.52500", "2005-12-31": "44.97900"}, "Net Common Equity Issued/Repurchased": {"2019-12-31": "440.78200", "2018-12-31": "623.54000", "2017-12-31": "487.67700", "2016-12-31": "750.53400", "2015-12-31": "310.39600", "2014-12-31": "572.29800", "2013-12-31": "261.96100", "2012-12-31": "300.80000", "2011-12-31": "59.20700", "2010-12-31": "30.12800", "2009-12-31": "1.50500", "2008-12-31": "-0.47600", "2007-12-31": "-0.26000", "2006-12-31": "1.00100", "2005-12-31": "-22.31100"}, "Net Total Equity Issued/Repurchased": {"2019-12-31": "438.10700", "2018-12-31": "619.43500", "2017-12-31": "373.51900", "2016-12-31": "750.53400", "2015-12-31": "188.95100", "2014-12-31": "571.17900", "2013-12-31": "261.66100", "2012-12-31": "383.00000", "2011-12-31": "59.20700", "2010-12-31": "29.20300", "2009-12-31": "1.00500", "2008-12-31": "-0.47600", "2007-12-31": "-4.76000", "2006-12-31": "-7.17400", "2005-12-31": "-72.31100"}, "Total Common And Preferred Stock Dividends Paid": {"2019-12-31": "-276.69700", "2018-12-31": "-242.81300", "2017-12-31": "-224.48300", "2016-12-31": "-193.74000", "2015-12-31": "-162.49100", "2014-12-31": "-121.37700", "2013-12-31": "-100.40300", "2012-12-31": "-73.37100", "2011-12-31": "-60.03400", "2010-12-31": "-53.77900", "2009-12-31": "-52.46200", "2008-12-31": "-52.13300", "2007-12-31": "-46.33700", "2006-12-31": "-49.07500", "2005-12-31": "-48.49900"}, "Financial Activities - Other": {"2019-12-31": "-23.97600", "2018-12-31": "-4.15400", "2017-12-31": "-9.66900", "2016-12-31": "-26.63600", "2015-12-31": "-7.28200", "2014-12-31": "-6.09400", "2013-12-31": "-5.99300", "2012-12-31": "-2.03100", "2011-12-31": "-3.51100", "2010-12-31": "-0.39300", "2009-12-31": "-0.47700", "2008-12-31": "-0.33800", "2007-12-31": "-0.79900", "2006-12-31": "-1.28900", "2005-12-31": "-0.03500"}, "Cash Flow From Financial Activities": {"2019-12-31": "505.88000", "2018-12-31": "409.90500", "2017-12-31": "141.55700", "2016-12-31": "1338.97000", "2015-12-31": "192.54800", "2014-12-31": "496.09100", "2013-12-31": "212.97400", "2012-12-31": "311.61900", "2011-12-31": "93.45400", "2010-12-31": "-11.81300", "2009-12-31": "-21.94200", "2008-12-31": "-9.80900", "2007-12-31": "-26.61700", "2006-12-31": "-11.01300", "2005-12-31": "-75.86600"}, "Net Cash Flow": {"2019-12-31": "-27.43200", "2018-12-31": "38.75300", "2017-12-31": "-1.80400", "2016-12-31": "-34.16000", "2015-12-31": "-38.37300", "2014-12-31": "78.70600", "2013-12-31": "-24.75500", "2012-12-31": "23.65100", "2011-12-31": "-2.56300", "2010-12-31": "3.92400", "2009-12-31": "-1.66600", "2008-12-31": "0.74700", "2007-12-31": "2.23200", "2006-12-31": "-2.69700", "2005-12-31": "-46.70600"}, "Stock-Based Compensation": {"2019-12-31": "17.48200", "2018-12-31": "15.06600", "2017-12-31": "12.69500", "2016-12-31": "9.55700", "2015-12-31": "7.10800", "2014-12-31": "4.87900", "2013-12-31": "3.19900", "2012-12-31": "1.46300", "2011-12-31": "1.60900", "2010-12-31": "1.59300", "2009-12-31": "2.56600", "2008-12-31": "1.96100", "2007-12-31": "1.12700", "2006-12-31": "2.94200", "2005-12-31": "1.84300"}, "Common Stock Dividends Paid": {"2019-12-31": "-276.69700", "2018-12-31": "-242.81300", "2017-12-31": "-224.48300", "2016-12-31": "-193.74000", "2015-12-31": "-162.49100", "2014-12-31": "-121.37700", "2013-12-31": "-100.40300", "2012-12-31": "-73.37100", "2011-12-31": "-60.03400", "2010-12-31": "-53.77900", "2009-12-31": "-52.46200", "2008-12-31": "-52.13300", "2007-12-31": "-46.33700", "2006-12-31": "-49.07500", "2005-12-31": "-48.49900"}}, "cash flow statement, quarterly": {"Net Income/Loss": {"2020-09-30": 0, "2020-06-30": 0, "2020-03-31": "0.00000", "2019-12-31": 177.379, "2019-09-30": 0, "2019-06-30": 0, "2019-03-31": "0.00000", "2018-12-31": 120.158, "2018-09-30": 0, "2018-06-30": 0, "2018-03-31": "0.00000", "2017-12-31": 81.819, "2017-09-30": 0, "2017-06-30": 0, "2017-03-31": "0.00000", "2016-12-31": 31.471, "2016-09-30": 0, "2016-06-30": 0, "2016-03-31": "0.00000", "2015-12-31": 100.042, "2015-09-30": 39.697, "2015-06-30": 18.486, "2015-03-31": "12.24800", "2014-12-31": -12.017, "2014-09-30": 26.742, "2014-06-30": 7.61, "2014-03-31": "10.86100", "2013-12-31": 2.633, "2013-09-30": 5.97, "2013-06-30": 3.274, "2013-03-31": "8.27100", "2012-12-31": -0.602, "2012-09-30": -0.275, "2012-06-30": 2.479, "2012-03-31": "6.39300", "2011-12-31": -2.112, "2011-09-30": -0.021, "2011-06-30": -0.987, "2011-03-31": "2.58500", "2010-12-31": -0.478, "2010-09-30": -1.649, "2010-06-30": -2.847, "2010-03-31": "1.46100", "2009-12-31": -3.276, "2009-09-30": -2.561, "2009-06-30": -2.527, "2009-03-31": "0.98100", "2008-12-31": -17.051, "2008-09-30": -4.767, "2008-06-30": -8.696, "2008-03-31": "-3.09500", "2007-12-31": -12.287, "2007-09-30": -4.368, "2007-06-30": -2.163, "2007-03-31": "0.04600", "2006-12-31": -18.502, "2006-09-30": -3.889, "2006-06-30": -1.709, "2006-03-31": "-0.86800", "2005-12-31": -1.664, "2005-09-30": -3.725, "2005-06-30": -0.75, "2005-03-31": "0.68700"}, "Total Depreciation And Amortization - Cash Flow": {"2020-09-30": 0, "2020-06-30": 0, "2020-03-31": "", "2019-12-31": 305.302, "2019-09-30": 0, "2019-06-30": 0, "2019-03-31": "", "2018-12-31": 265.551, "2018-09-30": 0, "2018-06-30": 0, "2018-03-31": "", "2017-12-31": 245.41, "2017-09-30": 0, "2017-06-30": 0, "2017-03-31": "", "2016-12-31": 204.166, "2016-09-30": 0, "2016-06-30": 0, "2016-03-31": "", "2015-12-31": 42.174, "2015-09-30": 40.291, "2015-06-30": 37.666, "2015-03-31": "40.83800", "2014-12-31": 42.008, "2014-09-30": 30.182, "2014-06-30": 30.433, "2014-03-31": "29.43600", "2013-12-31": 30.641, "2013-09-30": 25.941, "2013-06-30": 25.764, "2013-03-31": "25.57700", "2012-12-31": 25.71, "2012-09-30": 21.573, "2012-06-30": 20.813, "2012-03-31": "20.01000", "2011-12-31": 21.083, "2011-09-30": 18.954, "2011-06-30": 18.356, "2011-03-31": "16.79800", "2010-12-31": 18.17, "2010-09-30": 15.315, "2010-06-30": 17.4, "2010-03-31": "17.63600", "2009-12-31": 14.936, "2009-09-30": 15.909, "2009-06-30": 17.931, "2009-03-31": "17.18400", "2008-12-31": 16.219, "2008-09-30": 17.438, "2008-06-30": 17.613, "2008-03-31": "17.23100", "2007-12-31": 16.867, "2007-09-30": 16.791, "2007-06-30": 16.756, "2007-03-31": "16.45400", "2006-12-31": 16.633, "2006-09-30": 16.276, "2006-06-30": 15.989, "2006-03-31": "16.20800", "2005-12-31": 14.054, "2005-09-30": 15.187, "2005-06-30": 15.34, "2005-03-31": "14.78800"}, "Other Non-Cash Items": {"2020-09-30": 0, "2020-06-30": 0, "2020-03-31": "", "2019-12-31": -14.614, "2019-09-30": 0, "2019-06-30": 0, "2019-03-31": "", "2018-12-31": 15.91, "2018-09-30": 0, "2018-06-30": 0, "2018-03-31": "", "2017-12-31": -0.988, "2017-09-30": 0, "2017-06-30": 0, "2017-03-31": "", "2016-12-31": 3.736, "2016-09-30": 0, "2016-06-30": 0, "2016-03-31": "", "2015-12-31": -93.143, "2015-09-30": -17.417, "2015-06-30": -0.139, "2015-03-31": "-8.82000", "2014-12-31": -0.809, "2014-09-30": -12.701, "2014-06-30": -1.323, "2014-03-31": "0.14700", "2013-12-31": 0.917, "2013-09-30": 1.958, "2013-06-30": -0.473, "2013-03-31": "-0.07000", "2012-12-31": 0.381, "2012-09-30": 0.382, "2012-06-30": 0.32, "2012-03-31": "0.27700", "2011-12-31": 1.738, "2011-09-30": 0.637, "2011-06-30": 0.418, "2011-03-31": "0.21100", "2010-12-31": 0.006, "2010-09-30": 1.949, "2010-06-30": 0.214, "2010-03-31": "-0.55400", "2009-12-31": 3.854, "2009-09-30": -1.028, "2009-06-30": 0.244, "2009-03-31": "-0.90200", "2008-12-31": 13.037, "2008-09-30": -0.082, "2008-06-30": -3.122, "2008-03-31": "-0.50600", "2007-12-31": -0.063, "2007-09-30": -0.116, "2007-06-30": 0.02, "2007-03-31": "0.81200", "2006-12-31": -0.802, "2006-09-30": -0.227, "2006-06-30": 0.688, "2006-03-31": "0.98800", "2005-12-31": 0.136, "2005-09-30": 0.146, "2005-06-30": -0.49, "2005-03-31": "0.93000"}, "Total Non-Cash Items": {"2020-09-30": 0, "2020-06-30": 0, "2020-03-31": "", "2019-12-31": 290.688, "2019-09-30": 0, "2019-06-30": 0, "2019-03-31": "", "2018-12-31": 281.461, "2018-09-30": 0, "2018-06-30": 0, "2018-03-31": "", "2017-12-31": 244.422, "2017-09-30": 0, "2017-06-30": 0, "2017-03-31": "", "2016-12-31": 207.902, "2016-09-30": 0, "2016-06-30": 0, "2016-03-31": "", "2015-12-31": -50.969, "2015-09-30": 22.874, "2015-06-30": 37.527, "2015-03-31": "32.01800", "2014-12-31": 41.199, "2014-09-30": 17.481, "2014-06-30": 29.11, "2014-03-31": "29.58300", "2013-12-31": 31.558, "2013-09-30": 27.899, "2013-06-30": 25.291, "2013-03-31": "25.50700", "2012-12-31": 26.091, "2012-09-30": 21.955, "2012-06-30": 21.133, "2012-03-31": "20.28700", "2011-12-31": 22.821, "2011-09-30": 19.591, "2011-06-30": 18.774, "2011-03-31": "17.00900", "2010-12-31": 18.176, "2010-09-30": 17.264, "2010-06-30": 17.614, "2010-03-31": "17.08200", "2009-12-31": 18.79, "2009-09-30": 14.881, "2009-06-30": 18.175, "2009-03-31": "16.28200", "2008-12-31": 29.256, "2008-09-30": 17.356, "2008-06-30": 14.491, "2008-03-31": "16.72500", "2007-12-31": 16.804, "2007-09-30": 16.675, "2007-06-30": 16.776, "2007-03-31": "17.26600", "2006-12-31": -50.021, "2006-09-30": 16.049, "2006-06-30": 16.677, "2006-03-31": "17.19600", "2005-12-31": -44.351, "2005-09-30": 15.333, "2005-06-30": 14.85, "2005-03-31": "15.71800"}, "Change In Accounts Receivable": {"2020-09-30": 0, "2020-06-30": 0, "2020-03-31": "", "2019-12-31": 2.988, "2019-09-30": 0, "2019-06-30": 0, "2019-03-31": "", "2018-12-31": -2.299, "2018-09-30": 0, "2018-06-30": 0, "2018-03-31": "", "2017-12-31": -26.193, "2017-09-30": 0, "2017-06-30": 0, "2017-03-31": "", "2016-12-31": -20.933, "2016-09-30": 0, "2016-06-30": 0, "2016-03-31": "", "2015-12-31": -4.634, "2015-09-30": -1.499, "2015-06-30": -0.491, "2015-03-31": "-2.64600", "2014-12-31": -1.494, "2014-09-30": -6.405, "2014-06-30": -7.281, "2014-03-31": "-0.12000", "2013-12-31": 3.861, "2013-09-30": -7.351, "2013-06-30": 2.373, "2013-03-31": "-5.11100", "2012-12-31": -2.117, "2012-09-30": -2.031, "2012-06-30": -2.357, "2012-03-31": "-2.07800", "2011-12-31": -1.992, "2011-09-30": -1.295, "2011-06-30": -1.35, "2011-03-31": "-1.23100", "2010-12-31": -0.864, "2010-09-30": -0.744, "2010-06-30": -1.218, "2010-03-31": "-1.38100", "2009-12-31": -1.2, "2009-09-30": -1.081, "2009-06-30": -0.917, "2009-03-31": "-1.03800", "2008-12-31": -1.547, "2008-09-30": -1.53, "2008-06-30": -2.2, "2008-03-31": "0.50400", "2007-12-31": -3.491, "2007-09-30": 2.814, "2007-06-30": -0.586, "2007-03-31": "0.12100", "2006-12-31": -1.112, "2006-09-30": -1.448, "2006-06-30": -2.285, "2006-03-31": "0.01200", "2005-12-31": -0.487, "2005-09-30": -2.799, "2005-06-30": 0, "2005-03-31": ""}, "Change In Inventories": {"2020-09-30": 0, "2020-06-30": 0, "2020-03-31": "", "2019-12-31": -44.322, "2019-09-30": 0, "2019-06-30": 0, "2019-03-31": "", "2018-12-31": -39.514, "2018-09-30": 0, "2018-06-30": 0, "2018-03-31": "", "2017-12-31": -33.031, "2017-09-30": 0, "2017-06-30": 0, "2017-03-31": "", "2016-12-31": 30.88, "2016-09-30": 0, "2016-06-30": 0, "2016-03-31": "", "2015-12-31": 2.912, "2015-09-30": -8.544, "2015-06-30": -10.539, "2015-03-31": "1.55300", "2014-12-31": -14.564, "2014-09-30": 5.689, "2014-06-30": -3.775, "2014-03-31": "1.50600", "2013-12-31": -8.847, "2013-09-30": 5.937, "2013-06-30": 1.469, "2013-03-31": "", "2012-12-31": -3.103, "2012-09-30": 1.892, "2012-06-30": -4.316, "2012-03-31": "4.31600", "2011-12-31": -18.461, "2011-09-30": 7.102, "2011-06-30": -7.102, "2011-03-31": "", "2010-12-31": -2.77, "2010-09-30": -0.459, "2010-06-30": -2.284, "2010-03-31": "1.86600", "2009-12-31": 1.78, "2009-09-30": -1.952, "2009-06-30": -3.294, "2009-03-31": "3.04600", "2008-12-31": -6.88, "2008-09-30": 2.894, "2008-06-30": 2.622, "2008-03-31": "-5.51600", "2007-12-31": 13.103, "2007-09-30": -7.753, "2007-06-30": -4.112, "2007-03-31": "-2.92000", "2006-12-31": -17.178, "2006-09-30": 3.597, "2006-06-30": 0.763, "2006-03-31": "1.30700", "2005-12-31": -19.508, "2005-09-30": 1.763, "2005-06-30": -6.134, "2005-03-31": "7.89700"}, "Change In Accounts Payable": {"2020-09-30": 0, "2020-06-30": 0, "2020-03-31": "", "2019-12-31": 0, "2019-09-30": 0, "2019-06-30": 0, "2019-03-31": "", "2018-12-31": 0, "2018-09-30": 0, "2018-06-30": 0, "2018-03-31": "", "2017-12-31": 0, "2017-09-30": 0, "2017-06-30": 0, "2017-03-31": "", "2016-12-31": 0, "2016-09-30": 0, "2016-06-30": 0, "2016-03-31": "", "2015-12-31": 0, "2015-09-30": 0, "2015-06-30": 0, "2015-03-31": "", "2014-12-31": 0, "2014-09-30": 0, "2014-06-30": 0, "2014-03-31": "", "2013-12-31": 0, "2013-09-30": 0, "2013-06-30": 0, "2013-03-31": "", "2012-12-31": 0, "2012-09-30": 0, "2012-06-30": 0, "2012-03-31": "", "2011-12-31": 0, "2011-09-30": 0, "2011-06-30": 0, "2011-03-31": "", "2010-12-31": 0, "2010-09-30": 0, "2010-06-30": 0, "2010-03-31": "", "2009-12-31": 0, "2009-09-30": 0, "2009-06-30": 0, "2009-03-31": "", "2008-12-31": 0, "2008-09-30": 0, "2008-06-30": 0, "2008-03-31": "", "2007-12-31": 0, "2007-09-30": 0, "2007-06-30": 0, "2007-03-31": "", "2006-12-31": 0, "2006-09-30": 0, "2006-06-30": 0, "2006-03-31": "", "2005-12-31": 0, "2005-09-30": 0, "2005-06-30": 0, "2005-03-31": ""}, "Change In Assets/Liabilities": {"2020-09-30": 0, "2020-06-30": 0, "2020-03-31": "", "2019-12-31": 1.675, "2019-09-30": 0, "2019-06-30": 0, "2019-03-31": "", "2018-12-31": -0.79, "2018-09-30": 0, "2018-06-30": 0, "2018-03-31": "", "2017-12-31": 0, "2017-09-30": 0, "2017-06-30": 0, "2017-03-31": "", "2016-12-31": -0.5, "2016-09-30": 0, "2016-06-30": 0, "2016-03-31": "", "2015-12-31": 0, "2015-09-30": 0, "2015-06-30": -7.5, "2015-03-31": "", "2014-12-31": 0, "2014-09-30": -0.4, "2014-06-30": -0.4, "2014-03-31": "-0.40000", "2013-12-31": -6.501, "2013-09-30": -0.7, "2013-06-30": -2.305, "2013-03-31": "1.45500", "2012-12-31": -0.65, "2012-09-30": -5.329, "2012-06-30": 2.829, "2012-03-31": "-0.75000", "2011-12-31": 6.202, "2011-09-30": -7.102, "2011-06-30": 0.823, "2011-03-31": "-2.02300", "2010-12-31": -0.5, "2010-09-30": 0.069, "2010-06-30": 0.758, "2010-03-31": "0.81900", "2009-12-31": 0.832, "2009-09-30": 0.854, "2009-06-30": 0.517, "2009-03-31": "-0.02700", "2008-12-31": 9.137, "2008-09-30": -4.959, "2008-06-30": 7.72, "2008-03-31": "4.83000", "2007-12-31": 9.85, "2007-09-30": -0.183, "2007-06-30": -0.041, "2007-03-31": "-0.30700", "2006-12-31": 17.7, "2006-09-30": -0.15, "2006-06-30": -0.236, "2006-03-31": "-0.28100", "2005-12-31": 0.166, "2005-09-30": 1.447, "2005-06-30": 0.278, "2005-03-31": "0.11700"}, "Total Change In Assets/Liabilities": {"2020-09-30": 0, "2020-06-30": 0, "2020-03-31": "", "2019-12-31": 8.667, "2019-09-30": 0, "2019-06-30": 0, "2019-03-31": "", "2018-12-31": -38.505, "2018-09-30": 0, "2018-06-30": 0, "2018-03-31": "", "2017-12-31": -68.258, "2017-09-30": 0, "2017-06-30": 0, "2017-03-31": "", "2016-12-31": 2.082, "2016-09-30": 0, "2016-06-30": 0, "2016-03-31": "", "2015-12-31": -13.588, "2015-09-30": -8.186, "2015-06-30": -4.564, "2015-03-31": "-3.32200", "2014-12-31": -5.121, "2014-09-30": -12.077, "2014-06-30": -4.281, "2014-03-31": "4.23000", "2013-12-31": -13.834, "2013-09-30": 0.017, "2013-06-30": 4.242, "2013-03-31": "-6.14500", "2012-12-31": 3.835, "2012-09-30": -7.237, "2012-06-30": -1.18, "2012-03-31": "-5.62800", "2011-12-31": -1.858, "2011-09-30": -4.201, "2011-06-30": -5.013, "2011-03-31": "-3.27700", "2010-12-31": -1.384, "2010-09-30": -5.032, "2010-06-30": -0.157, "2010-03-31": "-1.70100", "2009-12-31": -0.211, "2009-09-30": -1.964, "2009-06-30": 0.072, "2009-03-31": "1.11900", "2008-12-31": -1.484, "2008-09-30": -3.678, "2008-06-30": 13.741, "2008-03-31": "-1.68800", "2007-12-31": 17.839, "2007-09-30": -5.572, "2007-06-30": -1.39, "2007-03-31": "-4.33900", "2006-12-31": -3.36, "2006-09-30": -0.773, "2006-06-30": -0.04, "2006-03-31": "-0.66000", "2005-12-31": -4.444, "2005-09-30": 0.432, "2005-06-30": -5.638, "2005-03-31": "6.36400"}, "Cash Flow From Operating Activities": {"2020-09-30": 162.431, "2020-06-30": 183.514, "2020-03-31": "118.51300", "2019-12-31": 78.441, "2019-09-30": 138.449, "2019-06-30": 156.703, "2019-03-31": "103.14100", "2018-12-31": 61.91, "2018-09-30": 102.522, "2018-06-30": 117.777, "2018-03-31": "80.90500", "2017-12-31": 31.841, "2017-09-30": 69.516, "2017-06-30": 87.418, "2017-03-31": "69.20800", "2016-12-31": 51.176, "2016-09-30": 61.231, "2016-06-30": 78.122, "2016-03-31": "50.92600", "2015-12-31": 35.485, "2015-09-30": 54.385, "2015-06-30": 51.449, "2015-03-31": "40.94400", "2014-12-31": 24.061, "2014-09-30": 32.146, "2014-06-30": 32.439, "2014-03-31": "44.67400", "2013-12-31": 20.357, "2013-09-30": 33.886, "2013-06-30": 32.807, "2013-03-31": "27.63300", "2012-12-31": 29.324, "2012-09-30": 14.443, "2012-06-30": 22.432, "2012-03-31": "21.05200", "2011-12-31": 18.851, "2011-09-30": 15.369, "2011-06-30": 12.774, "2011-03-31": "16.31700", "2010-12-31": 16.314, "2010-09-30": 10.583, "2010-06-30": 14.61, "2010-03-31": "16.84200", "2009-12-31": 15.303, "2009-09-30": 10.356, "2009-06-30": 15.72, "2009-03-31": "18.38200", "2008-12-31": 10.721, "2008-09-30": 8.911, "2008-06-30": 19.536, "2008-03-31": "11.94200", "2007-12-31": 22.356, "2007-09-30": 6.735, "2007-06-30": 13.223, "2007-03-31": "12.97300", "2006-12-31": -46.915, "2006-09-30": 11.387, "2006-06-30": 14.928, "2006-03-31": "15.66800", "2005-12-31": -45.007, "2005-09-30": 12.04, "2005-06-30": 8.462, "2005-03-31": "22.76900"}, "Net Change In Property, Plant, And Equipment": {"2020-09-30": -285.216, "2020-06-30": -178.532, "2020-03-31": "-144.58600", "2019-12-31": -207.781, "2019-09-30": -230.489, "2019-06-30": -160.017, "2019-03-31": "-382.31800", "2018-12-31": -431.62, "2018-09-30": 177.321, "2018-06-30": -333.917, "2018-03-31": "-65.59600", "2017-12-31": -133.37, "2017-09-30": -99.403, "2017-06-30": -96.033, "2017-03-31": "-71.53300", "2016-12-31": -76.777, "2016-09-30": -75.167, "2016-06-30": -1421.934, "2016-03-31": "-43.73900", "2015-12-31": -8.738, "2015-09-30": -96.017, "2015-06-30": -141.242, "2015-03-31": "-170.33400", "2014-12-31": -336.084, "2014-09-30": -3.717, "2014-06-30": -63.4, "2014-03-31": "-138.01700", "2013-12-31": -79.964, "2013-09-30": -50.699, "2013-06-30": -134.427, "2013-03-31": "-37.51600", "2012-12-31": -284.48, "2012-09-30": -29.257, "2012-06-30": -31.212, "2012-03-31": "-28.33500", "2011-12-31": -24.666, "2011-09-30": -22.001, "2011-06-30": -22.399, "2011-03-31": "-14.79500", "2010-12-31": -13.407, "2010-09-30": -13.107, "2010-06-30": -12.045, "2010-03-31": "-8.41200", "2009-12-31": -15.274, "2009-09-30": -10.812, "2009-06-30": -9.128, "2009-03-31": "-9.75400", "2008-12-31": -17.597, "2008-09-30": -11.736, "2008-06-30": -10.326, "2008-03-31": "-3.40400", "2007-12-31": -24.095, "2007-09-30": -10.111, "2007-06-30": -6.773, "2007-03-31": "-3.29500", "2006-12-31": 2.668, "2006-09-30": -10.859, "2006-06-30": -16.045, "2006-03-31": "-19.42600", "2005-12-31": 7.763, "2005-09-30": -18.229, "2005-06-30": -19.19, "2005-03-31": "-31.75700"}, "Net Change In Intangible Assets": {"2020-09-30": 0, "2020-06-30": 0, "2020-03-31": "", "2019-12-31": 0, "2019-09-30": 0, "2019-06-30": 0, "2019-03-31": "", "2018-12-31": 0, "2018-09-30": 0, "2018-06-30": 0, "2018-03-31": "", "2017-12-31": 0, "2017-09-30": 0, "2017-06-30": 0, "2017-03-31": "", "2016-12-31": 0, "2016-09-30": 0, "2016-06-30": 0, "2016-03-31": "", "2015-12-31": 0, "2015-09-30": 0, "2015-06-30": 0, "2015-03-31": "", "2014-12-31": 0, "2014-09-30": 0, "2014-06-30": 0, "2014-03-31": "", "2013-12-31": 0, "2013-09-30": 0, "2013-06-30": 0, "2013-03-31": "", "2012-12-31": 0, "2012-09-30": 0, "2012-06-30": 0, "2012-03-31": "", "2011-12-31": 0, "2011-09-30": 0, "2011-06-30": 0, "2011-03-31": "", "2010-12-31": 0, "2010-09-30": 0, "2010-06-30": 0, "2010-03-31": "", "2009-12-31": 0, "2009-09-30": 0, "2009-06-30": 0, "2009-03-31": "", "2008-12-31": 0, "2008-09-30": 0, "2008-06-30": 0, "2008-03-31": "", "2007-12-31": 0, "2007-09-30": 0, "2007-06-30": 0, "2007-03-31": "", "2006-12-31": 0, "2006-09-30": 0, "2006-06-30": 0, "2006-03-31": "", "2005-12-31": 0, "2005-09-30": 0, "2005-06-30": 0, "2005-03-31": ""}, "Net Acquisitions/Divestitures": {"2020-09-30": 0, "2020-06-30": 0, "2020-03-31": "", "2019-12-31": 0, "2019-09-30": 0, "2019-06-30": 0, "2019-03-31": "", "2018-12-31": 305.724, "2018-09-30": -305.724, "2018-06-30": 0, "2018-03-31": "", "2017-12-31": 0, "2017-09-30": 0, "2017-06-30": 0, "2017-03-31": "", "2016-12-31": 0, "2016-09-30": 0, "2016-06-30": 0.013, "2016-03-31": "-0.01300", "2015-12-31": -0.052, "2015-09-30": -1.283, "2015-06-30": 1.025, "2015-03-31": "-1.95000", "2014-12-31": 32.936, "2014-09-30": -50, "2014-06-30": 0, "2014-03-31": "", "2013-12-31": 0, "2013-09-30": 0, "2013-06-30": 55.618, "2013-03-31": "-55.61800", "2012-12-31": 59.734, "2012-09-30": -35.252, "2012-06-30": 0, "2012-03-31": "-24.48200", "2011-12-31": -25.668, "2011-09-30": -0.645, "2011-06-30": -50.858, "2011-03-31": "", "2010-12-31": 0, "2010-09-30": 0, "2010-06-30": 0, "2010-03-31": "", "2009-12-31": 0, "2009-09-30": 0, "2009-06-30": 0, "2009-03-31": "", "2008-12-31": 0, "2008-09-30": 0, "2008-06-30": 0, "2008-03-31": "", "2007-12-31": 0, "2007-09-30": 0, "2007-06-30": 0, "2007-03-31": "", "2006-12-31": 0, "2006-09-30": 0, "2006-06-30": 0, "2006-03-31": "", "2005-12-31": 0, "2005-09-30": 0, "2005-06-30": 0, "2005-03-31": ""}, "Net Change In Short-term Investments": {"2020-09-30": -18.797, "2020-06-30": -21.049, "2020-03-31": "-26.01900", "2019-12-31": -4.489, "2019-09-30": -40.271, "2019-06-30": -19.176, "2019-03-31": "-10.38600", "2018-12-31": -63.714, "2018-09-30": -9.209, "2018-06-30": -6.981, "2018-03-31": "-0.99700", "2017-12-31": -0.587, "2017-09-30": -1.156, "2017-06-30": 0.57, "2017-03-31": "-0.13000", "2016-12-31": 3.164, "2016-09-30": 2.383, "2016-06-30": -1.444, "2016-03-31": "-1.49800", "2015-12-31": -0.477, "2015-09-30": 0.337, "2015-06-30": 40.035, "2015-03-31": "-39.88600", "2014-12-31": 1.065, "2014-09-30": 1.685, "2014-06-30": 4.678, "2014-03-31": "-1.05100", "2013-12-31": -2.839, "2013-09-30": 0.368, "2013-06-30": 0.02, "2013-03-31": "-49.60500", "2012-12-31": 0.219, "2012-09-30": -6.054, "2012-06-30": -0.327, "2012-03-31": "0.32700", "2011-12-31": 0.159, "2011-09-30": -0.555, "2011-06-30": 0, "2011-03-31": "", "2010-12-31": 3.859, "2010-09-30": 0, "2010-06-30": 0, "2010-03-31": "", "2009-12-31": -0.05, "2009-09-30": 0, "2009-06-30": -3.422, "2009-03-31": "3.42200", "2008-12-31": 0, "2008-09-30": -1.687, "2008-06-30": 1.187, "2008-03-31": "", "2007-12-31": 0, "2007-09-30": 0, "2007-06-30": 0, "2007-03-31": "", "2006-12-31": 0, "2006-09-30": 0, "2006-06-30": -0.088, "2006-03-31": "0.08800", "2005-12-31": 0, "2005-09-30": 0, "2005-06-30": 5, "2005-03-31": "39.97500"}, "Net Change In Long-Term Investments": {"2020-09-30": 0, "2020-06-30": 0, "2020-03-31": "", "2019-12-31": 0, "2019-09-30": 0, "2019-06-30": 0, "2019-03-31": "", "2018-12-31": 0, "2018-09-30": 0, "2018-06-30": 0, "2018-03-31": "", "2017-12-31": 0, "2017-09-30": 0, "2017-06-30": 0, "2017-03-31": "", "2016-12-31": 0, "2016-09-30": 0, "2016-06-30": 0, "2016-03-31": "", "2015-12-31": 0, "2015-09-30": 0, "2015-06-30": 0, "2015-03-31": "", "2014-12-31": 0, "2014-09-30": 0, "2014-06-30": 0, "2014-03-31": "", "2013-12-31": 0, "2013-09-30": 0, "2013-06-30": 0, "2013-03-31": "", "2012-12-31": 0, "2012-09-30": 0, "2012-06-30": 0, "2012-03-31": "", "2011-12-31": 0, "2011-09-30": 0, "2011-06-30": 0, "2011-03-31": "", "2010-12-31": 0, "2010-09-30": 0, "2010-06-30": 0, "2010-03-31": "", "2009-12-31": 0, "2009-09-30": 0, "2009-06-30": 0, "2009-03-31": "", "2008-12-31": 0, "2008-09-30": 0, "2008-06-30": 0, "2008-03-31": "", "2007-12-31": 0, "2007-09-30": 0, "2007-06-30": 0, "2007-03-31": "", "2006-12-31": 0, "2006-09-30": 0, "2006-06-30": 0, "2006-03-31": "", "2005-12-31": 0, "2005-09-30": 0, "2005-06-30": 0, "2005-03-31": ""}, "Net Change In Investments - Total": {"2020-09-30": -18.797, "2020-06-30": -21.049, "2020-03-31": "-26.01900", "2019-12-31": -4.489, "2019-09-30": -40.271, "2019-06-30": -19.176, "2019-03-31": "-10.38600", "2018-12-31": -63.714, "2018-09-30": -9.209, "2018-06-30": -6.981, "2018-03-31": "-0.99700", "2017-12-31": -0.587, "2017-09-30": -1.156, "2017-06-30": 0.57, "2017-03-31": "-0.13000", "2016-12-31": 3.164, "2016-09-30": 2.383, "2016-06-30": -1.444, "2016-03-31": "-1.49800", "2015-12-31": -0.477, "2015-09-30": 0.337, "2015-06-30": 40.035, "2015-03-31": "-39.88600", "2014-12-31": 1.065, "2014-09-30": 1.685, "2014-06-30": 4.678, "2014-03-31": "-1.05100", "2013-12-31": -2.839, "2013-09-30": 0.368, "2013-06-30": 0.02, "2013-03-31": "-49.60500", "2012-12-31": 0.219, "2012-09-30": -6.054, "2012-06-30": -0.327, "2012-03-31": "0.32700", "2011-12-31": 0.159, "2011-09-30": -0.555, "2011-06-30": 0, "2011-03-31": "", "2010-12-31": 3.859, "2010-09-30": 0, "2010-06-30": 0, "2010-03-31": "", "2009-12-31": -0.05, "2009-09-30": 0, "2009-06-30": -3.422, "2009-03-31": "3.42200", "2008-12-31": 0, "2008-09-30": -1.687, "2008-06-30": 1.187, "2008-03-31": "", "2007-12-31": 0, "2007-09-30": 0, "2007-06-30": 0, "2007-03-31": "", "2006-12-31": 0, "2006-09-30": 0, "2006-06-30": -0.088, "2006-03-31": "0.08800", "2005-12-31": 0, "2005-09-30": 0, "2005-06-30": 5, "2005-03-31": "39.97500"}, "Investing Activities - Other": {"2020-09-30": 6.421, "2020-06-30": 0.795, "2020-03-31": "1.27500", "2019-12-31": 1.064, "2019-09-30": 42.039, "2019-06-30": 1.146, "2019-03-31": "0.22100", "2018-12-31": 0.97, "2018-09-30": 0, "2018-06-30": 1.925, "2018-03-31": "-1.92500", "2017-12-31": 0, "2017-09-30": 0, "2017-06-30": 0, "2017-03-31": "", "2016-12-31": 0, "2016-09-30": 0.5, "2016-06-30": 0, "2016-03-31": "", "2015-12-31": -0.712, "2015-09-30": -1.39, "2015-06-30": 7.5, "2015-03-31": "", "2014-12-31": 0, "2014-09-30": 0.179, "2014-06-30": 0.621, "2014-03-31": "0.40000", "2013-12-31": 0.7, "2013-09-30": 0.7, "2013-06-30": 0.45, "2013-03-31": "0.40000", "2012-12-31": 0.65, "2012-09-30": 6.336, "2012-06-30": -3.836, "2012-03-31": "0.75000", "2011-12-31": 0.45, "2011-09-30": 1.001, "2011-06-30": -0.053, "2011-03-31": "0.70200", "2010-12-31": -2.723, "2010-09-30": 0.592, "2010-06-30": 0.596, "2010-03-31": "2.03500", "2009-12-31": 0.967, "2009-09-30": 1.067, "2009-06-30": 3.499, "2009-03-31": "", "2008-12-31": 1.317, "2008-09-30": 1.692, "2008-06-30": -0.182, "2008-03-31": "0.18200", "2007-12-31": 4.759, "2007-09-30": 0.18, "2007-06-30": -0.264, "2007-03-31": "13.16100", "2006-12-31": 0.437, "2006-09-30": 4.345, "2006-06-30": 0.153, "2006-03-31": "", "2005-12-31": -3.202, "2005-09-30": 6.93, "2005-06-30": 0.737, "2005-03-31": "0.91900"}, "Cash Flow From Investing Activities": {"2020-09-30": -297.592, "2020-06-30": -198.786, "2020-03-31": "-169.33000", "2019-12-31": -211.206, "2019-09-30": -228.721, "2019-06-30": -178.047, "2019-03-31": "-392.48300", "2018-12-31": -188.64, "2018-09-30": -137.612, "2018-06-30": -338.973, "2018-03-31": "-68.51800", "2017-12-31": -133.957, "2017-09-30": -100.559, "2017-06-30": -95.463, "2017-03-31": "-71.66300", "2016-12-31": -73.613, "2016-09-30": -72.284, "2016-06-30": -1423.365, "2016-03-31": "-45.25000", "2015-12-31": -9.979, "2015-09-30": -98.353, "2015-06-30": -92.682, "2015-03-31": "-212.17000", "2014-12-31": -302.083, "2014-09-30": -51.853, "2014-06-30": -58.101, "2014-03-31": "-138.66800", "2013-12-31": -82.103, "2013-09-30": -49.631, "2013-06-30": -78.339, "2013-03-31": "-142.33900", "2012-12-31": -223.877, "2012-09-30": -64.227, "2012-06-30": -35.375, "2012-03-31": "-51.74000", "2011-12-31": -49.725, "2011-09-30": -22.2, "2011-06-30": -73.31, "2011-03-31": "-14.09300", "2010-12-31": -12.271, "2010-09-30": -12.515, "2010-06-30": -11.449, "2010-03-31": "-6.37700", "2009-12-31": -14.357, "2009-09-30": -9.745, "2009-06-30": -9.051, "2009-03-31": "-6.33200", "2008-12-31": -16.28, "2008-09-30": -11.731, "2008-06-30": -9.321, "2008-03-31": "-3.22200", "2007-12-31": -19.336, "2007-09-30": -9.931, "2007-06-30": -7.037, "2007-03-31": "9.86600", "2006-12-31": 3.105, "2006-09-30": -6.514, "2006-06-30": -15.98, "2006-03-31": "-19.33800", "2005-12-31": 4.561, "2005-09-30": -11.299, "2005-06-30": -13.453, "2005-03-31": "9.13700"}, "Net Long-Term Debt": {"2020-09-30": -55.977, "2020-06-30": -537.4571, "2020-03-31": "496.68600", "2019-12-31": 204.3123, "2019-09-30": 174.614, "2019-06-30": -343.1, "2019-03-31": "332.62000", "2018-12-31": 126.3109, "2018-09-30": -348.7369, "2018-06-30": 203.244, "2018-03-31": "56.61900", "2017-12-31": 89.477, "2017-09-30": -12.365, "2017-06-30": -113.951, "2017-03-31": "39.02900", "2016-12-31": 16.521, "2016-09-30": -227.954, "2016-06-30": 987.037, "2016-03-31": "33.20800", "2015-12-31": -193.278, "2015-09-30": 183.656, "2015-06-30": -30.309, "2015-03-31": "213.30100", "2014-12-31": 134.0051, "2014-09-30": -45.188, "2014-06-30": 26.656, "2014-03-31": "-63.09000", "2013-12-31": 91.025, "2013-09-30": 41.02, "2013-06-30": 18.191, "2013-03-31": "-92.52700", "2012-12-31": 124.444, "2012-09-30": -40.066, "2012-06-30": 20.283, "2012-03-31": "-100.64000", "2011-12-31": 44.011, "2011-09-30": 16.721, "2011-06-30": 56.807, "2011-03-31": "-19.74700", "2010-12-31": 4.241, "2010-09-30": 8.527, "2010-06-30": -4.549, "2010-03-31": "4.93700", "2009-12-31": 12.188, "2009-09-30": 11.057, "2009-06-30": 5.19, "2009-03-31": "1.55700", "2008-12-31": 17.954, "2008-09-30": 18.501, "2008-06-30": 2.77, "2008-03-31": "3.91300", "2007-12-31": 9.079, "2007-09-30": 17.141, "2007-06-30": 3.799, "2007-03-31": "-4.74000", "2006-12-31": 3.173, "2006-09-30": 5.745, "2006-06-30": 21.62, "2006-03-31": "15.98700", "2005-12-31": 19.14, "2005-09-30": 17.64, "2005-06-30": 12.866, "2005-03-31": "-4.66700"}, "Net Current Debt": {"2020-09-30": 0, "2020-06-30": 0, "2020-03-31": "", "2019-12-31": 0, "2019-09-30": 0, "2019-06-30": 0, "2019-03-31": "", "2018-12-31": 0, "2018-09-30": 0, "2018-06-30": 0, "2018-03-31": "", "2017-12-31": 0, "2017-09-30": 0, "2017-06-30": 0, "2017-03-31": "", "2016-12-31": 0, "2016-09-30": 0, "2016-06-30": 0, "2016-03-31": "", "2015-12-31": 0, "2015-09-30": 0, "2015-06-30": 0, "2015-03-31": "", "2014-12-31": 0, "2014-09-30": 0, "2014-06-30": 0, "2014-03-31": "", "2013-12-31": 0, "2013-09-30": 0, "2013-06-30": 0, "2013-03-31": "", "2012-12-31": 0, "2012-09-30": 0, "2012-06-30": 0, "2012-03-31": "", "2011-12-31": 0, "2011-09-30": 0, "2011-06-30": 0, "2011-03-31": "", "2010-12-31": 0, "2010-09-30": 0, "2010-06-30": 0, "2010-03-31": "", "2009-12-31": 0, "2009-09-30": 0, "2009-06-30": 0, "2009-03-31": "", "2008-12-31": 0, "2008-09-30": 0, "2008-06-30": 0, "2008-03-31": "", "2007-12-31": 0, "2007-09-30": 0, "2007-06-30": 0, "2007-03-31": "", "2006-12-31": 0, "2006-09-30": 0, "2006-06-30": 0, "2006-03-31": "", "2005-12-31": 0, "2005-09-30": 0, "2005-06-30": 0, "2005-03-31": ""}, "Debt Issuance/Retirement Net - Total": {"2020-09-30": -55.977, "2020-06-30": -537.4571, "2020-03-31": "496.68600", "2019-12-31": 204.3123, "2019-09-30": 174.614, "2019-06-30": -343.1, "2019-03-31": "332.62000", "2018-12-31": 126.3109, "2018-09-30": -348.7369, "2018-06-30": 203.244, "2018-03-31": "56.61900", "2017-12-31": 89.477, "2017-09-30": -12.365, "2017-06-30": -113.951, "2017-03-31": "39.02900", "2016-12-31": 16.521, "2016-09-30": -227.954, "2016-06-30": 987.037, "2016-03-31": "33.20800", "2015-12-31": -193.278, "2015-09-30": 183.656, "2015-06-30": -30.309, "2015-03-31": "213.30100", "2014-12-31": 134.0051, "2014-09-30": -45.188, "2014-06-30": 26.656, "2014-03-31": "-63.09000", "2013-12-31": 91.025, "2013-09-30": 41.02, "2013-06-30": 18.191, "2013-03-31": "-92.52700", "2012-12-31": 124.444, "2012-09-30": -40.066, "2012-06-30": 20.283, "2012-03-31": "-100.64000", "2011-12-31": 44.011, "2011-09-30": 16.721, "2011-06-30": 56.807, "2011-03-31": "-19.74700", "2010-12-31": 4.241, "2010-09-30": 8.527, "2010-06-30": -4.549, "2010-03-31": "4.93700", "2009-12-31": 12.188, "2009-09-30": 11.057, "2009-06-30": 5.19, "2009-03-31": "1.55700", "2008-12-31": 17.954, "2008-09-30": 18.501, "2008-06-30": 2.77, "2008-03-31": "3.91300", "2007-12-31": 9.079, "2007-09-30": 17.141, "2007-06-30": 3.799, "2007-03-31": "-4.74000", "2006-12-31": 3.173, "2006-09-30": 5.745, "2006-06-30": 21.62, "2006-03-31": "15.98700", "2005-12-31": 19.14, "2005-09-30": 17.64, "2005-06-30": 12.866, "2005-03-31": "-4.66700"}, "Net Common Equity Issued/Repurchased": {"2020-09-30": -1.622, "2020-06-30": 628.555, "2020-03-31": "-7.14000", "2019-12-31": -1.089, "2019-09-30": -1.549, "2019-06-30": 447.741, "2019-03-31": "-4.32100", "2018-12-31": -0.612, "2018-09-30": 538.183, "2018-06-30": 89.265, "2018-03-31": "-3.29600", "2017-12-31": 30.039, "2017-09-30": -1.654, "2017-06-30": 438.743, "2017-03-31": "20.54900", "2016-12-31": 1.426, "2016-09-30": 330.195, "2016-06-30": 33.849, "2016-03-31": "385.06400", "2015-12-31": 233.019, "2015-09-30": 40.448, "2015-06-30": 3.24, "2015-03-31": "33.68900", "2014-12-31": 9.591, "2014-09-30": 348.778, "2014-06-30": 27.445, "2014-03-31": "186.48400", "2013-12-31": -0.02, "2013-09-30": -0.135, "2013-06-30": -0.118, "2013-03-31": "262.23400", "2012-12-31": -0.142, "2012-09-30": 143.45, "2012-06-30": -0.118, "2012-03-31": "157.61000", "2011-12-31": 3.758, "2011-09-30": 7.662, "2011-06-30": 17.943, "2011-03-31": "29.84400", "2010-12-31": 9.394, "2010-09-30": 6.939, "2010-06-30": 11.484, "2010-03-31": "2.31100", "2009-12-31": -0.004, "2009-09-30": 1.886, "2009-06-30": -0.246, "2009-03-31": "-0.13100", "2008-12-31": -0.017, "2008-09-30": -0.099, "2008-06-30": -0.28, "2008-03-31": "-0.08000", "2007-12-31": 0.961, "2007-09-30": 0, "2007-06-30": -0.046, "2007-03-31": "-1.17500", "2006-12-31": 0.185, "2006-09-30": 0.518, "2006-06-30": 0.057, "2006-03-31": "0.24100", "2005-12-31": -6.232, "2005-09-30": -6.895, "2005-06-30": -4.639, "2005-03-31": "-4.54500"}, "Net Total Equity Issued/Repurchased": {"2020-09-30": -1.622, "2020-06-30": 628.555, "2020-03-31": "-7.14000", "2019-12-31": -1.089, "2019-09-30": -1.549, "2019-06-30": 447.741, "2019-03-31": "-6.99600", "2018-12-31": -0.612, "2018-09-30": 538.183, "2018-06-30": 89.265, "2018-03-31": "-7.40100", "2017-12-31": -59.421, "2017-09-30": -1.654, "2017-06-30": 414.045, "2017-03-31": "20.54900", "2016-12-31": 1.426, "2016-09-30": 330.195, "2016-06-30": 33.849, "2016-03-31": "385.06400", "2015-12-31": 233.019, "2015-09-30": -80.997, "2015-06-30": 3.24, "2015-03-31": "33.68900", "2014-12-31": 8.472, "2014-09-30": 348.778, "2014-06-30": 27.445, "2014-03-31": "186.48400", "2013-12-31": -0.02, "2013-09-30": -0.435, "2013-06-30": -0.118, "2013-03-31": "262.23400", "2012-12-31": 82.058, "2012-09-30": 143.45, "2012-06-30": -0.118, "2012-03-31": "157.61000", "2011-12-31": 3.758, "2011-09-30": 7.662, "2011-06-30": 17.943, "2011-03-31": "29.84400", "2010-12-31": 9.394, "2010-09-30": 6.014, "2010-06-30": 12.409, "2010-03-31": "1.38600", "2009-12-31": -0.504, "2009-09-30": 1.886, "2009-06-30": -0.246, "2009-03-31": "-0.13100", "2008-12-31": -0.017, "2008-09-30": -0.099, "2008-06-30": -0.28, "2008-03-31": "-0.08000", "2007-12-31": 0.961, "2007-09-30": 0, "2007-06-30": -0.046, "2007-03-31": "-5.67500", "2006-12-31": 0.185, "2006-09-30": 0.518, "2006-06-30": -8.118, "2006-03-31": "0.24100", "2005-12-31": -6.232, "2005-09-30": -6.895, "2005-06-30": -4.639, "2005-03-31": "-54.54500"}, "Total Common And Preferred Stock Dividends Paid": {"2020-09-30": -81.078, "2020-06-30": -78.563, "2020-03-31": "-71.85900", "2019-12-31": -71.058, "2019-09-30": -71.65, "2019-06-30": -68.844, "2019-03-31": "-65.14500", "2018-12-31": -64.887, "2018-09-30": -60.872, "2018-06-30": -60.173, "2018-03-31": "-56.88100", "2017-12-31": -58.546, "2017-09-30": -57.844, "2017-06-30": -54.646, "2017-03-31": "-53.44700", "2016-12-31": -52.722, "2016-09-30": -50.208, "2016-06-30": -47.299, "2016-03-31": "-43.51100", "2015-12-31": -41.023, "2015-09-30": -41.327, "2015-06-30": -42.022, "2015-03-31": "-38.11900", "2014-12-31": -34.963, "2014-09-30": -30.258, "2014-06-30": -29.853, "2014-03-31": "-26.30300", "2013-12-31": -26.218, "2013-09-30": -26.342, "2013-06-30": -26.131, "2013-03-31": "-21.71200", "2012-12-31": -20.443, "2012-09-30": -18.744, "2012-06-30": -18.558, "2012-03-31": "-15.62600", "2011-12-31": -15.564, "2011-09-30": -15.461, "2011-06-30": -14.574, "2011-03-31": "-14.43500", "2010-12-31": -13.739, "2010-09-30": -13.521, "2010-06-30": -13.306, "2010-03-31": "-13.21300", "2009-12-31": -13.213, "2009-09-30": -13.1, "2009-06-30": -13.109, "2009-03-31": "-13.04000", "2008-12-31": -13.04, "2008-09-30": -13.041, "2008-06-30": -13.053, "2008-03-31": "-12.99900", "2007-12-31": -11.459, "2007-09-30": -12.487, "2007-06-30": -11.275, "2007-03-31": "-11.11600", "2006-12-31": -11.783, "2006-09-30": -11.815, "2006-06-30": -12.752, "2006-03-31": "-12.72500", "2005-12-31": -12.816, "2005-09-30": -10.594, "2005-06-30": -12.604, "2005-03-31": "-12.48500"}, "Financial Activities - Other": {"2020-09-30": 0.009, "2020-06-30": -2.979, "2020-03-31": "-6.57800", "2019-12-31": -6.416, "2019-09-30": -15.303, "2019-06-30": -2.875, "2019-03-31": "0.61800", "2018-12-31": -0.485, "2018-09-30": -1.349, "2018-06-30": -1.519, "2018-03-31": "-0.80100", "2017-12-31": -3.321, "2017-09-30": -2.103, "2017-06-30": -1.976, "2017-03-31": "-2.26900", "2016-12-31": -1.725, "2016-09-30": -2.485, "2016-06-30": -7.311, "2016-03-31": "-15.11500", "2015-12-31": -3.055, "2015-09-30": -5.377, "2015-06-30": -2.627, "2015-03-31": "3.77700", "2014-12-31": -5.185, "2014-09-30": -2.093, "2014-06-30": -0.271, "2014-03-31": "1.45500", "2013-12-31": -3.243, "2013-09-30": -0.031, "2013-06-30": -0.967, "2013-03-31": "-1.75200", "2012-12-31": -0.722, "2012-09-30": -0.631, "2012-06-30": -0.14, "2012-03-31": "-0.53800", "2011-12-31": -0.215, "2011-09-30": -1.357, "2011-06-30": -0.49, "2011-03-31": "-1.44900", "2010-12-31": -0.225, "2010-09-30": 0, "2010-06-30": -0.151, "2010-03-31": "-0.01700", "2009-12-31": 0, "2009-09-30": 0, "2009-06-30": -0.467, "2009-03-31": "-0.01000", "2008-12-31": 0, "2008-09-30": -0.03, "2008-06-30": -0.292, "2008-03-31": "-0.01600", "2007-12-31": 0.005, "2007-09-30": -0.463, "2007-06-30": -0.185, "2007-03-31": "-0.15600", "2006-12-31": -0.604, "2006-09-30": -0.43, "2006-06-30": -0.15, "2006-03-31": "-0.10500", "2005-12-31": 0, "2005-09-30": 0, "2005-06-30": -0.023, "2005-03-31": "-0.01200"}, "Cash Flow From Financial Activities": {"2020-09-30": -138.668, "2020-06-30": 9.556, "2020-03-31": "411.10900", "2019-12-31": 125.749, "2019-09-30": 86.112, "2019-06-30": 32.922, "2019-03-31": "261.09700", "2018-12-31": 60.327, "2018-09-30": 127.225, "2018-06-30": 230.817, "2018-03-31": "-8.46400", "2017-12-31": -31.811, "2017-09-30": -73.966, "2017-06-30": 243.472, "2017-03-31": "3.86200", "2016-12-31": -36.5, "2016-09-30": 49.548, "2016-06-30": 966.276, "2016-03-31": "359.64600", "2015-12-31": -4.337, "2015-09-30": 55.955, "2015-06-30": -71.718, "2015-03-31": "212.64800", "2014-12-31": 102.329, "2014-09-30": 271.239, "2014-06-30": 23.977, "2014-03-31": "98.54600", "2013-12-31": 61.544, "2013-09-30": 14.212, "2013-06-30": -9.025, "2013-03-31": "146.24300", "2012-12-31": 185.337, "2012-09-30": 84.009, "2012-06-30": 1.467, "2012-03-31": "40.80600", "2011-12-31": 31.99, "2011-09-30": 7.565, "2011-06-30": 59.686, "2011-03-31": "-5.78700", "2010-12-31": -0.329, "2010-09-30": 1.02, "2010-06-30": -5.597, "2010-03-31": "-6.90700", "2009-12-31": -1.529, "2009-09-30": -0.157, "2009-06-30": -8.632, "2009-03-31": "-11.62400", "2008-12-31": 4.897, "2008-09-30": 5.331, "2008-06-30": -10.855, "2008-03-31": "-9.18200", "2007-12-31": -1.414, "2007-09-30": 4.191, "2007-06-30": -7.707, "2007-03-31": "-21.68700", "2006-12-31": -1.855, "2006-09-30": -5.982, "2006-06-30": 0.6, "2006-03-31": "3.39800", "2005-12-31": 72.403, "2005-09-30": 0.151, "2005-06-30": -4.4, "2005-03-31": "-71.70900"}, "Net Cash Flow": {"2020-09-30": -273.685, "2020-06-30": -5.526, "2020-03-31": "359.91000", "2019-12-31": -6.896, "2019-09-30": -4.312, "2019-06-30": 11.863, "2019-03-31": "-28.08700", "2018-12-31": -66.832, "2018-09-30": 92.293, "2018-06-30": 9.377, "2018-03-31": "3.91500", "2017-12-31": -133.882, "2017-09-30": -104.867, "2017-06-30": 235.548, "2017-03-31": "1.39700", "2016-12-31": -58.903, "2016-09-30": 38.388, "2016-06-30": -378.967, "2016-03-31": "365.32200", "2015-12-31": 21.169, "2015-09-30": 11.987, "2015-06-30": -112.951, "2015-03-31": "41.42200", "2014-12-31": -175.693, "2014-09-30": 251.532, "2014-06-30": -1.685, "2014-03-31": "4.55200", "2013-12-31": -0.202, "2013-09-30": -1.533, "2013-06-30": -54.557, "2013-03-31": "31.53700", "2012-12-31": -9.216, "2012-09-30": 34.225, "2012-06-30": -11.476, "2012-03-31": "10.11800", "2011-12-31": 1.116, "2011-09-30": 0.734, "2011-06-30": -0.85, "2011-03-31": "-3.56300", "2010-12-31": 3.714, "2010-09-30": -0.912, "2010-06-30": -2.436, "2010-03-31": "3.55800", "2009-12-31": -0.583, "2009-09-30": 0.454, "2009-06-30": -1.963, "2009-03-31": "0.42600", "2008-12-31": -0.662, "2008-09-30": 2.511, "2008-06-30": -0.64, "2008-03-31": "-0.46200", "2007-12-31": 1.606, "2007-09-30": 0.995, "2007-06-30": -1.521, "2007-03-31": "1.15200", "2006-12-31": -6.938, "2006-09-30": -1.109, "2006-06-30": -0.452, "2006-03-31": "-0.27200", "2005-12-31": 43.011, "2005-09-30": 0.892, "2005-06-30": -9.391, "2005-03-31": "-39.80300"}, "Stock-Based Compensation": {"2020-09-30": 0, "2020-06-30": 0, "2020-03-31": "", "2019-12-31": 17.482, "2019-09-30": 0, "2019-06-30": 0, "2019-03-31": "", "2018-12-31": 15.066, "2018-09-30": 0, "2018-06-30": 0, "2018-03-31": "", "2017-12-31": 12.695, "2017-09-30": 0, "2017-06-30": 0, "2017-03-31": "", "2016-12-31": 9.557, "2016-09-30": 0, "2016-06-30": 0, "2016-03-31": "", "2015-12-31": 1.874, "2015-09-30": 1.898, "2015-06-30": 1.861, "2015-03-31": "1.47500", "2014-12-31": 1.471, "2014-09-30": 1.185, "2014-06-30": 1.093, "2014-03-31": "1.13000", "2013-12-31": 1.023, "2013-09-30": 1.006, "2013-06-30": 0.606, "2013-03-31": "0.56400", "2012-12-31": 0.393, "2012-09-30": 0.382, "2012-06-30": 0.343, "2012-03-31": "0.34500", "2011-12-31": 0.336, "2011-09-30": 0.639, "2011-06-30": 0.419, "2011-03-31": "0.21500", "2010-12-31": 0, "2010-09-30": 0.292, "2010-06-30": 1.012, "2010-03-31": "0.28900", "2009-12-31": 0.231, "2009-09-30": 0.349, "2009-06-30": 1.568, "2009-03-31": "0.41800", "2008-12-31": 0.265, "2008-09-30": 0.342, "2008-06-30": 0.915, "2008-03-31": "0.43900", "2007-12-31": -0.671, "2007-09-30": 0.444, "2007-06-30": 0.426, "2007-03-31": "0.92800", "2006-12-31": 0.477, "2006-09-30": 0.47, "2006-06-30": 0.935, "2006-03-31": "1.06000", "2005-12-31": 0.325, "2005-09-30": 0.447, "2005-06-30": 0.595, "2005-03-31": "0.47600"}, "Common Stock Dividends Paid": {"2020-09-30": -81.078, "2020-06-30": -78.563, "2020-03-31": "-71.85900", "2019-12-31": -71.058, "2019-09-30": -71.65, "2019-06-30": -68.844, "2019-03-31": "-65.14500", "2018-12-31": -64.887, "2018-09-30": -60.872, "2018-06-30": -60.173, "2018-03-31": "-56.88100", "2017-12-31": -58.546, "2017-09-30": -57.844, "2017-06-30": -54.646, "2017-03-31": "-53.44700", "2016-12-31": -52.722, "2016-09-30": -50.208, "2016-06-30": -47.299, "2016-03-31": "-43.51100", "2015-12-31": -41.023, "2015-09-30": -41.327, "2015-06-30": -42.022, "2015-03-31": "-38.11900", "2014-12-31": -34.963, "2014-09-30": -30.258, "2014-06-30": -29.853, "2014-03-31": "-26.30300", "2013-12-31": -26.218, "2013-09-30": -26.342, "2013-06-30": -26.131, "2013-03-31": "-21.71200", "2012-12-31": -20.443, "2012-09-30": -18.744, "2012-06-30": -18.558, "2012-03-31": "-15.62600", "2011-12-31": -15.564, "2011-09-30": -15.461, "2011-06-30": -14.574, "2011-03-31": "-14.43500", "2010-12-31": -13.739, "2010-09-30": -13.521, "2010-06-30": -13.306, "2010-03-31": "-13.21300", "2009-12-31": -13.213, "2009-09-30": -13.1, "2009-06-30": -13.109, "2009-03-31": "-13.04000", "2008-12-31": -13.04, "2008-09-30": -13.041, "2008-06-30": -13.053, "2008-03-31": "-12.99900", "2007-12-31": -11.459, "2007-09-30": -12.487, "2007-06-30": -11.275, "2007-03-31": "-11.11600", "2006-12-31": -11.783, "2006-09-30": -11.815, "2006-06-30": -12.752, "2006-03-31": "-12.72500", "2005-12-31": -12.816, "2005-09-30": -10.594, "2005-06-30": -12.604, "2005-03-31": "-12.48500"}}, "financial ratios": {"Current Ratio": {"2019-12-31": "", "2018-12-31": "", "2017-12-31": "", "2016-12-31": "", "2015-12-31": "", "2014-12-31": "", "2013-12-31": "", "2012-12-31": "", "2011-12-31": "", "2010-12-31": "", "2009-12-31": "", "2008-12-31": "", "2007-12-31": "", "2006-12-31": "", "2005-12-31": ""}, "Long-term Debt / Capital": {"2019-12-31": "0.46290", "2018-12-31": "0.48650", "2017-12-31": "0.52980", "2016-12-31": "0.55950", "2015-12-31": "0.59850", "2014-12-31": "0.65520", "2013-12-31": "0.79560", "2012-12-31": "0.87220", "2011-12-31": "1.07760", "2010-12-31": "1.11760", "2009-12-31": "1.09740", "2008-12-31": "1.05120", "2007-12-31": "0.98260", "2006-12-31": "0.93640", "2005-12-31": "0.88690"}, "Debt/Equity Ratio": {"2019-12-31": "0.86200", "2018-12-31": "0.94740", "2017-12-31": "1.12670", "2016-12-31": "1.27010", "2015-12-31": "1.49060", "2014-12-31": "1.89990", "2013-12-31": "3.89220", "2012-12-31": "6.82430", "2011-12-31": "-13.88130", "2010-12-31": "-9.50370", "2009-12-31": "-11.26520", "2008-12-31": "-20.53320", "2007-12-31": "56.42970", "2006-12-31": "14.73350", "2005-12-31": "7.84230"}, "Gross Margin": {"2019-12-31": "", "2018-12-31": "", "2017-12-31": "", "2016-12-31": "", "2015-12-31": "", "2014-12-31": "", "2013-12-31": "", "2012-12-31": "", "2011-12-31": "", "2010-12-31": "", "2009-12-31": "", "2008-12-31": "", "2007-12-31": "", "2006-12-31": "", "2005-12-31": ""}, "Operating Margin": {"2019-12-31": "23.22220", "2018-12-31": "23.51630", "2017-12-31": "21.26690", "2016-12-31": "19.11440", "2015-12-31": "22.59170", "2014-12-31": "18.15700", "2013-12-31": "22.40500", "2012-12-31": "22.28160", "2011-12-31": "23.15870", "2010-12-31": "23.90200", "2009-12-31": "22.78270", "2008-12-31": "24.21640", "2007-12-31": "23.94900", "2006-12-31": "23.67040", "2005-12-31": "25.63550"}, "EBIT Margin": {"2019-12-31": "23.22220", "2018-12-31": "23.51630", "2017-12-31": "21.26690", "2016-12-31": "19.11440", "2015-12-31": "22.59170", "2014-12-31": "18.15700", "2013-12-31": "22.40500", "2012-12-31": "22.28160", "2011-12-31": "23.15870", "2010-12-31": "23.90200", "2009-12-31": "22.78270", "2008-12-31": "24.21640", "2007-12-31": "23.94900", "2006-12-31": "23.67040", "2005-12-31": "25.63550"}, "EBITDA Margin": {"2019-12-31": "47.37510", "2018-12-31": "47.08260", "2017-12-31": "46.24320", "2016-12-31": "43.60130", "2015-12-31": "46.44840", "2014-12-31": "45.42740", "2013-12-31": "47.93610", "2012-12-31": "48.27530", "2011-12-31": "49.21240", "2010-12-31": "49.66460", "2009-12-31": "48.24780", "2008-12-31": "51.15440", "2007-12-31": "52.39430", "2006-12-31": "52.25350", "2005-12-31": "53.64450"}, "Pre-Tax Profit Margin": {"2019-12-31": "11.01080", "2018-12-31": "11.49670", "2017-12-31": "7.39910", "2016-12-31": "4.30930", "2015-12-31": "5.74380", "2014-12-31": "2.08750", "2013-12-31": "4.28940", "2012-12-31": "1.28160", "2011-12-31": "-0.86110", "2010-12-31": "-0.69740", "2009-12-31": "-1.76320", "2008-12-31": "-4.58690", "2007-12-31": "-3.93150", "2006-12-31": "-12.51440", "2005-12-31": "-2.90240"}, "Net Profit Margin": {"2019-12-31": "12.67880", "2018-12-31": "9.36200", "2017-12-31": "6.61740", "2016-12-31": "2.08320", "2015-12-31": "20.35260", "2014-12-31": "4.62070", "2013-12-31": "2.51000", "2012-12-31": "1.46270", "2011-12-31": "-0.37630", "2010-12-31": "-1.08400", "2009-12-31": "-2.43300", "2008-12-31": "-13.54670", "2007-12-31": "-7.07990", "2006-12-31": "-10.96160", "2005-12-31": "-2.57210"}, "Asset Turnover": {"2019-12-31": "0.16200", "2018-12-31": "0.16790", "2017-12-31": "0.16080", "2016-12-31": "0.14200", "2015-12-31": "0.16130", "2014-12-31": "0.16480", "2013-12-31": "0.21190", "2012-12-31": "0.19320", "2011-12-31": "0.21100", "2010-12-31": "0.22820", "2009-12-31": "0.21930", "2008-12-31": "0.21070", "2007-12-31": "0.18870", "2006-12-31": "0.17660", "2005-12-31": "0.16050"}, "Inventory Turnover Ratio": {"2019-12-31": "", "2018-12-31": "", "2017-12-31": "", "2016-12-31": "", "2015-12-31": "", "2014-12-31": "", "2013-12-31": "", "2012-12-31": "", "2011-12-31": "", "2010-12-31": "", "2009-12-31": "", "2008-12-31": "", "2007-12-31": "", "2006-12-31": "", "2005-12-31": ""}, "Receiveable Turnover": {"2019-12-31": "", "2018-12-31": "", "2017-12-31": "", "2016-12-31": "", "2015-12-31": "", "2014-12-31": "", "2013-12-31": "", "2012-12-31": "", "2011-12-31": "", "2010-12-31": "", "2009-12-31": "", "2008-12-31": "", "2007-12-31": "", "2006-12-31": "", "2005-12-31": ""}, "Days Sales In Receivables": {"2019-12-31": "", "2018-12-31": "", "2017-12-31": "", "2016-12-31": "", "2015-12-31": "", "2014-12-31": "", "2013-12-31": "", "2012-12-31": "", "2011-12-31": "", "2010-12-31": "", "2009-12-31": "", "2008-12-31": "", "2007-12-31": "", "2006-12-31": "", "2005-12-31": ""}, "ROE - Return On Equity": {"2019-12-31": "4.54460", "2018-12-31": "3.76750", "2017-12-31": "3.07160", "2016-12-31": "1.33230", "2015-12-31": "11.09460", "2014-12-31": "3.58290", "2013-12-31": "5.25360", "2012-12-31": "3.75430", "2011-12-31": "0.53150", "2010-12-31": "2.65360", "2009-12-31": "6.42900", "2008-12-31": "47.59030", "2007-12-31": "-85.42320", "2006-12-31": "-31.89140", "2005-12-31": "-4.38090"}, "Return On Tangible Equity": {"2019-12-31": "4.54460", "2018-12-31": "3.73040", "2017-12-31": "3.03470", "2016-12-31": "1.30450", "2015-12-31": "11.09430", "2014-12-31": "3.53090", "2013-12-31": "5.25320", "2012-12-31": "3.75370", "2011-12-31": "0.53150", "2010-12-31": "2.65360", "2009-12-31": "6.42900", "2008-12-31": "47.59030", "2007-12-31": "-85.42310", "2006-12-31": "-31.89130", "2005-12-31": "-4.38090"}, "ROA - Return On Assets": {"2019-12-31": "2.27350", "2018-12-31": "1.79070", "2017-12-31": "1.33870", "2016-12-31": "0.53610", "2015-12-31": "4.07650", "2014-12-31": "1.13000", "2013-12-31": "1.01000", "2012-12-31": "0.45570", "2011-12-31": "-0.03910", "2010-12-31": "-0.30150", "2009-12-31": "-0.60570", "2008-12-31": "-2.36110", "2007-12-31": "-1.44310", "2006-12-31": "-1.95830", "2005-12-31": "-0.47530"}, "ROI - Return On Investment": {"2019-12-31": "2.44070", "2018-12-31": "1.91560", "2017-12-31": "1.42690", "2016-12-31": "0.57460", "2015-12-31": "4.45450", "2014-12-31": "1.21760", "2013-12-31": "1.07380", "2012-12-31": "0.47980", "2011-12-31": "-0.04130", "2010-12-31": "-0.31210", "2009-12-31": "-0.62630", "2008-12-31": "-2.43640", "2007-12-31": "-1.48740", "2006-12-31": "-2.02700", "2005-12-31": "-0.49550"}, "Book Value Per Share": {"2019-12-31": "41.88710", "2018-12-31": "37.29910", "2017-12-31": "33.83700", "2016-12-31": "32.95430", "2015-12-31": "26.31360", "2014-12-31": "19.35540", "2013-12-31": "10.61270", "2012-12-31": "7.15810", "2011-12-31": "-4.61510", "2010-12-31": "-6.64780", "2009-12-31": "-5.91030", "2008-12-31": "-3.23490", "2007-12-31": "1.14220", "2006-12-31": "4.34530", "2005-12-31": "7.95340"}, "Operating Cash Flow Per Share": {"2019-12-31": 0.9356, "2018-12-31": 1.063, "2017-12-31": -0.2776, "2016-12-31": 0.2467, "2015-12-31": 0.2049, "2014-12-31": -0.1437, "2013-12-31": 0.1162, "2012-12-31": 0.2227, "2011-12-31": -0.0502, "2010-12-31": -0.189, "2009-12-31": 0.4211, "2008-12-31": -0.2701, "2007-12-31": 0.4154, "2006-12-31": 0.3968, "2005-12-31": 2.2699}, "Free Cash Flow Per Share": {"2019-12-31": -2.1235, "2018-12-31": -1.6877, "2017-12-31": 18.8943, "2016-12-31": -16.3914, "2015-12-31": 5.3986, "2014-12-31": -4.2959, "2013-12-31": 5.0837, "2012-12-31": -9.5732, "2011-12-31": -1.5654, "2010-12-31": -0.2067, "2009-12-31": 0.3576, "2008-12-31": -0.1712, "2007-12-31": 0.4222, "2006-12-31": 1.3883, "2005-12-31": -1.1966}}, "financial ratios, quarterly": {"Current Ratio": {"2020-09-30": "", "2020-06-30": "", "2020-03-31": "", "2019-12-31": "", "2019-09-30": "", "2019-06-30": "", "2019-03-31": "", "2018-12-31": "", "2018-09-30": "", "2018-06-30": "", "2018-03-31": "", "2017-12-31": "", "2017-09-30": "", "2017-06-30": "", "2017-03-31": "", "2016-12-31": "", "2016-09-30": "", "2016-06-30": "", "2016-03-31": "", "2015-12-31": "", "2015-09-30": "", "2015-06-30": "", "2015-03-31": "", "2014-12-31": "", "2014-09-30": "", "2014-06-30": "", "2014-03-31": "", "2013-12-31": "", "2013-09-30": "", "2013-06-30": "", "2013-03-31": "", "2012-12-31": "", "2012-09-30": "", "2012-06-30": "", "2012-03-31": "", "2011-12-31": "", "2011-09-30": "", "2011-06-30": "", "2011-03-31": "", "2010-12-31": "", "2010-09-30": "", "2010-06-30": "", "2010-03-31": "", "2009-12-31": "", "2009-09-30": "", "2009-06-30": "", "2009-03-31": "", "2008-12-31": "", "2008-09-30": "", "2008-06-30": "", "2008-03-31": "", "2007-12-31": "", "2007-09-30": "", "2007-06-30": "", "2007-03-31": "", "2006-12-31": "", "2006-09-30": "", "2006-06-30": "", "2006-03-31": "", "2005-12-31": "", "2005-09-30": "", "2005-06-30": "", "2005-03-31": ""}, "Long-term Debt / Capital": {"2020-09-30": "0.42310", "2020-06-30": "0.42770", "2020-03-31": "0.50290", "2019-12-31": "0.46290", "2019-09-30": "0.46960", "2019-06-30": "0.45640", "2019-03-31": "0.51430", "2018-12-31": "0.48650", "2018-09-30": "0.47230", "2018-06-30": "0.54520", "2018-03-31": "0.53980", "2017-12-31": "0.52980", "2017-09-30": "0.51700", "2017-06-30": "0.51840", "2017-03-31": "0.56750", "2016-12-31": "0.55950", "2016-09-30": "0.55970", "2016-06-30": "0.60990", "2016-03-31": "0.55090", "2015-12-31": "0.59850", "2015-09-30": "0.66980", "2015-06-30": "0.66470", "2015-03-31": "0.65820", "2014-12-31": "0.65520", "2014-09-30": "0.60410", "2014-06-30": "0.71670", "2014-03-31": "0.71580", "2013-12-31": "0.79560", "2013-09-30": "0.77040", "2013-06-30": "0.75750", "2013-03-31": "0.74620", "2012-12-31": "0.87220", "2012-09-30": "0.89270", "2012-06-30": "0.97770", "2012-03-31": "0.96610", "2011-12-31": "1.07760", "2011-09-30": "1.05640", "2011-06-30": "1.05120", "2011-03-31": "1.09940", "2010-12-31": "1.11760", "2010-09-30": "1.11640", "2010-06-30": "1.10900", "2010-03-31": "1.10400", "2009-12-31": "1.09740", "2009-09-30": "1.08310", "2009-06-30": "1.07080", "2009-03-31": "1.05920", "2008-12-31": "1.05120", "2008-09-30": "1.02380", "2008-06-30": "1.00970", "2008-03-31": "0.99550", "2007-12-31": "0.98260", "2007-09-30": "0.96460", "2007-06-30": "0.95150", "2007-03-31": "0.94290", "2006-12-31": "0.93640", "2006-09-30": "0.91470", "2006-06-30": "0.90410", "2006-03-31": "0.89490", "2005-12-31": "0.88690", "2005-09-30": "0.86970", "2005-06-30": "0.85560", "2005-03-31": "0.85080"}, "Debt/Equity Ratio": {"2020-09-30": "0.73350", "2020-06-30": "0.74720", "2020-03-31": "1.01160", "2019-12-31": "0.86200", "2019-09-30": "0.88530", "2019-06-30": "0.83950", "2019-03-31": "1.05870", "2018-12-31": "0.94740", "2018-09-30": "0.89500", "2018-06-30": "1.19880", "2018-03-31": "1.17320", "2017-12-31": "1.12670", "2017-09-30": "1.07020", "2017-06-30": "1.07650", "2017-03-31": "1.31190", "2016-12-31": "1.27010", "2016-09-30": "1.27120", "2016-06-30": "1.56360", "2016-03-31": "1.22670", "2015-12-31": "1.49060", "2015-09-30": "2.02820", "2015-06-30": "1.98210", "2015-03-31": "1.92540", "2014-12-31": "1.89990", "2014-09-30": "1.52590", "2014-06-30": "2.52930", "2014-03-31": "2.51840", "2013-12-31": "3.89220", "2013-09-30": "3.35530", "2013-06-30": "3.12390", "2013-03-31": "2.94000", "2012-12-31": "6.82430", "2012-09-30": "8.32150", "2012-06-30": "43.89920", "2012-03-31": "28.50750", "2011-12-31": "-13.88130", "2011-09-30": "-18.73180", "2011-06-30": "-20.51870", "2011-03-31": "-11.06390", "2010-12-31": "-9.50370", "2010-09-30": "-9.59000", "2010-06-30": "-10.17550", "2010-03-31": "-10.61800", "2009-12-31": "-11.26520", "2009-09-30": "-13.03760", "2009-06-30": "-15.12430", "2009-03-31": "-17.89740", "2008-12-31": "-20.53320", "2008-09-30": "-42.95450", "2008-06-30": "-104.29660", "2008-03-31": "219.73720", "2007-12-31": "56.42970", "2007-09-30": "27.25960", "2007-06-30": "19.62020", "2007-03-31": "16.51650", "2006-12-31": "14.73350", "2006-09-30": "10.72320", "2006-06-30": "9.42420", "2006-03-31": "8.51800", "2005-12-31": "7.84230", "2005-09-30": "6.67290", "2005-06-30": "5.92550", "2005-03-31": "5.70080"}, "Gross Margin": {"2020-09-30": "", "2020-06-30": "", "2020-03-31": "", "2019-12-31": "", "2019-09-30": "", "2019-06-30": "", "2019-03-31": "", "2018-12-31": "", "2018-09-30": "", "2018-06-30": "", "2018-03-31": "", "2017-12-31": "", "2017-09-30": "", "2017-06-30": "", "2017-03-31": "", "2016-12-31": "", "2016-09-30": "", "2016-06-30": "", "2016-03-31": "", "2015-12-31": "", "2015-09-30": "", "2015-06-30": "", "2015-03-31": "", "2014-12-31": "", "2014-09-30": "", "2014-06-30": "", "2014-03-31": "", "2013-12-31": "", "2013-09-30": "", "2013-06-30": "", "2013-03-31": "", "2012-12-31": "", "2012-09-30": "", "2012-06-30": "", "2012-03-31": "", "2011-12-31": "", "2011-09-30": "", "2011-06-30": "", "2011-03-31": "", "2010-12-31": "", "2010-09-30": "", "2010-06-30": "", "2010-03-31": "", "2009-12-31": "", "2009-09-30": "", "2009-06-30": "", "2009-03-31": "", "2008-12-31": "", "2008-09-30": "", "2008-06-30": "", "2008-03-31": "", "2007-12-31": "", "2007-09-30": "", "2007-06-30": "", "2007-03-31": "", "2006-12-31": "", "2006-09-30": "", "2006-06-30": "", "2006-03-31": "", "2005-12-31": "", "2005-09-30": "", "2005-06-30": "", "2005-03-31": ""}, "Operating Margin": {"2020-09-30": "27.66650", "2020-06-30": "20.42790", "2020-03-31": "23.28600", "2019-12-31": "15.06760", "2019-09-30": "28.32000", "2019-06-30": "24.03110", "2019-03-31": "24.47780", "2018-12-31": "18.26330", "2018-09-30": "26.58340", "2018-06-30": "22.44190", "2018-03-31": "26.38120", "2017-12-31": "18.40800", "2017-09-30": "21.75960", "2017-06-30": "20.54860", "2017-03-31": "24.38400", "2016-12-31": "17.58650", "2016-09-30": "23.06840", "2016-06-30": "12.70080", "2016-03-31": "22.38100", "2015-12-31": "18.66230", "2015-09-30": "26.88190", "2015-06-30": "24.95750", "2015-03-31": "19.19780", "2014-12-31": "0.66090", "2014-09-30": "25.29550", "2014-06-30": "21.21140", "2014-03-31": "26.01430", "2013-12-31": "18.88870", "2013-09-30": "22.38040", "2013-06-30": "21.84100", "2013-03-31": "26.82170", "2012-12-31": "18.59510", "2012-09-30": "20.59790", "2012-06-30": "22.19090", "2012-03-31": "28.07000", "2011-12-31": "22.58340", "2011-09-30": "22.93670", "2011-06-30": "20.44770", "2011-03-31": "26.67760", "2010-12-31": "23.64580", "2010-09-30": "23.26880", "2010-06-30": "21.44710", "2010-03-31": "27.19490", "2009-12-31": "20.62830", "2009-09-30": "23.61020", "2009-06-30": "21.92120", "2009-03-31": "25.02760", "2008-12-31": "24.50200", "2008-09-30": "21.78110", "2008-06-30": "23.32920", "2008-03-31": "27.13670", "2007-12-31": "26.71300", "2007-09-30": "20.38320", "2007-06-30": "22.68840", "2007-03-31": "25.84220", "2006-12-31": "23.57990", "2006-09-30": "21.67810", "2006-06-30": "23.83770", "2006-03-31": "25.54320", "2005-12-31": "25.01060", "2005-09-30": "22.72020", "2005-06-30": "24.60380", "2005-03-31": "30.24710"}, "EBIT Margin": {"2020-09-30": "27.66650", "2020-06-30": "20.42790", "2020-03-31": "23.28600", "2019-12-31": "15.06760", "2019-09-30": "28.32000", "2019-06-30": "24.03110", "2019-03-31": "24.47780", "2018-12-31": "18.26330", "2018-09-30": "26.58340", "2018-06-30": "22.44190", "2018-03-31": "26.38120", "2017-12-31": "18.40790", "2017-09-30": "21.75960", "2017-06-30": "20.54860", "2017-03-31": "24.38400", "2016-12-31": "17.58650", "2016-09-30": "23.06840", "2016-06-30": "12.70080", "2016-03-31": "22.38100", "2015-12-31": "18.66230", "2015-09-30": "26.88190", "2015-06-30": "24.95750", "2015-03-31": "19.19780", "2014-12-31": "0.66090", "2014-09-30": "25.29550", "2014-06-30": "21.21140", "2014-03-31": "26.01430", "2013-12-31": "18.88870", "2013-09-30": "22.38040", "2013-06-30": "21.84100", "2013-03-31": "26.82170", "2012-12-31": "18.59510", "2012-09-30": "20.59790", "2012-06-30": "22.19090", "2012-03-31": "28.07000", "2011-12-31": "22.58340", "2011-09-30": "22.93670", "2011-06-30": "20.44770", "2011-03-31": "26.67760", "2010-12-31": "23.64580", "2010-09-30": "23.26880", "2010-06-30": "21.44710", "2010-03-31": "27.19490", "2009-12-31": "20.62830", "2009-09-30": "23.61020", "2009-06-30": "21.92120", "2009-03-31": "25.02760", "2008-12-31": "24.50200", "2008-09-30": "21.78110", "2008-06-30": "23.32920", "2008-03-31": "27.13670", "2007-12-31": "26.71300", "2007-09-30": "20.38320", "2007-06-30": "22.68840", "2007-03-31": "25.84220", "2006-12-31": "23.57990", "2006-09-30": "21.67810", "2006-06-30": "23.83770", "2006-03-31": "25.54320", "2005-12-31": "25.01060", "2005-09-30": "22.72020", "2005-06-30": "24.60380", "2005-03-31": "30.24710"}, "EBITDA Margin": {"2020-09-30": "", "2020-06-30": "", "2020-03-31": "", "2019-12-31": "", "2019-09-30": "", "2019-06-30": "", "2019-03-31": "", "2018-12-31": "", "2018-09-30": "", "2018-06-30": "", "2018-03-31": "", "2017-12-31": "", "2017-09-30": "", "2017-06-30": "", "2017-03-31": "", "2016-12-31": "", "2016-09-30": "", "2016-06-30": "", "2016-03-31": "", "2015-12-31": "", "2015-09-30": "", "2015-06-30": "", "2015-03-31": "", "2014-12-31": "", "2014-09-30": "", "2014-06-30": "", "2014-03-31": "", "2013-12-31": "", "2013-09-30": "", "2013-06-30": "", "2013-03-31": "", "2012-12-31": "", "2012-09-30": "", "2012-06-30": "", "2012-03-31": "", "2011-12-31": "", "2011-09-30": "", "2011-06-30": "", "2011-03-31": "", "2010-12-31": "", "2010-09-30": "", "2010-06-30": "", "2010-03-31": "", "2009-12-31": "", "2009-09-30": "", "2009-06-30": "", "2009-03-31": "", "2008-12-31": "", "2008-09-30": "", "2008-06-30": "", "2008-03-31": "", "2007-12-31": "", "2007-09-30": "", "2007-06-30": "", "2007-03-31": "", "2006-12-31": "", "2006-09-30": "", "2006-06-30": "", "2006-03-31": "", "2005-12-31": "", "2005-09-30": "", "2005-06-30": "", "2005-03-31": ""}, "Pre-Tax Profit Margin": {"2020-09-30": "19.86120", "2020-06-30": "9.08480", "2020-03-31": "11.44720", "2019-12-31": "2.64530", "2019-09-30": "15.57600", "2019-06-30": "12.85730", "2019-03-31": "12.03180", "2018-12-31": "6.10540", "2018-09-30": "15.57510", "2018-06-30": "9.70510", "2018-03-31": "13.99520", "2017-12-31": "2.96500", "2017-09-30": "9.50400", "2017-06-30": "6.49310", "2017-03-31": "10.48810", "2016-12-31": "2.69540", "2016-09-30": "9.21620", "2016-06-30": "-2.61110", "2016-03-31": "6.87460", "2015-12-31": "-9.30170", "2015-09-30": "21.45830", "2015-06-30": "6.67480", "2015-03-31": "2.28990", "2014-12-31": "-15.81340", "2014-09-30": "9.78320", "2014-06-30": "5.39540", "2014-03-31": "9.47100", "2013-12-31": "1.76170", "2013-09-30": "5.00000", "2013-06-30": "2.85670", "2013-03-31": "7.70550", "2012-12-31": "-1.31700", "2012-09-30": "-0.95280", "2012-06-30": "0.76860", "2012-03-31": "6.85210", "2011-12-31": "-3.20680", "2011-09-30": "-0.42960", "2011-06-30": "-3.07050", "2011-03-31": "3.39390", "2010-12-31": "-1.29650", "2010-09-30": "-2.22070", "2010-06-30": "-2.93670", "2010-03-31": "3.57770", "2009-12-31": "-1.48640", "2009-09-30": "-4.15670", "2009-06-30": "-3.51020", "2009-03-31": "1.96990", "2008-12-31": "6.46790", "2008-09-30": "-7.10470", "2008-06-30": "-12.10730", "2008-03-31": "-5.37920", "2007-12-31": "-4.28040", "2007-09-30": "-7.67530", "2007-06-30": "-4.16940", "2007-03-31": "0.12550", "2006-12-31": "-35.50150", "2006-09-30": "-8.04130", "2006-06-30": "-3.31480", "2006-03-31": "-2.27830", "2005-12-31": "-3.45750", "2005-09-30": "-7.92000", "2005-06-30": "-3.18350", "2005-03-31": "3.02980"}, "Net Profit Margin": {"2020-09-30": "20.27500", "2020-06-30": "19.42520", "2020-03-31": "-5.18400", "2019-12-31": "9.45830", "2019-09-30": "15.72720", "2019-06-30": "12.92550", "2019-03-31": "11.94830", "2018-12-31": "3.29890", "2018-09-30": "14.24190", "2018-06-30": "7.51860", "2018-03-31": "11.62360", "2017-12-31": "3.07320", "2017-09-30": "8.98990", "2017-06-30": "5.19720", "2017-03-31": "9.00340", "2016-12-31": "-0.73180", "2016-09-30": "7.56790", "2016-06-30": "-4.08960", "2016-03-31": "4.50920", "2015-12-31": "53.13840", "2015-09-30": "15.51780", "2015-06-30": "7.40880", "2015-03-31": "4.42590", "2014-12-31": "-10.54630", "2014-09-30": "17.35490", "2014-06-30": "4.15770", "2014-03-31": "7.05700", "2013-12-31": "0.07290", "2013-09-30": "3.49720", "2013-06-30": "1.03340", "2013-03-31": "5.58140", "2012-12-31": "-1.58090", "2012-09-30": "-0.78300", "2012-06-30": "2.02250", "2012-03-31": "6.46830", "2011-12-31": "-2.92880", "2011-09-30": "-0.49920", "2011-06-30": "-1.30380", "2011-03-31": "3.44260", "2010-12-31": "-0.54840", "2010-09-30": "-2.16820", "2010-06-30": "-3.66940", "2010-03-31": "1.98320", "2009-12-31": "-4.30130", "2009-09-30": "-3.21020", "2009-06-30": "-3.57030", "2009-03-31": "1.34340", "2008-12-31": "-29.35100", "2008-09-30": "-8.96740", "2008-06-30": "-11.28630", "2008-03-31": "-4.77990", "2007-12-31": "-17.39210", "2007-09-30": "-7.61430", "2007-06-30": "-3.73280", "2007-03-31": "0.07500", "2006-12-31": "-31.42960", "2006-09-30": "-7.10900", "2006-06-30": "-2.92770", "2006-03-31": "-1.55470", "2005-12-31": "-3.05540", "2005-09-30": "-6.99100", "2005-06-30": "-1.45320", "2005-03-31": "1.30580"}, "Asset Turnover": {"2020-09-30": "0.04800", "2020-06-30": "0.03630", "2020-03-31": "0.03780", "2019-12-31": "0.03870", "2019-09-30": "0.04900", "2019-06-30": "0.04330", "2019-03-31": "0.04050", "2018-12-31": "0.04080", "2018-09-30": "0.04860", "2018-06-30": "0.04180", "2018-03-31": "0.04190", "2017-12-31": "0.03960", "2017-09-30": "0.04360", "2017-06-30": "0.03850", "2017-03-31": "0.03970", "2016-12-31": "0.03720", "2016-09-30": "0.04230", "2016-06-30": "0.03280", "2016-03-31": "0.03830", "2015-12-31": "0.04020", "2015-09-30": "0.04500", "2015-06-30": "0.04110", "2015-03-31": "0.04040", "2014-12-31": "0.04220", "2014-09-30": "0.05370", "2014-06-30": "0.05530", "2014-03-31": "0.05270", "2013-12-31": "0.05640", "2013-09-30": "0.05540", "2013-06-30": "0.05220", "2013-03-31": "0.05380", "2012-12-31": "0.05160", "2012-09-30": "0.05530", "2012-06-30": "0.05820", "2012-03-31": "0.05900", "2011-12-31": "0.05550", "2011-09-30": "0.05620", "2011-06-30": "0.05160", "2011-03-31": "0.06010", "2010-12-31": "0.05760", "2010-09-30": "0.05560", "2010-06-30": "0.05720", "2010-03-31": "0.05750", "2009-12-31": "0.05680", "2009-09-30": "0.05330", "2009-06-30": "0.05310", "2009-03-31": "0.05450", "2008-12-31": "0.05220", "2008-09-30": "0.05010", "2008-06-30": "0.05350", "2008-03-31": "0.05250", "2007-12-31": "0.04690", "2007-09-30": "0.04550", "2007-06-30": "0.04590", "2007-03-31": "0.04840", "2006-12-31": "0.04560", "2006-09-30": "0.04160", "2006-06-30": "0.04390", "2006-03-31": "0.04210", "2005-12-31": "0.04120", "2005-09-30": "0.04040", "2005-06-30": "0.03890", "2005-03-31": "0.03950"}, "Inventory Turnover Ratio": {"2020-09-30": "", "2020-06-30": "", "2020-03-31": "", "2019-12-31": "", "2019-09-30": "", "2019-06-30": "", "2019-03-31": "", "2018-12-31": "", "2018-09-30": "", "2018-06-30": "", "2018-03-31": "", "2017-12-31": "", "2017-09-30": "", "2017-06-30": "", "2017-03-31": "", "2016-12-31": "", "2016-09-30": "", "2016-06-30": "", "2016-03-31": "", "2015-12-31": "", "2015-09-30": "", "2015-06-30": "", "2015-03-31": "", "2014-12-31": "", "2014-09-30": "", "2014-06-30": "", "2014-03-31": "", "2013-12-31": "", "2013-09-30": "", "2013-06-30": "", "2013-03-31": "", "2012-12-31": "", "2012-09-30": "", "2012-06-30": "", "2012-03-31": "", "2011-12-31": "", "2011-09-30": "", "2011-06-30": "", "2011-03-31": "", "2010-12-31": "", "2010-09-30": "", "2010-06-30": "", "2010-03-31": "", "2009-12-31": "", "2009-09-30": "", "2009-06-30": "", "2009-03-31": "", "2008-12-31": "", "2008-09-30": "", "2008-06-30": "", "2008-03-31": "", "2007-12-31": "", "2007-09-30": "", "2007-06-30": "", "2007-03-31": "", "2006-12-31": "", "2006-09-30": "", "2006-06-30": "", "2006-03-31": "", "2005-12-31": "", "2005-09-30": "", "2005-06-30": "", "2005-03-31": ""}, "Receiveable Turnover": {"2020-09-30": "", "2020-06-30": "", "2020-03-31": "", "2019-12-31": "", "2019-09-30": "", "2019-06-30": "", "2019-03-31": "", "2018-12-31": "", "2018-09-30": "", "2018-06-30": "", "2018-03-31": "", "2017-12-31": "", "2017-09-30": "", "2017-06-30": "", "2017-03-31": "", "2016-12-31": "", "2016-09-30": "", "2016-06-30": "", "2016-03-31": "", "2015-12-31": "", "2015-09-30": "", "2015-06-30": "", "2015-03-31": "", "2014-12-31": "", "2014-09-30": "", "2014-06-30": "", "2014-03-31": "", "2013-12-31": "", "2013-09-30": "", "2013-06-30": "", "2013-03-31": "", "2012-12-31": "", "2012-09-30": "", "2012-06-30": "", "2012-03-31": "", "2011-12-31": "", "2011-09-30": "", "2011-06-30": "", "2011-03-31": "", "2010-12-31": "", "2010-09-30": "", "2010-06-30": "", "2010-03-31": "", "2009-12-31": "", "2009-09-30": "", "2009-06-30": "", "2009-03-31": "", "2008-12-31": "", "2008-09-30": "", "2008-06-30": "", "2008-03-31": "", "2007-12-31": "", "2007-09-30": "", "2007-06-30": "", "2007-03-31": "", "2006-12-31": "", "2006-09-30": "", "2006-06-30": "", "2006-03-31": "", "2005-12-31": "", "2005-09-30": "", "2005-06-30": "", "2005-03-31": ""}, "Days Sales In Receivables": {"2020-09-30": "", "2020-06-30": "", "2020-03-31": "", "2019-12-31": "", "2019-09-30": "", "2019-06-30": "", "2019-03-31": "", "2018-12-31": "", "2018-09-30": "", "2018-06-30": "", "2018-03-31": "", "2017-12-31": "", "2017-09-30": "", "2017-06-30": "", "2017-03-31": "", "2016-12-31": "", "2016-09-30": "", "2016-06-30": "", "2016-03-31": "", "2015-12-31": "", "2015-09-30": "", "2015-06-30": "", "2015-03-31": "", "2014-12-31": "", "2014-09-30": "", "2014-06-30": "", "2014-03-31": "", "2013-12-31": "", "2013-09-30": "", "2013-06-30": "", "2013-03-31": "", "2012-12-31": "", "2012-09-30": "", "2012-06-30": "", "2012-03-31": "", "2011-12-31": "", "2011-09-30": "", "2011-06-30": "", "2011-03-31": "", "2010-12-31": "", "2010-09-30": "", "2010-06-30": "", "2010-03-31": "", "2009-12-31": "", "2009-09-30": "", "2009-06-30": "", "2009-03-31": "", "2008-12-31": "", "2008-09-30": "", "2008-06-30": "", "2008-03-31": "", "2007-12-31": "", "2007-09-30": "", "2007-06-30": "", "2007-03-31": "", "2006-12-31": "", "2006-09-30": "", "2006-06-30": "", "2006-03-31": "", "2005-12-31": "", "2005-09-30": "", "2005-06-30": "", "2005-03-31": ""}, "ROE - Return On Equity": {"2020-09-30": "2.01300", "2020-06-30": "1.42560", "2020-03-31": "-0.40600", "2019-12-31": "0.78630", "2019-09-30": "1.79800", "2019-06-30": "1.25760", "2019-03-31": "1.17510", "2018-12-31": "0.33460", "2018-09-30": "1.59380", "2018-06-30": "0.89060", "2018-03-31": "1.27490", "2017-12-31": "0.38830", "2017-09-30": "1.04790", "2017-06-30": "0.61470", "2017-03-31": "1.08290", "2016-12-31": "0.06350", "2016-09-30": "0.96600", "2016-06-30": "-0.23910", "2016-03-31": "0.62370", "2015-12-31": "6.51000", "2015-09-30": "3.20580", "2015-06-30": "1.53960", "2015-03-31": "1.04880", "2014-12-31": "-1.29700", "2014-09-30": "2.92750", "2014-06-30": "1.33140", "2014-03-31": "1.91980", "2013-12-31": "0.68660", "2013-09-30": "1.42260", "2013-06-30": "0.74560", "2013-03-31": "1.79210", "2012-12-31": "-0.28270", "2012-09-30": "-0.18000", "2012-06-30": "8.30230", "2012-03-31": "14.08890", "2011-12-31": "2.09830", "2011-09-30": "0.02900", "2011-06-30": "1.50810", "2011-03-31": "-2.31420", "2010-12-31": "0.36110", "2010-09-30": "1.25840", "2010-06-30": "2.31510", "2010-03-31": "-1.23460", "2009-12-31": "2.87850", "2009-09-30": "2.86830", "2009-06-30": "2.89980", "2009-03-31": "-1.67720", "2008-12-31": "21.25010", "2008-09-30": "15.91170", "2008-06-30": "70.13620", "2008-03-31": "-59.89320", "2007-12-31": "-54.61120", "2007-09-30": "-10.10270", "2007-06-30": "-3.65390", "2007-03-31": "0.06560", "2006-12-31": "-23.36200", "2006-09-30": "-3.58520", "2006-06-30": "-1.39150", "2006-03-31": "-0.86150", "2005-12-31": "-1.16150", "2005-09-30": "-2.25080", "2005-06-30": "-0.78680", "2005-03-31": "0.29520"}, "Return On Tangible Equity": {"2020-09-30": "2.01300", "2020-06-30": "1.42560", "2020-03-31": "-0.40600", "2019-12-31": "0.78630", "2019-09-30": "1.78230", "2019-06-30": "1.24670", "2019-03-31": "1.16340", "2018-12-31": "0.33130", "2018-09-30": "1.57840", "2018-06-30": "0.88030", "2018-03-31": "1.27490", "2017-12-31": "0.38360", "2017-09-30": "1.04780", "2017-06-30": "0.61470", "2017-03-31": "1.08290", "2016-12-31": "0.06220", "2016-09-30": "0.96600", "2016-06-30": "-0.23910", "2016-03-31": "0.62370", "2015-12-31": "6.50980", "2015-09-30": "3.20570", "2015-06-30": "1.53960", "2015-03-31": "1.04870", "2014-12-31": "-1.27820", "2014-09-30": "2.92740", "2014-06-30": "1.33130", "2014-03-31": "1.91970", "2013-12-31": "0.68650", "2013-09-30": "1.42250", "2013-06-30": "0.74560", "2013-03-31": "1.79190", "2012-12-31": "-0.28260", "2012-09-30": "-0.18000", "2012-06-30": "8.30240", "2012-03-31": "14.08900", "2011-12-31": "2.09830", "2011-09-30": "0.02900", "2011-06-30": "1.50810", "2011-03-31": "-2.31420", "2010-12-31": "0.36110", "2010-09-30": "1.25840", "2010-06-30": "2.31510", "2010-03-31": "-1.23460", "2009-12-31": "2.87850", "2009-09-30": "2.86830", "2009-06-30": "2.89980", "2009-03-31": "-1.67720", "2008-12-31": "21.25010", "2008-09-30": "15.91170", "2008-06-30": "70.13610", "2008-03-31": "-59.89330", "2007-12-31": "-54.61110", "2007-09-30": "-10.10270", "2007-06-30": "-3.65390", "2007-03-31": "0.06560", "2006-12-31": "-23.36200", "2006-09-30": "-3.58520", "2006-06-30": "-1.39150", "2006-03-31": "-0.86150", "2005-12-31": "-1.16150", "2005-09-30": "-2.25080", "2005-06-30": "-0.78680", "2005-03-31": "0.29520"}, "ROA - Return On Assets": {"2020-09-30": "1.07680", "2020-06-30": "0.75890", "2020-03-31": "-0.18850", "2019-12-31": "0.39340", "2019-09-30": "0.87120", "2019-06-30": "0.62470", "2019-03-31": "0.52290", "2018-12-31": "0.15900", "2018-09-30": "0.77720", "2018-06-30": "0.37230", "2018-03-31": "0.54640", "2017-12-31": "0.16920", "2017-09-30": "0.47030", "2017-06-30": "0.27470", "2017-03-31": "0.43280", "2016-12-31": "0.02560", "2016-09-30": "0.39340", "2016-06-30": "-0.08650", "2016-03-31": "0.25810", "2015-12-31": "2.39200", "2015-09-30": "0.96480", "2015-06-30": "0.45870", "2015-03-31": "0.31860", "2014-12-31": "-0.40910", "2014-09-30": "1.10010", "2014-06-30": "0.35490", "2014-03-31": "0.51520", "2013-12-31": "0.13200", "2013-09-30": "0.30830", "2013-06-30": "0.17080", "2013-03-31": "0.43220", "2012-12-31": "-0.03430", "2012-09-30": "-0.01830", "2012-06-30": "0.17550", "2012-03-31": "0.45400", "2011-12-31": "-0.15440", "2011-09-30": "-0.00160", "2011-06-30": "-0.07460", "2011-03-31": "0.22280", "2010-12-31": "-0.04100", "2010-09-30": "-0.14170", "2010-06-30": "-0.24390", "2010-03-31": "0.12450", "2009-12-31": "-0.27120", "2009-09-30": "-0.23020", "2009-06-30": "-0.19850", "2009-03-31": "0.09630", "2008-12-31": "-1.05430", "2008-09-30": "-0.36770", "2008-06-30": "-0.65780", "2008-03-31": "-0.26340", "2007-12-31": "-0.92260", "2007-09-30": "-0.34640", "2007-06-30": "-0.17130", "2007-03-31": "0.00360", "2006-12-31": "-1.43460", "2006-09-30": "-0.29540", "2006-06-30": "-0.12850", "2006-03-31": "-0.08710", "2005-12-31": "-0.12600", "2005-09-30": "-0.28230", "2005-06-30": "-0.10880", "2005-03-31": "0.04170"}, "ROI - Return On Investment": {"2020-09-30": "1.16120", "2020-06-30": "0.81590", "2020-03-31": "-0.20180", "2019-12-31": "0.42230", "2019-09-30": "0.94540", "2019-06-30": "0.67780", "2019-03-31": "0.56510", "2018-12-31": "0.17010", "2018-09-30": "0.83290", "2018-06-30": "0.40040", "2018-03-31": "0.58660", "2017-12-31": "0.18040", "2017-09-30": "0.50620", "2017-06-30": "0.29600", "2017-03-31": "0.46840", "2016-12-31": "0.02740", "2016-09-30": "0.42530", "2016-06-30": "-0.09330", "2016-03-31": "0.28010", "2015-12-31": "2.61380", "2015-09-30": "1.05860", "2015-06-30": "0.51630", "2015-03-31": "0.35850", "2014-12-31": "-0.44080", "2014-09-30": "1.15890", "2014-06-30": "0.37720", "2014-03-31": "0.54560", "2013-12-31": "0.14030", "2013-09-30": "0.32660", "2013-06-30": "0.18080", "2013-03-31": "0.45480", "2012-12-31": "-0.03610", "2012-09-30": "-0.01930", "2012-06-30": "0.18490", "2012-03-31": "0.47750", "2011-12-31": "-0.16290", "2011-09-30": "-0.00160", "2011-06-30": "-0.07730", "2011-03-31": "0.23000", "2010-12-31": "-0.04250", "2010-09-30": "-0.14650", "2010-06-30": "-0.25230", "2010-03-31": "0.12840", "2009-12-31": "-0.28040", "2009-09-30": "-0.23830", "2009-06-30": "-0.20530", "2009-03-31": "0.09930", "2008-12-31": "-1.08790", "2008-09-30": "-0.37930", "2008-06-30": "-0.67900", "2008-03-31": "-0.27130", "2007-12-31": "-0.95090", "2007-09-30": "-0.35750", "2007-06-30": "-0.17720", "2007-03-31": "0.00370", "2006-12-31": "-1.48490", "2006-09-30": "-0.30580", "2006-06-30": "-0.13350", "2006-03-31": "-0.09050", "2005-12-31": "-0.13140", "2005-09-30": "-0.29330", "2005-06-30": "-0.11360", "2005-03-31": "0.04410"}, "Book Value Per Share": {"2020-09-30": "45.36790", "2020-06-30": "45.22290", "2020-03-31": "40.85130", "2019-12-31": "41.88710", "2019-09-30": "39.87300", "2019-06-30": "39.91360", "2019-03-31": "36.90380", "2018-12-31": "37.29910", "2018-09-30": "37.94120", "2018-06-30": "33.94190", "2018-03-31": "32.99310", "2017-12-31": "33.83700", "2017-09-30": "34.83150", "2017-06-30": "34.96210", "2017-03-31": "31.99050", "2016-12-31": "32.95430", "2016-09-30": "32.93070", "2016-06-30": "30.69440", "2016-03-31": "29.24350", "2015-12-31": "26.31360", "2015-09-30": "22.29390", "2015-06-30": "22.34060", "2015-03-31": "21.83030", "2014-12-31": "19.35540", "2014-09-30": "19.02740", "2014-06-30": "13.90490", "2014-03-31": "14.00650", "2013-12-31": "10.61270", "2013-09-30": "11.61310", "2013-06-30": "12.16130", "2013-03-31": "12.25450", "2012-12-31": "7.15810", "2012-09-30": "5.13950", "2012-06-30": "1.12800", "2012-03-31": "1.71440", "2011-12-31": "-4.61510", "2011-09-30": "-3.33660", "2011-06-30": "-3.04380", "2011-03-31": "-5.33950", "2010-12-31": "-6.64780", "2010-09-30": "-6.68610", "2010-06-30": "-6.35460", "2010-03-31": "-6.23250", "2009-12-31": "-5.91030", "2009-09-30": "-5.07890", "2009-06-30": "-4.38680", "2009-03-31": "-3.69220", "2008-12-31": "-3.23490", "2008-09-30": "-1.53370", "2008-06-30": "-0.62230", "2008-03-31": "0.29450", "2007-12-31": "1.14220", "2007-09-30": "2.35710", "2007-06-30": "3.22990", "2007-03-31": "3.83510", "2006-12-31": "4.34530", "2006-09-30": "5.97920", "2006-06-30": "6.79560", "2006-03-31": "7.43280", "2005-12-31": "7.95340", "2005-09-30": "9.08610", "2005-06-30": "10.06650", "2005-03-31": "10.27290"}, "Operating Cash Flow Per Share": {"2020-09-30": 1.6206, "2020-06-30": 1.8655, "2020-03-31": "1.27520", "2019-12-31": 0.9525, "2019-09-30": 1.4417, "2019-06-30": 1.7686, "2019-03-31": "1.19890", "2018-12-31": 0.7565, "2018-09-30": 1.1897, "2018-06-30": 1.4618, "2018-03-31": "1.01810", "2017-12-31": 0.4936, "2017-09-30": 0.7854, "2017-06-30": 1.1376, "2017-03-31": "0.94650", "2016-12-31": 0.8858, "2016-09-30": 0.7621, "2016-06-30": 1.1167, "2016-03-31": "0.87610", "2015-12-31": 0.6589, "2015-09-30": 0.9996, "2015-06-30": 0.9614, "2015-03-31": "0.77410", "2014-12-31": 0.5415, "2014-09-30": 0.7457, "2014-06-30": 0.6848, "2014-03-31": "1.21710", "2013-12-31": 0.723, "2013-09-30": 0.9266, "2013-06-30": 0.7857, "2013-03-31": "0.89750", "2012-12-31": 1.0662, "2012-09-30": 0.5086, "2012-06-30": 0.8196, "2012-03-31": "0.82220", "2011-12-31": 0.913, "2011-09-30": 0.7015, "2011-06-30": 0.6669, "2011-03-31": "0.71250", "2010-12-31": 0.8687, "2010-09-30": 0.5227, "2010-06-30": 0.8501, "2010-03-31": "0.80260", "2009-12-31": 0.8317, "2009-09-30": 0.555, "2009-06-30": 0.9583, "2009-03-31": "0.88810", "2008-12-31": 0.5944, "2008-09-30": 0.4844, "2008-06-30": 1.0726, "2008-03-31": "0.66060", "2007-12-31": 1.2487, "2007-09-30": 0.3718, "2007-06-30": 0.7403, "2007-03-31": "0.72130", "2006-12-31": -2.6576, "2006-09-30": 0.6411, "2006-06-30": 0.8433, "2006-03-31": "0.89360", "2005-12-31": -2.5364, "2005-09-30": 0.677, "2005-06-30": 0.4929, "2005-03-31": "1.26850"}, "Free Cash Flow Per Share": {"2020-09-30": -1.2556, "2020-06-30": 0.0613, "2020-03-31": "-0.28060", "2019-12-31": -1.5207, "2019-09-30": -0.9201, "2019-06-30": 0.0189, "2019-03-31": "-3.24500", "2018-12-31": -4.506, "2018-09-30": 3.4694, "2018-06-30": -2.6995, "2018-03-31": "0.19270", "2017-12-31": -1.3376, "2017-09-30": -0.3725, "2017-06-30": -0.1138, "2017-03-31": "-0.03180", "2016-12-31": -1.1962, "2016-09-30": 1.0868, "2016-06-30": -20.7642, "2016-03-31": "0.12360", "2015-12-31": 0.5015, "2015-09-30": -0.743, "2015-06-30": -1.6708, "2015-03-31": "-2.44630", "2014-12-31": -7.4339, "2014-09-30": 0.7425, "2014-06-30": -0.5227, "2014-03-31": "-2.54310", "2013-12-31": -1.9111, "2013-09-30": -0.4449, "2013-06-30": -2.7843, "2013-03-31": "-0.32100", "2012-12-31": -9.3988, "2012-09-30": -0.5397, "2012-06-30": -0.3221, "2012-03-31": "-0.28440", "2011-12-31": -0.2822, "2011-09-30": -0.3054, "2011-06-30": -0.4507, "2011-03-31": "0.06650", "2010-12-31": 0.1552, "2010-09-30": -0.1393, "2010-06-30": 0.176, "2010-03-31": "0.40170", "2009-12-31": 0.0028, "2009-09-30": -0.0266, "2009-06-30": 0.4072, "2009-03-31": "0.41690", "2008-12-31": -0.3767, "2008-09-30": -0.1578, "2008-06-30": 0.5049, "2008-03-31": "0.47230", "2007-12-31": -0.096, "2007-09-30": -0.1899, "2007-06-30": 0.3617, "2007-03-31": "0.53810", "2006-12-31": -2.5084, "2006-09-30": 0.0306, "2006-06-30": -0.0625, "2006-03-31": "-0.21430", "2005-12-31": -2.1047, "2005-09-30": -0.3478, "2005-06-30": -0.6113, "2005-03-31": "-0.50070"}}, "revenue": {"Sun Communities Annual Revenue (Millions of US $)": {"2019": "$1,264", "2018": "$1,127", "2017": "$983", "2016": "$834", "2015": "$675", "2014": "$484", "2013": "$423", "2012": "$339", "2011": "$289", "2010": "$266", "2009": "$259", "2008": "$254", "2007": "$235", "2006": "$228", "2005": "$212"}, "Sun Communities Quarterly Revenue (Millions of US $)": {"2020-09-30": "$401", "2020-06-30": "$303", "2020-03-31": "$310", "2019-12-31": "$302", "2019-09-30": "$362", "2019-06-30": "$312", "2019-03-31": "$287", "2018-12-31": "$274", "2018-09-30": "$323", "2018-06-30": "$271", "2018-03-31": "$258", "2017-12-31": "$242", "2017-09-30": "$268", "2017-06-30": "$238", "2017-03-31": "$234", "2016-12-31": "$219", "2016-09-30": "$250", "2016-06-30": "$191", "2016-03-31": "$175", "2015-12-31": "$168", "2015-09-30": "$185", "2015-06-30": "$166", "2015-03-31": "$155", "2014-12-31": "$124", "2014-09-30": "$131", "2014-06-30": "$119", "2014-03-31": "$111", "2013-12-31": "$112", "2013-09-30": "$107", "2013-06-30": "$100", "2013-03-31": "$103", "2012-12-31": "$91", "2012-09-30": "$83", "2012-06-30": "$82", "2012-03-31": "$83", "2011-12-31": "$76", "2011-09-30": "$75", "2011-06-30": "$68", "2011-03-31": "$70", "2010-12-31": "$67", "2010-09-30": "$65", "2010-06-30": "$67", "2010-03-31": "$67", "2009-12-31": "$67", "2009-09-30": "$63", "2009-06-30": "$63", "2009-03-31": "$65", "2008-12-31": "$63", "2008-09-30": "$61", "2008-06-30": "$65", "2008-03-31": "$65", "2007-12-31": "$58", "2007-09-30": "$57", "2007-06-30": "$58", "2007-03-31": "$61", "2006-12-31": "$59", "2006-09-30": "$55", "2006-06-30": "$58", "2006-03-31": "$56", "2005-12-31": "$54", "2005-09-30": "$53", "2005-06-30": "$52", "2005-03-31": "$53"}}, "gross-profit": {"Sun Communities Annual Gross Profit (Millions of US $)": {"2019": "$779", "2018": "$688", "2017": "$603", "2016": "$511", "2015": "$420", "2014": "$295", "2013": "$252", "2012": "$198", "2011": "$170", "2010": "$157", "2009": "$152", "2008": "$149", "2007": "$139", "2006": "$137", "2005": "$129"}, "Sun Communities Quarterly Gross Profit (Millions of US $)": {"2020-09-30": "$250", "2020-06-30": "$186", "2020-03-31": "$194", "2019-12-31": "$183", "2019-09-30": "$225", "2019-06-30": "$191", "2019-03-31": "$180", "2018-12-31": "$167", "2018-09-30": "$197", "2018-06-30": "$162", "2018-03-31": "$161", "2017-12-31": "$146", "2017-09-30": "$164", "2017-06-30": "$144", "2017-03-31": "$148", "2016-12-31": "$130", "2016-09-30": "$152", "2016-06-30": "$119", "2016-03-31": "$110", "2015-12-31": "$100", "2015-09-30": "$118", "2015-06-30": "$103", "2015-03-31": "$99", "2014-12-31": "$75", "2014-09-30": "$80", "2014-06-30": "$71", "2014-03-31": "$69", "2013-12-31": "$69", "2013-09-30": "$62", "2013-06-30": "$58", "2013-03-31": "$63", "2012-12-31": "$53", "2012-09-30": "$47", "2012-06-30": "$47", "2012-03-31": "$51", "2011-12-31": "$45", "2011-09-30": "$43", "2011-06-30": "$40", "2011-03-31": "$42", "2010-12-31": "$41", "2010-09-30": "$37", "2010-06-30": "$39", "2010-03-31": "$40", "2009-12-31": "$40", "2009-09-30": "$36", "2009-06-30": "$37", "2009-03-31": "$39", "2008-12-31": "$37", "2008-09-30": "$35", "2008-06-30": "$38", "2008-03-31": "$39", "2007-12-31": "$35", "2007-09-30": "$32", "2007-06-30": "$34", "2007-03-31": "$37", "2006-12-31": "$35", "2006-09-30": "$32", "2006-06-30": "$35", "2006-03-31": "$36", "2005-12-31": "$33", "2005-09-30": "$31", "2005-06-30": "$31", "2005-03-31": "$34"}}, "operating-income": {"Sun Communities Annual Operating Income (Millions of US $)": {"2019": "$294", "2018": "$265", "2017": "$209", "2016": "$159", "2015": "$152", "2014": "$88", "2013": "$95", "2012": "$76", "2011": "$67", "2010": "$64", "2009": "$59", "2008": "$62", "2007": "$56", "2006": "$54", "2005": "$54"}, "Sun Communities Quarterly Operating Income (Millions of US $)": {"2020-09-30": "$111", "2020-06-30": "$62", "2020-03-31": "$72", "2019-12-31": "$45", "2019-09-30": "$103", "2019-06-30": "$75", "2019-03-31": "$70", "2018-12-31": "$50", "2018-09-30": "$86", "2018-06-30": "$61", "2018-03-31": "$68", "2017-12-31": "$45", "2017-09-30": "$58", "2017-06-30": "$49", "2017-03-31": "$57", "2016-12-31": "$38", "2016-09-30": "$58", "2016-06-30": "$24", "2016-03-31": "$39", "2015-12-31": "$31", "2015-09-30": "$50", "2015-06-30": "$41", "2015-03-31": "$30", "2014-12-31": "$1", "2014-09-30": "$33", "2014-06-30": "$25", "2014-03-31": "$29", "2013-12-31": "$21", "2013-09-30": "$24", "2013-06-30": "$22", "2013-03-31": "$28", "2012-12-31": "$17", "2012-09-30": "$17", "2012-06-30": "$18", "2012-03-31": "$23", "2011-12-31": "$17", "2011-09-30": "$17", "2011-06-30": "$14", "2011-03-31": "$19", "2010-12-31": "$16", "2010-09-30": "$15", "2010-06-30": "$14", "2010-03-31": "$18", "2009-12-31": "$14", "2009-09-30": "$15", "2009-06-30": "$14", "2009-03-31": "$16", "2008-12-31": "$15", "2008-09-30": "$13", "2008-06-30": "$15", "2008-03-31": "$18", "2007-12-31": "$16", "2007-09-30": "$12", "2007-06-30": "$13", "2007-03-31": "$16", "2006-12-31": "$14", "2006-09-30": "$12", "2006-06-30": "$14", "2006-03-31": "$14", "2005-12-31": "$14", "2005-09-30": "$12", "2005-06-30": "$13", "2005-03-31": "$16"}}, "ebitda": {"Sun Communities Annual EBITDA (Millions of US $)": {"2019": "$599", "2018": "$531", "2017": "$454", "2016": "$364", "2015": "$313", "2014": "$220", "2013": "$203", "2012": "$164", "2011": "$142", "2010": "$132", "2009": "$125", "2008": "$130", "2007": "$123", "2006": "$119", "2005": "$114"}, "Sun Communities Quarterly EBITDA (Millions of US $)": {"2020-09-30": "$111", "2020-06-30": "$62", "2020-03-31": "$72", "2019-12-31": "$45", "2019-09-30": "$103", "2019-06-30": "$75", "2019-03-31": "$70", "2018-12-31": "$50", "2018-09-30": "$86", "2018-06-30": "$61", "2018-03-31": "$68", "2017-12-31": "$45", "2017-09-30": "$58", "2017-06-30": "$49", "2017-03-31": "$57", "2016-12-31": "$38", "2016-09-30": "$58", "2016-06-30": "$24", "2016-03-31": "$39", "2015-12-31": "$74", "2015-09-30": "$90", "2015-06-30": "$79", "2015-03-31": "$71", "2014-12-31": "$43", "2014-09-30": "$63", "2014-06-30": "$56", "2014-03-31": "$58", "2013-12-31": "$52", "2013-09-30": "$50", "2013-06-30": "$48", "2013-03-31": "$53", "2012-12-31": "$43", "2012-09-30": "$39", "2012-06-30": "$39", "2012-03-31": "$43", "2011-12-31": "$38", "2011-09-30": "$36", "2011-06-30": "$32", "2011-03-31": "$35", "2010-12-31": "$34", "2010-09-30": "$30", "2010-06-30": "$32", "2010-03-31": "$36", "2009-12-31": "$29", "2009-09-30": "$31", "2009-06-30": "$32", "2009-03-31": "$34", "2008-12-31": "$32", "2008-09-30": "$31", "2008-06-30": "$33", "2008-03-31": "$35", "2007-12-31": "$32", "2007-09-30": "$28", "2007-06-30": "$30", "2007-03-31": "$32", "2006-12-31": "$31", "2006-09-30": "$28", "2006-06-30": "$30", "2006-03-31": "$30", "2005-12-31": "$28", "2005-09-30": "$27", "2005-06-30": "$28", "2005-03-31": "$31"}}, "net-income": {"Sun Communities Annual Net Income (Millions of US $)": {"2019": "$160", "2018": "$105", "2017": "$65", "2016": "$17", "2015": "$137", "2014": "$22", "2013": "$11", "2012": "$5", "2011": "$-1", "2010": "$-3", "2009": "$-6", "2008": "$-34", "2007": "$-17", "2006": "$-25", "2005": "$-5"}, "Sun Communities Quarterly Net Income (Millions of US $)": {"2020-09-30": "$81", "2020-06-30": "$59", "2020-03-31": "$-16", "2019-12-31": "$29", "2019-09-30": "$57", "2019-06-30": "$40", "2019-03-31": "$34", "2018-12-31": "$9", "2018-09-30": "$46", "2018-06-30": "$20", "2018-03-31": "$30", "2017-12-31": "$7", "2017-09-30": "$24", "2017-06-30": "$12", "2017-03-31": "$21", "2016-12-31": "$-2", "2016-09-30": "$19", "2016-06-30": "$-8", "2016-03-31": "$8", "2015-12-31": "$89", "2015-09-30": "$29", "2015-06-30": "$12", "2015-03-31": "$7", "2014-12-31": "$-13", "2014-09-30": "$23", "2014-06-30": "$5", "2014-03-31": "$8", "2013-12-31": "$0", "2013-09-30": "$4", "2013-06-30": "$1", "2013-03-31": "$6", "2012-12-31": "$-1", "2012-09-30": "$-1", "2012-06-30": "$2", "2012-03-31": "$5", "2011-12-31": "$-2", "2011-09-30": "$-0", "2011-06-30": "$-1", "2011-03-31": "$2", "2010-12-31": "$-0", "2010-09-30": "$-1", "2010-06-30": "$-2", "2010-03-31": "$1", "2009-12-31": "$-3", "2009-09-30": "$-2", "2009-06-30": "$-2", "2009-03-31": "$1", "2008-12-31": "$-18", "2008-09-30": "$-5", "2008-06-30": "$-7", "2008-03-31": "$-3", "2007-12-31": "$-10", "2007-09-30": "$-4", "2007-06-30": "$-2", "2007-03-31": "$0", "2006-12-31": "$-19", "2006-09-30": "$-4", "2006-06-30": "$-2", "2006-03-31": "$-1", "2005-12-31": "$-2", "2005-09-30": "$-4", "2005-06-30": "$-1", "2005-03-31": "$1"}}, "eps-earnings-per-share-diluted": {"Sun Communities Annual EPS": {"2019": "$1.80", "2018": "$1.29", "2017": "$0.85", "2016": "$0.26", "2015": "$2.52", "2014": "$0.54", "2013": "$0.31", "2012": "$0.18", "2011": "$-0.05", "2010": "$-0.15", "2009": "$-0.34", "2008": "$-1.90", "2007": "$-0.93", "2006": "$-1.42", "2005": "$-0.31"}, "Sun Communities Quarterly EPS": {"2020-09-30": "$0.83", "2020-06-30": "$0.61", "2020-03-31": "$-0.17", "2019-12-31": "$0.31", "2019-09-30": "$0.63", "2019-06-30": "$0.46", "2019-03-31": "$0.40", "2018-12-31": "$0.10", "2018-09-30": "$0.56", "2018-06-30": "$0.25", "2018-03-31": "$0.38", "2017-12-31": "$0.09", "2017-09-30": "$0.31", "2017-06-30": "$0.16", "2017-03-31": "$0.29", "2016-12-31": "$-0.03", "2016-09-30": "$0.27", "2016-06-30": "$-0.12", "2016-03-31": "$0.14", "2015-12-31": "$1.63", "2015-09-30": "$0.53", "2015-06-30": "$0.23", "2015-03-31": "$0.13", "2014-12-31": "$-0.34", "2014-09-30": "$0.55", "2014-06-30": "$0.12", "2014-03-31": "$0.21", "2013-12-31": "$-0.01", "2013-09-30": "$0.10", "2013-06-30": "$0.03", "2013-03-31": "$0.19", "2012-12-31": "$-0.07", "2012-09-30": "$-0.02", "2012-06-30": "$0.06", "2012-03-31": "$0.21", "2011-12-31": "$-0.10", "2011-09-30": "$-0.02", "2011-06-30": "$-0.04", "2011-03-31": "$0.11", "2010-12-31": "$-0.02", "2010-09-30": "$-0.07", "2010-06-30": "$-0.13", "2010-03-31": "$0.07", "2009-12-31": "$-0.16", "2009-09-30": "$-0.11", "2009-06-30": "$-0.12", "2009-03-31": "$0.05", "2008-12-31": "$-1.02", "2008-09-30": "$-0.30", "2008-06-30": "$-0.41", "2008-03-31": "$-0.17", "2007-12-31": "$-0.57", "2007-09-30": "$-0.24", "2007-06-30": "$-0.12", "2007-03-31": "$0.00", "2006-12-31": "$-1.05", "2006-09-30": "$-0.22", "2006-06-30": "$-0.10", "2006-03-31": "$-0.05", "2005-12-31": "$-0.10", "2005-09-30": "$-0.21", "2005-06-30": "$-0.04", "2005-03-31": "$0.04"}}, "shares-outstanding": {"Sun Communities Annual Shares Outstanding (Millions of Shares)": {"2019": "89", "2018": "82", "2017": "77", "2016": "66", "2015": "54", "2014": "42", "2013": "34", "2012": "27", "2011": "21", "2010": "19", "2009": "18", "2008": "18", "2007": "18", "2006": "18", "2005": "18"}, "Sun Communities Quarterly Shares Outstanding (Millions of Shares)": {"2020-09-30": "98", "2020-06-30": "96", "2020-03-31": "93", "2019-12-31": "89", "2019-09-30": "90", "2019-06-30": "88", "2019-03-31": "86", "2018-12-31": "82", "2018-09-30": "82", "2018-06-30": "80", "2018-03-31": "79", "2017-12-31": "77", "2017-09-30": "79", "2017-06-30": "75", "2017-03-31": "73", "2016-12-31": "66", "2016-09-30": "69", "2016-06-30": "65", "2016-03-31": "58", "2015-12-31": "54", "2015-09-30": "54", "2015-06-30": "53", "2015-03-31": "53", "2014-12-31": "42", "2014-09-30": "41", "2014-06-30": "41", "2014-03-31": "37", "2013-12-31": "34", "2013-09-30": "36", "2013-06-30": "36", "2013-03-31": "31", "2012-12-31": "27", "2012-09-30": "27", "2012-06-30": "26", "2012-03-31": "26", "2011-12-31": "21", "2011-09-30": "21", "2011-06-30": "21", "2011-03-31": "23", "2010-12-31": "19", "2010-09-30": "19", "2010-06-30": "19", "2010-03-31": "21", "2009-12-31": "18", "2009-09-30": "19", "2009-06-30": "18", "2009-03-31": "21", "2008-12-31": "18", "2008-09-30": "18", "2008-06-30": "18", "2008-03-31": "18", "2007-12-31": "18", "2007-09-30": "18", "2007-06-30": "18", "2007-03-31": "18", "2006-12-31": "18", "2006-09-30": "18", "2006-06-30": "18", "2006-03-31": "18", "2005-12-31": "18", "2005-09-30": "18", "2005-06-30": "18", "2005-03-31": "18"}}, "total-assets": {"Sun Communities Annual Total Assets (Millions of US $)": {"2019": "$7,802", "2018": "$6,710", "2017": "$6,112", "2016": "$5,871", "2015": "$4,182", "2014": "$2,938", "2013": "$1,995", "2012": "$1,755", "2011": "$1,368", "2010": "$1,165", "2009": "$1,181", "2008": "$1,207", "2007": "$1,246", "2006": "$1,290", "2005": "$1,321"}, "Sun Communities Quarterly Total Assets (Millions of US $)": {"2020-09-30": "$8,336", "2020-06-30": "$8,349", "2020-03-31": "$8,209", "2019-12-31": "$7,802", "2019-09-30": "$7,398", "2019-06-30": "$7,222", "2019-03-31": "$7,099", "2018-12-31": "$6,710", "2018-09-30": "$6,654", "2018-06-30": "$6,492", "2018-03-31": "$6,150", "2017-12-31": "$6,112", "2017-09-30": "$6,158", "2017-06-30": "$6,179", "2017-03-31": "$5,902", "2016-12-31": "$5,871", "2016-09-30": "$5,905", "2016-06-30": "$5,823", "2016-03-31": "$4,563", "2015-12-31": "$4,182", "2015-09-30": "$4,115", "2015-06-30": "$4,033", "2015-03-31": "$3,845", "2014-12-31": "$2,938", "2014-09-30": "$2,431", "2014-06-30": "$2,144", "2014-03-31": "$2,108", "2013-12-31": "$1,995", "2013-09-30": "$1,937", "2013-06-30": "$1,917", "2013-03-31": "$1,914", "2012-12-31": "$1,755", "2012-09-30": "$1,501", "2012-06-30": "$1,412", "2012-03-31": "$1,408", "2011-12-31": "$1,368", "2011-09-30": "$1,329", "2011-06-30": "$1,323", "2011-03-31": "$1,160", "2010-12-31": "$1,165", "2010-09-30": "$1,164", "2010-06-30": "$1,167", "2010-03-31": "$1,173", "2009-12-31": "$1,181", "2009-09-30": "$1,189", "2009-06-30": "$1,192", "2009-03-31": "$1,198", "2008-12-31": "$1,207", "2008-09-30": "$1,222", "2008-06-30": "$1,221", "2008-03-31": "$1,233", "2007-12-31": "$1,246", "2007-09-30": "$1,261", "2007-06-30": "$1,262", "2007-03-31": "$1,268", "2006-12-31": "$1,290", "2006-09-30": "$1,316", "2006-06-30": "$1,330", "2006-03-31": "$1,328", "2005-12-31": "$1,321", "2005-09-30": "$1,320", "2005-06-30": "$1,327", "2005-03-31": "$1,333"}}, "cash-on-hand": {"Sun Communities Annual Cash on Hand (Millions of US $)": {"2019": "$130", "2018": "$111", "2017": "$10", "2016": "$8", "2015": "$45", "2014": "$83", "2013": "$5", "2012": "$30", "2011": "$6", "2010": "$8", "2009": "$4", "2008": "$6", "2007": "$5", "2006": "$3", "2005": "$6"}, "Sun Communities Quarterly Cash on Hand (Millions of US $)": {"2020-09-30": "$223", "2020-06-30": "$490", "2020-03-31": "$450", "2019-12-31": "$130", "2019-09-30": "$91", "2019-06-30": "$82", "2019-03-31": "$72", "2018-12-31": "$111", "2018-09-30": "$114", "2018-06-30": "$20", "2018-03-31": "$15", "2017-12-31": "$10", "2017-09-30": "$137", "2017-06-30": "$242", "2017-03-31": "$11", "2016-12-31": "$8", "2016-09-30": "$70", "2016-06-30": "$31", "2016-03-31": "$410", "2015-12-31": "$45", "2015-09-30": "$24", "2015-06-30": "$12", "2015-03-31": "$125", "2014-12-31": "$83", "2014-09-30": "$259", "2014-06-30": "$8", "2014-03-31": "$9", "2013-12-31": "$5", "2013-09-30": "$5", "2013-06-30": "$6", "2013-03-31": "$61", "2012-12-31": "$30", "2012-09-30": "$39", "2012-06-30": "$4", "2012-03-31": "$16", "2011-12-31": "$6", "2011-09-30": "$5", "2011-06-30": "$4", "2011-03-31": "$5", "2010-12-31": "$8", "2010-09-30": "$5", "2010-06-30": "$6", "2010-03-31": "$8", "2009-12-31": "$4", "2009-09-30": "$5", "2009-06-30": "$5", "2009-03-31": "$7", "2008-12-31": "$6", "2008-09-30": "$7", "2008-06-30": "$4", "2008-03-31": "$5", "2007-12-31": "$5", "2007-09-30": "$4", "2007-06-30": "$3", "2007-03-31": "$4", "2006-12-31": "$3", "2006-09-30": "$4", "2006-06-30": "$5", "2006-03-31": "$6", "2005-12-31": "$6", "2005-09-30": "$4", "2005-06-30": "$3", "2005-03-31": "$18"}}, "long-term-debt": {"Sun Communities Annual Long Term Debt (Millions of US $)": {"2019": "$3,364", "2018": "$3,052", "2017": "$3,038", "2016": "$3,064", "2015": "$2,290", "2014": "$1,786", "2013": "$1,493", "2012": "$1,454", "2011": "$1,397", "2010": "$1,258", "2009": "$1,254", "2008": "$1,230", "2007": "$1,188", "2006": "$1,167", "2005": "$1,123"}, "Sun Communities Quarterly Long Term Debt (Millions of US $)": {"2020-09-30": "$3,271", "2020-06-30": "$3,321", "2020-03-31": "$3,857", "2019-12-31": "$3,364", "2019-09-30": "$3,201", "2019-06-30": "$3,038", "2019-03-31": "$3,378", "2018-12-31": "$3,052", "2018-09-30": "$2,932", "2018-06-30": "$3,291", "2018-03-31": "$3,092", "2017-12-31": "$3,038", "2017-09-30": "$2,958", "2017-06-30": "$2,973", "2017-03-31": "$3,095", "2016-12-31": "$3,064", "2016-09-30": "$3,057", "2016-06-30": "$3,294", "2016-03-31": "$2,317", "2015-12-31": "$2,290", "2015-09-30": "$2,512", "2015-06-30": "$2,382", "2015-03-31": "$2,249", "2014-12-31": "$1,786", "2014-09-30": "$1,394", "2014-06-30": "$1,446", "2014-03-31": "$1,425", "2013-12-31": "$1,493", "2013-09-30": "$1,408", "2013-06-30": "$1,372", "2013-03-31": "$1,357", "2012-12-31": "$1,454", "2012-09-30": "$1,272", "2012-06-30": "$1,311", "2012-03-31": "$1,294", "2011-12-31": "$1,397", "2011-09-30": "$1,356", "2011-06-30": "$1,343", "2011-03-31": "$1,236", "2010-12-31": "$1,258", "2010-09-30": "$1,257", "2010-06-30": "$1,251", "2010-03-31": "$1,256", "2009-12-31": "$1,254", "2009-09-30": "$1,245", "2009-06-30": "$1,235", "2009-03-31": "$1,230", "2008-12-31": "$1,230", "2008-09-30": "$1,213", "2008-06-30": "$1,194", "2008-03-31": "$1,192", "2007-12-31": "$1,188", "2007-09-30": "$1,179", "2007-06-30": "$1,161", "2007-03-31": "$1,158", "2006-12-31": "$1,167", "2006-09-30": "$1,163", "2006-06-30": "$1,157", "2006-03-31": "$1,144", "2005-12-31": "$1,123", "2005-09-30": "$1,104", "2005-06-30": "$1,087", "2005-03-31": "$1,074"}}, "total-liabilities": {"Sun Communities Annual Total Liabilities (Millions of US $)": {"2019": "$3,899", "2018": "$3,489", "2017": "$3,416", "2016": "$3,458", "2015": "$2,645", "2014": "$1,998", "2013": "$1,611", "2012": "$1,542", "2011": "$1,469", "2010": "$1,298", "2009": "$1,293", "2008": "$1,267", "2007": "$1,225", "2006": "$1,211", "2005": "$1,177"}, "Sun Communities Quarterly Total Liabilities (Millions of US $)": {"2020-09-30": "$3,877", "2020-06-30": "$3,904", "2020-03-31": "$4,397", "2019-12-31": "$3,899", "2019-09-30": "$3,782", "2019-06-30": "$3,603", "2019-03-31": "$3,908", "2018-12-31": "$3,489", "2018-09-30": "$3,377", "2018-06-30": "$3,747", "2018-03-31": "$3,514", "2017-12-31": "$3,416", "2017-09-30": "$3,394", "2017-06-30": "$3,417", "2017-03-31": "$3,544", "2016-12-31": "$3,458", "2016-09-30": "$3,500", "2016-06-30": "$3,716", "2016-03-31": "$2,674", "2015-12-31": "$2,645", "2015-09-30": "$2,876", "2015-06-30": "$2,831", "2015-03-31": "$2,677", "2014-12-31": "$1,998", "2014-09-30": "$1,517", "2014-06-30": "$1,572", "2014-03-31": "$1,542", "2013-12-31": "$1,611", "2013-09-30": "$1,517", "2013-06-30": "$1,478", "2013-03-31": "$1,452", "2012-12-31": "$1,542", "2012-09-30": "$1,348", "2012-06-30": "$1,382", "2012-03-31": "$1,363", "2011-12-31": "$1,469", "2011-09-30": "$1,401", "2011-06-30": "$1,388", "2011-03-31": "$1,272", "2010-12-31": "$1,298", "2010-09-30": "$1,295", "2010-06-30": "$1,290", "2010-03-31": "$1,292", "2009-12-31": "$1,293", "2009-09-30": "$1,285", "2009-06-30": "$1,274", "2009-03-31": "$1,266", "2008-12-31": "$1,267", "2008-09-30": "$1,250", "2008-06-30": "$1,232", "2008-03-31": "$1,228", "2007-12-31": "$1,225", "2007-09-30": "$1,218", "2007-06-30": "$1,203", "2007-03-31": "$1,198", "2006-12-31": "$1,211", "2006-09-30": "$1,208", "2006-06-30": "$1,207", "2006-03-31": "$1,193", "2005-12-31": "$1,177", "2005-09-30": "$1,154", "2005-06-30": "$1,143", "2005-03-31": "$1,144"}}, "total-share-holder-equity": {"Sun Communities Annual Share Holder Equity (Millions of US $)": {"2019": "$3,903", "2018": "$3,221", "2017": "$2,696", "2016": "$2,412", "2015": "$1,537", "2014": "$940", "2013": "$384", "2012": "$213", "2011": "$-101", "2010": "$-132", "2009": "$-111", "2008": "$-60", "2007": "$21", "2006": "$79", "2005": "$143"}, "Sun Communities Quarterly Share Holder Equity (Millions of US $)": {"2020-09-30": "$4,459", "2020-06-30": "$4,444", "2020-03-31": "$3,813", "2019-12-31": "$3,903", "2019-09-30": "$3,616", "2019-06-30": "$3,619", "2019-03-31": "$3,191", "2018-12-31": "$3,221", "2018-09-30": "$3,276", "2018-06-30": "$2,746", "2018-03-31": "$2,636", "2017-12-31": "$2,696", "2017-09-30": "$2,764", "2017-06-30": "$2,762", "2017-03-31": "$2,359", "2016-12-31": "$2,412", "2016-09-30": "$2,405", "2016-06-30": "$2,107", "2016-03-31": "$1,888", "2015-12-31": "$1,537", "2015-09-30": "$1,238", "2015-06-30": "$1,202", "2015-03-31": "$1,168", "2014-12-31": "$940", "2014-09-30": "$914", "2014-06-30": "$572", "2014-03-31": "$566", "2013-12-31": "$384", "2013-09-30": "$420", "2013-06-30": "$439", "2013-03-31": "$462", "2012-12-31": "$213", "2012-09-30": "$153", "2012-06-30": "$30", "2012-03-31": "$45", "2011-12-31": "$-101", "2011-09-30": "$-72", "2011-06-30": "$-65", "2011-03-31": "$-112", "2010-12-31": "$-132", "2010-09-30": "$-131", "2010-06-30": "$-123", "2010-03-31": "$-118", "2009-12-31": "$-111", "2009-09-30": "$-95", "2009-06-30": "$-82", "2009-03-31": "$-69", "2008-12-31": "$-60", "2008-09-30": "$-28", "2008-06-30": "$-11", "2008-03-31": "$5", "2007-12-31": "$21", "2007-09-30": "$43", "2007-06-30": "$59", "2007-03-31": "$70", "2006-12-31": "$79", "2006-09-30": "$108", "2006-06-30": "$123", "2006-03-31": "$134", "2005-12-31": "$143", "2005-09-30": "$165", "2005-06-30": "$183", "2005-03-31": "$188"}}, "profit-margins": {"current": "11.76%"}, "gross margin": {"2020-09-30": "61.78%", "2020-06-30": "61.71%", "2020-03-31": "61.66%", "2019-12-31": "61.68%", "2019-09-30": "61.78%", "2019-06-30": "61.45%", "2019-03-31": "61.13%", "2018-12-31": "61.01%", "2018-09-30": "60.88%", "2018-06-30": "60.92%", "2018-03-31": "61.13%", "2017-12-31": "61.30%", "2017-09-30": "61.11%", "2017-06-30": "61.00%", "2017-03-31": "61.41%", "2016-12-31": "61.20%", "2016-09-30": "61.35%", "2016-06-30": "62.17%", "2016-03-31": "62.10%", "2015-12-31": "62.31%", "2015-09-30": "62.70%", "2015-06-30": "61.98%", "2015-03-31": "61.44%", "2014-12-31": "60.82%", "2014-09-30": "61.10%", "2014-06-30": "60.36%", "2014-03-31": "60.00%", "2013-12-31": "59.72%", "2013-09-30": "58.85%", "2013-06-30": "58.62%", "2013-03-31": "58.50%", "2012-12-31": "58.41%", "2012-09-30": "58.64%", "2012-06-30": "58.86%", "2012-03-31": "59.27%", "2011-12-31": "58.82%", "2011-09-30": "59.29%", "2011-06-30": "59.26%", "2011-03-31": "59.11%", "2010-12-31": "59.02%", "2010-09-30": "58.65%", "2010-06-30": "58.71%", "2010-03-31": "58.85%", "2009-12-31": "58.91%", "2009-09-30": "58.66%", "2009-06-30": "58.73%", "2009-03-31": "58.66%", "2008-12-31": "58.66%", "2008-09-30": "59.04%", "2008-06-30": "58.78%", "2008-03-31": "58.82%", "2007-12-31": "58.97%", "2007-09-30": "58.72%", "2007-06-30": "59.23%", "2007-03-31": "59.66%", "2006-12-31": "60.53%", "2006-09-30": "60.99%", "2006-06-30": "61.09%", "2006-03-31": "60.93%", "2005-12-31": "60.85%"}, "operating margin": {"2020-09-30": "22.04%", "2020-06-30": "22.08%", "2020-03-31": "22.94%", "2019-12-31": "23.20%", "2019-09-30": "24.13%", "2019-06-30": "23.49%", "2019-03-31": "23.12%", "2018-12-31": "23.53%", "2018-09-30": "23.77%", "2018-06-30": "22.33%", "2018-03-31": "21.87%", "2017-12-31": "21.28%", "2017-09-30": "21.06%", "2017-06-30": "21.47%", "2017-03-31": "19.80%", "2016-12-31": "19.04%", "2016-09-30": "19.39%", "2016-06-30": "20.03%", "2016-03-31": "23.20%", "2015-12-31": "22.55%", "2015-09-30": "19.37%", "2015-06-30": "18.23%", "2015-03-31": "16.82%", "2014-12-31": "18.14%", "2014-09-30": "22.83%", "2014-06-30": "22.05%", "2014-03-31": "22.33%", "2013-12-31": "22.51%", "2013-09-30": "22.69%", "2013-06-30": "22.28%", "2013-03-31": "22.28%", "2012-12-31": "22.12%", "2012-09-30": "23.15%", "2012-06-30": "23.73%", "2012-03-31": "23.51%", "2011-12-31": "23.18%", "2011-09-30": "23.57%", "2011-06-30": "23.70%", "2011-03-31": "23.79%", "2010-12-31": "23.68%", "2010-09-30": "22.93%", "2010-06-30": "23.11%", "2010-03-31": "23.46%", "2009-12-31": "22.87%", "2009-09-30": "23.62%", "2009-06-30": "23.02%", "2009-03-31": "23.23%", "2008-12-31": "24.02%", "2008-09-30": "24.90%", "2008-06-30": "24.90%", "2008-03-31": "24.79%", "2007-12-31": "24.36%", "2007-09-30": "23.40%", "2007-06-30": "23.61%", "2007-03-31": "24.03%", "2006-12-31": "23.68%", "2006-09-30": "24.22%", "2006-06-30": "24.43%", "2006-03-31": "24.65%", "2005-12-31": "25.94%"}, "ebitda margin": {"2020-09-30": "22.04%", "2020-06-30": "22.08%", "2020-03-31": "22.94%", "2019-12-31": "23.20%", "2019-09-30": "24.13%", "2019-06-30": "23.49%", "2019-03-31": "23.12%", "2018-12-31": "23.53%", "2018-09-30": "23.77%", "2018-06-30": "22.33%", "2018-03-31": "21.87%", "2017-12-31": "21.28%", "2017-09-30": "21.06%", "2017-06-30": "21.47%", "2017-03-31": "19.80%", "2016-12-31": "19.04%", "2016-09-30": "24.87%", "2016-06-30": "31.57%", "2016-03-31": "40.63%", "2015-12-31": "46.59%", "2015-09-30": "44.92%", "2015-06-30": "44.44%", "2015-03-31": "44.05%", "2014-12-31": "45.36%", "2014-09-30": "48.41%", "2014-06-30": "48.11%", "2014-03-31": "48.37%", "2013-12-31": "48.10%", "2013-09-30": "48.38%", "2013-06-30": "48.54%", "2013-03-31": "48.47%", "2012-12-31": "48.38%", "2012-09-30": "49.07%", "2012-06-30": "49.37%", "2012-03-31": "49.34%", "2011-12-31": "48.79%", "2011-09-30": "48.93%", "2011-06-30": "48.52%", "2011-03-31": "48.70%", "2010-12-31": "49.62%", "2010-09-30": "47.74%", "2010-06-30": "48.48%", "2010-03-31": "49.23%", "2009-12-31": "48.84%", "2009-09-30": "50.79%", "2009-06-30": "51.19%", "2009-03-31": "51.18%", "2008-12-31": "51.57%", "2008-09-30": "52.61%", "2008-06-30": "52.24%", "2008-03-31": "52.52%", "2007-12-31": "52.14%", "2007-09-30": "51.49%", "2007-06-30": "51.93%", "2007-03-31": "51.93%", "2006-12-31": "52.19%", "2006-09-30": "52.02%", "2006-06-30": "52.04%", "2006-03-31": "52.56%", "2005-12-31": "53.77%"}, "pre tax profit margin": {"2020-09-30": "11.55%", "2020-06-30": "10.02%", "2020-03-31": "10.89%", "2019-12-31": "11.01%", "2019-09-30": "11.98%", "2019-06-30": "11.87%", "2019-03-31": "11.08%", "2018-12-31": "11.46%", "2018-09-30": "10.88%", "2018-06-30": "9.05%", "2018-03-31": "8.25%", "2017-12-31": "7.33%", "2017-09-30": "7.40%", "2017-06-30": "7.33%", "2017-03-31": "5.48%", "2016-12-31": "4.31%", "2016-09-30": "1.79%", "2016-06-30": "4.31%", "2016-03-31": "6.77%", "2015-12-31": "5.79%", "2015-09-30": "5.56%", "2015-06-30": "1.39%", "2015-03-31": "0.57%", "2014-12-31": "2.06%", "2014-09-30": "6.77%", "2014-06-30": "5.35%", "2014-03-31": "4.88%", "2013-12-31": "4.27%", "2013-09-30": "3.74%", "2013-06-30": "2.39%", "2013-03-31": "1.95%", "2012-12-31": "1.47%", "2012-09-30": "1.23%", "2012-06-30": "1.58%", "2012-03-31": "0.66%", "2011-12-31": "-0.69%", "2011-09-30": "-0.36%", "2011-06-30": "-0.74%", "2011-03-31": "-0.74%", "2010-12-31": "-0.75%", "2010-09-30": "-0.75%", "2010-06-30": "-1.52%", "2010-03-31": "-1.54%", "2009-12-31": "-1.94%", "2009-09-30": "0.00%", "2009-06-30": "-0.40%", "2009-03-31": "-2.76%", "2008-12-31": "-4.33%", "2008-09-30": "-7.23%", "2008-06-30": "-7.35%", "2008-03-31": "-5.04%", "2007-12-31": "-3.85%", "2007-09-30": "-11.49%", "2007-06-30": "-11.59%", "2007-03-31": "-11.59%", "2006-12-31": "-12.28%", "2006-09-30": "-4.04%", "2006-06-30": "-4.07%", "2006-03-31": "-4.19%", "2005-12-31": "-2.83%"}, "net profit margin": {"2020-09-30": "11.63%", "2020-06-30": "10.10%", "2020-03-31": "8.55%", "2019-12-31": "12.67%", "2019-09-30": "11.34%", "2019-06-30": "10.79%", "2019-03-31": "9.44%", "2018-12-31": "9.33%", "2018-09-30": "9.41%", "2018-06-30": "7.80%", "2018-03-31": "7.26%", "2017-12-31": "6.52%", "2017-09-30": "5.74%", "2017-06-30": "5.31%", "2017-03-31": "3.36%", "2016-12-31": "2.04%", "2016-09-30": "13.78%", "2016-06-30": "16.41%", "2016-03-31": "19.88%", "2015-12-31": "20.33%", "2015-09-30": "5.56%", "2015-06-30": "5.03%", "2015-03-31": "4.16%", "2014-12-31": "4.74%", "2014-09-30": "7.61%", "2014-06-30": "3.79%", "2014-03-31": "3.02%", "2013-12-31": "2.61%", "2013-09-30": "2.49%", "2013-06-30": "1.33%", "2013-03-31": "1.67%", "2012-12-31": "1.47%", "2012-09-30": "1.23%", "2012-06-30": "1.58%", "2012-03-31": "0.66%", "2011-12-31": "-0.35%", "2011-09-30": "0.36%", "2011-06-30": "0.00%", "2011-03-31": "-0.37%", "2010-12-31": "-0.75%", "2010-09-30": "-1.88%", "2010-06-30": "-2.27%", "2010-03-31": "-2.31%", "2009-12-31": "-2.33%", "2009-09-30": "-8.27%", "2009-06-30": "-9.52%", "2009-03-31": "-11.42%", "2008-12-31": "-12.99%", "2008-09-30": "-10.04%", "2008-06-30": "-9.80%", "2008-03-31": "-7.98%", "2007-12-31": "-6.84%", "2007-09-30": "-10.64%", "2007-06-30": "-10.73%", "2007-03-31": "-10.73%", "2006-12-31": "-11.40%", "2006-09-30": "-4.04%", "2006-06-30": "-4.07%", "2006-03-31": "-3.72%", "2005-12-31": "-2.83%"}, "pe ratio": {"current": "29.53", "2021-02-05": "94.19", "2020-09-30": "88.53", "2020-06-30": "97.25", "2020-03-31": "99.82", "2019-12-31": "81.48", "2019-09-30": "90.20", "2019-06-30": "81.04", "2019-03-31": "86.34", "2018-12-31": "74.76", "2018-09-30": "75.27", "2018-06-30": "89.53", "2018-03-31": "90.92", "2017-12-31": "101.31", "2017-09-30": "106.69", "2017-06-30": "114.53", "2017-03-31": "173.54", "2016-12-31": "255.30", "2016-09-30": "37.84", "2016-06-30": "31.99", "2016-03-31": "25.43", "2015-12-31": "24.21", "2015-09-30": "94.12", "2015-06-30": "85.06", "2015-03-31": "110.44", "2014-12-31": "85.67", "2014-09-30": "48.03", "2014-06-30": "94.70", "2014-03-31": "106.96", "2013-12-31": "105.89", "2013-09-30": "123.58", "2013-06-30": "256.05", "2013-03-31": "208.77", "2012-12-31": "150.01", "2012-09-30": "211.54", "2012-06-30": "209.19", "2012-03-31": "605.40", "2011-12-31": "0.00", "2011-09-30": "791.66", "2011-06-30": "0.00", "2011-03-31": "0.00", "2010-12-31": "0.00", "2010-09-30": "0.00", "2010-06-30": "0.00", "2010-03-31": "0.00", "2009-12-31": "0.00", "2009-09-30": "0.00", "2009-06-30": "0.00", "2009-03-31": "0.00", "2008-12-31": "0.00", "2008-09-30": "0.00", "2008-06-30": "0.00", "2008-03-31": "0.00", "2007-12-31": "0.00", "2007-09-30": "0.00", "2007-06-30": "0.00", "2007-03-31": "0.00", "2006-12-31": "0.00"}, "price sales": {"2021-02-05": "10.64", "2020-09-30": "10.00", "2020-06-30": "9.66", "2020-03-31": "8.58", "2019-12-31": "10.25", "2019-09-30": "10.12", "2019-06-30": "8.74", "2019-03-31": "8.14", "2018-12-31": "6.98", "2018-09-30": "7.02", "2018-06-30": "6.99", "2018-03-31": "6.59", "2017-12-31": "6.66", "2017-09-30": "6.04", "2017-06-30": "6.04", "2017-03-31": "5.58", "2016-12-31": "5.36", "2016-09-30": "5.51", "2016-06-30": "5.41", "2016-03-31": "4.94", "2015-12-31": "4.71", "2015-09-30": "4.68", "2015-06-30": "4.33", "2015-03-31": "4.70", "2014-12-31": "4.18", "2014-09-30": "3.37", "2014-06-30": "3.34", "2014-03-31": "3.02", "2013-12-31": "2.74", "2013-09-30": "2.68", "2013-06-30": "3.06", "2013-03-31": "2.92", "2012-12-31": "2.35", "2012-09-30": "2.44", "2012-06-30": "2.34", "2012-03-31": "2.23", "2011-12-31": "1.91", "2011-09-30": "1.79", "2011-06-30": "1.89", "2011-03-31": "1.74", "2010-12-31": "1.57", "2010-09-30": "1.41", "2010-06-30": "1.16", "2010-03-31": "1.10", "2009-12-31": "0.84", "2009-09-30": "0.90", "2009-06-30": "0.55", "2009-03-31": "0.45", "2008-12-31": "0.49", "2008-09-30": "0.67", "2008-06-30": "0.60", "2008-03-31": "0.67", "2007-12-31": "0.68", "2007-09-30": "0.94", "2007-06-30": "0.92", "2007-03-31": "0.93", "2006-12-31": "0.97"}, "price book": {"current": "3.28", "2021-02-05": "3.28", "2020-09-30": "3.08", "2020-06-30": "2.97", "2020-03-31": "3.01", "2019-12-31": "3.50", "2019-09-30": "3.62", "2019-06-30": "3.11", "2019-03-31": "3.09", "2018-12-31": "2.61", "2018-09-30": "2.54", "2018-06-30": "2.72", "2018-03-31": "2.59", "2017-12-31": "2.54", "2017-09-30": "2.27", "2017-06-30": "2.29", "2017-03-31": "2.28", "2016-12-31": "2.09", "2016-09-30": "2.13", "2016-06-30": "2.21", "2016-03-31": "2.15", "2015-12-31": "2.26", "2015-09-30": "2.62", "2015-06-30": "2.36", "2015-03-31": "2.58", "2014-12-31": "2.61", "2014-09-30": "2.20", "2014-06-30": "2.93", "2014-03-31": "2.60", "2013-12-31": "3.19", "2013-09-30": "2.87", "2013-06-30": "3.16", "2013-03-31": "3.07", "2012-12-31": "4.19", "2012-09-30": "6.17", "2012-06-30": "27.82", "2012-03-31": "17.66", "2011-12-31": "-5.53", "2011-09-30": "-7.12", "2011-06-30": "-8.14", "2011-03-31": "-4.36", "2010-12-31": "-3.21", "2010-09-30": "-2.88", "2010-06-30": "-2.51", "2010-03-31": "-2.42", "2009-12-31": "-1.94", "2009-09-30": "-2.39", "2009-06-30": "-1.69", "2009-03-31": "-1.64", "2008-12-31": "-2.12", "2008-09-30": "-6.00", "2008-06-30": "-13.16", "2008-03-31": "30.29", "2007-12-31": "7.76", "2007-09-30": "5.26", "2007-06-30": "3.72", "2007-03-31": "3.20", "2006-12-31": "2.89", "2006-09-30": "2.03", "2006-06-30": "1.79", "2006-03-31": "1.74"}, "price fcf": {"2021-02-05": "", "2020-09-30": "$-3.00", "2020-06-30": "$-2.66", "2020-03-31": "$-2.70", "2019-12-31": "$-5.67", "2019-09-30": "$-8.65", "2019-06-30": "$-4.26", "2019-03-31": "$-6.98", "2018-12-31": "$-3.54", "2018-09-30": "$-0.38", "2018-06-30": "$-4.22", "2018-03-31": "$-1.63", "2017-12-31": "$-1.86", "2017-09-30": "$-1.71", "2017-06-30": "$-0.26", "2017-03-31": "$-20.91", "2016-12-31": "$-20.75", "2016-09-30": "$-19.05", "2016-06-30": "$-20.88", "2016-03-31": "$-1.79", "2015-12-31": "$-4.36", "2015-09-30": "$-12.29", "2015-06-30": "$-10.81", "2015-03-31": "$-9.66", "2014-12-31": "$-9.76", "2014-09-30": "$-4.23", "2014-06-30": "$-5.42", "2014-03-31": "$-7.68", "2013-12-31": "$-5.46", "2013-09-30": "$-12.95", "2013-06-30": "$-13.04", "2013-03-31": "$-10.58", "2012-12-31": "$-10.55", "2012-09-30": "$-1.43", "2012-06-30": "$-1.19", "2012-03-31": "$-1.32", "2011-12-31": "$-0.97", "2011-09-30": "$-0.53", "2011-06-30": "$-0.37", "2011-03-31": "$0.26", "2010-12-31": "$0.59", "2010-09-30": "$0.44", "2010-06-30": "$0.55", "2010-03-31": "$0.79", "2009-12-31": "$0.80", "2009-09-30": "$0.42", "2009-06-30": "$0.29", "2009-03-31": "$0.39", "2008-12-31": "$0.44", "2008-09-30": "$0.72", "2008-06-30": "$0.69", "2008-03-31": "$0.55", "2007-12-31": "$0.61", "2007-09-30": "$-1.80", "2007-06-30": "$-1.58", "2007-03-31": "$-2.00", "2006-12-31": "$-2.75"}, "net worth": {"value": "$16.01B"}, "current ratio": {"2020-09-30": "2.94", "2020-06-30": "5.39", "2020-03-31": "5.76", "2019-12-31": "2.26", "2019-09-30": "0.00", "2019-06-30": "0.00", "2019-03-31": "0.00", "2018-12-31": "3.56", "2018-09-30": "0.00", "2018-06-30": "0.00", "2018-03-31": "0.00", "2017-12-31": "0.00", "2017-09-30": "0.00", "2017-06-30": "0.00", "2017-03-31": "0.00", "2016-12-31": "0.00", "2016-09-30": "0.00", "2016-06-30": "0.00", "2016-03-31": "0.00", "2015-12-31": "0.00", "2015-09-30": "0.00", "2015-06-30": "0.00", "2015-03-31": "0.00", "2014-12-31": "0.00", "2014-09-30": "0.00", "2014-06-30": "0.00", "2014-03-31": "0.00", "2013-12-31": "0.00", "2013-09-30": "0.00", "2013-06-30": "0.00", "2013-03-31": "0.00", "2012-12-31": "0.00", "2012-09-30": "0.00", "2012-06-30": "0.00", "2012-03-31": "0.00", "2011-12-31": "0.00", "2011-09-30": "0.00", "2011-06-30": "0.00", "2011-03-31": "0.00", "2010-12-31": "0.00", "2010-09-30": "0.00", "2010-06-30": "0.00", "2010-03-31": "0.00", "2009-12-31": "0.00", "2009-09-30": "0.00", "2009-06-30": "0.00", "2009-03-31": "0.00", "2008-12-31": "0.00", "2008-09-30": "0.00", "2008-06-30": "0.00", "2008-03-31": "0.00", "2007-12-31": "0.00", "2007-09-30": "0.00", "2007-06-30": "0.00", "2007-03-31": "0.00", "2006-12-31": "0.00", "2006-09-30": "0.00", "2006-06-30": "0.00", "2006-03-31": "0.00", "2005-12-31": "0.00", "2005-09-30": "0.00", "2005-06-30": "0.00", "2005-03-31": "0.00"}, "quick ratio": {"2020-09-30": "0.00", "2020-06-30": "0.00", "2020-03-31": "0.00", "2019-12-31": "0.00", "2019-09-30": "0.00", "2019-06-30": "0.00", "2019-03-31": "0.00", "2018-12-31": "0.00", "2018-09-30": "0.00", "2018-06-30": "0.00", "2018-03-31": "0.00", "2017-12-31": "0.00", "2017-09-30": "0.00", "2017-06-30": "0.00", "2017-03-31": "0.00", "2016-12-31": "0.00", "2016-09-30": "0.00", "2016-06-30": "0.00", "2016-03-31": "0.00", "2015-12-31": "0.00", "2015-09-30": "0.00", "2015-06-30": "0.00", "2015-03-31": "0.00", "2014-12-31": "0.00", "2014-09-30": "0.00", "2014-06-30": "0.00", "2014-03-31": "0.00", "2013-12-31": "0.00", "2013-09-30": "0.00", "2013-06-30": "0.00", "2013-03-31": "0.00", "2012-12-31": "0.00", "2012-09-30": "0.00", "2012-06-30": "0.00", "2012-03-31": "0.00", "2011-12-31": "0.00", "2011-09-30": "0.00", "2011-06-30": "0.00", "2011-03-31": "0.00", "2010-12-31": "0.00", "2010-09-30": "0.00", "2010-06-30": "0.00", "2010-03-31": "0.00", "2009-12-31": "0.00", "2009-09-30": "0.00", "2009-06-30": "0.00", "2009-03-31": "0.00", "2008-12-31": "0.00", "2008-09-30": "0.00", "2008-06-30": "0.00", "2008-03-31": "0.00", "2007-12-31": "0.00", "2007-09-30": "0.00", "2007-06-30": "0.00", "2007-03-31": "0.00", "2006-12-31": "0.00", "2006-09-30": "0.00", "2006-06-30": "0.00", "2006-03-31": "0.00", "2005-12-31": "0.00", "2005-09-30": "0.00", "2005-06-30": "0.00", "2005-03-31": "0.00"}, "debt equity ratio": {"current": "0.73", "2020-09-30": "0.87", "2020-06-30": "0.88", "2020-03-31": "1.15", "2019-12-31": "1.00", "2019-09-30": "1.05", "2019-06-30": "1.00", "2019-03-31": "1.23", "2018-12-31": "1.08", "2018-09-30": "1.03", "2018-06-30": "1.37", "2018-03-31": "1.33", "2017-12-31": "1.27", "2017-09-30": "1.23", "2017-06-30": "1.24", "2017-03-31": "1.50", "2016-12-31": "1.43", "2016-09-30": "1.46", "2016-06-30": "1.76", "2016-03-31": "1.42", "2015-12-31": "1.72", "2015-09-30": "2.32", "2015-06-30": "2.36", "2015-03-31": "2.29", "2014-12-31": "2.13", "2014-09-30": "1.66", "2014-06-30": "2.75", "2014-03-31": "2.73", "2013-12-31": "4.20", "2013-09-30": "3.62", "2013-06-30": "3.37", "2013-03-31": "3.15", "2012-12-31": "7.24", "2012-09-30": "8.82", "2012-06-30": "46.30", "2012-03-31": "30.03", "2011-12-31": "-14.59", "2011-09-30": "-19.35", "2011-06-30": "-21.21", "2011-03-31": "-11.39", "2010-12-31": "-9.80", "2010-09-30": "-9.88", "2010-06-30": "-10.49", "2010-03-31": "-10.92", "2009-12-31": "-11.61", "2009-09-30": "-13.46", "2009-06-30": "-15.61", "2009-03-31": "-18.42", "2008-12-31": "-21.16", "2008-09-30": "-44.27", "2008-06-30": "-107.62", "2008-03-31": "226.40", "2007-12-31": "58.19", "2007-09-30": "28.17", "2007-06-30": "20.32", "2007-03-31": "17.09", "2006-12-31": "15.29", "2006-09-30": "11.14", "2006-06-30": "9.83", "2006-03-31": "8.89", "2005-12-31": "8.22", "2005-09-30": "6.98", "2005-06-30": "6.24", "2005-03-31": "6.07"}, "return on equity": {"2020-09-30": "3.68%", "2020-06-30": "3.27%", "2020-03-31": "2.94%", "2019-12-31": "4.47%", "2019-09-30": "4.10%", "2019-06-30": "3.88%", "2019-03-31": "3.51%", "2018-12-31": "3.54%", "2018-09-30": "3.63%", "2018-06-30": "2.99%", "2018-03-31": "2.69%", "2017-12-31": "2.42%", "2017-09-30": "2.14%", "2017-06-30": "2.01%", "2017-03-31": "1.29%", "2016-12-31": "0.77%", "2016-09-30": "5.44%", "2016-06-30": "6.97%", "2016-03-31": "9.41%", "2015-12-31": "10.65%", "2015-09-30": "3.08%", "2015-06-30": "2.75%", "2015-03-31": "2.45%", "2014-12-31": "3.07%", "2014-09-30": "5.91%", "2014-06-30": "3.50%", "2014-03-31": "2.87%", "2013-12-31": "2.58%", "2013-09-30": "2.61%", "2013-06-30": "1.58%", "2013-03-31": "2.80%", "2012-12-31": "4.54%", "2012-09-30": "12.60%", "2012-06-30": "-20.41%", "2012-03-31": "-4.15%", "2011-12-31": "1.14%", "2011-09-30": "-1.05%", "2011-06-30": "0.00%", "2011-03-31": "0.80%", "2010-12-31": "1.59%", "2010-09-30": "4.14%", "2010-06-30": "5.37%", "2010-03-31": "5.91%", "2009-12-31": "6.72%", "2009-09-30": "27.45%", "2009-06-30": "40.17%", "2009-03-31": "69.05%", "2008-12-31": "140.43%", "2008-09-30": "769.23%", "2008-06-30": "-165.52%", "2008-03-31": "-59.38%", "2007-12-31": "-33.16%", "2007-09-30": "-39.84%", "2007-06-30": "-31.65%", "2007-03-31": "-26.32%", "2006-12-31": "-23.42%", "2006-09-30": "-7.09%", "2006-06-30": "-6.37%", "2006-03-31": "-5.12%", "2005-12-31": "-3.53%"}, "return on assets": {"2020-09-30": "1.87%", "2020-06-30": "1.62%", "2020-03-31": "1.44%", "2019-12-31": "2.17%", "2019-09-30": "1.97%", "2019-06-30": "1.86%", "2019-03-31": "1.62%", "2018-12-31": "1.62%", "2018-09-30": "1.62%", "2018-06-30": "1.30%", "2018-03-31": "1.19%", "2017-12-31": "1.05%", "2017-09-30": "0.91%", "2017-06-30": "0.84%", "2017-03-31": "0.51%", "2016-12-31": "0.31%", "2016-09-30": "2.11%", "2016-06-30": "2.53%", "2016-03-31": "3.27%", "2015-12-31": "3.39%", "2015-09-30": "0.94%", "2015-06-30": "0.88%", "2015-03-31": "0.77%", "2014-12-31": "0.96%", "2014-09-30": "1.66%", "2014-06-30": "0.83%", "2014-03-31": "0.65%", "2013-12-31": "0.57%", "2013-09-30": "0.53%", "2013-06-30": "0.28%", "2013-03-31": "0.36%", "2012-12-31": "0.33%", "2012-09-30": "0.28%", "2012-06-30": "0.36%", "2012-03-31": "0.15%", "2011-12-31": "-0.08%", "2011-09-30": "0.08%", "2011-06-30": "0.00%", "2011-03-31": "-0.09%", "2010-12-31": "-0.17%", "2010-09-30": "-0.43%", "2010-06-30": "-0.51%", "2010-03-31": "-0.51%", "2009-12-31": "-0.50%", "2009-09-30": "-1.76%", "2009-06-30": "-1.99%", "2009-03-31": "-2.39%", "2008-12-31": "-2.70%", "2008-09-30": "-2.03%", "2008-06-30": "-1.94%", "2008-03-31": "-1.52%", "2007-12-31": "-1.27%", "2007-09-30": "-1.97%", "2007-06-30": "-1.95%", "2007-03-31": "-1.92%", "2006-12-31": "-1.98%", "2006-09-30": "-0.68%", "2006-06-30": "-0.68%", "2006-03-31": "-0.60%", "2005-12-31": "-0.45%"}, "return on investments": {"2020-09-30": "3.81%", "2020-06-30": "3.82%", "2020-03-31": "4.15%", "2019-12-31": "4.29%", "2019-09-30": "4.53%", "2019-06-30": "4.37%", "2019-03-31": "4.26%", "2018-12-31": "4.37%", "2018-09-30": "4.39%", "2018-06-30": "4.00%", "2018-03-31": "3.84%", "2017-12-31": "3.69%", "2017-09-30": "3.61%", "2017-06-30": "3.65%", "2017-03-31": "3.25%", "2016-12-31": "3.10%", "2016-09-30": "3.22%", "2016-06-30": "3.35%", "2016-03-31": "4.19%", "2015-12-31": "4.17%", "2015-09-30": "3.62%", "2015-06-30": "3.49%", "2015-03-31": "3.40%", "2014-12-31": "3.89%", "2014-09-30": "5.27%", "2014-06-30": "5.13%", "2014-03-31": "5.12%", "2013-12-31": "5.18%", "2013-09-30": "5.11%", "2013-06-30": "5.00%", "2013-03-31": "5.12%", "2012-12-31": "5.20%", "2012-09-30": "5.55%", "2012-06-30": "5.70%", "2012-03-31": "5.46%", "2011-12-31": "5.38%", "2011-09-30": "5.49%", "2011-06-30": "5.50%", "2011-03-31": "5.68%", "2010-12-31": "5.58%", "2010-09-30": "5.38%", "2010-06-30": "5.35%", "2010-03-31": "5.32%", "2009-12-31": "5.12%", "2009-09-30": "5.18%", "2009-06-30": "4.97%", "2009-03-31": "5.02%", "2008-12-31": "5.15%", "2008-09-30": "5.19%", "2008-06-30": "5.07%", "2008-03-31": "4.87%", "2007-12-31": "4.67%", "2007-09-30": "4.47%", "2007-06-30": "4.43%", "2007-03-31": "4.46%", "2006-12-31": "4.26%", "2006-09-30": "4.24%", "2006-06-30": "4.24%", "2006-03-31": "4.17%", "2005-12-31": "4.34%"}, "return on tangible equity": {"2020-09-30": "3.68%", "2020-06-30": "3.27%", "2020-03-31": "2.94%", "2019-12-31": "4.47%", "2019-09-30": "4.10%", "2019-06-30": "3.88%", "2019-03-31": "3.51%", "2018-12-31": "3.54%", "2018-09-30": "3.63%", "2018-06-30": "2.99%", "2018-03-31": "2.69%", "2017-12-31": "2.42%", "2017-09-30": "2.14%", "2017-06-30": "2.01%", "2017-03-31": "1.29%", "2016-12-31": "0.77%", "2016-09-30": "5.44%", "2016-06-30": "6.97%", "2016-03-31": "9.41%", "2015-12-31": "10.65%", "2015-09-30": "3.08%", "2015-06-30": "2.75%", "2015-03-31": "2.45%", "2014-12-31": "3.07%", "2014-09-30": "5.91%", "2014-06-30": "3.50%", "2014-03-31": "2.87%", "2013-12-31": "2.58%", "2013-09-30": "2.61%", "2013-06-30": "1.58%", "2013-03-31": "2.80%", "2012-12-31": "4.54%", "2012-09-30": "12.60%", "2012-06-30": "-20.41%", "2012-03-31": "-4.15%", "2011-12-31": "1.14%", "2011-09-30": "-1.05%", "2011-06-30": "0.00%", "2011-03-31": "0.80%", "2010-12-31": "1.59%", "2010-09-30": "4.14%", "2010-06-30": "5.37%", "2010-03-31": "5.91%", "2009-12-31": "6.72%", "2009-09-30": "27.45%", "2009-06-30": "40.17%", "2009-03-31": "69.05%", "2008-12-31": "140.43%", "2008-09-30": "769.23%", "2008-06-30": "-165.52%", "2008-03-31": "-59.38%", "2007-12-31": "-33.16%", "2007-09-30": "-39.84%", "2007-06-30": "-31.65%", "2007-03-31": "-26.32%", "2006-12-31": "-23.42%", "2006-09-30": "-7.09%", "2006-06-30": "-6.37%", "2006-03-31": "-5.12%", "2005-12-31": "-3.53%"}, "dividend yield history": {"last payout": "$3.16", "last yield": "2.12%"}}