{"ticker": "SWCH", "price": {"title": "Switch Historical Annual Stock Price Data", "value": 18.96, "historical": {"2020": {"Average Stock Price": "16.3478", "Year Open": "14.8800", "Year High": "19.1100", "Year Low": "11.2200", "Year Close": "16.3700", "Annual % Change": "10.46%"}, "2019": {"Average Stock Price": "12.6710", "Year Open": "7.0100", "Year High": "16.7800", "Year Low": "6.8200", "Year Close": "14.8200", "Annual % Change": "111.71%"}, "2018": {"Average Stock Price": "12.4442", "Year Open": "17.1600", "Year High": "17.9900", "Year Low": "6.4100", "Year Close": "7.0000", "Annual % Change": "-61.52%"}, "2017": {"Average Stock Price": "18.2631", "Year Open": "20.8400", "Year High": "20.8400", "Year Low": "16.2500", "Year Close": "18.1900", "Annual % Change": "0.00%"}}}, "market cap": {"value": "$4.56B"}, "income statement": {"Revenue": {"2019-12-31": "462.31000", "2018-12-31": "405.86000", "2017-12-31": "378.27500", "2016-12-31": "318.35200", "2015-12-31": "265.87000"}, "Cost Of Goods Sold": {"2019-12-31": "242.67900", "2018-12-31": "224.41300", "2017-12-31": "198.23000", "2016-12-31": "168.84400", "2015-12-31": "141.06000"}, "Gross Profit": {"2019-12-31": "219.63100", "2018-12-31": "181.44700", "2017-12-31": "180.04500", "2016-12-31": "149.50800", "2015-12-31": "124.81000"}, "Research And Development Expenses": {"2019-12-31": "", "2018-12-31": "", "2017-12-31": "", "2016-12-31": "", "2015-12-31": ""}, "SG&A Expenses": {"2019-12-31": "142.70400", "2018-12-31": "126.76800", "2017-12-31": "160.56900", "2016-12-31": "71.42000", "2015-12-31": "45.25100"}, "Other Operating Income Or Expenses": {"2019-12-31": "", "2018-12-31": "", "2017-12-31": "-0.64900", "2016-12-31": "-27.01800", "2015-12-31": ""}, "Operating Expenses": {"2019-12-31": "385.38300", "2018-12-31": "351.18100", "2017-12-31": "359.44800", "2016-12-31": "267.28200", "2015-12-31": "186.31100"}, "Operating Income": {"2019-12-31": "76.92700", "2018-12-31": "54.67900", "2017-12-31": "18.82700", "2016-12-31": "51.07000", "2015-12-31": "79.55900"}, "Total Non-Operating Income/Expense": {"2019-12-31": "-42.67200", "2018-12-31": "-23.41800", "2017-12-31": "-28.38800", "2016-12-31": "-19.70200", "2015-12-31": "-6.08700"}, "Pre-Tax Income": {"2019-12-31": "34.25500", "2018-12-31": "31.26100", "2017-12-31": "-9.56100", "2016-12-31": "31.36800", "2015-12-31": "73.47200"}, "Income Taxes": {"2019-12-31": "2.71300", "2018-12-31": "1.94300", "2017-12-31": "-0.98100", "2016-12-31": "", "2015-12-31": ""}, "Income After Taxes": {"2019-12-31": "31.54200", "2018-12-31": "29.31800", "2017-12-31": "-8.58000", "2016-12-31": "31.36800", "2015-12-31": "73.47200"}, "Other Income": {"2019-12-31": "", "2018-12-31": "", "2017-12-31": "", "2016-12-31": "", "2015-12-31": ""}, "Income From Continuous Operations": {"2019-12-31": "31.54200", "2018-12-31": "29.31800", "2017-12-31": "-8.58000", "2016-12-31": "31.36800", "2015-12-31": "73.47200"}, "Income From Discontinued Operations": {"2019-12-31": "", "2018-12-31": "", "2017-12-31": "", "2016-12-31": "", "2015-12-31": ""}, "Net Income": {"2019-12-31": "8.91700", "2018-12-31": "4.05200", "2017-12-31": "-15.20800", "2016-12-31": "31.36800", "2015-12-31": "73.47200"}, "EBITDA": {"2019-12-31": "200.35200", "2018-12-31": "165.44800", "2017-12-31": "109.42300", "2016-12-31": "119.18800", "2015-12-31": "135.53900"}, "EBIT": {"2019-12-31": "76.92700", "2018-12-31": "54.67900", "2017-12-31": "18.82700", "2016-12-31": "51.07000", "2015-12-31": "79.55900"}, "Basic Shares Outstanding": {"2019-12-31": "76.50100", "2018-12-31": "45.68200", "2017-12-31": "8.07400", "2016-12-31": "199.04700", "2015-12-31": "196.77300"}, "Shares Outstanding": {"2019-12-31": "246.32900", "2018-12-31": "45.75300", "2017-12-31": "8.07400", "2016-12-31": "203.46100", "2015-12-31": "199.27200"}, "Basic EPS": {"2019-12-31": "0.12000", "2018-12-31": "0.09000", "2017-12-31": "-1.88000", "2016-12-31": "0.16000", "2015-12-31": "0.37000"}, "EPS - Earnings Per Share": {"2019-12-31": "0.11000", "2018-12-31": "0.09000", "2017-12-31": "-1.88000", "2016-12-31": "0.15000", "2015-12-31": "0.37000"}}, "income statement, quarterly": {"Revenue": {"2020-09-30": "128.78500", "2020-06-30": "126.91700", "2020-03-31": "128.09600", "2019-12-31": "120.54500", "2019-09-30": "122.35300", "2019-06-30": "111.97000", "2019-03-31": "107.44200", "2018-12-31": "103.21400", "2018-09-30": "102.76800", "2018-06-30": "102.16100", "2018-03-31": "97.71700", "2017-12-31": "99.32800", "2017-09-30": "97.68900", "2017-06-30": "92.10100", "2017-03-31": "89.15700", "2016-12-31": "", "2016-09-30": "81.66600", "2015-12-31": ""}, "Cost Of Goods Sold": {"2020-09-30": "74.34800", "2020-06-30": "68.19800", "2020-03-31": "67.02900", "2019-12-31": "63.53300", "2019-09-30": "63.50400", "2019-06-30": "58.11700", "2019-03-31": "57.52500", "2018-12-31": "55.21300", "2018-09-30": "59.15000", "2018-06-30": "55.19400", "2018-03-31": "54.85600", "2017-12-31": "53.65500", "2017-09-30": "50.74400", "2017-06-30": "48.45600", "2017-03-31": "45.37500", "2016-12-31": "", "2016-09-30": "47.02900", "2015-12-31": ""}, "Gross Profit": {"2020-09-30": "54.43700", "2020-06-30": "58.71900", "2020-03-31": "61.06700", "2019-12-31": "57.01200", "2019-09-30": "58.84900", "2019-06-30": "53.85300", "2019-03-31": "49.91700", "2018-12-31": "48.00100", "2018-09-30": "43.61800", "2018-06-30": "46.96700", "2018-03-31": "42.86100", "2017-12-31": "45.67300", "2017-09-30": "46.94500", "2017-06-30": "43.64500", "2017-03-31": "43.78200", "2016-12-31": "", "2016-09-30": "34.63700", "2015-12-31": ""}, "Research And Development Expenses": {"2020-09-30": "", "2020-06-30": "", "2020-03-31": "", "2019-12-31": "", "2019-09-30": "", "2019-06-30": "", "2019-03-31": "", "2018-12-31": "", "2018-09-30": "", "2018-06-30": "", "2018-03-31": "", "2017-12-31": "", "2017-09-30": "", "2017-06-30": "", "2017-03-31": "", "2016-12-31": "", "2016-09-30": "", "2015-12-31": ""}, "SG&A Expenses": {"2020-09-30": "31.51600", "2020-06-30": "33.43800", "2020-03-31": "40.11600", "2019-12-31": "38.66500", "2019-09-30": "36.86900", "2019-06-30": "32.91900", "2019-03-31": "34.25100", "2018-12-31": "31.09200", "2018-09-30": "31.08600", "2018-06-30": "31.13900", "2018-03-31": "33.45100", "2017-12-31": "99.62800", "2017-09-30": "21.49400", "2017-06-30": "20.10400", "2017-03-31": "19.34300", "2016-12-31": "", "2016-09-30": "18.22500", "2015-12-31": ""}, "Other Operating Income Or Expenses": {"2020-09-30": "", "2020-06-30": "", "2020-03-31": "", "2019-12-31": "", "2019-09-30": "", "2019-06-30": "", "2019-03-31": "", "2018-12-31": "", "2018-09-30": "", "2018-06-30": "", "2018-03-31": "", "2017-12-31": "", "2017-09-30": "", "2017-06-30": "", "2017-03-31": "", "2016-12-31": "", "2016-09-30": "", "2015-12-31": ""}, "Operating Expenses": {"2020-09-30": "105.86400", "2020-06-30": "101.63600", "2020-03-31": "107.14500", "2019-12-31": "102.19800", "2019-09-30": "100.37300", "2019-06-30": "91.03600", "2019-03-31": "91.77600", "2018-12-31": "86.30500", "2018-09-30": "90.23600", "2018-06-30": "86.33300", "2018-03-31": "88.30700", "2017-12-31": "153.93200", "2017-09-30": "72.23800", "2017-06-30": "68.56000", "2017-03-31": "64.71800", "2016-12-31": "", "2016-09-30": "65.25400", "2015-12-31": ""}, "Operating Income": {"2020-09-30": "22.92100", "2020-06-30": "25.28100", "2020-03-31": "20.95100", "2019-12-31": "18.34700", "2019-09-30": "21.98000", "2019-06-30": "20.93400", "2019-03-31": "15.66600", "2018-12-31": "16.90900", "2018-09-30": "12.53200", "2018-06-30": "15.82800", "2018-03-31": "9.41000", "2017-12-31": "-54.60400", "2017-09-30": "25.45100", "2017-06-30": "23.54100", "2017-03-31": "24.43900", "2016-12-31": "", "2016-09-30": "16.41200", "2015-12-31": ""}, "Total Non-Operating Income/Expense": {"2020-09-30": "-8.17300", "2020-06-30": "-10.56500", "2020-03-31": "-24.71300", "2019-12-31": "-4.22100", "2019-09-30": "-11.03300", "2019-06-30": "-15.80400", "2019-03-31": "-11.61400", "2018-12-31": "-5.86400", "2018-09-30": "-6.65700", "2018-06-30": "-5.32200", "2018-03-31": "-5.57500", "2017-12-31": "-6.72400", "2017-09-30": "-8.96500", "2017-06-30": "-8.58800", "2017-03-31": "-4.11100", "2016-12-31": "", "2016-09-30": "-0.48600", "2015-12-31": ""}, "Pre-Tax Income": {"2020-09-30": "14.74800", "2020-06-30": "14.71600", "2020-03-31": "-3.76200", "2019-12-31": "14.12600", "2019-09-30": "10.94700", "2019-06-30": "5.13000", "2019-03-31": "4.05200", "2018-12-31": "11.04500", "2018-09-30": "5.87500", "2018-06-30": "10.50600", "2018-03-31": "3.83500", "2017-12-31": "-61.32800", "2017-09-30": "16.48600", "2017-06-30": "14.95300", "2017-03-31": "20.32800", "2016-12-31": "", "2016-09-30": "15.92600", "2015-12-31": ""}, "Income Taxes": {"2020-09-30": "1.51500", "2020-06-30": "1.38000", "2020-03-31": "-0.27300", "2019-12-31": "1.18200", "2019-09-30": "0.86700", "2019-06-30": "0.45800", "2019-03-31": "0.20600", "2018-12-31": "-0.12100", "2018-09-30": "1.21200", "2018-06-30": "0.96700", "2018-03-31": "-0.11500", "2017-12-31": "", "2017-09-30": "", "2017-06-30": "", "2017-03-31": "", "2016-12-31": "", "2016-09-30": "", "2015-12-31": ""}, "Income After Taxes": {"2020-09-30": "13.23300", "2020-06-30": "13.33600", "2020-03-31": "-3.48900", "2019-12-31": "12.94400", "2019-09-30": "10.08000", "2019-06-30": "4.67200", "2019-03-31": "3.84600", "2018-12-31": "11.16600", "2018-09-30": "4.66300", "2018-06-30": "9.53900", "2018-03-31": "3.95000", "2017-12-31": "-60.34700", "2017-09-30": "16.48600", "2017-06-30": "14.95300", "2017-03-31": "20.32800", "2016-12-31": "", "2016-09-30": "15.92600", "2015-12-31": ""}, "Other Income": {"2020-09-30": "", "2020-06-30": "", "2020-03-31": "", "2019-12-31": "", "2019-09-30": "", "2019-06-30": "", "2019-03-31": "", "2018-12-31": "", "2018-09-30": "", "2018-06-30": "", "2018-03-31": "", "2017-12-31": "", "2017-09-30": "", "2017-06-30": "", "2017-03-31": "", "2016-12-31": "", "2016-09-30": "", "2015-12-31": ""}, "Income From Continuous Operations": {"2020-09-30": "13.23300", "2020-06-30": "13.33600", "2020-03-31": "-3.48900", "2019-12-31": "12.94400", "2019-09-30": "10.08000", "2019-06-30": "4.67200", "2019-03-31": "3.84600", "2018-12-31": "11.16600", "2018-09-30": "4.66300", "2018-06-30": "9.53900", "2018-03-31": "3.95000", "2017-12-31": "-60.34700", "2017-09-30": "16.48600", "2017-06-30": "14.95300", "2017-03-31": "20.32800", "2016-12-31": "", "2016-09-30": "15.92600", "2015-12-31": ""}, "Income From Discontinued Operations": {"2020-09-30": "", "2020-06-30": "", "2020-03-31": "", "2019-12-31": "", "2019-09-30": "", "2019-06-30": "", "2019-03-31": "", "2018-12-31": "", "2018-09-30": "", "2018-06-30": "", "2018-03-31": "", "2017-12-31": "", "2017-09-30": "", "2017-06-30": "", "2017-03-31": "", "2016-12-31": "", "2016-09-30": "", "2015-12-31": ""}, "Net Income": {"2020-09-30": "5.20600", "2020-06-30": "5.09700", "2020-03-31": "-1.21600", "2019-12-31": "4.04800", "2019-09-30": "2.94700", "2019-06-30": "1.18900", "2019-03-31": "0.73300", "2018-12-31": "2.55400", "2018-09-30": "0.00600", "2018-06-30": "0.82100", "2018-03-31": "0.67100", "2017-12-31": "-66.97500", "2017-09-30": "16.48600", "2017-06-30": "14.95300", "2017-03-31": "20.32800", "2016-12-31": "", "2016-09-30": "15.92600", "2015-12-31": ""}, "EBITDA": {"2020-09-30": "60.76700", "2020-06-30": "62.20100", "2020-03-31": "54.14500", "2019-12-31": "50.46800", "2019-09-30": "53.36600", "2019-06-30": "51.52600", "2019-03-31": "44.99200", "2018-12-31": "45.14200", "2018-09-30": "43.86200", "2018-06-30": "41.99000", "2018-03-31": "34.45400", "2017-12-31": "-29.64900", "2017-09-30": "48.80800", "2017-06-30": "45.53500", "2017-03-31": "44.72900", "2016-12-31": "", "2016-09-30": "16.41200", "2015-12-31": ""}, "EBIT": {"2020-09-30": "22.92100", "2020-06-30": "25.28100", "2020-03-31": "20.95100", "2019-12-31": "18.34700", "2019-09-30": "21.98000", "2019-06-30": "20.93400", "2019-03-31": "15.66600", "2018-12-31": "16.90900", "2018-09-30": "12.53200", "2018-06-30": "15.82800", "2018-03-31": "9.41000", "2017-12-31": "-54.60400", "2017-09-30": "25.45100", "2017-06-30": "23.54100", "2017-03-31": "24.43900", "2016-12-31": "", "2016-09-30": "16.41200", "2015-12-31": ""}, "Basic Shares Outstanding": {"2020-09-30": "108.69000", "2020-06-30": "104.98700", "2020-03-31": "94.36600", "2019-12-31": "76.50100", "2019-09-30": "84.13500", "2019-06-30": "77.71400", "2019-03-31": "55.53600", "2018-12-31": "45.68200", "2018-09-30": "50.66900", "2018-06-30": "42.35800", "2018-03-31": "36.00300", "2017-12-31": "8.07400", "2017-09-30": "200.74700", "2017-06-30": "200.64400", "2017-03-31": "199.77600", "2016-12-31": "", "2016-09-30": "199.10900", "2015-12-31": ""}, "Shares Outstanding": {"2020-09-30": "111.56500", "2020-06-30": "243.91600", "2020-03-31": "94.36600", "2019-12-31": "246.32900", "2019-09-30": "247.14200", "2019-06-30": "79.02100", "2019-03-31": "247.36400", "2018-12-31": "45.75300", "2018-09-30": "50.71000", "2018-06-30": "42.46300", "2018-03-31": "252.55200", "2017-12-31": "8.07400", "2017-09-30": "208.97300", "2017-06-30": "207.64200", "2017-03-31": "205.49300", "2016-12-31": "", "2016-09-30": "204.24500", "2015-12-31": ""}, "Basic EPS": {"2020-09-30": "0.05000", "2020-06-30": "0.05000", "2020-03-31": "-0.01000", "2019-12-31": "0.05000", "2019-09-30": "0.04000", "2019-06-30": "0.02000", "2019-03-31": "0.01000", "2018-12-31": "0.05000", "2018-09-30": "0.00000", "2018-06-30": "0.02000", "2018-03-31": "0.02000", "2017-12-31": "-2.13000", "2017-09-30": "0.08000", "2017-06-30": "0.07000", "2017-03-31": "0.10000", "2016-12-31": "", "2016-09-30": "0.08000", "2015-12-31": ""}, "EPS - Earnings Per Share": {"2020-09-30": "0.05000", "2020-06-30": "0.05000", "2020-03-31": "-0.01000", "2019-12-31": "0.05000", "2019-09-30": "0.03000", "2019-06-30": "0.02000", "2019-03-31": "0.01000", "2018-12-31": "0.05000", "2018-09-30": "0.00000", "2018-06-30": "0.02000", "2018-03-31": "0.02000", "2017-12-31": "-2.13000", "2017-09-30": "0.08000", "2017-06-30": "0.07000", "2017-03-31": "0.10000", "2016-12-31": "0.00000", "2016-09-30": "0.08000", "2015-12-31": "0.00000"}}, "balance sheet": {"Cash On Hand": {"2019-12-31": "24.72100", "2018-12-31": "81.56000", "2017-12-31": "264.66600", "2016-12-31": "22.71300", "2015-12-31": "14.19200"}, "Receivables": {"2019-12-31": "23.36500", "2018-12-31": "17.65400", "2017-12-31": "16.38600", "2016-12-31": "9.13100", "2015-12-31": "8.47800"}, "Inventory": {"2019-12-31": "", "2018-12-31": "", "2017-12-31": "", "2016-12-31": "", "2015-12-31": ""}, "Pre-Paid Expenses": {"2019-12-31": "7.13700", "2018-12-31": "6.78100", "2017-12-31": "5.03700", "2016-12-31": "3.92100", "2015-12-31": "4.10800"}, "Other Current Assets": {"2019-12-31": "3.81700", "2018-12-31": "2.33200", "2017-12-31": "2.10100", "2016-12-31": "2.05200", "2015-12-31": "1.93000"}, "Total Current Assets": {"2019-12-31": "59.04000", "2018-12-31": "108.32700", "2017-12-31": "288.19000", "2016-12-31": "37.81700", "2015-12-31": "28.70800"}, "Property, Plant, And Equipment": {"2019-12-31": "1551.11700", "2018-12-31": "1302.77000", "2017-12-31": "1133.57200", "2016-12-31": "874.25900", "2015-12-31": "598.23400"}, "Long-Term Investments": {"2019-12-31": "", "2018-12-31": "", "2017-12-31": "", "2016-12-31": "0.16900", "2015-12-31": "10.39300"}, "Goodwill And Intangible Assets": {"2019-12-31": "", "2018-12-31": "", "2017-12-31": "", "2016-12-31": "", "2015-12-31": ""}, "Other Long-Term Assets": {"2019-12-31": "49.21400", "2018-12-31": "20.38300", "2017-12-31": "12.01600", "2016-12-31": "8.77000", "2015-12-31": "10.24300"}, "Total Long-Term Assets": {"2019-12-31": "1714.70300", "2018-12-31": "1351.70300", "2017-12-31": "1146.56900", "2016-12-31": "883.19800", "2015-12-31": "618.87000"}, "Total Assets": {"2019-12-31": "1773.74300", "2018-12-31": "1460.03000", "2017-12-31": "1434.75900", "2016-12-31": "921.01500", "2015-12-31": "647.57800"}, "Total Current Liabilities": {"2019-12-31": "113.93000", "2018-12-31": "75.02800", "2017-12-31": "66.09100", "2016-12-31": "145.67800", "2015-12-31": "52.18400"}, "Long Term Debt": {"2019-12-31": "802.98600", "2018-12-31": "600.03200", "2017-12-31": "605.22600", "2016-12-31": "477.20300", "2015-12-31": "302.62500"}, "Other Non-Current Liabilities": {"2019-12-31": "175.18800", "2018-12-31": "54.35800", "2017-12-31": "1.92700", "2016-12-31": "2.07000", "2015-12-31": "2.00600"}, "Total Long Term Liabilities": {"2019-12-31": "1032.16800", "2018-12-31": "676.65000", "2017-12-31": "626.53500", "2016-12-31": "496.97400", "2015-12-31": "310.70000"}, "Total Liabilities": {"2019-12-31": "1146.09800", "2018-12-31": "751.67800", "2017-12-31": "692.62600", "2016-12-31": "642.65200", "2015-12-31": "362.88400"}, "Common Stock Net": {"2019-12-31": "0.24100", "2018-12-31": "0.24700", "2017-12-31": "0.25300", "2016-12-31": "279.05600", "2015-12-31": "285.30100"}, "Retained Earnings (Accumulated Deficit)": {"2019-12-31": "2.42000", "2018-12-31": "2.69300", "2017-12-31": "1.60200", "2016-12-31": "", "2015-12-31": ""}, "Comprehensive Income": {"2019-12-31": "0.07900", "2018-12-31": "0.07900", "2017-12-31": "0.03100", "2016-12-31": "-0.69300", "2015-12-31": "-0.60700"}, "Other Share Holders Equity": {"2019-12-31": "", "2018-12-31": "", "2017-12-31": "", "2016-12-31": "", "2015-12-31": ""}, "Share Holder Equity": {"2019-12-31": "627.64500", "2018-12-31": "708.35200", "2017-12-31": "742.13300", "2016-12-31": "278.36300", "2015-12-31": "284.69400"}, "Total Liabilities And Share Holders Equity": {"2019-12-31": "1773.74300", "2018-12-31": "1460.03000", "2017-12-31": "1434.75900", "2016-12-31": "921.01500", "2015-12-31": "647.57800"}}, "balance sheet, quarterly": {"Cash On Hand": {"2020-09-30": "156.08100", "2020-06-30": "31.73000", "2020-03-31": "64.71100", "2019-12-31": "24.72100", "2019-09-30": "52.47800", "2019-06-30": "60.16900", "2019-03-31": "86.95800", "2018-12-31": "81.56000", "2018-09-30": "104.51100", "2018-06-30": "184.00400", "2018-03-31": "238.56100", "2017-12-31": "264.66600", "2017-09-30": "7.99200", "2017-06-30": "", "2017-03-31": "", "2016-12-31": "", "2016-09-30": "", "2015-12-31": "14.19000"}, "Receivables": {"2020-09-30": "16.48000", "2020-06-30": "16.57300", "2020-03-31": "15.37100", "2019-12-31": "23.36500", "2019-09-30": "18.74100", "2019-06-30": "14.25900", "2019-03-31": "9.99400", "2018-12-31": "17.65400", "2018-09-30": "14.19600", "2018-06-30": "10.67000", "2018-03-31": "18.51100", "2017-12-31": "16.38600", "2017-09-30": "13.72500", "2017-06-30": "", "2017-03-31": "", "2016-12-31": "", "2016-09-30": "", "2015-12-31": "8.47000"}, "Inventory": {"2020-09-30": "", "2020-06-30": "", "2020-03-31": "", "2019-12-31": "", "2019-09-30": "", "2019-06-30": "", "2019-03-31": "", "2018-12-31": "", "2018-09-30": "", "2018-06-30": "", "2018-03-31": "", "2017-12-31": "", "2017-09-30": "", "2017-06-30": "", "2017-03-31": "", "2016-12-31": "", "2016-09-30": "", "2015-12-31": ""}, "Pre-Paid Expenses": {"2020-09-30": "5.44900", "2020-06-30": "4.08200", "2020-03-31": "6.68300", "2019-12-31": "7.13700", "2019-09-30": "6.96200", "2019-06-30": "4.50000", "2019-03-31": "6.73100", "2018-12-31": "6.78100", "2018-09-30": "3.93200", "2018-06-30": "3.97500", "2018-03-31": "5.16200", "2017-12-31": "5.03700", "2017-09-30": "4.08700", "2017-06-30": "", "2017-03-31": "", "2016-12-31": "", "2016-09-30": "", "2015-12-31": ""}, "Other Current Assets": {"2020-09-30": "2.76100", "2020-06-30": "3.19000", "2020-03-31": "4.43600", "2019-12-31": "3.81700", "2019-09-30": "2.42800", "2019-06-30": "2.35900", "2019-03-31": "2.33900", "2018-12-31": "2.33200", "2018-09-30": "3.09100", "2018-06-30": "6.08500", "2018-03-31": "3.67900", "2017-12-31": "2.10100", "2017-09-30": "9.59700", "2017-06-30": "", "2017-03-31": "", "2016-12-31": "", "2016-09-30": "", "2015-12-31": "6.03000"}, "Total Current Assets": {"2020-09-30": "180.77100", "2020-06-30": "55.57500", "2020-03-31": "91.20100", "2019-12-31": "59.04000", "2019-09-30": "80.60900", "2019-06-30": "81.28700", "2019-03-31": "106.02200", "2018-12-31": "108.32700", "2018-09-30": "125.73000", "2018-06-30": "204.73400", "2018-03-31": "265.91300", "2017-12-31": "288.19000", "2017-09-30": "35.40100", "2017-06-30": "", "2017-03-31": "", "2016-12-31": "", "2016-09-30": "", "2015-12-31": "28.70000"}, "Property, Plant, And Equipment": {"2020-09-30": "1675.22900", "2020-06-30": "1630.11900", "2020-03-31": "1583.49100", "2019-12-31": "1551.11700", "2019-09-30": "1444.99300", "2019-06-30": "1346.34800", "2019-03-31": "1309.51400", "2018-12-31": "1302.77000", "2018-09-30": "1281.05700", "2018-06-30": "1248.93900", "2018-03-31": "1183.16500", "2017-12-31": "1133.57200", "2017-09-30": "1072.82300", "2017-06-30": "", "2017-03-31": "", "2016-12-31": "", "2016-09-30": "", "2015-12-31": "799.55000"}, "Long-Term Investments": {"2020-09-30": "", "2020-06-30": "", "2020-03-31": "", "2019-12-31": "", "2019-09-30": "", "2019-06-30": "", "2019-03-31": "", "2018-12-31": "", "2018-09-30": "", "2018-06-30": "", "2018-03-31": "", "2017-12-31": "", "2017-09-30": "", "2017-06-30": "", "2017-03-31": "", "2016-12-31": "", "2016-09-30": "", "2015-12-31": "10.39000"}, "Goodwill And Intangible Assets": {"2020-09-30": "", "2020-06-30": "", "2020-03-31": "", "2019-12-31": "", "2019-09-30": "", "2019-06-30": "", "2019-03-31": "", "2018-12-31": "", "2018-09-30": "", "2018-06-30": "", "2018-03-31": "", "2017-12-31": "", "2017-09-30": "", "2017-06-30": "0.00000", "2017-03-31": "0.00000", "2016-12-31": "", "2016-09-30": "0.00000", "2015-12-31": "0.00000"}, "Other Long-Term Assets": {"2020-09-30": "51.71900", "2020-06-30": "47.48700", "2020-03-31": "48.59200", "2019-12-31": "49.21400", "2019-09-30": "23.39600", "2019-06-30": "22.18800", "2019-03-31": "20.69600", "2018-12-31": "20.38300", "2018-09-30": "19.15900", "2018-06-30": "33.57900", "2018-03-31": "13.39100", "2017-12-31": "12.01600", "2017-09-30": "16.15600", "2017-06-30": "", "2017-03-31": "", "2016-12-31": "", "2016-09-30": "", "2015-12-31": "10.24000"}, "Total Long-Term Assets": {"2020-09-30": "1904.61700", "2020-06-30": "1851.87500", "2020-03-31": "1763.33800", "2019-12-31": "1714.70300", "2019-09-30": "1558.50400", "2019-06-30": "1443.59000", "2019-03-31": "1357.83500", "2018-12-31": "1351.70300", "2018-09-30": "1321.07000", "2018-06-30": "1282.51800", "2018-03-31": "1196.55600", "2017-12-31": "1146.56900", "2017-09-30": "1088.97900", "2017-06-30": "", "2017-03-31": "", "2016-12-31": "", "2016-09-30": "", "2015-12-31": "820.18000"}, "Total Assets": {"2020-09-30": "2085.38800", "2020-06-30": "1907.45000", "2020-03-31": "1854.53900", "2019-12-31": "1773.74300", "2019-09-30": "1639.11300", "2019-06-30": "1524.87700", "2019-03-31": "1463.85700", "2018-12-31": "1460.03000", "2018-09-30": "1446.80000", "2018-06-30": "1487.25200", "2018-03-31": "1462.46900", "2017-12-31": "1434.75900", "2017-09-30": "1124.38000", "2017-06-30": "0.00000", "2017-03-31": "0.00000", "2016-12-31": "0.00000", "2016-09-30": "0.00000", "2015-12-31": "647.57000"}, "Total Current Liabilities": {"2020-09-30": "115.18500", "2020-06-30": "103.23300", "2020-03-31": "108.91200", "2019-12-31": "113.93000", "2019-09-30": "105.11300", "2019-06-30": "84.06800", "2019-03-31": "72.13900", "2018-12-31": "75.02800", "2018-09-30": "83.68100", "2018-06-30": "73.69500", "2018-03-31": "79.00700", "2017-12-31": "66.09100", "2017-09-30": "103.04700", "2017-06-30": "", "2017-03-31": "", "2016-12-31": "", "2016-09-30": "", "2015-12-31": "52.18000"}, "Long Term Debt": {"2020-09-30": "1042.36400", "2020-06-30": "890.34500", "2020-03-31": "871.66200", "2019-12-31": "802.98600", "2019-09-30": "666.13700", "2019-06-30": "597.43500", "2019-03-31": "598.73400", "2018-12-31": "600.03200", "2018-09-30": "602.13700", "2018-06-30": "603.43500", "2018-03-31": "604.73400", "2017-12-31": "605.22600", "2017-09-30": "838.33100", "2017-06-30": "", "2017-03-31": "", "2016-12-31": "", "2016-09-30": "", "2015-12-31": "302.61000"}, "Other Non-Current Liabilities": {"2020-09-30": "268.83300", "2020-06-30": "260.09900", "2020-03-31": "206.25500", "2019-12-31": "175.18800", "2019-09-30": "150.03500", "2019-06-30": "126.58900", "2019-03-31": "59.43300", "2018-12-31": "54.35800", "2018-09-30": "47.28200", "2018-06-30": "41.41100", "2018-03-31": "1.87100", "2017-12-31": "1.92700", "2017-09-30": "1.98100", "2017-06-30": "", "2017-03-31": "", "2016-12-31": "", "2016-09-30": "", "2015-12-31": "2.00000"}, "Total Long Term Liabilities": {"2020-09-30": "1361.12000", "2020-06-30": "1198.37500", "2020-03-31": "1127.79000", "2019-12-31": "1032.16800", "2019-09-30": "853.01900", "2019-06-30": "750.89400", "2019-03-31": "681.32200", "2018-12-31": "676.65000", "2018-09-30": "670.33100", "2018-06-30": "664.81100", "2018-03-31": "625.90400", "2017-12-31": "626.53500", "2017-09-30": "859.61300", "2017-06-30": "", "2017-03-31": "", "2016-12-31": "", "2016-09-30": "", "2015-12-31": "310.67000"}, "Total Liabilities": {"2020-09-30": "1476.30500", "2020-06-30": "1301.60800", "2020-03-31": "1236.70200", "2019-12-31": "1146.09800", "2019-09-30": "958.13200", "2019-06-30": "834.96200", "2019-03-31": "753.46100", "2018-12-31": "751.67800", "2018-09-30": "754.01200", "2018-06-30": "738.50600", "2018-03-31": "704.91100", "2017-12-31": "692.62600", "2017-09-30": "962.66000", "2017-06-30": "0.00000", "2017-03-31": "0.00000", "2016-12-31": "", "2016-09-30": "0.00000", "2015-12-31": "362.88000"}, "Common Stock Net": {"2020-09-30": "0.24100", "2020-06-30": "0.24100", "2020-03-31": "0.24100", "2019-12-31": "0.24100", "2019-09-30": "0.24500", "2019-06-30": "0.24600", "2019-03-31": "0.24800", "2018-12-31": "0.24700", "2018-09-30": "0.24700", "2018-06-30": "0.25300", "2018-03-31": "0.25300", "2017-12-31": "0.25300", "2017-09-30": "161.62700", "2017-06-30": "0.00000", "2017-03-31": "0.00000", "2016-12-31": "", "2016-09-30": "0.00000", "2015-12-31": "285.30000"}, "Retained Earnings (Accumulated Deficit)": {"2020-09-30": "-0.32500", "2020-06-30": "0.09800", "2020-03-31": "-1.75400", "2019-12-31": "2.42000", "2019-09-30": "-0.05100", "2019-06-30": "0.45400", "2019-03-31": "1.66500", "2018-12-31": "2.69300", "2018-09-30": "0.98100", "2018-06-30": "1.77400", "2018-03-31": "2.27300", "2017-12-31": "1.60200", "2017-09-30": "", "2017-06-30": "", "2017-03-31": "", "2016-12-31": "", "2016-09-30": "", "2015-12-31": ""}, "Comprehensive Income": {"2020-09-30": "0.07900", "2020-06-30": "0.07900", "2020-03-31": "0.07900", "2019-12-31": "0.07900", "2019-09-30": "0.07900", "2019-06-30": "0.07900", "2019-03-31": "0.07900", "2018-12-31": "0.07900", "2018-09-30": "0.07900", "2018-06-30": "0.07900", "2018-03-31": "0.07900", "2017-12-31": "0.03100", "2017-09-30": "0.09300", "2017-06-30": "", "2017-03-31": "", "2016-12-31": "", "2016-09-30": "", "2015-12-31": ""}, "Other Share Holders Equity": {"2020-09-30": "", "2020-06-30": "", "2020-03-31": "", "2019-12-31": "", "2019-09-30": "", "2019-06-30": "", "2019-03-31": "", "2018-12-31": "", "2018-09-30": "", "2018-06-30": "", "2018-03-31": "", "2017-12-31": "", "2017-09-30": "", "2017-06-30": "0.00000", "2017-03-31": "0.00000", "2016-12-31": "", "2016-09-30": "0.00000", "2015-12-31": "-0.60000"}, "Share Holder Equity": {"2020-09-30": "609.08300", "2020-06-30": "605.84200", "2020-03-31": "617.83700", "2019-12-31": "627.64500", "2019-09-30": "680.98100", "2019-06-30": "689.91500", "2019-03-31": "710.39600", "2018-12-31": "708.35200", "2018-09-30": "692.78800", "2018-06-30": "748.74600", "2018-03-31": "757.55800", "2017-12-31": "742.13300", "2017-09-30": "161.72000", "2017-06-30": "0.00000", "2017-03-31": "0.00000", "2016-12-31": "", "2016-09-30": "0.00000", "2015-12-31": "284.69000"}, "Total Liabilities And Share Holders Equity": {"2020-09-30": "2085.38800", "2020-06-30": "1907.45000", "2020-03-31": "1854.53900", "2019-12-31": "1773.74300", "2019-09-30": "1639.11300", "2019-06-30": "1524.87700", "2019-03-31": "1463.85700", "2018-12-31": "1460.03000", "2018-09-30": "1446.80000", "2018-06-30": "1487.25200", "2018-03-31": "1462.46900", "2017-12-31": "1434.75900", "2017-09-30": "1124.38000", "2017-06-30": "0.00000", "2017-03-31": "0.00000", "2016-12-31": "", "2016-09-30": "0.00000", "2015-12-31": "647.57000"}}, "cash flow statement": {"Net Income/Loss": {"2019-12-31": "31.54200", "2018-12-31": "29.31800", "2017-12-31": "-8.58000", "2016-12-31": "31.36800", "2015-12-31": "73.47200"}, "Total Depreciation And Amortization - Cash Flow": {"2019-12-31": "123.42500", "2018-12-31": "110.76900", "2017-12-31": "90.59600", "2016-12-31": "68.11800", "2015-12-31": "55.98000"}, "Other Non-Cash Items": {"2019-12-31": "47.84600", "2018-12-31": "39.42000", "2017-12-31": "89.44300", "2016-12-31": "21.77200", "2015-12-31": "5.78200"}, "Total Non-Cash Items": {"2019-12-31": "171.27100", "2018-12-31": "150.18900", "2017-12-31": "180.03900", "2016-12-31": "89.89000", "2015-12-31": "61.76200"}, "Change In Accounts Receivable": {"2019-12-31": "-5.49200", "2018-12-31": "-0.18700", "2017-12-31": "-6.43500", "2016-12-31": "-1.10100", "2015-12-31": "-3.56600"}, "Change In Inventories": {"2019-12-31": "", "2018-12-31": "", "2017-12-31": "", "2016-12-31": "", "2015-12-31": ""}, "Change In Accounts Payable": {"2019-12-31": "-0.89200", "2018-12-31": "-0.31200", "2017-12-31": "5.07900", "2016-12-31": "-0.23800", "2015-12-31": "-1.15500"}, "Change In Assets/Liabilities": {"2019-12-31": "10.21600", "2018-12-31": "-4.03400", "2017-12-31": "4.96000", "2016-12-31": "11.63100", "2015-12-31": "-1.59900"}, "Total Change In Assets/Liabilities": {"2019-12-31": "6.60000", "2018-12-31": "-1.17700", "2017-12-31": "-24.85800", "2016-12-31": "44.80700", "2015-12-31": "-5.95300"}, "Cash Flow From Operating Activities": {"2019-12-31": "209.41300", "2018-12-31": "178.33000", "2017-12-31": "146.60100", "2016-12-31": "166.06500", "2015-12-31": "129.28100"}, "Net Change In Property, Plant, And Equipment": {"2019-12-31": "-307.67900", "2018-12-31": "-275.46200", "2017-12-31": "-402.46100", "2016-12-31": "-287.09700", "2015-12-31": "-188.87000"}, "Net Change In Intangible Assets": {"2019-12-31": "", "2018-12-31": "-0.02500", "2017-12-31": "-0.03200", "2016-12-31": "", "2015-12-31": "-0.44900"}, "Net Acquisitions/Divestitures": {"2019-12-31": "", "2018-12-31": "", "2017-12-31": "", "2016-12-31": "", "2015-12-31": ""}, "Net Change In Short-term Investments": {"2019-12-31": "", "2018-12-31": "", "2017-12-31": "", "2016-12-31": "-1.50000", "2015-12-31": "-6.54000"}, "Net Change In Long-Term Investments": {"2019-12-31": "", "2018-12-31": "", "2017-12-31": "", "2016-12-31": "", "2015-12-31": ""}, "Net Change In Investments - Total": {"2019-12-31": "", "2018-12-31": "", "2017-12-31": "", "2016-12-31": "-1.50000", "2015-12-31": "-6.54000"}, "Investing Activities - Other": {"2019-12-31": "-1.70300", "2018-12-31": "-2.60800", "2017-12-31": "0.04200", "2016-12-31": "-3.40400", "2015-12-31": "-0.48500"}, "Cash Flow From Investing Activities": {"2019-12-31": "-309.38200", "2018-12-31": "-278.09500", "2017-12-31": "-402.45100", "2016-12-31": "-292.00100", "2015-12-31": "-196.34400"}, "Net Long-Term Debt": {"2019-12-31": "163.12400", "2018-12-31": "-6.33300", "2017-12-31": "121.00900", "2016-12-31": "179.00000", "2015-12-31": "98.28300"}, "Net Current Debt": {"2019-12-31": "", "2018-12-31": "", "2017-12-31": "", "2016-12-31": "", "2015-12-31": ""}, "Debt Issuance/Retirement Net - Total": {"2019-12-31": "163.12400", "2018-12-31": "-6.33300", "2017-12-31": "121.00900", "2016-12-31": "179.00000", "2015-12-31": "98.28300"}, "Net Common Equity Issued/Repurchased": {"2019-12-31": "-91.04600", "2018-12-31": "-60.64400", "2017-12-31": "572.43200", "2016-12-31": "-15.14800", "2015-12-31": "-1.31700"}, "Net Total Equity Issued/Repurchased": {"2019-12-31": "-91.04600", "2018-12-31": "-60.64400", "2017-12-31": "572.43200", "2016-12-31": "-15.14800", "2015-12-31": "-1.31700"}, "Total Common And Preferred Stock Dividends Paid": {"2019-12-31": "-28.42100", "2018-12-31": "-14.45000", "2017-12-31": "-185.76800", "2016-12-31": "-28.10000", "2015-12-31": "-20.51900"}, "Financial Activities - Other": {"2019-12-31": "-0.52700", "2018-12-31": "-1.91400", "2017-12-31": "-9.87000", "2016-12-31": "-1.29500", "2015-12-31": "-8.75400"}, "Cash Flow From Financial Activities": {"2019-12-31": "43.13000", "2018-12-31": "-83.34100", "2017-12-31": "497.80300", "2016-12-31": "134.45700", "2015-12-31": "67.69300"}, "Net Cash Flow": {"2019-12-31": "-56.83900", "2018-12-31": "-183.10600", "2017-12-31": "241.95300", "2016-12-31": "8.52100", "2015-12-31": "0.63000"}, "Stock-Based Compensation": {"2019-12-31": "29.52400", "2018-12-31": "35.73300", "2017-12-31": "84.79000", "2016-12-31": "5.93500", "2015-12-31": "5.23700"}, "Common Stock Dividends Paid": {"2019-12-31": "-28.42100", "2018-12-31": "-14.45000", "2017-12-31": "-185.76800", "2016-12-31": "-28.10000", "2015-12-31": "-20.51900"}}, "cash flow statement, quarterly": {"Net Income/Loss": {"2020-09-30": 13.233, "2020-06-30": 13.336, "2020-03-31": "-3.48900", "2019-12-31": 12.944, "2019-09-30": 10.08, "2019-06-30": 4.672, "2019-03-31": "3.84600", "2018-12-31": 11.166, "2018-09-30": 4.663, "2018-06-30": 9.539, "2018-03-31": "3.95000", "2017-12-31": -60.346, "2017-09-30": 16.485, "2017-06-30": 14.953, "2017-03-31": "20.32800", "2016-12-31": -19.78, "2016-09-30": -22.33, "2015-12-31": 73.47}, "Total Depreciation And Amortization - Cash Flow": {"2020-09-30": 37.846, "2020-06-30": 36.92, "2020-03-31": "33.19400", "2019-12-31": 32.121, "2019-09-30": 31.386, "2019-06-30": 30.592, "2019-03-31": "29.32600", "2018-12-31": 28.233, "2018-09-30": 31.33, "2018-06-30": 26.162, "2018-03-31": "25.04400", "2017-12-31": 24.955, "2017-09-30": 23.357, "2017-06-30": 21.994, "2017-03-31": "20.29000", "2016-12-31": 18.911, "2016-09-30": -7.651, "2015-12-31": 55.98}, "Other Non-Cash Items": {"2020-09-30": 8.245, "2020-06-30": 12.007, "2020-03-31": "26.87700", "2019-12-31": 9.12, "2019-09-30": 8.674, "2019-06-30": 16.696, "2019-03-31": "13.35600", "2018-12-31": 7.939, "2018-09-30": 9.013, "2018-06-30": 9.598, "2018-03-31": "12.87000", "2017-12-31": 81.348, "2017-09-30": 1.69, "2017-06-30": 3.187, "2017-03-31": "3.21800", "2016-12-31": -9.481, "2016-09-30": 9.481, "2015-12-31": 0}, "Total Non-Cash Items": {"2020-09-30": 46.091, "2020-06-30": 48.927, "2020-03-31": "60.07100", "2019-12-31": 41.241, "2019-09-30": 40.06, "2019-06-30": 47.288, "2019-03-31": "42.68200", "2018-12-31": 36.172, "2018-09-30": 40.343, "2018-06-30": 35.76, "2018-03-31": "37.91400", "2017-12-31": 106.303, "2017-09-30": 25.047, "2017-06-30": 25.181, "2017-03-31": "23.50800", "2016-12-31": 9.43, "2016-09-30": 1.83, "2015-12-31": 55.98}, "Change In Accounts Receivable": {"2020-09-30": 0.216, "2020-06-30": -1.91, "2020-03-31": "5.94400", "2019-12-31": -7.985, "2019-09-30": 1.523, "2019-06-30": -4.194, "2019-03-31": "5.16400", "2018-12-31": -1.688, "2018-09-30": -3.36, "2018-06-30": 7.938, "2018-03-31": "-3.07700", "2017-12-31": -3.072, "2017-09-30": -1.038, "2017-06-30": 1.89, "2017-03-31": "-4.21500", "2016-12-31": 0.3, "2016-09-30": -0.3, "2015-12-31": 0}, "Change In Inventories": {"2020-09-30": 0, "2020-06-30": 0, "2020-03-31": "", "2019-12-31": 0, "2019-09-30": 0, "2019-06-30": 0, "2019-03-31": "", "2018-12-31": 0, "2018-09-30": 0, "2018-06-30": 0, "2018-03-31": "", "2017-12-31": 0, "2017-09-30": 0, "2017-06-30": 0, "2017-03-31": "", "2016-12-31": 0, "2016-09-30": 0, "2015-12-31": 0}, "Change In Accounts Payable": {"2020-09-30": 2.645, "2020-06-30": -1.923, "2020-03-31": "1.98700", "2019-12-31": -3.583, "2019-09-30": 3.184, "2019-06-30": 1.708, "2019-03-31": "-2.20100", "2018-12-31": -1.25, "2018-09-30": 1.437, "2018-06-30": -0.729, "2018-03-31": "0.23000", "2017-12-31": 3.239, "2017-09-30": -0.656, "2017-06-30": -2.216, "2017-03-31": "4.71200", "2016-12-31": -0.779, "2016-09-30": 0.779, "2015-12-31": 0}, "Change In Assets/Liabilities": {"2020-09-30": -0.898, "2020-06-30": -0.426, "2020-03-31": "-3.09700", "2019-12-31": -0.385, "2019-09-30": 5.702, "2019-06-30": 4.367, "2019-03-31": "0.53200", "2018-12-31": -2.71, "2018-09-30": -1.404, "2018-06-30": 0.45, "2018-03-31": "-0.37000", "2017-12-31": 0.754, "2017-09-30": -5.267, "2017-06-30": 4.117, "2017-03-31": "5.35600", "2016-12-31": -1.553, "2016-09-30": 1.553, "2015-12-31": 0}, "Total Change In Assets/Liabilities": {"2020-09-30": 8.52, "2020-06-30": -3.33, "2020-03-31": "5.97600", "2019-12-31": -17.994, "2019-09-30": 14.127, "2019-06-30": 5.073, "2019-03-31": "5.39400", "2018-12-31": -9.923, "2018-09-30": -0.322, "2018-06-30": 11.503, "2018-03-31": "-2.43500", "2017-12-31": -5.145, "2017-09-30": -4.812, "2017-06-30": -14.494, "2017-03-31": "-0.40700", "2016-12-31": 34.208, "2016-09-30": 17.412, "2015-12-31": -5.95}, "Cash Flow From Operating Activities": {"2020-09-30": 67.844, "2020-06-30": 58.933, "2020-03-31": "62.55800", "2019-12-31": 36.191, "2019-09-30": 64.267, "2019-06-30": 57.033, "2019-03-31": "51.92200", "2018-12-31": 37.415, "2018-09-30": 44.684, "2018-06-30": 56.802, "2018-03-31": "39.42900", "2017-12-31": 40.812, "2017-09-30": 36.72, "2017-06-30": 25.64, "2017-03-31": "43.42900", "2016-12-31": 45.648, "2016-09-30": -8.868, "2015-12-31": 129.28}, "Net Change In Property, Plant, And Equipment": {"2020-09-30": -82.644, "2020-06-30": -85.552, "2020-03-31": "-80.89800", "2019-12-31": -86.416, "2019-09-30": -121.15, "2019-06-30": -54.183, "2019-03-31": "-45.93000", "2018-12-31": -54.343, "2018-09-30": -60.346, "2018-06-30": -99.386, "2018-03-31": "-61.38700", "2017-12-31": -118.55, "2017-09-30": -64.095, "2017-06-30": -112.801, "2017-03-31": "-107.01500", "2016-12-31": -96.586, "2016-09-30": -1.634, "2015-12-31": -188.87}, "Net Change In Intangible Assets": {"2020-09-30": 0, "2020-06-30": 0, "2020-03-31": "", "2019-12-31": 0, "2019-09-30": 0, "2019-06-30": 0, "2019-03-31": "", "2018-12-31": 0, "2018-09-30": 0, "2018-06-30": -0.025, "2018-03-31": "", "2017-12-31": 0, "2017-09-30": 0.001, "2017-06-30": -0.02, "2017-03-31": "-0.01300", "2016-12-31": 0, "2016-09-30": 0, "2015-12-31": 0}, "Net Acquisitions/Divestitures": {"2020-09-30": 0, "2020-06-30": 0, "2020-03-31": "", "2019-12-31": 0, "2019-09-30": 0, "2019-06-30": 0, "2019-03-31": "", "2018-12-31": 0, "2018-09-30": 0, "2018-06-30": 0, "2018-03-31": "", "2017-12-31": 0, "2017-09-30": 0, "2017-06-30": 0, "2017-03-31": "", "2016-12-31": 0, "2016-09-30": 0, "2015-12-31": 0}, "Net Change In Short-term Investments": {"2020-09-30": 0, "2020-06-30": 0, "2020-03-31": "", "2019-12-31": 0, "2019-09-30": 0, "2019-06-30": 0, "2019-03-31": "", "2018-12-31": 0, "2018-09-30": 0, "2018-06-30": 0, "2018-03-31": "", "2017-12-31": 0, "2017-09-30": 0, "2017-06-30": 0, "2017-03-31": "", "2016-12-31": 1.5, "2016-09-30": -1.5, "2015-12-31": 0}, "Net Change In Long-Term Investments": {"2020-09-30": 0, "2020-06-30": 0, "2020-03-31": "", "2019-12-31": 0, "2019-09-30": 0, "2019-06-30": 0, "2019-03-31": "", "2018-12-31": 0, "2018-09-30": 0, "2018-06-30": 0, "2018-03-31": "", "2017-12-31": 0, "2017-09-30": 0, "2017-06-30": 0, "2017-03-31": "", "2016-12-31": 0, "2016-09-30": 0, "2015-12-31": 0}, "Net Change In Investments - Total": {"2020-09-30": 0, "2020-06-30": 0, "2020-03-31": "", "2019-12-31": 0, "2019-09-30": 0, "2019-06-30": 0, "2019-03-31": "", "2018-12-31": 0, "2018-09-30": 0, "2018-06-30": 0, "2018-03-31": "", "2017-12-31": 0, "2017-09-30": 0, "2017-06-30": 0, "2017-03-31": "", "2016-12-31": 0, "2016-09-30": 5.04, "2015-12-31": -6.54}, "Investing Activities - Other": {"2020-09-30": -0.48, "2020-06-30": -0.3, "2020-03-31": "-0.60100", "2019-12-31": -0.608, "2019-09-30": -0.551, "2019-06-30": -0.245, "2019-03-31": "-0.29900", "2018-12-31": -0.609, "2018-09-30": 1.576, "2018-06-30": -2.496, "2018-03-31": "-1.07900", "2017-12-31": 7.527, "2017-09-30": -7.438, "2017-06-30": 1.326, "2017-03-31": "-1.37300", "2016-12-31": -1.345, "2016-09-30": -1.125, "2015-12-31": -0.93}, "Cash Flow From Investing Activities": {"2020-09-30": -83.124, "2020-06-30": -85.852, "2020-03-31": "-81.49900", "2019-12-31": -87.024, "2019-09-30": -121.701, "2019-06-30": -54.428, "2019-03-31": "-46.22900", "2018-12-31": -54.952, "2018-09-30": -58.77, "2018-06-30": -101.907, "2018-03-31": "-62.46600", "2017-12-31": -111.023, "2017-09-30": -71.532, "2017-06-30": -111.495, "2017-03-31": "-108.40100", "2016-12-31": -97.941, "2016-09-30": 2.281, "2015-12-31": -196.34}, "Net Long-Term Debt": {"2020-09-30": 157.972, "2020-06-30": 18.478, "2020-03-31": "68.32900", "2019-12-31": 97.65, "2019-09-30": 68.474, "2019-06-30": -1.5, "2019-03-31": "-1.50000", "2018-12-31": -1.833, "2018-09-30": -1.5, "2018-06-30": -1.5, "2018-03-31": "-1.50000", "2017-12-31": -233.691, "2017-09-30": -1.5, "2017-06-30": 288.7, "2017-03-31": "67.50000", "2016-12-31": -106.5, "2016-09-30": 106.5, "2015-12-31": 0}, "Net Current Debt": {"2020-09-30": 0, "2020-06-30": 0, "2020-03-31": "", "2019-12-31": 0, "2019-09-30": 0, "2019-06-30": 0, "2019-03-31": "", "2018-12-31": 0, "2018-09-30": 0, "2018-06-30": 0, "2018-03-31": "", "2017-12-31": 0, "2017-09-30": 0, "2017-06-30": 0, "2017-03-31": "", "2016-12-31": 0, "2016-09-30": 0, "2015-12-31": 0}, "Debt Issuance/Retirement Net - Total": {"2020-09-30": 157.972, "2020-06-30": 18.478, "2020-03-31": "68.32900", "2019-12-31": 97.65, "2019-09-30": 68.474, "2019-06-30": -1.5, "2019-03-31": "-1.50000", "2018-12-31": -1.833, "2018-09-30": -1.5, "2018-06-30": -1.5, "2018-03-31": "-1.50000", "2017-12-31": -233.691, "2017-09-30": -1.5, "2017-06-30": 288.7, "2017-03-31": "67.50000", "2016-12-31": 72.5, "2016-09-30": 8.22, "2015-12-31": 98.28}, "Net Common Equity Issued/Repurchased": {"2020-09-30": 0.125, "2020-06-30": -17.124, "2020-03-31": "", "2019-12-31": -66.341, "2019-09-30": -11.108, "2019-06-30": -13.597, "2019-03-31": "", "2018-12-31": 0, "2018-09-30": -60.644, "2018-06-30": 0, "2018-03-31": "", "2017-12-31": 572.432, "2017-09-30": 0, "2017-06-30": 0, "2017-03-31": "", "2016-12-31": 11.734, "2016-09-30": -11.734, "2015-12-31": 0}, "Net Total Equity Issued/Repurchased": {"2020-09-30": 0.125, "2020-06-30": -17.124, "2020-03-31": "", "2019-12-31": -66.341, "2019-09-30": -11.108, "2019-06-30": -13.597, "2019-03-31": "", "2018-12-31": 0, "2018-09-30": -60.644, "2018-06-30": 0, "2018-03-31": "", "2017-12-31": 572.432, "2017-09-30": 0, "2017-06-30": 0, "2017-03-31": "", "2016-12-31": -3.406, "2016-09-30": -10.424, "2015-12-31": -1.31}, "Total Common And Preferred Stock Dividends Paid": {"2020-09-30": -12.037, "2020-06-30": -7.249, "2020-03-31": "-7.01700", "2019-12-31": -7.003, "2019-09-30": -7.132, "2019-06-30": -14.286, "2019-03-31": "", "2018-12-31": -3.576, "2018-09-30": -3.57, "2018-06-30": -7.304, "2018-03-31": "", "2017-12-31": -11.705, "2017-09-30": -3.063, "2017-06-30": -167.468, "2017-03-31": "-3.53200", "2016-12-31": -3.888, "2016-09-30": -3.702, "2015-12-31": -20.51}, "Financial Activities - Other": {"2020-09-30": -6.429, "2020-06-30": -0.167, "2020-03-31": "-2.38100", "2019-12-31": -1.23, "2019-09-30": -0.491, "2019-06-30": -0.011, "2019-03-31": "1.20500", "2018-12-31": -0.005, "2018-09-30": 0.307, "2018-06-30": -0.648, "2018-03-31": "-1.56800", "2017-12-31": -0.151, "2017-09-30": -2.419, "2017-06-30": -7.3, "2017-03-31": "", "2016-12-31": 0.005, "2016-09-30": 7.455, "2015-12-31": -8.75}, "Cash Flow From Financial Activities": {"2020-09-30": 139.631, "2020-06-30": -6.062, "2020-03-31": "58.93100", "2019-12-31": 23.076, "2019-09-30": 49.743, "2019-06-30": -29.394, "2019-03-31": "-0.29500", "2018-12-31": -5.414, "2018-09-30": -65.407, "2018-06-30": -9.452, "2018-03-31": "-3.06800", "2017-12-31": 326.885, "2017-09-30": -6.982, "2017-06-30": 113.932, "2017-03-31": "63.96800", "2016-12-31": 65.191, "2016-09-30": 1.569, "2015-12-31": 67.69}, "Net Cash Flow": {"2020-09-30": 124.351, "2020-06-30": -32.981, "2020-03-31": "39.99000", "2019-12-31": -27.757, "2019-09-30": -7.691, "2019-06-30": -26.789, "2019-03-31": "5.39800", "2018-12-31": -22.951, "2018-09-30": -79.493, "2018-06-30": -54.557, "2018-03-31": "-26.10500", "2017-12-31": 256.674, "2017-09-30": -41.794, "2017-06-30": 28.077, "2017-03-31": "-1.00400", "2016-12-31": 12.908, "2016-09-30": -5.018, "2015-12-31": 0.63}, "Stock-Based Compensation": {"2020-09-30": 7.116, "2020-06-30": 7.51, "2020-03-31": "7.52400", "2019-12-31": 6.626, "2019-09-30": 7.31, "2019-06-30": 7.443, "2019-03-31": "8.14500", "2018-12-31": 7.539, "2018-09-30": 7.628, "2018-06-30": 8.209, "2018-03-31": "12.35700", "2017-12-31": 79.911, "2017-09-30": 1.315, "2017-06-30": 1.314, "2017-03-31": "2.25000", "2016-12-31": -4.912, "2016-09-30": 4.912, "2015-12-31": 0}, "Common Stock Dividends Paid": {"2020-09-30": -12.037, "2020-06-30": -7.249, "2020-03-31": "-7.01700", "2019-12-31": -7.003, "2019-09-30": -7.132, "2019-06-30": -14.286, "2019-03-31": "", "2018-12-31": -3.576, "2018-09-30": -3.57, "2018-06-30": -7.304, "2018-03-31": "", "2017-12-31": -11.705, "2017-09-30": -3.063, "2017-06-30": -167.468, "2017-03-31": "-3.53200", "2016-12-31": 24.212, "2016-09-30": -24.212, "2015-12-31": 0}}, "financial ratios": {"Current Ratio": {"2019-12-31": "0.51820", "2018-12-31": "1.44380", "2017-12-31": "4.36050", "2016-12-31": "0.25960", "2015-12-31": "0.55010"}, "Long-term Debt / Capital": {"2019-12-31": "0.56130", "2018-12-31": "0.45860", "2017-12-31": "0.44920", "2016-12-31": "0.63160", "2015-12-31": "0.51530"}, "Debt/Equity Ratio": {"2019-12-31": "1.28890", "2018-12-31": "0.85560", "2017-12-31": "0.82670", "2016-12-31": "1.78020", "2015-12-31": "1.09590"}, "Gross Margin": {"2019-12-31": "47.50730", "2018-12-31": "44.70680", "2017-12-31": "47.59630", "2016-12-31": "46.96310", "2015-12-31": "46.94400"}, "Operating Margin": {"2019-12-31": "16.63970", "2018-12-31": "13.47240", "2017-12-31": "4.97710", "2016-12-31": "16.04200", "2015-12-31": "29.92400"}, "EBIT Margin": {"2019-12-31": "16.63970", "2018-12-31": "13.47240", "2017-12-31": "4.97710", "2016-12-31": "16.04200", "2015-12-31": "29.92400"}, "EBITDA Margin": {"2019-12-31": "43.33720", "2018-12-31": "40.76480", "2017-12-31": "28.92680", "2016-12-31": "37.43910", "2015-12-31": "50.97940"}, "Pre-Tax Profit Margin": {"2019-12-31": "7.40950", "2018-12-31": "7.70240", "2017-12-31": "-2.52750", "2016-12-31": "9.85320", "2015-12-31": "27.63460"}, "Net Profit Margin": {"2019-12-31": "1.92880", "2018-12-31": "0.99840", "2017-12-31": "-4.02040", "2016-12-31": "9.85320", "2015-12-31": "27.63460"}, "Asset Turnover": {"2019-12-31": "0.26060", "2018-12-31": "0.27800", "2017-12-31": "0.26370", "2016-12-31": "0.34570", "2015-12-31": "0.41060"}, "Inventory Turnover Ratio": {"2019-12-31": "", "2018-12-31": "", "2017-12-31": "", "2016-12-31": "", "2015-12-31": ""}, "Receiveable Turnover": {"2019-12-31": "19.78640", "2018-12-31": "22.98970", "2017-12-31": "23.08530", "2016-12-31": "34.86500", "2015-12-31": "31.36000"}, "Days Sales In Receivables": {"2019-12-31": "18.44700", "2018-12-31": "15.87670", "2017-12-31": "15.81100", "2016-12-31": "10.46900", "2015-12-31": "11.63900"}, "ROE - Return On Equity": {"2019-12-31": "5.02550", "2018-12-31": "4.13890", "2017-12-31": "-1.15610", "2016-12-31": "11.26870", "2015-12-31": "25.80740"}, "Return On Tangible Equity": {"2019-12-31": "5.02550", "2018-12-31": "4.13890", "2017-12-31": "-1.15610", "2016-12-31": "11.26870", "2015-12-31": "25.80740"}, "ROA - Return On Assets": {"2019-12-31": "1.77830", "2018-12-31": "2.00800", "2017-12-31": "-0.59800", "2016-12-31": "3.40580", "2015-12-31": "11.34570"}, "ROI - Return On Investment": {"2019-12-31": "2.20480", "2018-12-31": "2.24080", "2017-12-31": "-0.63680", "2016-12-31": "4.15160", "2015-12-31": "12.50970"}, "Book Value Per Share": {"2019-12-31": "2.60630", "2018-12-31": "2.87200", "2017-12-31": "2.93910", "2016-12-31": "", "2015-12-31": "1.44290"}, "Operating Cash Flow Per Share": {"2019-12-31": -3.0476, "2018-12-31": -14.2595, "2017-12-31": 17.341, "2016-12-31": 0.1674, "2015-12-31": 0.6488}, "Free Cash Flow Per Share": {"2019-12-31": 1.7241, "2018-12-31": 29.5664, "2017-12-31": -31.0945, "2016-12-31": -0.2959, "2015-12-31": -0.299}}, "financial ratios, quarterly": {"Current Ratio": {"2020-09-30": "1.56940", "2020-06-30": "0.53830", "2020-03-31": "0.83740", "2019-12-31": "0.51820", "2019-09-30": "0.76690", "2019-06-30": "0.96690", "2019-03-31": "1.46970", "2018-12-31": "1.44380", "2018-09-30": "1.50250", "2018-06-30": "2.77810", "2018-03-31": "3.36570", "2017-12-31": "4.36050", "2017-09-30": "0.34350", "2017-06-30": "", "2017-03-31": "", "2016-12-31": "", "2016-09-30": "", "2015-12-31": ""}, "Long-term Debt / Capital": {"2020-09-30": "0.63120", "2020-06-30": "0.59510", "2020-03-31": "0.58520", "2019-12-31": "0.56130", "2019-09-30": "0.49450", "2019-06-30": "0.46410", "2019-03-31": "0.45740", "2018-12-31": "0.45860", "2018-09-30": "0.46500", "2018-06-30": "0.44630", "2018-03-31": "0.44390", "2017-12-31": "0.44920", "2017-09-30": "0.83830", "2017-06-30": "", "2017-03-31": "", "2016-12-31": "", "2016-09-30": "", "2015-12-31": ""}, "Debt/Equity Ratio": {"2020-09-30": "1.72120", "2020-06-30": "1.47950", "2020-03-31": "1.42060", "2019-12-31": "1.28890", "2019-09-30": "0.98700", "2019-06-30": "0.87470", "2019-03-31": "0.85130", "2018-12-31": "0.85560", "2018-09-30": "0.87710", "2018-06-30": "0.81590", "2018-03-31": "0.80820", "2017-12-31": "0.82670", "2017-09-30": "5.23760", "2017-06-30": "", "2017-03-31": "", "2016-12-31": "", "2016-09-30": "", "2015-12-31": ""}, "Gross Margin": {"2020-09-30": "42.26970", "2020-06-30": "46.26570", "2020-03-31": "47.67280", "2019-12-31": "47.29520", "2019-09-30": "48.09770", "2019-06-30": "48.09590", "2019-03-31": "46.45950", "2018-12-31": "46.50630", "2018-09-30": "42.44320", "2018-06-30": "45.97350", "2018-03-31": "43.86240", "2017-12-31": "45.98200", "2017-09-30": "48.05560", "2017-06-30": "47.38820", "2017-03-31": "49.10660", "2016-12-31": "", "2016-09-30": "42.41300", "2015-12-31": ""}, "Operating Margin": {"2020-09-30": "17.79790", "2020-06-30": "19.91930", "2020-03-31": "16.35570", "2019-12-31": "15.22000", "2019-09-30": "17.96440", "2019-06-30": "18.69610", "2019-03-31": "14.58090", "2018-12-31": "16.38240", "2018-09-30": "12.19450", "2018-06-30": "15.49320", "2018-03-31": "9.62990", "2017-12-31": "-54.97340", "2017-09-30": "26.05310", "2017-06-30": "25.56000", "2017-03-31": "27.41120", "2016-12-31": "", "2016-09-30": "20.09650", "2015-12-31": ""}, "EBIT Margin": {"2020-09-30": "17.79790", "2020-06-30": "19.91930", "2020-03-31": "16.35570", "2019-12-31": "15.22000", "2019-09-30": "17.96440", "2019-06-30": "18.69610", "2019-03-31": "14.58090", "2018-12-31": "16.38250", "2018-09-30": "12.19450", "2018-06-30": "15.49320", "2018-03-31": "9.62990", "2017-12-31": "-54.97340", "2017-09-30": "26.05310", "2017-06-30": "25.56000", "2017-03-31": "27.41120", "2016-12-31": "", "2016-09-30": "20.09650", "2015-12-31": ""}, "EBITDA Margin": {"2020-09-30": "", "2020-06-30": "", "2020-03-31": "", "2019-12-31": "", "2019-09-30": "", "2019-06-30": "", "2019-03-31": "", "2018-12-31": "", "2018-09-30": "", "2018-06-30": "", "2018-03-31": "", "2017-12-31": "", "2017-09-30": "", "2017-06-30": "", "2017-03-31": "", "2016-12-31": "", "2016-09-30": "", "2015-12-31": ""}, "Pre-Tax Profit Margin": {"2020-09-30": "11.45160", "2020-06-30": "11.59500", "2020-03-31": "-2.93690", "2019-12-31": "11.71850", "2019-09-30": "8.94710", "2019-06-30": "4.58160", "2019-03-31": "3.77130", "2018-12-31": "10.70110", "2018-09-30": "5.71680", "2018-06-30": "10.28380", "2018-03-31": "3.92460", "2017-12-31": "-61.74290", "2017-09-30": "16.87600", "2017-06-30": "16.23540", "2017-03-31": "22.80020", "2016-12-31": "", "2016-09-30": "19.50140", "2015-12-31": ""}, "Net Profit Margin": {"2020-09-30": "4.04240", "2020-06-30": "4.01600", "2020-03-31": "-0.94930", "2019-12-31": "3.35810", "2019-09-30": "2.40860", "2019-06-30": "1.06190", "2019-03-31": "0.68220", "2018-12-31": "2.47450", "2018-09-30": "0.00580", "2018-06-30": "0.80360", "2018-03-31": "0.68670", "2017-12-31": "-67.42810", "2017-09-30": "16.87600", "2017-06-30": "16.23540", "2017-03-31": "22.80020", "2016-12-31": "", "2016-09-30": "19.50140", "2015-12-31": ""}, "Asset Turnover": {"2020-09-30": "0.06180", "2020-06-30": "0.06650", "2020-03-31": "0.06910", "2019-12-31": "0.06800", "2019-09-30": "0.07460", "2019-06-30": "0.07340", "2019-03-31": "0.07340", "2018-12-31": "0.07070", "2018-09-30": "0.07100", "2018-06-30": "0.06870", "2018-03-31": "0.06680", "2017-12-31": "0.06920", "2017-09-30": "0.08690", "2017-06-30": "", "2017-03-31": "", "2016-12-31": "", "2016-09-30": "", "2015-12-31": ""}, "Inventory Turnover Ratio": {"2020-09-30": "", "2020-06-30": "", "2020-03-31": "", "2019-12-31": "", "2019-09-30": "", "2019-06-30": "", "2019-03-31": "", "2018-12-31": "", "2018-09-30": "", "2018-06-30": "", "2018-03-31": "", "2017-12-31": "", "2017-09-30": "", "2017-06-30": "", "2017-03-31": "", "2016-12-31": "", "2016-09-30": "", "2015-12-31": ""}, "Receiveable Turnover": {"2020-09-30": "7.81460", "2020-06-30": "7.65810", "2020-03-31": "8.33360", "2019-12-31": "5.15920", "2019-09-30": "6.52860", "2019-06-30": "7.85260", "2019-03-31": "10.75070", "2018-12-31": "5.84650", "2018-09-30": "7.23920", "2018-06-30": "9.57460", "2018-03-31": "5.27890", "2017-12-31": "6.06180", "2017-09-30": "7.11760", "2017-06-30": "", "2017-03-31": "", "2016-12-31": "", "2016-09-30": "", "2015-12-31": ""}, "Days Sales In Receivables": {"2020-09-30": "11.51690", "2020-06-30": "11.75230", "2020-03-31": "10.79960", "2019-12-31": "17.44450", "2019-09-30": "13.78540", "2019-06-30": "11.46120", "2019-03-31": "8.37160", "2018-12-31": "15.39390", "2018-09-30": "12.43230", "2018-06-30": "9.39990", "2018-03-31": "17.04910", "2017-12-31": "14.84720", "2017-09-30": "12.64470", "2017-06-30": "", "2017-03-31": "", "2016-12-31": "", "2016-09-30": "", "2015-12-31": ""}, "ROE - Return On Equity": {"2020-09-30": "2.17260", "2020-06-30": "2.20120", "2020-03-31": "-0.56470", "2019-12-31": "2.06230", "2019-09-30": "1.48020", "2019-06-30": "0.67720", "2019-03-31": "0.54140", "2018-12-31": "1.57630", "2018-09-30": "0.67310", "2018-06-30": "1.27400", "2018-03-31": "0.52140", "2017-12-31": "-8.13160", "2017-09-30": "10.19420", "2017-06-30": "", "2017-03-31": "", "2016-12-31": "", "2016-09-30": "", "2015-12-31": ""}, "Return On Tangible Equity": {"2020-09-30": "2.17260", "2020-06-30": "2.20120", "2020-03-31": "-0.56470", "2019-12-31": "2.06230", "2019-09-30": "1.48020", "2019-06-30": "0.67720", "2019-03-31": "0.54140", "2018-12-31": "1.57630", "2018-09-30": "0.67310", "2018-06-30": "1.27400", "2018-03-31": "0.52140", "2017-12-31": "-8.13160", "2017-09-30": "10.19420", "2017-06-30": "", "2017-03-31": "", "2016-12-31": "", "2016-09-30": "", "2015-12-31": ""}, "ROA - Return On Assets": {"2020-09-30": "0.63460", "2020-06-30": "0.69920", "2020-03-31": "-0.18810", "2019-12-31": "0.72980", "2019-09-30": "0.61500", "2019-06-30": "0.30640", "2019-03-31": "0.26270", "2018-12-31": "0.76480", "2018-09-30": "0.32230", "2018-06-30": "0.64140", "2018-03-31": "0.27010", "2017-12-31": "-4.20610", "2017-09-30": "1.46620", "2017-06-30": "", "2017-03-31": "", "2016-12-31": "", "2016-09-30": "", "2015-12-31": ""}, "ROI - Return On Investment": {"2020-09-30": "0.80130", "2020-06-30": "0.89130", "2020-03-31": "-0.23420", "2019-12-31": "0.90480", "2019-09-30": "0.74830", "2019-06-30": "0.36290", "2019-03-31": "0.29380", "2018-12-31": "0.85340", "2018-09-30": "0.36010", "2018-06-30": "0.70550", "2018-03-31": "0.29000", "2017-12-31": "-4.47890", "2017-09-30": "1.64850", "2017-06-30": "", "2017-03-31": "", "2016-12-31": "", "2016-09-30": "", "2015-12-31": ""}, "Book Value Per Share": {"2020-09-30": "2.53130", "2020-06-30": "2.51840", "2020-03-31": "2.55890", "2019-12-31": "2.60630", "2019-09-30": "2.77860", "2019-06-30": "2.80570", "2019-03-31": "2.87490", "2018-12-31": "2.87200", "2018-09-30": "2.80890", "2018-06-30": "2.96300", "2018-03-31": "2.99860", "2017-12-31": "2.93910", "2017-09-30": "0.80560", "2017-06-30": "", "2017-03-31": "", "2016-12-31": "", "2016-09-30": "", "2015-12-31": ""}, "Operating Cash Flow Per Share": {"2020-09-30": 1.199, "2020-06-30": -0.1648, "2020-03-31": "0.66290", "2019-12-31": 0.1492, "2019-09-30": -0.6779, "2019-06-30": 1.1689, "2019-03-31": "0.20990", "2018-12-31": 1.1189, "2018-09-30": 0.5126, "2018-06-30": 2.1101, "2018-03-31": "0.15610", "2017-12-31": 17.651, "2017-09-30": 0.1736, "2017-06-30": 0.1213, "2017-03-31": "0.21130", "2016-12-31": -0.5895, "2016-09-30": 0.5895, "2015-12-31": 0}, "Free Cash Flow Per Share": {"2020-09-30": -0.3513, "2020-06-30": 0.01, "2020-03-31": "-0.19430", "2019-12-31": -0.2045, "2019-09-30": -0.3063, "2019-06-30": 0.0877, "2019-03-31": "0.02420", "2018-12-31": -0.5414, "2018-09-30": -0.0616, "2018-06-30": -1.4331, "2018-03-31": "-0.08690", "2017-12-31": -30.837, "2017-09-30": -0.1264, "2017-06-30": -0.4166, "2017-03-31": "-0.30940", "2016-12-31": 0.3432, "2016-09-30": -0.3432, "2015-12-31": 0}}, "revenue": {"Switch Annual Revenue (Millions of US $)": {"2019": "$462", "2018": "$406", "2017": "$378", "2016": "$318", "2015": "$266"}, "Switch Quarterly Revenue (Millions of US $)": {"2020-09-30": "$129", "2020-06-30": "$127", "2020-03-31": "$128", "2019-12-31": "$121", "2019-09-30": "$122", "2019-06-30": "$112", "2019-03-31": "$107", "2018-12-31": "$103", "2018-09-30": "$103", "2018-06-30": "$102", "2018-03-31": "$98", "2017-12-31": "$99", "2017-09-30": "$98", "2017-06-30": "$92", "2017-03-31": "$89", "2016-12-31": "", "2016-09-30": "$82", "2015-12-31": ""}}, "gross-profit": {"Switch Annual Gross Profit (Millions of US $)": {"2019": "$220", "2018": "$181", "2017": "$180", "2016": "$150", "2015": "$125"}, "Switch Quarterly Gross Profit (Millions of US $)": {"2020-09-30": "$54", "2020-06-30": "$59", "2020-03-31": "$61", "2019-12-31": "$57", "2019-09-30": "$59", "2019-06-30": "$54", "2019-03-31": "$50", "2018-12-31": "$48", "2018-09-30": "$44", "2018-06-30": "$47", "2018-03-31": "$43", "2017-12-31": "$46", "2017-09-30": "$47", "2017-06-30": "$44", "2017-03-31": "$44", "2016-12-31": "", "2016-09-30": "$35", "2015-12-31": ""}}, "operating-income": {"Switch Annual Operating Income (Millions of US $)": {"2019": "$77", "2018": "$55", "2017": "$19", "2016": "$51", "2015": "$80"}, "Switch Quarterly Operating Income (Millions of US $)": {"2020-09-30": "$23", "2020-06-30": "$25", "2020-03-31": "$21", "2019-12-31": "$18", "2019-09-30": "$22", "2019-06-30": "$21", "2019-03-31": "$16", "2018-12-31": "$17", "2018-09-30": "$13", "2018-06-30": "$16", "2018-03-31": "$9", "2017-12-31": "$-55", "2017-09-30": "$25", "2017-06-30": "$24", "2017-03-31": "$24", "2016-12-31": "", "2016-09-30": "$16", "2015-12-31": ""}}, "ebitda": {"Switch Annual EBITDA (Millions of US $)": {"2019": "$200", "2018": "$165", "2017": "$109", "2016": "$119", "2015": "$136"}, "Switch Quarterly EBITDA (Millions of US $)": {"2020-09-30": "$61", "2020-06-30": "$62", "2020-03-31": "$54", "2019-12-31": "$50", "2019-09-30": "$53", "2019-06-30": "$52", "2019-03-31": "$45", "2018-12-31": "$45", "2018-09-30": "$44", "2018-06-30": "$42", "2018-03-31": "$34", "2017-12-31": "$-30", "2017-09-30": "$49", "2017-06-30": "$46", "2017-03-31": "$45", "2016-12-31": "", "2016-09-30": "$16", "2015-12-31": ""}}, "net-income": {"Switch Annual Net Income (Millions of US $)": {"2019": "$9", "2018": "$4", "2017": "$-15", "2016": "$31", "2015": "$73"}, "Switch Quarterly Net Income (Millions of US $)": {"2020-09-30": "$5", "2020-06-30": "$5", "2020-03-31": "$-1", "2019-12-31": "$4", "2019-09-30": "$3", "2019-06-30": "$1", "2019-03-31": "$1", "2018-12-31": "$3", "2018-09-30": "$0", "2018-06-30": "$1", "2018-03-31": "$1", "2017-12-31": "$-67", "2017-09-30": "$16", "2017-06-30": "$15", "2017-03-31": "$20", "2016-12-31": "", "2016-09-30": "$16", "2015-12-31": ""}}, "eps-earnings-per-share-diluted": {"Switch Annual EPS": {"2019": "$0.11", "2018": "$0.09", "2017": "$-1.88", "2016": "$0.15", "2015": "$0.37"}, "Switch Quarterly EPS": {"2020-09-30": "$0.05", "2020-06-30": "$0.05", "2020-03-31": "$-0.01", "2019-12-31": "$0.05", "2019-09-30": "$0.03", "2019-06-30": "$0.02", "2019-03-31": "$0.01", "2018-12-31": "$0.05", "2018-09-30": "$0.00", "2018-06-30": "$0.02", "2018-03-31": "$0.02", "2017-12-31": "$-2.13", "2017-09-30": "$0.08", "2017-06-30": "$0.07", "2017-03-31": "$0.10", "2016-12-31": "$0.00", "2016-09-30": "$0.08", "2015-12-31": "$0.00"}}, "shares-outstanding": {"Switch Annual Shares Outstanding (Millions of Shares)": {"2019": "246", "2018": "46", "2017": "8", "2016": "203", "2015": "199"}, "Switch Quarterly Shares Outstanding (Millions of Shares)": {"2020-09-30": "112", "2020-06-30": "244", "2020-03-31": "94", "2019-12-31": "246", "2019-09-30": "247", "2019-06-30": "79", "2019-03-31": "247", "2018-12-31": "46", "2018-09-30": "51", "2018-06-30": "42", "2018-03-31": "253", "2017-12-31": "8", "2017-09-30": "209", "2017-06-30": "208", "2017-03-31": "205", "2016-12-31": "", "2016-09-30": "204", "2015-12-31": ""}}, "total-assets": {"Switch Annual Total Assets (Millions of US $)": {"2019": "$1,774", "2018": "$1,460", "2017": "$1,435", "2016": "$921", "2015": "$648"}, "Switch Quarterly Total Assets (Millions of US $)": {"2020-09-30": "$2,085", "2020-06-30": "$1,907", "2020-03-31": "$1,855", "2019-12-31": "$1,774", "2019-09-30": "$1,639", "2019-06-30": "$1,525", "2019-03-31": "$1,464", "2018-12-31": "$1,460", "2018-09-30": "$1,447", "2018-06-30": "$1,487", "2018-03-31": "$1,462", "2017-12-31": "$1,435", "2017-09-30": "$1,124", "2017-06-30": "$0", "2017-03-31": "$0", "2016-12-31": "$0", "2016-09-30": "$0", "2015-12-31": "$648"}}, "cash-on-hand": {"Switch Annual Cash on Hand (Millions of US $)": {"2019": "$25", "2018": "$82", "2017": "$265", "2016": "$23", "2015": "$14"}, "Switch Quarterly Cash on Hand (Millions of US $)": {"2020-09-30": "$156", "2020-06-30": "$32", "2020-03-31": "$65", "2019-12-31": "$25", "2019-09-30": "$52", "2019-06-30": "$60", "2019-03-31": "$87", "2018-12-31": "$82", "2018-09-30": "$105", "2018-06-30": "$184", "2018-03-31": "$239", "2017-12-31": "$265", "2017-09-30": "$8", "2017-06-30": "", "2017-03-31": "", "2016-12-31": "", "2016-09-30": "", "2015-12-31": "$14"}}, "long-term-debt": {"Switch Annual Long Term Debt (Millions of US $)": {"2019": "$803", "2018": "$600", "2017": "$605", "2016": "$477", "2015": "$303"}, "Switch Quarterly Long Term Debt (Millions of US $)": {"2020-09-30": "$1,042", "2020-06-30": "$890", "2020-03-31": "$872", "2019-12-31": "$803", "2019-09-30": "$666", "2019-06-30": "$597", "2019-03-31": "$599", "2018-12-31": "$600", "2018-09-30": "$602", "2018-06-30": "$603", "2018-03-31": "$605", "2017-12-31": "$605", "2017-09-30": "$838", "2017-06-30": "", "2017-03-31": "", "2016-12-31": "", "2016-09-30": "", "2015-12-31": "$303"}}, "total-liabilities": {"Switch Annual Total Liabilities (Millions of US $)": {"2019": "$1,146", "2018": "$752", "2017": "$693", "2016": "$643", "2015": "$363"}, "Switch Quarterly Total Liabilities (Millions of US $)": {"2020-09-30": "$1,476", "2020-06-30": "$1,302", "2020-03-31": "$1,237", "2019-12-31": "$1,146", "2019-09-30": "$958", "2019-06-30": "$835", "2019-03-31": "$753", "2018-12-31": "$752", "2018-09-30": "$754", "2018-06-30": "$739", "2018-03-31": "$705", "2017-12-31": "$693", "2017-09-30": "$963", "2017-06-30": "$0", "2017-03-31": "$0", "2016-12-31": "", "2016-09-30": "$0", "2015-12-31": "$363"}}, "total-share-holder-equity": {"Switch Annual Share Holder Equity (Millions of US $)": {"2019": "$628", "2018": "$708", "2017": "$742", "2016": "$278", "2015": "$285"}, "Switch Quarterly Share Holder Equity (Millions of US $)": {"2020-09-30": "$609", "2020-06-30": "$606", "2020-03-31": "$618", "2019-12-31": "$628", "2019-09-30": "$681", "2019-06-30": "$690", "2019-03-31": "$710", "2018-12-31": "$708", "2018-09-30": "$693", "2018-06-30": "$749", "2018-03-31": "$758", "2017-12-31": "$742", "2017-09-30": "$162", "2017-06-30": "$0", "2017-03-31": "$0", "2016-12-31": "", "2016-09-30": "$0", "2015-12-31": "$285"}}, "profit-margins": {"current": "2.6%"}, "gross margin": {"2020-09-30": "45.74%", "2020-06-30": "47.39%", "2020-03-31": "47.83%", "2019-12-31": "47.62%", "2019-09-30": "47.52%", "2019-06-30": "46.12%", "2019-03-31": "45.54%", "2018-12-31": "44.83%", "2018-09-30": "44.78%", "2018-06-30": "46.10%", "2018-03-31": "46.51%", "2017-12-31": "47.88%", "2017-06-30": "46.77%"}, "operating margin": {"2020-09-30": "17.23%", "2020-06-30": "17.27%", "2020-03-31": "16.98%", "2019-12-31": "16.67%", "2019-09-30": "17.12%", "2019-06-30": "15.76%", "2019-03-31": "14.94%", "2018-12-31": "13.55%", "2018-09-30": "-4.23%", "2018-06-30": "-1.26%", "2018-03-31": "0.78%", "2017-12-31": "4.76%", "2017-06-30": "24.33%"}, "ebitda margin": {"2020-09-30": "44.95%", "2020-06-30": "43.98%", "2020-03-31": "43.27%", "2019-12-31": "43.29%", "2019-09-30": "43.92%", "2019-06-30": "43.76%", "2019-03-31": "42.41%", "2018-12-31": "40.64%", "2018-09-30": "22.39%", "2018-06-30": "23.93%", "2018-03-31": "25.58%", "2017-12-31": "29.10%", "2017-06-30": "40.68%"}, "pre tax profit margin": {"2020-09-30": "7.92%", "2020-06-30": "7.23%", "2020-03-31": "5.38%", "2019-12-31": "7.36%", "2019-09-30": "6.98%", "2019-06-30": "6.12%", "2019-03-31": "7.71%", "2018-12-31": "7.88%", "2018-09-30": "-9.95%", "2018-06-30": "-7.56%", "2018-03-31": "-6.72%", "2017-12-31": "-2.65%", "2017-06-30": "19.39%"}, "net profit margin": {"2020-09-30": "2.57%", "2020-06-30": "2.21%", "2020-03-31": "1.45%", "2019-12-31": "1.95%", "2019-09-30": "1.80%", "2019-06-30": "1.18%", "2019-03-31": "1.20%", "2018-12-31": "1.23%", "2018-09-30": "-16.17%", "2018-06-30": "-12.34%", "2018-03-31": "-9.04%", "2017-12-31": "-4.23%", "2017-06-30": "19.39%"}, "pe ratio": {"current": "99.79", "2021-02-05": "145.85", "2020-09-30": "119.68", "2020-06-30": "177.10", "2020-03-31": "238.63", "2019-12-31": "183.39", "2019-09-30": "171.49", "2019-06-30": "184.42", "2019-03-31": "126.81", "2018-12-31": "76.31", "2018-09-30": "0.00"}, "price sales": {"2021-02-05": "5.38", "2020-09-30": "4.42", "2020-06-30": "6.19", "2020-03-31": "3.81", "2019-12-31": "5.17", "2019-09-30": "3.35", "2019-06-30": "2.10", "2019-03-31": "1.42", "2018-12-31": "0.97", "2018-09-30": "0.62"}, "price book": {"current": "7.49", "2021-02-05": "7.49", "2020-09-30": "6.15", "2020-06-30": "7.03", "2020-03-31": "5.60", "2019-12-31": "5.63", "2019-09-30": "5.55", "2019-06-30": "4.60", "2019-03-31": "3.53", "2018-12-31": "2.39", "2018-09-30": "3.77", "2018-06-30": "4.02", "2018-03-31": "5.18", "2017-12-31": "6.04"}, "price fcf": {"2021-02-05": "", "2020-09-30": "$-0.74", "2020-06-30": "$-0.70", "2020-03-31": "$-0.62", "2019-12-31": "$-0.40", "2019-09-30": "$-0.74", "2019-06-30": "$-0.49", "2019-03-31": "$-2.01", "2018-12-31": "$-2.12", "2018-09-30": "$-33.27"}, "net worth": {"value": "$4.56B"}, "current ratio": {"2020-09-30": "1.57", "2020-06-30": "0.54", "2020-03-31": "0.84", "2019-12-31": "0.52", "2019-09-30": "0.77", "2019-06-30": "0.97", "2019-03-31": "1.47", "2018-12-31": "1.44", "2018-09-30": "1.50", "2018-06-30": "2.78", "2018-03-31": "3.37", "2017-12-31": "4.36", "2017-09-30": "0.34", "2017-06-30": "0.00", "2017-03-31": "0.00", "2016-12-31": "0.00", "2016-09-30": "0.00", "2015-12-31": "0.55"}, "quick ratio": {"2020-09-30": "0.00", "2020-06-30": "0.00", "2020-03-31": "0.00", "2019-12-31": "0.00", "2019-09-30": "0.00", "2019-06-30": "0.00", "2019-03-31": "0.00", "2018-12-31": "0.00", "2018-09-30": "0.00", "2018-06-30": "0.00", "2018-03-31": "0.00", "2017-12-31": "0.00", "2017-09-30": "0.00", "2017-06-30": "0.00", "2017-03-31": "0.00", "2016-12-31": "0.00", "2016-09-30": "0.00", "2015-12-31": "0.00"}, "debt equity ratio": {"current": "1.71", "2020-09-30": "2.42", "2020-06-30": "2.15", "2020-03-31": "2.00", "2019-12-31": "1.83", "2019-09-30": "1.41", "2019-06-30": "1.21", "2019-03-31": "1.06", "2018-12-31": "1.06", "2018-09-30": "1.09", "2018-06-30": "0.99", "2018-03-31": "0.93", "2017-12-31": "0.93", "2017-09-30": "5.95", "2017-06-30": "0.00", "2017-03-31": "0.00", "2016-12-31": "0.00", "2016-09-30": "0.00", "2015-12-31": "1.28"}, "return on equity": {"2020-09-30": "2.11%", "2020-06-30": "1.74%", "2020-03-31": "1.07%", "2019-12-31": "1.33%", "2019-09-30": "1.15%", "2019-06-30": "0.71%", "2019-03-31": "0.70%", "2018-12-31": "0.69%", "2018-09-30": "-8.84%", "2018-06-30": "-8.13%", "2018-03-31": "-8.42%", "2017-12-31": "-7.08%", "2017-06-30": "inf%"}, "return on assets": {"2020-09-30": "0.68%", "2020-06-30": "0.61%", "2020-03-31": "0.41%", "2019-12-31": "0.56%", "2019-09-30": "0.53%", "2019-06-30": "0.34%", "2019-03-31": "0.34%", "2018-12-31": "0.34%", "2018-09-30": "-4.46%", "2018-06-30": "-3.56%", "2018-03-31": "-3.48%", "2017-12-31": "-2.50%", "2017-06-30": "inf%"}, "return on investments": {"2020-09-30": "5.74%", "2020-06-30": "5.97%", "2020-03-31": "5.91%", "2019-12-31": "5.73%", "2019-09-30": "5.79%", "2019-06-30": "5.15%", "2019-03-31": "4.71%", "2018-12-31": "4.14%", "2018-09-30": "-1.27%", "2018-06-30": "-0.40%", "2018-03-31": "0.32%", "2017-12-31": "3.07%", "2017-06-30": "inf%"}, "return on tangible equity": {"2020-09-30": "2.11%", "2020-06-30": "1.74%", "2020-03-31": "1.07%", "2019-12-31": "1.33%", "2019-09-30": "1.15%", "2019-06-30": "0.71%", "2019-03-31": "0.70%", "2018-12-31": "0.69%", "2018-09-30": "-8.84%", "2018-06-30": "-8.13%", "2018-03-31": "-8.42%", "2017-12-31": "-7.08%", "2017-06-30": "inf%"}, "dividend yield history": {"last payout": "$0.20", "last yield": "1.05%"}}