{"ticker": "SYK", "price": {"title": "Stryker Historical Annual Stock Price Data", "value": 245.34, "historical": {"2021": {"Average Stock Price": "238.9807", "Year Open": "239.0200", "Year High": "245.3400", "Year Low": "221.0100", "Year Close": "245.3400", "Annual % Change": "0.12%"}, "2020": {"Average Stock Price": "200.2851", "Year Open": "210.4500", "Year High": "245.0400", "Year Low": "126.5000", "Year Close": "245.0400", "Annual % Change": "16.72%"}, "2019": {"Average Stock Price": "198.4931", "Year Open": "154.5000", "Year High": "221.8200", "Year Low": "152.4600", "Year Close": "209.9400", "Annual % Change": "33.93%"}, "2018": {"Average Stock Price": "166.8786", "Year Open": "157.9000", "Year High": "179.7800", "Year Low": "145.0000", "Year Close": "156.7500", "Annual % Change": "1.23%"}, "2017": {"Average Stock Price": "139.9306", "Year Open": "119.4300", "Year High": "159.7400", "Year Low": "117.7500", "Year Close": "154.8400", "Annual % Change": "29.24%"}, "2016": {"Average Stock Price": "110.6092", "Year Open": "90.0200", "Year High": "122.8200", "Year Low": "87.5300", "Year Close": "119.8100", "Annual % Change": "28.91%"}, "2015": {"Average Stock Price": "95.6851", "Year Open": "93.9900", "Year High": "104.5300", "Year Low": "90.0700", "Year Close": "92.9400", "Annual % Change": "-1.47%"}, "2014": {"Average Stock Price": "83.0914", "Year Open": "74.6300", "Year High": "96.6100", "Year Low": "74.6300", "Year Close": "94.3300", "Annual % Change": "25.54%"}, "2013": {"Average Stock Price": "67.8934", "Year Open": "55.8800", "Year High": "75.3900", "Year Low": "55.8800", "Year Close": "75.1400", "Annual % Change": "37.07%"}, "2012": {"Average Stock Price": "53.6459", "Year Open": "51.0700", "Year High": "56.5700", "Year Low": "49.8400", "Year Close": "54.8200", "Annual % Change": "10.28%"}, "2011": {"Average Stock Price": "54.7981", "Year Open": "54.5800", "Year High": "65.0700", "Year Low": "43.8000", "Year Close": "49.7100", "Annual % Change": "-7.43%"}, "2010": {"Average Stock Price": "52.1017", "Year Open": "52.1600", "Year High": "58.8900", "Year Low": "42.8800", "Year Close": "53.7000", "Annual % Change": "6.61%"}, "2009": {"Average Stock Price": "41.7528", "Year Open": "41.3100", "Year High": "52.2000", "Year Low": "31.1900", "Year Close": "50.3700", "Annual % Change": "26.08%"}, "2008": {"Average Stock Price": "60.4966", "Year Open": "73.6000", "Year High": "73.8300", "Year Low": "36.4800", "Year Close": "39.9500", "Annual % Change": "-46.53%"}, "2007": {"Average Stock Price": "66.7645", "Year Open": "55.1200", "Year High": "76.4800", "Year Low": "55.1200", "Year Close": "74.7200", "Annual % Change": "35.58%"}, "2006": {"Average Stock Price": "47.5613", "Year Open": "44.6000", "Year High": "55.4500", "Year Low": "40.8800", "Year Close": "55.1100", "Annual % Change": "24.04%"}, "2005": {"Average Stock Price": "48.4228", "Year Open": "48.2500", "Year High": "56.1000", "Year Low": "39.8000", "Year Close": "44.4300", "Annual % Change": "-7.92%"}, "2004": {"Average Stock Price": "47.1057", "Year Open": "41.8800", "Year High": "57.3300", "Year Low": "41.7500", "Year Close": "48.2500", "Annual % Change": "13.52%"}, "2003": {"Average Stock Price": "36.0716", "Year Open": "34.0100", "Year High": "42.5050", "Year Low": "30.0500", "Year Close": "42.5050", "Annual % Change": "26.65%"}, "2002": {"Average Stock Price": "28.7985", "Year Open": "28.6150", "Year High": "33.6150", "Year Low": "22.7200", "Year Close": "33.5600", "Annual % Change": "14.99%"}, "2001": {"Average Stock Price": "27.0260", "Year Open": "24.3000", "Year High": "30.7550", "Year Low": "22.0550", "Year Close": "29.1850", "Annual % Change": "15.38%"}, "2000": {"Average Stock Price": "20.3414", "Year Open": "17.0950", "Year High": "27.0000", "Year Low": "12.7500", "Year Close": "25.2950", "Annual % Change": "45.31%"}, "1999": {"Average Stock Price": "14.3349", "Year Open": "13.5000", "Year High": "17.9225", "Year Low": "11.1875", "Year Close": "17.4075", "Annual % Change": "26.46%"}, "1998": {"Average Stock Price": "10.1921", "Year Open": "9.3125", "Year High": "13.7650", "Year Low": "7.8600", "Year Close": "13.7650", "Annual % Change": "47.81%"}, "1997": {"Average Stock Price": "8.7476", "Year Open": "7.3650", "Year High": "11.1575", "Year Low": "6.1700", "Year Close": "9.3125", "Annual % Change": "25.38%"}, "1996": {"Average Stock Price": "6.4608", "Year Open": "6.5213", "Year High": "7.7950", "Year Low": "5.2175", "Year Close": "7.4275", "Annual % Change": "13.90%"}, "1995": {"Average Stock Price": "5.4895", "Year Open": "4.5250", "Year High": "7.0775", "Year Low": "4.5250", "Year Close": "6.5213", "Annual % Change": "42.89%"}, "1994": {"Average Stock Price": "3.9529", "Year Open": "3.4900", "Year High": "4.6225", "Year Low": "2.9788", "Year Close": "4.5638", "Annual % Change": "30.16%"}, "1993": {"Average Stock Price": "3.4040", "Year Open": "4.7750", "Year High": "4.7750", "Year Low": "2.7288", "Year Close": "3.5063", "Annual % Change": "-27.74%"}, "1992": {"Average Stock Price": "4.5421", "Year Open": "5.8913", "Year High": "6.3413", "Year Low": "3.4425", "Year Close": "4.8525", "Annual % Change": "-21.75%"}, "1991": {"Average Stock Price": "3.3187", "Year Open": "1.8600", "Year High": "6.3563", "Year Low": "1.7513", "Year Close": "6.2013", "Annual % Change": "220.07%"}, "1990": {"Average Stock Price": "1.5887", "Year Open": "1.5344", "Year High": "2.0075", "Year Low": "1.1938", "Year Close": "1.9375", "Annual % Change": "26.27%"}, "1989": {"Average Stock Price": "1.1468", "Year Open": "0.8163", "Year High": "1.5344", "Year Low": "0.8163", "Year Close": "1.5344", "Annual % Change": "83.30%"}}}, "market cap": {"value": "$91B"}, "income statement": {"Revenue": {"2020-12-31": "14351.00000", "2019-12-31": "14884.00000", "2018-12-31": "13601.00000", "2017-12-31": "12444.00000", "2016-12-31": "11325.00000", "2015-12-31": "9946.00000", "2014-12-31": "9675.00000", "2013-12-31": "9021.00000", "2012-12-31": "8657.00000", "2011-12-31": "8307.00000", "2010-12-31": "7320.00000", "2009-12-31": "6723.00000", "2008-12-31": "6718.20000", "2007-12-31": "6000.50000", "2006-12-31": "5147.20000", "2005-12-31": "4608.90000"}, "Cost Of Goods Sold": {"2020-12-31": "5294.00000", "2019-12-31": "5188.00000", "2018-12-31": "4663.00000", "2017-12-31": "4264.00000", "2016-12-31": "3821.00000", "2015-12-31": "3344.00000", "2014-12-31": "3319.00000", "2013-12-31": "3002.00000", "2012-12-31": "2781.00000", "2011-12-31": "2811.00000", "2010-12-31": "2286.00000", "2009-12-31": "2184.00000", "2008-12-31": "2131.40000", "2007-12-31": "1865.20000", "2006-12-31": "1616.60000", "2005-12-31": "1489.20000"}, "Gross Profit": {"2020-12-31": "9057.00000", "2019-12-31": "9696.00000", "2018-12-31": "8938.00000", "2017-12-31": "8180.00000", "2016-12-31": "7504.00000", "2015-12-31": "6602.00000", "2014-12-31": "6356.00000", "2013-12-31": "6019.00000", "2012-12-31": "5876.00000", "2011-12-31": "5496.00000", "2010-12-31": "5034.00000", "2009-12-31": "4539.00000", "2008-12-31": "4586.80000", "2007-12-31": "4135.30000", "2006-12-31": "3530.60000", "2005-12-31": "3119.70000"}, "Research And Development Expenses": {"2020-12-31": "984.00000", "2019-12-31": "971.00000", "2018-12-31": "862.00000", "2017-12-31": "787.00000", "2016-12-31": "715.00000", "2015-12-31": "625.00000", "2014-12-31": "614.00000", "2013-12-31": "536.00000", "2012-12-31": "471.00000", "2011-12-31": "462.00000", "2010-12-31": "394.00000", "2009-12-31": "336.00000", "2008-12-31": "367.80000", "2007-12-31": "375.30000", "2006-12-31": "324.60000", "2005-12-31": "284.70000"}, "SG&A Expenses": {"2020-12-31": "5361.00000", "2019-12-31": "5356.00000", "2018-12-31": "5099.00000", "2017-12-31": "4552.00000", "2016-12-31": "4137.00000", "2015-12-31": "3610.00000", "2014-12-31": "3547.00000", "2013-12-31": "3467.00000", "2012-12-31": "3367.00000", "2011-12-31": "3150.00000", "2010-12-31": "2707.00000", "2009-12-31": "2506.00000", "2008-12-31": "2625.10000", "2007-12-31": "2391.50000", "2006-12-31": "2047.00000", "2005-12-31": "1839.40000"}, "Other Operating Income Or Expenses": {"2020-12-31": "-17.00000", "2019-12-31": "-192.00000", "2018-12-31": "-23.00000", "2017-12-31": "-173.00000", "2016-12-31": "-158.00000", "2015-12-31": "-296.00000", "2014-12-31": "-761.00000", "2013-12-31": "-760.00000", "2012-12-31": "-174.00000", "2011-12-31": "-122.00000", "2010-12-31": "-182.00000", "2009-12-31": "0.00000", "2008-12-31": "", "2007-12-31": "-19.80000", "2006-12-31": "", "2005-12-31": ""}, "Operating Expenses": {"2020-12-31": "12128.00000", "2019-12-31": "12171.00000", "2018-12-31": "11064.00000", "2017-12-31": "10147.00000", "2016-12-31": "9150.00000", "2015-12-31": "8085.00000", "2014-12-31": "8429.00000", "2013-12-31": "7765.00000", "2012-12-31": "6916.00000", "2011-12-31": "6621.00000", "2010-12-31": "5569.00000", "2009-12-31": "5129.00000", "2008-12-31": "5199.20000", "2007-12-31": "4693.20000", "2006-12-31": "4083.60000", "2005-12-31": "3676.80000"}, "Operating Income": {"2020-12-31": "2223.00000", "2019-12-31": "2713.00000", "2018-12-31": "2537.00000", "2017-12-31": "2297.00000", "2016-12-31": "2175.00000", "2015-12-31": "1861.00000", "2014-12-31": "1246.00000", "2013-12-31": "1256.00000", "2012-12-31": "1741.00000", "2011-12-31": "1686.00000", "2010-12-31": "1751.00000", "2009-12-31": "1594.00000", "2008-12-31": "1519.00000", "2007-12-31": "1307.30000", "2006-12-31": "1063.60000", "2005-12-31": "932.09990"}, "Total Non-Operating Income/Expense": {"2020-12-31": "-269.00000", "2019-12-31": "-151.00000", "2018-12-31": "-181.00000", "2017-12-31": "-234.00000", "2016-12-31": "-254.00000", "2015-12-31": "-126.00000", "2014-12-31": "-86.00000", "2013-12-31": "-44.00000", "2012-12-31": "-36.00000", "2011-12-31": "", "2010-12-31": "-22.00000", "2009-12-31": "30.00000", "2008-12-31": "61.20000", "2007-12-31": "62.80000", "2006-12-31": "30.20000", "2005-12-31": "4.90000"}, "Pre-Tax Income": {"2020-12-31": "1954.00000", "2019-12-31": "2562.00000", "2018-12-31": "2356.00000", "2017-12-31": "2063.00000", "2016-12-31": "1921.00000", "2015-12-31": "1735.00000", "2014-12-31": "1160.00000", "2013-12-31": "1212.00000", "2012-12-31": "1705.00000", "2011-12-31": "1686.00000", "2010-12-31": "1729.00000", "2009-12-31": "1624.00000", "2008-12-31": "1580.20000", "2007-12-31": "1370.10000", "2006-12-31": "1093.80000", "2005-12-31": "937.00000"}, "Income Taxes": {"2020-12-31": "355.00000", "2019-12-31": "479.00000", "2018-12-31": "-1197.00000", "2017-12-31": "1043.00000", "2016-12-31": "274.00000", "2015-12-31": "296.00000", "2014-12-31": "645.00000", "2013-12-31": "206.00000", "2012-12-31": "407.00000", "2011-12-31": "341.00000", "2010-12-31": "456.00000", "2009-12-31": "517.00000", "2008-12-31": "432.40000", "2007-12-31": "383.40000", "2006-12-31": "322.40000", "2005-12-31": "304.50000"}, "Income After Taxes": {"2020-12-31": "1599.00000", "2019-12-31": "2083.00000", "2018-12-31": "3553.00000", "2017-12-31": "1020.00000", "2016-12-31": "1647.00000", "2015-12-31": "1439.00000", "2014-12-31": "515.00000", "2013-12-31": "1006.00000", "2012-12-31": "1298.00000", "2011-12-31": "1345.00000", "2010-12-31": "1273.00000", "2009-12-31": "1107.00000", "2008-12-31": "1147.80000", "2007-12-31": "986.70000", "2006-12-31": "771.40000", "2005-12-31": "632.50000"}, "Other Income": {"2020-12-31": "", "2019-12-31": "", "2018-12-31": "", "2017-12-31": "", "2016-12-31": "", "2015-12-31": "", "2014-12-31": "", "2013-12-31": "", "2012-12-31": "", "2011-12-31": "", "2010-12-31": "", "2009-12-31": "", "2008-12-31": "", "2007-12-31": "", "2006-12-31": "", "2005-12-31": ""}, "Income From Continuous Operations": {"2020-12-31": "1599.00000", "2019-12-31": "2083.00000", "2018-12-31": "3553.00000", "2017-12-31": "1020.00000", "2016-12-31": "1647.00000", "2015-12-31": "1439.00000", "2014-12-31": "515.00000", "2013-12-31": "1006.00000", "2012-12-31": "1298.00000", "2011-12-31": "1345.00000", "2010-12-31": "1273.00000", "2009-12-31": "1107.00000", "2008-12-31": "1147.80000", "2007-12-31": "986.70000", "2006-12-31": "771.40000", "2005-12-31": "632.50000"}, "Income From Discontinued Operations": {"2020-12-31": "", "2019-12-31": "", "2018-12-31": "", "2017-12-31": "", "2016-12-31": "", "2015-12-31": "", "2014-12-31": "", "2013-12-31": "", "2012-12-31": "", "2011-12-31": "", "2010-12-31": "", "2009-12-31": "", "2008-12-31": "", "2007-12-31": "30.70000", "2006-12-31": "6.30000", "2005-12-31": "11.10000"}, "Net Income": {"2020-12-31": "1599.00000", "2019-12-31": "2083.00000", "2018-12-31": "3553.00000", "2017-12-31": "1020.00000", "2016-12-31": "1647.00000", "2015-12-31": "1439.00000", "2014-12-31": "515.00000", "2013-12-31": "1006.00000", "2012-12-31": "1298.00000", "2011-12-31": "1345.00000", "2010-12-31": "1273.00000", "2009-12-31": "1107.00000", "2008-12-31": "1147.80000", "2007-12-31": "1017.40000", "2006-12-31": "777.70000", "2005-12-31": "643.60000"}, "EBITDA": {"2020-12-31": "3035.00000", "2019-12-31": "3491.00000", "2018-12-31": "3260.00000", "2017-12-31": "2939.00000", "2016-12-31": "2721.00000", "2015-12-31": "2258.00000", "2014-12-31": "1624.00000", "2013-12-31": "1563.00000", "2012-12-31": "2018.00000", "2011-12-31": "1846.00000", "2010-12-31": "1916.00000", "2009-12-31": "1979.00000", "2008-12-31": "1906.60000", "2007-12-31": "1673.90000", "2006-12-31": "1387.70000", "2005-12-31": "1214.80000"}, "EBIT": {"2020-12-31": "2223.00000", "2019-12-31": "2713.00000", "2018-12-31": "2537.00000", "2017-12-31": "2297.00000", "2016-12-31": "2175.00000", "2015-12-31": "1861.00000", "2014-12-31": "1246.00000", "2013-12-31": "1256.00000", "2012-12-31": "1741.00000", "2011-12-31": "1686.00000", "2010-12-31": "1751.00000", "2009-12-31": "1594.00000", "2008-12-31": "1519.00000", "2007-12-31": "1307.30000", "2006-12-31": "1063.60000", "2005-12-31": "932.09990"}, "Basic Shares Outstanding": {"2020-12-31": "375.50000", "2019-12-31": "374.00000", "2018-12-31": "374.10000", "2017-12-31": "374.00000", "2016-12-31": "374.10000", "2015-12-31": "376.60000", "2014-12-31": "378.50000", "2013-12-31": "378.60000", "2012-12-31": "380.60000", "2011-12-31": "386.50000", "2010-12-31": "396.40000", "2009-12-31": "397.40000", "2008-12-31": "408.10000", "2007-12-31": "409.70000", "2006-12-31": "406.50000", "2005-12-31": "403.70000"}, "Shares Outstanding": {"2020-12-31": "380.30000", "2019-12-31": "379.90000", "2018-12-31": "380.30000", "2017-12-31": "380.10000", "2016-12-31": "378.50000", "2015-12-31": "380.90000", "2014-12-31": "382.80000", "2013-12-31": "382.10000", "2012-12-31": "383.00000", "2011-12-31": "389.50000", "2010-12-31": "399.50000", "2009-12-31": "399.40000", "2008-12-31": "413.60000", "2007-12-31": "417.20000", "2006-12-31": "411.80000", "2005-12-31": "410.80000"}, "Basic EPS": {"2020-12-31": "4.26000", "2019-12-31": "5.57000", "2018-12-31": "9.50000", "2017-12-31": "2.73000", "2016-12-31": "4.40000", "2015-12-31": "3.82000", "2014-12-31": "1.36000", "2013-12-31": "2.66000", "2012-12-31": "3.41000", "2011-12-31": "3.48000", "2010-12-31": "3.21000", "2009-12-31": "2.79000", "2008-12-31": "2.81000", "2007-12-31": "2.48000", "2006-12-31": "1.91000", "2005-12-31": "1.59000"}, "EPS - Earnings Per Share": {"2020-12-31": "4.20000", "2019-12-31": "5.48000", "2018-12-31": "9.34000", "2017-12-31": "2.68000", "2016-12-31": "4.35000", "2015-12-31": "3.78000", "2014-12-31": "1.34000", "2013-12-31": "2.63000", "2012-12-31": "3.39000", "2011-12-31": "3.45000", "2010-12-31": "3.19000", "2009-12-31": "2.77000", "2008-12-31": "2.78000", "2007-12-31": "2.44000", "2006-12-31": "1.89000", "2005-12-31": "1.57000"}}, "income statement, quarterly": {"Revenue": {"2020-12-31": "4262.00000", "2020-09-30": "3737.00000", "2020-06-30": "2764.00000", "2020-03-31": "3588.00000", "2019-12-31": "4131.00000", "2019-09-30": "3587.00000", "2019-06-30": "3650.00000", "2019-03-31": "3516.00000", "2018-12-31": "3796.00000", "2018-09-30": "3242.00000", "2018-06-30": "3322.00000", "2018-03-31": "3241.00000", "2017-12-31": "3471.00000", "2017-09-30": "3006.00000", "2017-06-30": "3012.00000", "2017-03-31": "2955.00000", "2016-12-31": "3157.00000", "2016-09-30": "2833.00000", "2016-06-30": "2840.00000", "2016-03-31": "2495.00000", "2015-12-31": "2715.00000", "2015-09-30": "2420.00000", "2015-06-30": "2432.00000", "2015-03-31": "2379.00000", "2014-12-31": "2618.00000", "2014-09-30": "2389.00000", "2014-06-30": "2363.00000", "2014-03-31": "2305.00000", "2013-12-31": "2468.00000", "2013-09-30": "2151.00000", "2013-06-30": "2212.00000", "2013-03-31": "2190.00000", "2012-12-31": "2338.00000", "2012-09-30": "2052.00000", "2012-06-30": "2106.00000", "2012-03-31": "2161.00000", "2011-12-31": "2215.00000", "2011-09-30": "2031.00000", "2011-06-30": "2046.00000", "2011-03-31": "2015.00000", "2010-12-31": "1994.70000", "2010-09-30": "1768.00000", "2010-06-30": "1758.20000", "2010-03-31": "1799.10000", "2009-12-31": "1834.10000", "2009-09-30": "1653.30000", "2009-06-30": "1634.30000", "2009-03-31": "1601.30000", "2008-12-31": "1718.20000", "2008-09-30": "1653.00000", "2008-06-30": "1712.60000", "2008-03-31": "1634.40000", "2007-12-31": "1658.10000", "2007-09-30": "1453.20000", "2007-06-30": "1463.70000", "2007-03-31": "1425.50000", "2006-12-31": "1333.40000", "2006-09-30": "1231.10000", "2006-06-30": "1261.80000", "2006-03-31": "1320.90000", "2005-12-31": "1015.90000", "2005-09-30": "1171.90000", "2005-06-30": "1218.60000", "2005-03-31": "1202.50000"}, "Cost Of Goods Sold": {"2020-12-31": "1545.00000", "2020-09-30": "1276.00000", "2020-06-30": "1216.00000", "2020-03-31": "1257.00000", "2019-12-31": "1428.00000", "2019-09-30": "1257.00000", "2019-06-30": "1270.00000", "2019-03-31": "1233.00000", "2018-12-31": "1340.00000", "2018-09-30": "1087.00000", "2018-06-30": "1132.00000", "2018-03-31": "1104.00000", "2017-12-31": "1230.00000", "2017-09-30": "1022.00000", "2017-06-30": "1021.00000", "2017-03-31": "991.00000", "2016-12-31": "1062.00000", "2016-09-30": "960.00000", "2016-06-30": "998.00000", "2016-03-31": "801.00000", "2015-12-31": "895.00000", "2015-09-30": "796.00000", "2015-06-30": "827.00000", "2015-03-31": "826.00000", "2014-12-31": "899.00000", "2014-09-30": "829.00000", "2014-06-30": "815.00000", "2014-03-31": "776.00000", "2013-12-31": "877.00000", "2013-09-30": "682.00000", "2013-06-30": "730.00000", "2013-03-31": "713.00000", "2012-12-31": "745.00000", "2012-09-30": "655.00000", "2012-06-30": "672.00000", "2012-03-31": "709.00000", "2011-12-31": "740.00000", "2011-09-30": "669.00000", "2011-06-30": "713.00000", "2011-03-31": "689.00000", "2010-12-31": "624.29990", "2010-09-30": "541.00000", "2010-06-30": "539.30000", "2010-03-31": "581.40000", "2009-12-31": "593.50000", "2009-09-30": "538.70000", "2009-06-30": "536.30000", "2009-03-31": "515.50000", "2008-12-31": "556.00000", "2008-09-30": "541.70000", "2008-06-30": "533.20000", "2008-03-31": "500.50000", "2007-12-31": "524.50000", "2007-09-30": "457.00000", "2007-06-30": "444.30000", "2007-03-31": "439.40000", "2006-12-31": "385.00000", "2006-09-30": "384.80000", "2006-06-30": "393.90000", "2006-03-31": "452.90000", "2005-12-31": "218.79990", "2005-09-30": "417.30000", "2005-06-30": "423.10000", "2005-03-31": "430.00000"}, "Gross Profit": {"2020-12-31": "2717.00000", "2020-09-30": "2461.00000", "2020-06-30": "1548.00000", "2020-03-31": "2331.00000", "2019-12-31": "2703.00000", "2019-09-30": "2330.00000", "2019-06-30": "2380.00000", "2019-03-31": "2283.00000", "2018-12-31": "2456.00000", "2018-09-30": "2155.00000", "2018-06-30": "2190.00000", "2018-03-31": "2137.00000", "2017-12-31": "2241.00000", "2017-09-30": "1984.00000", "2017-06-30": "1991.00000", "2017-03-31": "1964.00000", "2016-12-31": "2095.00000", "2016-09-30": "1873.00000", "2016-06-30": "1842.00000", "2016-03-31": "1694.00000", "2015-12-31": "1820.00000", "2015-09-30": "1624.00000", "2015-06-30": "1605.00000", "2015-03-31": "1553.00000", "2014-12-31": "1719.00000", "2014-09-30": "1560.00000", "2014-06-30": "1548.00000", "2014-03-31": "1529.00000", "2013-12-31": "1591.00000", "2013-09-30": "1469.00000", "2013-06-30": "1482.00000", "2013-03-31": "1477.00000", "2012-12-31": "1593.00000", "2012-09-30": "1397.00000", "2012-06-30": "1434.00000", "2012-03-31": "1452.00000", "2011-12-31": "1475.00000", "2011-09-30": "1362.00000", "2011-06-30": "1333.00000", "2011-03-31": "1326.00000", "2010-12-31": "1370.40000", "2010-09-30": "1227.00000", "2010-06-30": "1218.90000", "2010-03-31": "1217.70000", "2009-12-31": "1240.60000", "2009-09-30": "1114.60000", "2009-06-30": "1098.00000", "2009-03-31": "1085.80000", "2008-12-31": "1162.20000", "2008-09-30": "1111.30000", "2008-06-30": "1179.40000", "2008-03-31": "1133.90000", "2007-12-31": "1133.60000", "2007-09-30": "996.20000", "2007-06-30": "1019.40000", "2007-03-31": "986.10000", "2006-12-31": "948.40000", "2006-09-30": "846.30000", "2006-06-30": "867.90000", "2006-03-31": "868.00000", "2005-12-31": "797.10000", "2005-09-30": "754.60000", "2005-06-30": "795.50000", "2005-03-31": "772.50000"}, "Research And Development Expenses": {"2020-12-31": "255.00000", "2020-09-30": "242.00000", "2020-06-30": "233.00000", "2020-03-31": "254.00000", "2019-12-31": "254.00000", "2019-09-30": "246.00000", "2019-06-30": "246.00000", "2019-03-31": "225.00000", "2018-12-31": "221.00000", "2018-09-30": "221.00000", "2018-06-30": "216.00000", "2018-03-31": "204.00000", "2017-12-31": "205.00000", "2017-09-30": "198.00000", "2017-06-30": "192.00000", "2017-03-31": "192.00000", "2016-12-31": "189.00000", "2016-09-30": "184.00000", "2016-06-30": "183.00000", "2016-03-31": "159.00000", "2015-12-31": "164.00000", "2015-09-30": "155.00000", "2015-06-30": "154.00000", "2015-03-31": "152.00000", "2014-12-31": "153.00000", "2014-09-30": "153.00000", "2014-06-30": "158.00000", "2014-03-31": "150.00000", "2013-12-31": "139.00000", "2013-09-30": "136.00000", "2013-06-30": "132.00000", "2013-03-31": "129.00000", "2012-12-31": "129.00000", "2012-09-30": "114.00000", "2012-06-30": "116.00000", "2012-03-31": "112.00000", "2011-12-31": "115.00000", "2011-09-30": "122.00000", "2011-06-30": "114.00000", "2011-03-31": "111.00000", "2010-12-31": "110.40000", "2010-09-30": "99.00000", "2010-06-30": "94.60000", "2010-03-31": "90.00000", "2009-12-31": "89.30000", "2009-09-30": "83.70000", "2009-06-30": "82.60000", "2009-03-31": "80.40000", "2008-12-31": "99.80000", "2008-09-30": "92.60000", "2008-06-30": "90.30000", "2008-03-31": "85.10000", "2007-12-31": "101.80000", "2007-09-30": "96.80000", "2007-06-30": "92.10000", "2007-03-31": "84.60000", "2006-12-31": "91.20000", "2006-09-30": "80.40000", "2006-06-30": "75.90000", "2006-03-31": "77.10000", "2005-12-31": "84.10000", "2005-09-30": "72.00000", "2005-06-30": "67.00000", "2005-03-31": "61.60000"}, "SG&A Expenses": {"2020-12-31": "1562.00000", "2020-09-30": "1244.00000", "2020-06-30": "1225.00000", "2020-03-31": "1330.00000", "2019-12-31": "1380.00000", "2019-09-30": "1291.00000", "2019-06-30": "1282.00000", "2019-03-31": "1403.00000", "2018-12-31": "1431.00000", "2018-09-30": "1242.00000", "2018-06-30": "1190.00000", "2018-03-31": "1236.00000", "2017-12-31": "1217.00000", "2017-09-30": "1103.00000", "2017-06-30": "1130.00000", "2017-03-31": "1102.00000", "2016-12-31": "1093.00000", "2016-09-30": "1057.00000", "2016-06-30": "1043.00000", "2016-03-31": "944.00000", "2015-12-31": "970.00000", "2015-09-30": "887.00000", "2015-06-30": "861.00000", "2015-03-31": "892.00000", "2014-12-31": "940.00000", "2014-09-30": "878.00000", "2014-06-30": "870.00000", "2014-03-31": "859.00000", "2013-12-31": "400.00000", "2013-09-30": "1136.00000", "2013-06-30": "1015.00000", "2013-03-31": "916.00000", "2012-12-31": "934.00000", "2012-09-30": "791.00000", "2012-06-30": "823.00000", "2012-03-31": "819.00000", "2011-12-31": "834.00000", "2011-09-30": "765.00000", "2011-06-30": "786.00000", "2011-03-31": "765.00000", "2010-12-31": "734.40000", "2010-09-30": "643.00000", "2010-06-30": "661.80000", "2010-03-31": "667.80000", "2009-12-31": "628.40000", "2009-09-30": "643.90000", "2009-06-30": "617.10000", "2009-03-31": "616.60000", "2008-12-31": "647.60010", "2008-09-30": "644.80000", "2008-06-30": "678.20000", "2008-03-31": "654.50000", "2007-12-31": "658.90000", "2007-09-30": "582.90000", "2007-06-30": "581.60000", "2007-03-31": "568.10000", "2006-12-31": "545.49990", "2006-09-30": "502.80000", "2006-06-30": "493.00000", "2006-03-31": "505.70000", "2005-12-31": "458.50000", "2005-09-30": "457.20000", "2005-06-30": "465.60000", "2005-03-31": "458.10000"}, "Other Operating Income Or Expenses": {"2020-12-31": "-21.00000", "2020-09-30": "-2.00000", "2020-06-30": "", "2020-03-31": "6.00000", "2019-12-31": "-13.00000", "2019-09-30": "-49.00000", "2019-06-30": "-117.00000", "2019-03-31": "-13.00000", "2018-12-31": "-13.00000", "2018-09-30": "-4.00000", "2018-06-30": "-2.00000", "2018-03-31": "-4.00000", "2017-12-31": "-9.00000", "2017-09-30": "-66.00000", "2017-06-30": "-72.00000", "2017-03-31": "-26.00000", "2016-12-31": "-54.00000", "2016-09-30": "-57.00000", "2016-06-30": "-28.00000", "2016-03-31": "-19.00000", "2015-12-31": "118.00000", "2015-09-30": "-150.00000", "2015-06-30": "-161.00000", "2015-03-31": "-103.00000", "2014-12-31": "-17.00000", "2014-09-30": "-79.00000", "2014-06-30": "-276.00000", "2014-03-31": "-389.00000", "2013-12-31": "", "2013-09-30": "", "2013-06-30": "", "2013-03-31": "", "2012-12-31": "-143.00000", "2012-09-30": "", "2012-06-30": "-31.00000", "2012-03-31": "", "2011-12-31": "-91.00000", "2011-09-30": "-31.00000", "2011-06-30": "", "2011-03-31": "", "2010-12-31": "", "2010-09-30": "", "2010-06-30": "", "2010-03-31": "", "2009-12-31": "8.60000", "2009-09-30": "-8.60000", "2009-06-30": "", "2009-03-31": "", "2008-12-31": "", "2008-09-30": "", "2008-06-30": "", "2008-03-31": "", "2007-12-31": "", "2007-09-30": "", "2007-06-30": "-19.80000", "2007-03-31": "", "2006-12-31": "", "2006-09-30": "", "2006-06-30": "", "2006-03-31": "", "2005-12-31": "", "2005-09-30": "", "2005-06-30": "", "2005-03-31": ""}, "Operating Expenses": {"2020-12-31": "3513.00000", "2020-09-30": "2878.00000", "2020-06-30": "2784.00000", "2020-03-31": "2953.00000", "2019-12-31": "3187.00000", "2019-09-30": "2959.00000", "2019-06-30": "3037.00000", "2019-03-31": "2988.00000", "2018-12-31": "3098.00000", "2018-09-30": "2666.00000", "2018-06-30": "2650.00000", "2018-03-31": "2650.00000", "2017-12-31": "2757.00000", "2017-09-30": "2481.00000", "2017-06-30": "2510.00000", "2017-03-31": "2399.00000", "2016-12-31": "2487.00000", "2016-09-30": "2347.00000", "2016-06-30": "2340.00000", "2016-03-31": "1976.00000", "2015-12-31": "2067.00000", "2015-09-30": "2042.00000", "2015-06-30": "2003.00000", "2015-03-31": "1973.00000", "2014-12-31": "2150.00000", "2014-09-30": "1939.00000", "2014-06-30": "2166.00000", "2014-03-31": "2174.00000", "2013-12-31": "2038.00000", "2013-09-30": "2001.00000", "2013-06-30": "1922.00000", "2013-03-31": "1804.00000", "2012-12-31": "1968.00000", "2012-09-30": "1602.00000", "2012-06-30": "1661.00000", "2012-03-31": "1685.00000", "2011-12-31": "1797.00000", "2011-09-30": "1587.00000", "2011-06-30": "1645.00000", "2011-03-31": "1592.00000", "2010-12-31": "1609.20000", "2010-09-30": "1297.00000", "2010-06-30": "1310.10000", "2010-03-31": "1352.70000", "2009-12-31": "1320.50000", "2009-09-30": "1341.90000", "2009-06-30": "1244.50000", "2009-03-31": "1222.10000", "2008-12-31": "1347.90000", "2008-09-30": "1288.90000", "2008-06-30": "1311.70000", "2008-03-31": "1250.70000", "2007-12-31": "1295.20000", "2007-09-30": "1145.90000", "2007-06-30": "1148.80000", "2007-03-31": "1103.30000", "2006-12-31": "1032.90000", "2006-09-30": "979.00000", "2006-06-30": "972.90000", "2006-03-31": "1098.80000", "2005-12-31": "786.60010", "2005-09-30": "957.00000", "2005-06-30": "967.10000", "2005-03-31": "966.10000"}, "Operating Income": {"2020-12-31": "749.00000", "2020-09-30": "859.00000", "2020-06-30": "-20.00000", "2020-03-31": "635.00000", "2019-12-31": "944.00000", "2019-09-30": "628.00000", "2019-06-30": "613.00000", "2019-03-31": "528.00000", "2018-12-31": "698.00000", "2018-09-30": "576.00000", "2018-06-30": "672.00000", "2018-03-31": "591.00000", "2017-12-31": "714.00000", "2017-09-30": "525.00000", "2017-06-30": "502.00000", "2017-03-31": "556.00000", "2016-12-31": "670.00000", "2016-09-30": "486.00000", "2016-06-30": "500.00000", "2016-03-31": "519.00000", "2015-12-31": "648.00000", "2015-09-30": "378.00000", "2015-06-30": "429.00000", "2015-03-31": "406.00000", "2014-12-31": "468.00000", "2014-09-30": "450.00000", "2014-06-30": "197.00000", "2014-03-31": "131.00000", "2013-12-31": "430.00000", "2013-09-30": "150.00000", "2013-06-30": "290.00000", "2013-03-31": "386.00000", "2012-12-31": "370.00000", "2012-09-30": "450.00000", "2012-06-30": "445.00000", "2012-03-31": "476.00000", "2011-12-31": "418.00000", "2011-09-30": "444.00000", "2011-06-30": "401.00000", "2011-03-31": "423.00000", "2010-12-31": "385.50010", "2010-09-30": "471.00000", "2010-06-30": "448.10000", "2010-03-31": "446.40000", "2009-12-31": "513.60000", "2009-09-30": "311.40000", "2009-06-30": "389.80000", "2009-03-31": "379.20010", "2008-12-31": "370.30020", "2008-09-30": "364.10010", "2008-06-30": "400.90000", "2008-03-31": "383.70010", "2007-12-31": "362.90010", "2007-09-30": "307.29990", "2007-06-30": "314.89990", "2007-03-31": "322.20000", "2006-12-31": "300.50040", "2006-09-30": "252.10000", "2006-06-30": "288.90000", "2006-03-31": "222.10000", "2005-12-31": "229.29980", "2005-09-30": "214.90000", "2005-06-30": "251.50000", "2005-03-31": "236.40000"}, "Total Non-Operating Income/Expense": {"2020-12-31": "-78.00000", "2020-09-30": "-79.00000", "2020-06-30": "-67.00000", "2020-03-31": "-45.00000", "2019-12-31": "-8.00000", "2019-09-30": "-47.00000", "2019-06-30": "-48.00000", "2019-03-31": "-48.00000", "2018-12-31": "-41.00000", "2018-09-30": "-42.00000", "2018-06-30": "-49.00000", "2018-03-31": "-49.00000", "2017-12-31": "-65.00000", "2017-09-30": "-54.00000", "2017-06-30": "-58.00000", "2017-03-31": "-57.00000", "2016-12-31": "-82.00000", "2016-09-30": "-67.00000", "2016-06-30": "-67.00000", "2016-03-31": "-38.00000", "2015-12-31": "-36.00000", "2015-09-30": "-33.00000", "2015-06-30": "-28.00000", "2015-03-31": "-29.00000", "2014-12-31": "-7.00000", "2014-09-30": "-25.00000", "2014-06-30": "-30.00000", "2014-03-31": "-24.00000", "2013-12-31": "1.00000", "2013-09-30": "-13.00000", "2013-06-30": "-21.00000", "2013-03-31": "-11.00000", "2012-12-31": "-12.00000", "2012-09-30": "-6.00000", "2012-06-30": "-10.00000", "2012-03-31": "-8.00000", "2011-12-31": "", "2011-09-30": "-13.00000", "2011-06-30": "10.00000", "2011-03-31": "-12.00000", "2010-12-31": "-6.90000", "2010-09-30": "-9.00000", "2010-06-30": "-5.50000", "2010-03-31": "-0.60000", "2009-12-31": "9.60000", "2009-09-30": "3.00000", "2009-06-30": "10.20000", "2009-03-31": "7.20000", "2008-12-31": "9.80000", "2008-09-30": "11.90000", "2008-06-30": "19.20000", "2008-03-31": "20.30000", "2007-12-31": "21.10000", "2007-09-30": "10.60000", "2007-06-30": "16.90000", "2007-03-31": "14.20000", "2006-12-31": "12.00000", "2006-09-30": "8.10000", "2006-06-30": "4.90000", "2006-03-31": "5.20000", "2005-12-31": "6.30000", "2005-09-30": "-0.60000", "2005-06-30": "-0.20000", "2005-03-31": "-0.60000"}, "Pre-Tax Income": {"2020-12-31": "671.00000", "2020-09-30": "780.00000", "2020-06-30": "-87.00000", "2020-03-31": "590.00000", "2019-12-31": "936.00000", "2019-09-30": "581.00000", "2019-06-30": "565.00000", "2019-03-31": "480.00000", "2018-12-31": "657.00000", "2018-09-30": "534.00000", "2018-06-30": "623.00000", "2018-03-31": "542.00000", "2017-12-31": "649.00000", "2017-09-30": "471.00000", "2017-06-30": "444.00000", "2017-03-31": "499.00000", "2016-12-31": "588.00000", "2016-09-30": "419.00000", "2016-06-30": "433.00000", "2016-03-31": "481.00000", "2015-12-31": "612.00000", "2015-09-30": "345.00000", "2015-06-30": "401.00000", "2015-03-31": "377.00000", "2014-12-31": "461.00000", "2014-09-30": "425.00000", "2014-06-30": "167.00000", "2014-03-31": "107.00000", "2013-12-31": "431.00000", "2013-09-30": "137.00000", "2013-06-30": "269.00000", "2013-03-31": "375.00000", "2012-12-31": "358.00000", "2012-09-30": "444.00000", "2012-06-30": "435.00000", "2012-03-31": "468.00000", "2011-12-31": "433.00000", "2011-09-30": "431.00000", "2011-06-30": "411.00000", "2011-03-31": "411.00000", "2010-12-31": "378.60000", "2010-09-30": "462.00000", "2010-06-30": "442.60000", "2010-03-31": "445.80000", "2009-12-31": "523.20000", "2009-09-30": "314.40000", "2009-06-30": "400.00000", "2009-03-31": "386.40000", "2008-12-31": "380.10000", "2008-09-30": "376.00000", "2008-06-30": "420.10000", "2008-03-31": "404.00000", "2007-12-31": "384.00000", "2007-09-30": "317.90000", "2007-06-30": "331.80000", "2007-03-31": "336.40000", "2006-12-31": "312.50010", "2006-09-30": "260.20000", "2006-06-30": "293.80000", "2006-03-31": "227.30000", "2005-12-31": "235.60000", "2005-09-30": "214.30000", "2005-06-30": "251.30000", "2005-03-31": "235.80000"}, "Income Taxes": {"2020-12-31": "103.00000", "2020-09-30": "159.00000", "2020-06-30": "-4.00000", "2020-03-31": "97.00000", "2019-12-31": "211.00000", "2019-09-30": "115.00000", "2019-06-30": "85.00000", "2019-03-31": "68.00000", "2018-12-31": "-1411.00000", "2018-09-30": "-56.00000", "2018-06-30": "171.00000", "2018-03-31": "99.00000", "2017-12-31": "898.00000", "2017-09-30": "37.00000", "2017-06-30": "53.00000", "2017-03-31": "55.00000", "2016-12-31": "78.00000", "2016-09-30": "64.00000", "2016-06-30": "53.00000", "2016-03-31": "79.00000", "2015-12-31": "90.00000", "2015-09-30": "44.00000", "2015-06-30": "9.00000", "2015-03-31": "153.00000", "2014-12-31": "201.00000", "2014-09-30": "368.00000", "2014-06-30": "39.00000", "2014-03-31": "37.00000", "2013-12-31": "45.00000", "2013-09-30": "34.00000", "2013-06-30": "56.00000", "2013-03-31": "71.00000", "2012-12-31": "88.00000", "2012-09-30": "91.00000", "2012-06-30": "110.00000", "2012-03-31": "118.00000", "2011-12-31": "32.00000", "2011-09-30": "104.00000", "2011-06-30": "101.00000", "2011-03-31": "104.00000", "2010-12-31": "83.30000", "2010-09-30": "125.00000", "2010-06-30": "123.60000", "2010-03-31": "124.10000", "2009-12-31": "217.60000", "2009-09-30": "85.40000", "2009-06-30": "108.70000", "2009-03-31": "105.30000", "2008-12-31": "102.40000", "2008-09-30": "102.20000", "2008-06-30": "114.30000", "2008-03-31": "113.50000", "2007-12-31": "107.90000", "2007-09-30": "89.20000", "2007-06-30": "91.70000", "2007-03-31": "94.60000", "2006-12-31": "87.70000", "2006-09-30": "73.20000", "2006-06-30": "81.70000", "2006-03-31": "79.80000", "2005-12-31": "68.30000", "2005-09-30": "93.60000", "2005-06-30": "73.50000", "2005-03-31": "69.10000"}, "Income After Taxes": {"2020-12-31": "568.00000", "2020-09-30": "621.00000", "2020-06-30": "-83.00000", "2020-03-31": "493.00000", "2019-12-31": "725.00000", "2019-09-30": "466.00000", "2019-06-30": "480.00000", "2019-03-31": "412.00000", "2018-12-31": "2068.00000", "2018-09-30": "590.00000", "2018-06-30": "452.00000", "2018-03-31": "443.00000", "2017-12-31": "-249.00000", "2017-09-30": "434.00000", "2017-06-30": "391.00000", "2017-03-31": "444.00000", "2016-12-31": "510.00000", "2016-09-30": "355.00000", "2016-06-30": "380.00000", "2016-03-31": "402.00000", "2015-12-31": "522.00000", "2015-09-30": "301.00000", "2015-06-30": "392.00000", "2015-03-31": "224.00000", "2014-12-31": "260.00000", "2014-09-30": "57.00000", "2014-06-30": "128.00000", "2014-03-31": "70.00000", "2013-12-31": "386.00000", "2013-09-30": "103.00000", "2013-06-30": "213.00000", "2013-03-31": "304.00000", "2012-12-31": "270.00000", "2012-09-30": "353.00000", "2012-06-30": "325.00000", "2012-03-31": "350.00000", "2011-12-31": "401.00000", "2011-09-30": "327.00000", "2011-06-30": "310.00000", "2011-03-31": "307.00000", "2010-12-31": "295.30000", "2010-09-30": "337.00000", "2010-06-30": "319.00000", "2010-03-31": "321.70000", "2009-12-31": "305.60000", "2009-09-30": "229.00000", "2009-06-30": "291.30000", "2009-03-31": "281.10000", "2008-12-31": "277.70000", "2008-09-30": "273.80000", "2008-06-30": "305.80000", "2008-03-31": "290.50000", "2007-12-31": "276.10000", "2007-09-30": "228.70000", "2007-06-30": "240.10000", "2007-03-31": "241.80000", "2006-12-31": "224.80000", "2006-09-30": "187.00000", "2006-06-30": "212.10000", "2006-03-31": "147.50000", "2005-12-31": "167.30000", "2005-09-30": "120.70000", "2005-06-30": "177.80000", "2005-03-31": "166.70000"}, "Other Income": {"2020-12-31": "", "2020-09-30": "", "2020-06-30": "", "2020-03-31": "", "2019-12-31": "", "2019-09-30": "", "2019-06-30": "", "2019-03-31": "", "2018-12-31": "", "2018-09-30": "", "2018-06-30": "", "2018-03-31": "", "2017-12-31": "", "2017-09-30": "", "2017-06-30": "", "2017-03-31": "", "2016-12-31": "", "2016-09-30": "", "2016-06-30": "", "2016-03-31": "", "2015-12-31": "", "2015-09-30": "", "2015-06-30": "", "2015-03-31": "", "2014-12-31": "", "2014-09-30": "", "2014-06-30": "", "2014-03-31": "", "2013-12-31": "", "2013-09-30": "", "2013-06-30": "", "2013-03-31": "", "2012-12-31": "", "2012-09-30": "", "2012-06-30": "", "2012-03-31": "", "2011-12-31": "", "2011-09-30": "", "2011-06-30": "", "2011-03-31": "", "2010-12-31": "", "2010-09-30": "", "2010-06-30": "", "2010-03-31": "", "2009-12-31": "", "2009-09-30": "", "2009-06-30": "", "2009-03-31": "", "2008-12-31": "", "2008-09-30": "", "2008-06-30": "", "2008-03-31": "", "2007-12-31": "", "2007-09-30": "", "2007-06-30": "", "2007-03-31": "", "2006-12-31": "", "2006-09-30": "", "2006-06-30": "", "2006-03-31": "", "2005-12-31": "", "2005-09-30": "", "2005-06-30": "", "2005-03-31": ""}, "Income From Continuous Operations": {"2020-12-31": "568.00000", "2020-09-30": "621.00000", "2020-06-30": "-83.00000", "2020-03-31": "493.00000", "2019-12-31": "725.00000", "2019-09-30": "466.00000", "2019-06-30": "480.00000", "2019-03-31": "412.00000", "2018-12-31": "2068.00000", "2018-09-30": "590.00000", "2018-06-30": "452.00000", "2018-03-31": "443.00000", "2017-12-31": "-249.00000", "2017-09-30": "434.00000", "2017-06-30": "391.00000", "2017-03-31": "444.00000", "2016-12-31": "510.00000", "2016-09-30": "355.00000", "2016-06-30": "380.00000", "2016-03-31": "402.00000", "2015-12-31": "522.00000", "2015-09-30": "301.00000", "2015-06-30": "392.00000", "2015-03-31": "224.00000", "2014-12-31": "260.00000", "2014-09-30": "57.00000", "2014-06-30": "128.00000", "2014-03-31": "70.00000", "2013-12-31": "386.00000", "2013-09-30": "103.00000", "2013-06-30": "213.00000", "2013-03-31": "304.00000", "2012-12-31": "270.00000", "2012-09-30": "353.00000", "2012-06-30": "325.00000", "2012-03-31": "350.00000", "2011-12-31": "401.00000", "2011-09-30": "327.00000", "2011-06-30": "310.00000", "2011-03-31": "307.00000", "2010-12-31": "295.30000", "2010-09-30": "337.00000", "2010-06-30": "319.00000", "2010-03-31": "321.70000", "2009-12-31": "305.60000", "2009-09-30": "229.00000", "2009-06-30": "291.30000", "2009-03-31": "281.10000", "2008-12-31": "277.70000", "2008-09-30": "273.80000", "2008-06-30": "305.80000", "2008-03-31": "290.50000", "2007-12-31": "276.09990", "2007-09-30": "228.70000", "2007-06-30": "240.10000", "2007-03-31": "241.80000", "2006-12-31": "224.80000", "2006-09-30": "187.00000", "2006-06-30": "212.10000", "2006-03-31": "147.50000", "2005-12-31": "167.30000", "2005-09-30": "120.70000", "2005-06-30": "177.80000", "2005-03-31": "166.70000"}, "Income From Discontinued Operations": {"2020-12-31": "", "2020-09-30": "", "2020-06-30": "", "2020-03-31": "", "2019-12-31": "", "2019-09-30": "", "2019-06-30": "", "2019-03-31": "", "2018-12-31": "", "2018-09-30": "", "2018-06-30": "", "2018-03-31": "", "2017-12-31": "", "2017-09-30": "", "2017-06-30": "", "2017-03-31": "", "2016-12-31": "", "2016-09-30": "", "2016-06-30": "", "2016-03-31": "", "2015-12-31": "", "2015-09-30": "", "2015-06-30": "", "2015-03-31": "", "2014-12-31": "", "2014-09-30": "", "2014-06-30": "", "2014-03-31": "", "2013-12-31": "", "2013-09-30": "", "2013-06-30": "", "2013-03-31": "", "2012-12-31": "", "2012-09-30": "", "2012-06-30": "", "2012-03-31": "", "2011-12-31": "", "2011-09-30": "", "2011-06-30": "", "2011-03-31": "", "2010-12-31": "", "2010-09-30": "", "2010-06-30": "", "2010-03-31": "", "2009-12-31": "", "2009-09-30": "", "2009-06-30": "", "2009-03-31": "", "2008-12-31": "", "2008-09-30": "", "2008-06-30": "", "2008-03-31": "", "2007-12-31": "0.00000", "2007-09-30": "", "2007-06-30": "29.00000", "2007-03-31": "1.70000", "2006-12-31": "3.10000", "2006-09-30": "1.40000", "2006-06-30": "1.80000", "2006-03-31": "", "2005-12-31": "", "2005-09-30": "", "2005-06-30": "", "2005-03-31": ""}, "Net Income": {"2020-12-31": "568.00000", "2020-09-30": "621.00000", "2020-06-30": "-83.00000", "2020-03-31": "493.00000", "2019-12-31": "725.00000", "2019-09-30": "466.00000", "2019-06-30": "480.00000", "2019-03-31": "412.00000", "2018-12-31": "2068.00000", "2018-09-30": "590.00000", "2018-06-30": "452.00000", "2018-03-31": "443.00000", "2017-12-31": "-249.00000", "2017-09-30": "434.00000", "2017-06-30": "391.00000", "2017-03-31": "444.00000", "2016-12-31": "510.00000", "2016-09-30": "355.00000", "2016-06-30": "380.00000", "2016-03-31": "402.00000", "2015-12-31": "522.00000", "2015-09-30": "301.00000", "2015-06-30": "392.00000", "2015-03-31": "224.00000", "2014-12-31": "260.00000", "2014-09-30": "57.00000", "2014-06-30": "128.00000", "2014-03-31": "70.00000", "2013-12-31": "386.00000", "2013-09-30": "103.00000", "2013-06-30": "213.00000", "2013-03-31": "304.00000", "2012-12-31": "270.00000", "2012-09-30": "353.00000", "2012-06-30": "325.00000", "2012-03-31": "350.00000", "2011-12-31": "401.00000", "2011-09-30": "327.00000", "2011-06-30": "310.00000", "2011-03-31": "307.00000", "2010-12-31": "295.30000", "2010-09-30": "337.00000", "2010-06-30": "319.00000", "2010-03-31": "321.70000", "2009-12-31": "305.60000", "2009-09-30": "229.00000", "2009-06-30": "291.30000", "2009-03-31": "281.10000", "2008-12-31": "277.70010", "2008-09-30": "273.80000", "2008-06-30": "305.80000", "2008-03-31": "290.50000", "2007-12-31": "276.10000", "2007-09-30": "228.70000", "2007-06-30": "269.10000", "2007-03-31": "243.50000", "2006-12-31": "227.90010", "2006-09-30": "188.40000", "2006-06-30": "213.90000", "2006-03-31": "147.50000", "2005-12-31": "178.40000", "2005-09-30": "120.70000", "2005-06-30": "177.80000", "2005-03-31": "166.70000"}, "EBITDA": {"2020-12-31": "", "2020-09-30": "1057.00000", "2020-06-30": "173.00000", "2020-03-31": "833.00000", "2019-12-31": "1139.00000", "2019-09-30": "822.00000", "2019-06-30": "812.00000", "2019-03-31": "718.00000", "2018-12-31": "874.00000", "2018-09-30": "761.00000", "2018-06-30": "858.00000", "2018-03-31": "767.00000", "2017-12-31": "883.00000", "2017-09-30": "688.00000", "2017-06-30": "662.00000", "2017-03-31": "706.00000", "2016-12-31": "821.00000", "2016-09-30": "634.00000", "2016-06-30": "645.00000", "2016-03-31": "621.00000", "2015-12-31": "756.00000", "2015-09-30": "479.00000", "2015-06-30": "523.00000", "2015-03-31": "500.00000", "2014-12-31": "564.00000", "2014-09-30": "547.00000", "2014-06-30": "291.00000", "2014-03-31": "222.00000", "2013-12-31": "512.00000", "2013-09-30": "226.00000", "2013-06-30": "401.00000", "2013-03-31": "424.00000", "2012-12-31": "532.00000", "2012-09-30": "488.00000", "2012-06-30": "452.00000", "2012-03-31": "546.00000", "2011-12-31": "219.00000", "2011-09-30": "568.00000", "2011-06-30": "521.00000", "2011-03-31": "538.00000", "2010-12-31": "251.50010", "2010-09-30": "572.20000", "2010-06-30": "546.70000", "2010-03-31": "545.60000", "2009-12-31": "618.10000", "2009-09-30": "499.70000", "2009-06-30": "390.30000", "2009-03-31": "470.90010", "2008-12-31": "463.40010", "2008-09-30": "461.70010", "2008-06-30": "499.60000", "2008-03-31": "481.90010", "2007-12-31": "458.40020", "2007-09-30": "400.99990", "2007-06-30": "405.19990", "2007-03-31": "409.30000", "2006-12-31": "385.90030", "2006-09-30": "335.10000", "2006-06-30": "366.80000", "2006-03-31": "299.90000", "2005-12-31": "298.69980", "2005-09-30": "284.90000", "2005-06-30": "320.90000", "2005-03-31": "310.30000"}, "EBIT": {"2020-12-31": "749.00000", "2020-09-30": "859.00000", "2020-06-30": "-20.00000", "2020-03-31": "635.00000", "2019-12-31": "944.00000", "2019-09-30": "628.00000", "2019-06-30": "613.00000", "2019-03-31": "528.00000", "2018-12-31": "698.00000", "2018-09-30": "576.00000", "2018-06-30": "672.00000", "2018-03-31": "591.00000", "2017-12-31": "714.00000", "2017-09-30": "525.00000", "2017-06-30": "502.00000", "2017-03-31": "556.00000", "2016-12-31": "670.00000", "2016-09-30": "486.00000", "2016-06-30": "500.00000", "2016-03-31": "519.00000", "2015-12-31": "648.00000", "2015-09-30": "378.00000", "2015-06-30": "429.00000", "2015-03-31": "406.00000", "2014-12-31": "468.00000", "2014-09-30": "450.00000", "2014-06-30": "197.00000", "2014-03-31": "131.00000", "2013-12-31": "430.00000", "2013-09-30": "150.00000", "2013-06-30": "290.00000", "2013-03-31": "386.00000", "2012-12-31": "370.00000", "2012-09-30": "450.00000", "2012-06-30": "445.00000", "2012-03-31": "476.00000", "2011-12-31": "418.00000", "2011-09-30": "444.00000", "2011-06-30": "401.00000", "2011-03-31": "423.00000", "2010-12-31": "385.50000", "2010-09-30": "471.00000", "2010-06-30": "448.10000", "2010-03-31": "446.40000", "2009-12-31": "513.59990", "2009-09-30": "311.40000", "2009-06-30": "389.80000", "2009-03-31": "379.20010", "2008-12-31": "370.30030", "2008-09-30": "364.10010", "2008-06-30": "400.90000", "2008-03-31": "383.70010", "2007-12-31": "362.90050", "2007-09-30": "307.29990", "2007-06-30": "314.89990", "2007-03-31": "322.20000", "2006-12-31": "300.50040", "2006-09-30": "252.10000", "2006-06-30": "288.90000", "2006-03-31": "222.10000", "2005-12-31": "229.29980", "2005-09-30": "214.90000", "2005-06-30": "251.50000", "2005-03-31": "236.40000"}, "Basic Shares Outstanding": {"2020-12-31": "375.90000", "2020-09-30": "375.70000", "2020-06-30": "375.50000", "2020-03-31": "374.80000", "2019-12-31": "374.00000", "2019-09-30": "374.20000", "2019-06-30": "373.90000", "2019-03-31": "373.30000", "2018-12-31": "374.10000", "2018-09-30": "374.10000", "2018-06-30": "373.90000", "2018-03-31": "374.00000", "2017-12-31": "374.00000", "2017-09-30": "374.20000", "2017-06-30": "373.90000", "2017-03-31": "373.40000", "2016-12-31": "374.10000", "2016-09-30": "374.40000", "2016-06-30": "374.20000", "2016-03-31": "373.20000", "2015-12-31": "376.60000", "2015-09-30": "376.30000", "2015-06-30": "377.00000", "2015-03-31": "378.90000", "2014-12-31": "378.50000", "2014-09-30": "378.40000", "2014-06-30": "378.80000", "2014-03-31": "378.20000", "2013-12-31": "378.60000", "2013-09-30": "378.30000", "2013-06-30": "378.00000", "2013-03-31": "379.70000", "2012-12-31": "380.60000", "2012-09-30": "380.20000", "2012-06-30": "381.00000", "2012-03-31": "381.00000", "2011-12-31": "386.50000", "2011-09-30": "386.00000", "2011-06-30": "388.20000", "2011-03-31": "390.00000", "2010-12-31": "396.40000", "2010-09-30": "397.00000", "2010-06-30": "396.90000", "2010-03-31": "397.20000", "2009-12-31": "397.40000", "2009-09-30": "397.60000", "2009-06-30": "397.40000", "2009-03-31": "396.70000", "2008-12-31": "408.10000", "2008-09-30": "409.70000", "2008-06-30": "412.00000", "2008-03-31": "411.40000", "2007-12-31": "409.70000", "2007-09-30": "410.00000", "2007-06-30": "409.40000", "2007-03-31": "408.60000", "2006-12-31": "406.50000", "2006-09-30": "406.70000", "2006-06-30": "406.40000", "2006-03-31": "405.70000", "2005-12-31": "403.70000", "2005-09-30": "403.70000", "2005-06-30": "403.30000", "2005-03-31": "402.80000"}, "Shares Outstanding": {"2020-12-31": "381.30000", "2020-09-30": "380.20000", "2020-06-30": "375.50000", "2020-03-31": "379.70000", "2019-12-31": "379.90000", "2019-09-30": "380.30000", "2019-06-30": "379.50000", "2019-03-31": "379.30000", "2018-12-31": "380.30000", "2018-09-30": "380.20000", "2018-06-30": "380.10000", "2018-03-31": "380.70000", "2017-12-31": "380.10000", "2017-09-30": "380.20000", "2017-06-30": "379.80000", "2017-03-31": "379.30000", "2016-12-31": "378.50000", "2016-09-30": "379.00000", "2016-06-30": "378.50000", "2016-03-31": "377.40000", "2015-12-31": "380.90000", "2015-09-30": "380.70000", "2015-06-30": "381.10000", "2015-03-31": "383.50000", "2014-12-31": "382.80000", "2014-09-30": "382.50000", "2014-06-30": "382.70000", "2014-03-31": "382.60000", "2013-12-31": "382.10000", "2013-09-30": "381.70000", "2013-06-30": "381.00000", "2013-03-31": "383.00000", "2012-12-31": "383.00000", "2012-09-30": "382.50000", "2012-06-30": "383.30000", "2012-03-31": "383.80000", "2011-12-31": "389.50000", "2011-09-30": "388.40000", "2011-06-30": "392.00000", "2011-03-31": "394.20000", "2010-12-31": "399.50000", "2010-09-30": "398.00000", "2010-06-30": "399.20000", "2010-03-31": "400.10000", "2009-12-31": "399.40000", "2009-09-30": "399.60000", "2009-06-30": "399.00000", "2009-03-31": "398.60000", "2008-12-31": "413.60000", "2008-09-30": "415.80000", "2008-06-30": "417.90000", "2008-03-31": "417.90000", "2007-12-31": "417.20000", "2007-09-30": "417.50000", "2007-06-30": "416.90000", "2007-03-31": "416.00000", "2006-12-31": "411.80000", "2006-09-30": "411.60000", "2006-06-30": "410.70000", "2006-03-31": "411.30000", "2005-12-31": "410.80000", "2005-09-30": "411.40000", "2005-06-30": "410.50000", "2005-03-31": "410.70000"}, "Basic EPS": {"2020-12-31": "1.51000", "2020-09-30": "1.66000", "2020-06-30": "-0.22000", "2020-03-31": "1.32000", "2019-12-31": "1.94000", "2019-09-30": "1.24000", "2019-06-30": "1.29000", "2019-03-31": "1.10000", "2018-12-31": "5.53000", "2018-09-30": "1.58000", "2018-06-30": "1.21000", "2018-03-31": "1.18000", "2017-12-31": "-0.66000", "2017-09-30": "1.16000", "2017-06-30": "1.04000", "2017-03-31": "1.19000", "2016-12-31": "1.35000", "2016-09-30": "0.95000", "2016-06-30": "1.02000", "2016-03-31": "1.08000", "2015-12-31": "1.39000", "2015-09-30": "0.80000", "2015-06-30": "1.04000", "2015-03-31": "0.59000", "2014-12-31": "0.67000", "2014-09-30": "0.16000", "2014-06-30": "0.34000", "2014-03-31": "0.19000", "2013-12-31": "1.03000", "2013-09-30": "0.27000", "2013-06-30": "0.56000", "2013-03-31": "0.80000", "2012-12-31": "0.71000", "2012-09-30": "0.93000", "2012-06-30": "0.85000", "2012-03-31": "0.92000", "2011-12-31": "1.04000", "2011-09-30": "0.85000", "2011-06-30": "0.80000", "2011-03-31": "0.79000", "2010-12-31": "0.75000", "2010-09-30": "0.85000", "2010-06-30": "0.80000", "2010-03-31": "0.81000", "2009-12-31": "0.77000", "2009-09-30": "0.58000", "2009-06-30": "0.73000", "2009-03-31": "0.71000", "2008-12-31": "0.69000", "2008-09-30": "0.67000", "2008-06-30": "0.74000", "2008-03-31": "0.71000", "2007-12-31": "0.66000", "2007-09-30": "0.56000", "2007-06-30": "0.66000", "2007-03-31": "0.60000", "2006-12-31": "0.56000", "2006-09-30": "0.46000", "2006-06-30": "0.53000", "2006-03-31": "0.36000", "2005-12-31": "0.44000", "2005-09-30": "0.30000", "2005-06-30": "0.44000", "2005-03-31": "0.41000"}, "EPS - Earnings Per Share": {"2020-12-31": "1.49000", "2020-09-30": "1.63000", "2020-06-30": "-0.22000", "2020-03-31": "1.30000", "2019-12-31": "1.90000", "2019-09-30": "1.23000", "2019-06-30": "1.26000", "2019-03-31": "1.09000", "2018-12-31": "5.44000", "2018-09-30": "1.55000", "2018-06-30": "1.19000", "2018-03-31": "1.16000", "2017-12-31": "-0.66000", "2017-09-30": "1.14000", "2017-06-30": "1.03000", "2017-03-31": "1.17000", "2016-12-31": "1.34000", "2016-09-30": "0.94000", "2016-06-30": "1.00000", "2016-03-31": "1.07000", "2015-12-31": "1.38000", "2015-09-30": "0.79000", "2015-06-30": "1.03000", "2015-03-31": "0.58000", "2014-12-31": "0.67000", "2014-09-30": "0.16000", "2014-06-30": "0.33000", "2014-03-31": "0.18000", "2013-12-31": "1.01000", "2013-09-30": "0.27000", "2013-06-30": "0.56000", "2013-03-31": "0.79000", "2012-12-31": "0.71000", "2012-09-30": "0.92000", "2012-06-30": "0.85000", "2012-03-31": "0.91000", "2011-12-31": "1.04000", "2011-09-30": "0.84000", "2011-06-30": "0.79000", "2011-03-31": "0.78000", "2010-12-31": "0.74000", "2010-09-30": "0.85000", "2010-06-30": "0.80000", "2010-03-31": "0.80000", "2009-12-31": "0.76000", "2009-09-30": "0.57000", "2009-06-30": "0.73000", "2009-03-31": "0.71000", "2008-12-31": "0.69000", "2008-09-30": "0.66000", "2008-06-30": "0.73000", "2008-03-31": "0.70000", "2007-12-31": "0.65000", "2007-09-30": "0.55000", "2007-06-30": "0.65000", "2007-03-31": "0.59000", "2006-12-31": "0.55000", "2006-09-30": "0.46000", "2006-06-30": "0.52000", "2006-03-31": "0.36000", "2005-12-31": "0.44000", "2005-09-30": "0.29000", "2005-06-30": "0.43000", "2005-03-31": "0.41000"}}, "balance sheet": {"Cash On Hand": {"2020-12-31": "3024.00000", "2019-12-31": "4425.00000", "2018-12-31": "3699.00000", "2017-12-31": "2793.00000", "2016-12-31": "3384.00000", "2015-12-31": "4079.00000", "2014-12-31": "5000.00000", "2013-12-31": "3980.00000", "2012-12-31": "4285.00000", "2011-12-31": "3418.00000", "2010-12-31": "4380.00000", "2009-12-31": "2954.80000", "2008-12-31": "2195.60000", "2007-12-31": "2410.80000", "2006-12-31": "1414.80000", "2005-12-31": "1056.50000"}, "Receivables": {"2020-12-31": "2701.00000", "2019-12-31": "2893.00000", "2018-12-31": "2332.00000", "2017-12-31": "2198.00000", "2016-12-31": "1967.00000", "2015-12-31": "1662.00000", "2014-12-31": "1572.00000", "2013-12-31": "1518.00000", "2012-12-31": "1430.00000", "2011-12-31": "1417.00000", "2010-12-31": "1252.00000", "2009-12-31": "1147.10000", "2008-12-31": "1129.50000", "2007-12-31": "1030.70000", "2006-12-31": "867.20000", "2005-12-31": "770.30000"}, "Inventory": {"2020-12-31": "3494.00000", "2019-12-31": "3282.00000", "2018-12-31": "2955.00000", "2017-12-31": "2465.00000", "2016-12-31": "2030.00000", "2015-12-31": "1639.00000", "2014-12-31": "1588.00000", "2013-12-31": "1422.00000", "2012-12-31": "1265.00000", "2011-12-31": "1283.00000", "2010-12-31": "1057.00000", "2009-12-31": "943.00000", "2008-12-31": "952.70000", "2007-12-31": "796.20000", "2006-12-31": "677.60000", "2005-12-31": "563.50000"}, "Pre-Paid Expenses": {"2020-12-31": "488.00000", "2019-12-31": "760.00000", "2018-12-31": "747.00000", "2017-12-31": "537.00000", "2016-12-31": "480.00000", "2015-12-31": "563.00000", "2014-12-31": "524.00000", "2013-12-31": "535.00000", "2012-12-31": "357.00000", "2011-12-31": "312.00000", "2010-12-31": "290.00000", "2009-12-31": "204.10000", "2008-12-31": "179.60000", "2007-12-31": "132.80000", "2006-12-31": "113.30000", "2005-12-31": "96.70000"}, "Other Current Assets": {"2020-12-31": "", "2019-12-31": "", "2018-12-31": "", "2017-12-31": "", "2016-12-31": "", "2015-12-31": "", "2014-12-31": "", "2013-12-31": "", "2012-12-31": "", "2011-12-31": "", "2010-12-31": "", "2009-12-31": "", "2008-12-31": "", "2007-12-31": "", "2006-12-31": "", "2005-12-31": ""}, "Total Current Assets": {"2020-12-31": "9707.00000", "2019-12-31": "11360.00000", "2018-12-31": "9733.00000", "2017-12-31": "7993.00000", "2016-12-31": "7861.00000", "2015-12-31": "7943.00000", "2014-12-31": "8684.00000", "2013-12-31": "8335.00000", "2012-12-31": "8148.00000", "2011-12-31": "7207.00000", "2010-12-31": "7632.00000", "2009-12-31": "5851.20000", "2008-12-31": "4979.30000", "2007-12-31": "4904.90000", "2006-12-31": "3534.30000", "2005-12-31": "2870.10000"}, "Property, Plant, And Equipment": {"2020-12-31": "2752.00000", "2019-12-31": "2567.00000", "2018-12-31": "2291.00000", "2017-12-31": "1975.00000", "2016-12-31": "1569.00000", "2015-12-31": "1199.00000", "2014-12-31": "1098.00000", "2013-12-31": "1081.00000", "2012-12-31": "948.00000", "2011-12-31": "888.00000", "2010-12-31": "798.00000", "2009-12-31": "947.60000", "2008-12-31": "963.80000", "2007-12-31": "991.60000", "2006-12-31": "914.90000", "2005-12-31": "831.00000"}, "Long-Term Investments": {"2020-12-31": "", "2019-12-31": "", "2018-12-31": "", "2017-12-31": "", "2016-12-31": "", "2015-12-31": "", "2014-12-31": "", "2013-12-31": "", "2012-12-31": "", "2011-12-31": "", "2010-12-31": "", "2009-12-31": "", "2008-12-31": "", "2007-12-31": "", "2006-12-31": "", "2005-12-31": ""}, "Goodwill And Intangible Assets": {"2020-12-31": "18332.00000", "2019-12-31": "13296.00000", "2018-12-31": "12726.00000", "2017-12-31": "10645.00000", "2016-12-31": "9864.00000", "2015-12-31": "5930.00000", "2014-12-31": "6204.00000", "2013-12-31": "5833.00000", "2012-12-31": "3566.00000", "2011-12-31": "3514.00000", "2010-12-31": "1775.00000", "2009-12-31": "1591.50000", "2008-12-31": "935.50000", "2007-12-31": "925.50000", "2006-12-31": "914.80000", "2005-12-31": "922.90000"}, "Other Long-Term Assets": {"2020-12-31": "2009.00000", "2019-12-31": "1369.00000", "2018-12-31": "801.00000", "2017-12-31": "1301.00000", "2016-12-31": "1141.00000", "2015-12-31": "1151.00000", "2014-12-31": "1293.00000", "2013-12-31": "494.00000", "2012-12-31": "544.00000", "2011-12-31": "537.00000", "2010-12-31": "151.00000", "2009-12-31": "136.70000", "2008-12-31": "237.30000", "2007-12-31": "67.10000", "2006-12-31": "44.50000", "2005-12-31": "31.80000"}, "Total Long-Term Assets": {"2020-12-31": "24623.00000", "2019-12-31": "18807.00000", "2018-12-31": "17496.00000", "2017-12-31": "14204.00000", "2016-12-31": "12574.00000", "2015-12-31": "8280.00000", "2014-12-31": "8595.00000", "2013-12-31": "7408.00000", "2012-12-31": "5058.00000", "2011-12-31": "4939.00000", "2010-12-31": "3263.00000", "2009-12-31": "3220.10000", "2008-12-31": "2624.00000", "2007-12-31": "2449.10000", "2006-12-31": "2339.50000", "2005-12-31": "2122.40000"}, "Total Assets": {"2020-12-31": "34330.00000", "2019-12-31": "30167.00000", "2018-12-31": "27229.00000", "2017-12-31": "22197.00000", "2016-12-31": "20435.00000", "2015-12-31": "16223.00000", "2014-12-31": "17279.00000", "2013-12-31": "15743.00000", "2012-12-31": "13206.00000", "2011-12-31": "12146.00000", "2010-12-31": "10895.00000", "2009-12-31": "9071.30000", "2008-12-31": "7603.30000", "2007-12-31": "7354.00000", "2006-12-31": "5873.80000", "2005-12-31": "4992.50000"}, "Total Current Liabilities": {"2020-12-31": "5041.00000", "2019-12-31": "4400.00000", "2018-12-31": "4807.00000", "2017-12-31": "3485.00000", "2016-12-31": "3148.00000", "2015-12-31": "3502.00000", "2014-12-31": "4461.00000", "2013-12-31": "2657.00000", "2012-12-31": "1876.00000", "2011-12-31": "1840.00000", "2010-12-31": "1605.00000", "2009-12-31": "1441.00000", "2008-12-31": "1462.10000", "2007-12-31": "1333.00000", "2006-12-31": "1351.50000", "2005-12-31": "1248.80000"}, "Long Term Debt": {"2020-12-31": "13230.00000", "2019-12-31": "10231.00000", "2018-12-31": "8486.00000", "2017-12-31": "6590.00000", "2016-12-31": "6686.00000", "2015-12-31": "3230.00000", "2014-12-31": "3246.00000", "2013-12-31": "2739.00000", "2012-12-31": "1746.00000", "2011-12-31": "1751.00000", "2010-12-31": "996.00000", "2009-12-31": "", "2008-12-31": "", "2007-12-31": "", "2006-12-31": "", "2005-12-31": "184.20000"}, "Other Non-Current Liabilities": {"2020-12-31": "1985.00000", "2019-12-31": "1661.00000", "2018-12-31": "978.00000", "2017-12-31": "881.00000", "2016-12-31": "764.00000", "2015-12-31": "980.00000", "2014-12-31": "977.00000", "2013-12-31": "1300.00000", "2012-12-31": "987.00000", "2011-12-31": "872.00000", "2010-12-31": "1120.00000", "2009-12-31": "1035.20000", "2008-12-31": "734.50000", "2007-12-31": "642.50000", "2006-12-31": "325.70000", "2005-12-31": "259.30000"}, "Total Long Term Liabilities": {"2020-12-31": "16205.00000", "2019-12-31": "12960.00000", "2018-12-31": "10692.00000", "2017-12-31": "8732.00000", "2016-12-31": "7737.00000", "2015-12-31": "4210.00000", "2014-12-31": "4223.00000", "2013-12-31": "4039.00000", "2012-12-31": "2733.00000", "2011-12-31": "2623.00000", "2010-12-31": "2116.00000", "2009-12-31": "1035.20000", "2008-12-31": "734.50000", "2007-12-31": "642.50000", "2006-12-31": "331.30000", "2005-12-31": "443.50000"}, "Total Liabilities": {"2020-12-31": "21246.00000", "2019-12-31": "17360.00000", "2018-12-31": "15499.00000", "2017-12-31": "12217.00000", "2016-12-31": "10885.00000", "2015-12-31": "7712.00000", "2014-12-31": "8684.00000", "2013-12-31": "6696.00000", "2012-12-31": "4609.00000", "2011-12-31": "4463.00000", "2010-12-31": "3721.00000", "2009-12-31": "2476.20000", "2008-12-31": "2196.60000", "2007-12-31": "1975.50000", "2006-12-31": "1682.80000", "2005-12-31": "1692.30000"}, "Common Stock Net": {"2020-12-31": "", "2019-12-31": "37.00000", "2018-12-31": "37.00000", "2017-12-31": "37.00000", "2016-12-31": "37.00000", "2015-12-31": "37.00000", "2014-12-31": "38.00000", "2013-12-31": "38.00000", "2012-12-31": "38.00000", "2011-12-31": "38.00000", "2010-12-31": "39.00000", "2009-12-31": "39.80000", "2008-12-31": "39.60000", "2007-12-31": "41.10000", "2006-12-31": "40.80000", "2005-12-31": "40.50000"}, "Retained Earnings (Accumulated Deficit)": {"2020-12-31": "", "2019-12-31": "11748.00000", "2018-12-31": "10765.00000", "2017-12-31": "8986.00000", "2016-12-31": "8842.00000", "2015-12-31": "7792.00000", "2014-12-31": "7559.00000", "2013-12-31": "7617.00000", "2012-12-31": "7332.00000", "2011-12-31": "6479.00000", "2010-12-31": "6017.00000", "2009-12-31": "5397.40000", "2008-12-31": "4389.50000", "2007-12-31": "4364.70000", "2006-12-31": "3490.50000", "2005-12-31": "2802.50000"}, "Comprehensive Income": {"2020-12-31": "", "2019-12-31": "-606.00000", "2018-12-31": "-631.00000", "2017-12-31": "-553.00000", "2016-12-31": "-761.00000", "2015-12-31": "-639.00000", "2014-12-31": "-254.00000", "2013-12-31": "232.00000", "2012-12-31": "129.00000", "2011-12-31": "144.00000", "2010-12-31": "154.00000", "2009-12-31": "258.00000", "2008-12-31": "164.80000", "2007-12-31": "260.80000", "2006-12-31": "90.60000", "2005-12-31": "5.20000"}, "Other Share Holders Equity": {"2020-12-31": "", "2019-12-31": "", "2018-12-31": "", "2017-12-31": "", "2016-12-31": "", "2015-12-31": "", "2014-12-31": "", "2013-12-31": "", "2012-12-31": "", "2011-12-31": "", "2010-12-31": "", "2009-12-31": "", "2008-12-31": "", "2007-12-31": "", "2006-12-31": "", "2005-12-31": ""}, "Share Holder Equity": {"2020-12-31": "13084.00000", "2019-12-31": "12807.00000", "2018-12-31": "11730.00000", "2017-12-31": "9980.00000", "2016-12-31": "9550.00000", "2015-12-31": "8511.00000", "2014-12-31": "8595.00000", "2013-12-31": "9047.00000", "2012-12-31": "8597.00000", "2011-12-31": "7683.00000", "2010-12-31": "7174.00000", "2009-12-31": "6595.10000", "2008-12-31": "5406.70000", "2007-12-31": "5378.50000", "2006-12-31": "4191.00000", "2005-12-31": "3300.20000"}, "Total Liabilities And Share Holders Equity": {"2020-12-31": "34330.00000", "2019-12-31": "30167.00000", "2018-12-31": "27229.00000", "2017-12-31": "22197.00000", "2016-12-31": "20435.00000", "2015-12-31": "16223.00000", "2014-12-31": "17279.00000", "2013-12-31": "15743.00000", "2012-12-31": "13206.00000", "2011-12-31": "12146.00000", "2010-12-31": "10895.00000", "2009-12-31": "9071.30000", "2008-12-31": "7603.30000", "2007-12-31": "7354.00000", "2006-12-31": "5873.80000", "2005-12-31": "4992.50000"}}, "balance sheet, quarterly": {"Cash On Hand": {"2020-12-31": "3024.00000", "2020-09-30": "7161.00000", "2020-06-30": "6619.00000", "2020-03-31": "4048.00000", "2019-12-31": "4425.00000", "2019-09-30": "2036.00000", "2019-06-30": "1839.00000", "2019-03-31": "1758.00000", "2018-12-31": "3699.00000", "2018-09-30": "2210.00000", "2018-06-30": "1920.00000", "2018-03-31": "2455.00000", "2017-12-31": "2793.00000", "2017-09-30": "2689.00000", "2017-06-30": "3747.00000", "2017-03-31": "3279.00000", "2016-12-31": "3384.00000", "2016-09-30": "3022.00000", "2016-06-30": "3656.00000", "2016-03-31": "7483.00000", "2015-12-31": "4079.00000", "2015-09-30": "3372.00000", "2015-06-30": "4277.00000", "2015-03-31": "4263.00000", "2014-12-31": "5000.00000", "2014-09-30": "4677.00000", "2014-06-30": "4745.00000", "2014-03-31": "4047.00000", "2013-12-31": "3980.00000", "2013-09-30": "5138.00000", "2013-06-30": "4652.00000", "2013-03-31": "4487.00000", "2012-12-31": "4285.00000", "2012-09-30": "3863.00000", "2012-06-30": "3460.00000", "2012-03-31": "3297.00000", "2011-12-31": "3418.00000", "2011-09-30": "3213.00000", "2011-06-30": "2675.00000", "2011-03-31": "2885.90000", "2010-12-31": "4380.00000", "2010-09-30": "4514.60000", "2010-06-30": "4028.50000", "2010-03-31": "3937.60000", "2009-12-31": "2954.80000", "2009-09-30": "2929.40000", "2009-06-30": "2427.90000", "2009-03-31": "2245.10000", "2008-12-31": "2195.60000", "2008-09-30": "2207.50000", "2008-06-30": "2562.70000", "2008-03-31": "2362.80000", "2007-12-31": "2410.80000", "2007-09-30": "2073.40000", "2007-06-30": "1780.20000", "2007-03-31": "1466.20000", "2006-12-31": "1414.80000", "2006-09-30": "1085.40000", "2006-06-30": "867.70000", "2006-03-31": "874.10000", "2005-12-31": "1056.50000", "2005-09-30": "532.60000", "2005-06-30": "330.40000", "2005-03-31": "244.70000"}, "Receivables": {"2020-12-31": "2701.00000", "2020-09-30": "2426.00000", "2020-06-30": "2203.00000", "2020-03-31": "2646.00000", "2019-12-31": "2893.00000", "2019-09-30": "2438.00000", "2019-06-30": "2408.00000", "2019-03-31": "2284.00000", "2018-12-31": "2332.00000", "2018-09-30": "2076.00000", "2018-06-30": "2089.00000", "2018-03-31": "2108.00000", "2017-12-31": "2198.00000", "2017-09-30": "1965.00000", "2017-06-30": "1905.00000", "2017-03-31": "1875.00000", "2016-12-31": "1967.00000", "2016-09-30": "1803.00000", "2016-06-30": "1758.00000", "2016-03-31": "1591.00000", "2015-12-31": "1662.00000", "2015-09-30": "1496.00000", "2015-06-30": "1500.00000", "2015-03-31": "1521.00000", "2014-12-31": "1572.00000", "2014-09-30": "1529.00000", "2014-06-30": "1503.00000", "2014-03-31": "1430.00000", "2013-12-31": "1518.00000", "2013-09-30": "1370.00000", "2013-06-30": "1413.00000", "2013-03-31": "1408.00000", "2012-12-31": "1430.00000", "2012-09-30": "1356.00000", "2012-06-30": "1368.00000", "2012-03-31": "1472.00000", "2011-12-31": "1417.00000", "2011-09-30": "1319.00000", "2011-06-30": "1348.20000", "2011-03-31": "1310.30000", "2010-12-31": "1252.00000", "2010-09-30": "1158.60000", "2010-06-30": "1108.20000", "2010-03-31": "1120.60000", "2009-12-31": "1147.10000", "2009-09-30": "1113.50000", "2009-06-30": "1097.30000", "2009-03-31": "1054.80000", "2008-12-31": "1129.50000", "2008-09-30": "1105.10000", "2008-06-30": "1132.00000", "2008-03-31": "1094.60000", "2007-12-31": "1030.70000", "2007-09-30": "954.30000", "2007-06-30": "940.50000", "2007-03-31": "936.60000", "2006-12-31": "867.20000", "2006-09-30": "844.90000", "2006-06-30": "842.10000", "2006-03-31": "841.80000", "2005-12-31": "770.30000", "2005-09-30": "736.20000", "2005-06-30": "749.60000", "2005-03-31": "766.20000"}, "Inventory": {"2020-12-31": "3494.00000", "2020-09-30": "3459.00000", "2020-06-30": "3442.00000", "2020-03-31": "3359.00000", "2019-12-31": "3282.00000", "2019-09-30": "3269.00000", "2019-06-30": "3198.00000", "2019-03-31": "3064.00000", "2018-12-31": "2955.00000", "2018-09-30": "2893.00000", "2018-06-30": "2740.00000", "2018-03-31": "2664.00000", "2017-12-31": "2465.00000", "2017-09-30": "2454.00000", "2017-06-30": "2279.00000", "2017-03-31": "2172.00000", "2016-12-31": "2030.00000", "2016-09-30": "2092.00000", "2016-06-30": "1989.00000", "2016-03-31": "1768.00000", "2015-12-31": "1639.00000", "2015-09-30": "1665.00000", "2015-06-30": "1619.00000", "2015-03-31": "1582.00000", "2014-12-31": "1588.00000", "2014-09-30": "1666.00000", "2014-06-30": "1587.00000", "2014-03-31": "1498.00000", "2013-12-31": "1422.00000", "2013-09-30": "1404.00000", "2013-06-30": "1345.00000", "2013-03-31": "1323.00000", "2012-12-31": "1265.00000", "2012-09-30": "1315.00000", "2012-06-30": "1289.00000", "2012-03-31": "1318.00000", "2011-12-31": "1283.00000", "2011-09-30": "1297.00000", "2011-06-30": "1284.40000", "2011-03-31": "1220.50000", "2010-12-31": "1057.00000", "2010-09-30": "1035.30000", "2010-06-30": "968.20000", "2010-03-31": "961.00000", "2009-12-31": "943.00000", "2009-09-30": "977.30000", "2009-06-30": "991.70000", "2009-03-31": "990.20000", "2008-12-31": "952.70000", "2008-09-30": "981.20000", "2008-06-30": "953.20000", "2008-03-31": "894.60000", "2007-12-31": "796.20000", "2007-09-30": "785.10000", "2007-06-30": "733.40000", "2007-03-31": "710.20000", "2006-12-31": "677.60000", "2006-09-30": "675.10000", "2006-06-30": "644.10000", "2006-03-31": "595.60000", "2005-12-31": "563.50000", "2005-09-30": "587.60000", "2005-06-30": "576.30000", "2005-03-31": "557.10000"}, "Pre-Paid Expenses": {"2020-12-31": "488.00000", "2020-09-30": "499.00000", "2020-06-30": "537.00000", "2020-03-31": "683.00000", "2019-12-31": "760.00000", "2019-09-30": "823.00000", "2019-06-30": "740.00000", "2019-03-31": "782.00000", "2018-12-31": "747.00000", "2018-09-30": "739.00000", "2018-06-30": "664.00000", "2018-03-31": "624.00000", "2017-12-31": "537.00000", "2017-09-30": "602.00000", "2017-06-30": "547.00000", "2017-03-31": "563.00000", "2016-12-31": "480.00000", "2016-09-30": "449.00000", "2016-06-30": "421.00000", "2016-03-31": "483.00000", "2015-12-31": "563.00000", "2015-09-30": "567.00000", "2015-06-30": "585.00000", "2015-03-31": "467.00000", "2014-12-31": "524.00000", "2014-09-30": "467.00000", "2014-06-30": "605.00000", "2014-03-31": "553.00000", "2013-12-31": "535.00000", "2013-09-30": "518.00000", "2013-06-30": "498.00000", "2013-03-31": "412.00000", "2012-12-31": "357.00000", "2012-09-30": "246.00000", "2012-06-30": "290.00000", "2012-03-31": "336.00000", "2011-12-31": "312.00000", "2011-09-30": "327.00000", "2011-06-30": "416.50000", "2011-03-31": "343.50000", "2010-12-31": "290.00000", "2010-09-30": "218.00000", "2010-06-30": "195.40000", "2010-03-31": "239.40000", "2009-12-31": "204.10000", "2009-09-30": "146.30000", "2009-06-30": "152.80000", "2009-03-31": "157.10000", "2008-12-31": "179.60000", "2008-09-30": "136.20000", "2008-06-30": "146.90000", "2008-03-31": "149.90000", "2007-12-31": "132.80000", "2007-09-30": "137.70000", "2007-06-30": "132.20000", "2007-03-31": "132.60000", "2006-12-31": "113.30000", "2006-09-30": "113.00000", "2006-06-30": "110.00000", "2006-03-31": "117.00000", "2005-12-31": "96.70000", "2005-09-30": "93.30000", "2005-06-30": "96.60000", "2005-03-31": "100.60000"}, "Other Current Assets": {"2020-12-31": "", "2020-09-30": "", "2020-06-30": "", "2020-03-31": "", "2019-12-31": "", "2019-09-30": "", "2019-06-30": "", "2019-03-31": "", "2018-12-31": "", "2018-09-30": "", "2018-06-30": "", "2018-03-31": "", "2017-12-31": "", "2017-09-30": "", "2017-06-30": "", "2017-03-31": "", "2016-12-31": "", "2016-09-30": "", "2016-06-30": "", "2016-03-31": "", "2015-12-31": "", "2015-09-30": "", "2015-06-30": "", "2015-03-31": "", "2014-12-31": "", "2014-09-30": "", "2014-06-30": "", "2014-03-31": "", "2013-12-31": "", "2013-09-30": "", "2013-06-30": "", "2013-03-31": "", "2012-12-31": "", "2012-09-30": "", "2012-06-30": "", "2012-03-31": "", "2011-12-31": "", "2011-09-30": "", "2011-06-30": "", "2011-03-31": "", "2010-12-31": "", "2010-09-30": "", "2010-06-30": "", "2010-03-31": "", "2009-12-31": "", "2009-09-30": "", "2009-06-30": "", "2009-03-31": "", "2008-12-31": "", "2008-09-30": "", "2008-06-30": "", "2008-03-31": "", "2007-12-31": "", "2007-09-30": "", "2007-06-30": "", "2007-03-31": "", "2006-12-31": "", "2006-09-30": "", "2006-06-30": "", "2006-03-31": "", "2005-12-31": "", "2005-09-30": "", "2005-06-30": "", "2005-03-31": ""}, "Total Current Assets": {"2020-12-31": "9707.00000", "2020-09-30": "13545.00000", "2020-06-30": "12801.00000", "2020-03-31": "10736.00000", "2019-12-31": "11360.00000", "2019-09-30": "8566.00000", "2019-06-30": "8185.00000", "2019-03-31": "7888.00000", "2018-12-31": "9733.00000", "2018-09-30": "7918.00000", "2018-06-30": "7413.00000", "2018-03-31": "7851.00000", "2017-12-31": "7993.00000", "2017-09-30": "7710.00000", "2017-06-30": "8478.00000", "2017-03-31": "7889.00000", "2016-12-31": "7861.00000", "2016-09-30": "7366.00000", "2016-06-30": "7824.00000", "2016-03-31": "11325.00000", "2015-12-31": "7943.00000", "2015-09-30": "8033.00000", "2015-06-30": "8936.00000", "2015-03-31": "8727.00000", "2014-12-31": "8684.00000", "2014-09-30": "9326.00000", "2014-06-30": "9381.00000", "2014-03-31": "8446.00000", "2013-12-31": "8335.00000", "2013-09-30": "9187.00000", "2013-06-30": "8689.00000", "2013-03-31": "8421.00000", "2012-12-31": "8148.00000", "2012-09-30": "7640.00000", "2012-06-30": "7198.00000", "2012-03-31": "7229.00000", "2011-12-31": "7207.00000", "2011-09-30": "6931.00000", "2011-06-30": "6502.70000", "2011-03-31": "6501.20000", "2010-12-31": "7632.00000", "2010-09-30": "7543.70000", "2010-06-30": "6899.80000", "2010-03-31": "6875.40000", "2009-12-31": "5851.20000", "2009-09-30": "5761.80000", "2009-06-30": "5240.30000", "2009-03-31": "4999.90000", "2008-12-31": "4979.30000", "2008-09-30": "4991.20000", "2008-06-30": "5354.90000", "2008-03-31": "5063.90000", "2007-12-31": "4904.90000", "2007-09-30": "4439.10000", "2007-06-30": "4062.30000", "2007-03-31": "3698.10000", "2006-12-31": "3534.30000", "2006-09-30": "3115.30000", "2006-06-30": "2862.20000", "2006-03-31": "2821.40000", "2005-12-31": "2870.10000", "2005-09-30": "2365.20000", "2005-06-30": "2171.40000", "2005-03-31": "2081.80000"}, "Property, Plant, And Equipment": {"2020-12-31": "2752.00000", "2020-09-30": "2529.00000", "2020-06-30": "2527.00000", "2020-03-31": "2607.00000", "2019-12-31": "2567.00000", "2019-09-30": "2460.00000", "2019-06-30": "2387.00000", "2019-03-31": "2297.00000", "2018-12-31": "2291.00000", "2018-09-30": "2178.00000", "2018-06-30": "2101.00000", "2018-03-31": "2054.00000", "2017-12-31": "1975.00000", "2017-09-30": "1852.00000", "2017-06-30": "1758.00000", "2017-03-31": "1655.00000", "2016-12-31": "1569.00000", "2016-09-30": "1505.00000", "2016-06-30": "1446.00000", "2016-03-31": "1224.00000", "2015-12-31": "1199.00000", "2015-09-30": "1128.00000", "2015-06-30": "1102.00000", "2015-03-31": "1069.00000", "2014-12-31": "1098.00000", "2014-09-30": "1104.00000", "2014-06-30": "1127.00000", "2014-03-31": "1117.00000", "2013-12-31": "1081.00000", "2013-09-30": "1036.00000", "2013-06-30": "1021.00000", "2013-03-31": "1002.00000", "2012-12-31": "948.00000", "2012-09-30": "929.00000", "2012-06-30": "898.00000", "2012-03-31": "909.00000", "2011-12-31": "888.00000", "2011-09-30": "888.00000", "2011-06-30": "886.00000", "2011-03-31": "845.00000", "2010-12-31": "798.00000", "2010-09-30": "931.60000", "2010-06-30": "898.70000", "2010-03-31": "925.00000", "2009-12-31": "947.60000", "2009-09-30": "954.10000", "2009-06-30": "950.30000", "2009-03-31": "944.30000", "2008-12-31": "963.80000", "2008-09-30": "992.80000", "2008-06-30": "1017.80000", "2008-03-31": "1023.40000", "2007-12-31": "991.60000", "2007-09-30": "957.40000", "2007-06-30": "932.70000", "2007-03-31": "962.30000", "2006-12-31": "914.90000", "2006-09-30": "910.70000", "2006-06-30": "892.10000", "2006-03-31": "857.60000", "2005-12-31": "831.00000", "2005-09-30": "778.50000", "2005-06-30": "738.50000", "2005-03-31": "709.80000"}, "Long-Term Investments": {"2020-12-31": "", "2020-09-30": "", "2020-06-30": "", "2020-03-31": "", "2019-12-31": "", "2019-09-30": "", "2019-06-30": "", "2019-03-31": "", "2018-12-31": "", "2018-09-30": "", "2018-06-30": "", "2018-03-31": "", "2017-12-31": "", "2017-09-30": "", "2017-06-30": "", "2017-03-31": "", "2016-12-31": "", "2016-09-30": "", "2016-06-30": "", "2016-03-31": "", "2015-12-31": "", "2015-09-30": "", "2015-06-30": "", "2015-03-31": "", "2014-12-31": "", "2014-09-30": "", "2014-06-30": "", "2014-03-31": "", "2013-12-31": "", "2013-09-30": "", "2013-06-30": "", "2013-03-31": "", "2012-12-31": "", "2012-09-30": "", "2012-06-30": "", "2012-03-31": "", "2011-12-31": "", "2011-09-30": "", "2011-06-30": "", "2011-03-31": "", "2010-12-31": "", "2010-09-30": "", "2010-06-30": "", "2010-03-31": "", "2009-12-31": "", "2009-09-30": "", "2009-06-30": "", "2009-03-31": "", "2008-12-31": "", "2008-09-30": "", "2008-06-30": "", "2008-03-31": "", "2007-12-31": "", "2007-09-30": "", "2007-06-30": "", "2007-03-31": "", "2006-12-31": "", "2006-09-30": "", "2006-06-30": "", "2006-03-31": "", "2005-12-31": "", "2005-09-30": "", "2005-06-30": "", "2005-03-31": ""}, "Goodwill And Intangible Assets": {"2020-12-31": "18332.00000", "2020-09-30": "13045.00000", "2020-06-30": "13086.00000", "2020-03-31": "13132.00000", "2019-12-31": "13296.00000", "2019-09-30": "12760.00000", "2019-06-30": "12946.00000", "2019-03-31": "12950.00000", "2018-12-31": "12726.00000", "2018-09-30": "11097.00000", "2018-06-30": "11203.00000", "2018-03-31": "11412.00000", "2017-12-31": "10645.00000", "2017-09-30": "10496.00000", "2017-06-30": "9853.00000", "2017-03-31": "9839.00000", "2016-12-31": "9864.00000", "2016-09-30": "10083.00000", "2016-06-30": "10100.00000", "2016-03-31": "5945.00000", "2015-12-31": "5930.00000", "2015-09-30": "6021.00000", "2015-06-30": "6050.00000", "2015-03-31": "6059.00000", "2014-12-31": "6204.00000", "2014-09-30": "6365.00000", "2014-06-30": "6191.00000", "2014-03-31": "6082.00000", "2013-12-31": "5833.00000", "2013-09-30": "4142.00000", "2013-06-30": "4118.00000", "2013-03-31": "4112.00000", "2012-12-31": "3566.00000", "2012-09-30": "3402.00000", "2012-06-30": "3377.00000", "2012-03-31": "3507.00000", "2011-12-31": "3514.00000", "2011-09-30": "3496.00000", "2011-06-30": "3425.70000", "2011-03-31": "3165.50000", "2010-12-31": "1775.00000", "2010-09-30": "1604.50000", "2010-06-30": "1586.90000", "2010-03-31": "1617.50000", "2009-12-31": "1591.50000", "2009-09-30": "954.90000", "2009-06-30": "942.00000", "2009-03-31": "909.50000", "2008-12-31": "935.50000", "2008-09-30": "909.20000", "2008-06-30": "942.60000", "2008-03-31": "957.60000", "2007-12-31": "925.50000", "2007-09-30": "922.00000", "2007-06-30": "905.30000", "2007-03-31": "933.00000", "2006-12-31": "914.80000", "2006-09-30": "927.40000", "2006-06-30": "928.80000", "2006-03-31": "917.50000", "2005-12-31": "922.90000", "2005-09-30": "939.60000", "2005-06-30": "954.20000", "2005-03-31": "987.60000"}, "Other Long-Term Assets": {"2020-12-31": "2009.00000", "2020-09-30": "1540.00000", "2020-06-30": "1499.00000", "2020-03-31": "1428.00000", "2019-12-31": "1369.00000", "2019-09-30": "1287.00000", "2019-06-30": "1223.00000", "2019-03-31": "1171.00000", "2018-12-31": "801.00000", "2018-09-30": "891.00000", "2018-06-30": "853.00000", "2018-03-31": "816.00000", "2017-12-31": "1301.00000", "2017-09-30": "1427.00000", "2017-06-30": "1203.00000", "2017-03-31": "1134.00000", "2016-12-31": "1141.00000", "2016-09-30": "1233.00000", "2016-06-30": "1150.00000", "2016-03-31": "1174.00000", "2015-12-31": "1151.00000", "2015-09-30": "735.00000", "2015-06-30": "731.00000", "2015-03-31": "725.00000", "2014-12-31": "1293.00000", "2014-09-30": "720.00000", "2014-06-30": "530.00000", "2014-03-31": "514.00000", "2013-12-31": "494.00000", "2013-09-30": "518.00000", "2013-06-30": "554.00000", "2013-03-31": "554.00000", "2012-12-31": "544.00000", "2012-09-30": "169.00000", "2012-06-30": "158.00000", "2012-03-31": "161.00000", "2011-12-31": "537.00000", "2011-09-30": "161.00000", "2011-06-30": "161.90000", "2011-03-31": "160.00000", "2010-12-31": "151.00000", "2010-09-30": "144.40000", "2010-06-30": "136.40000", "2010-03-31": "135.80000", "2009-12-31": "136.70000", "2009-09-30": "296.40000", "2009-06-30": "299.50000", "2009-03-31": "237.00000", "2008-12-31": "237.30000", "2008-09-30": "225.40000", "2008-06-30": "230.90000", "2008-03-31": "225.80000", "2007-12-31": "67.10000", "2007-09-30": "58.60000", "2007-06-30": "54.70000", "2007-03-31": "46.80000", "2006-12-31": "44.50000", "2006-09-30": "40.70000", "2006-06-30": "36.30000", "2006-03-31": "35.70000", "2005-12-31": "31.80000", "2005-09-30": "31.20000", "2005-06-30": "29.90000", "2005-03-31": "30.30000"}, "Total Long-Term Assets": {"2020-12-31": "24623.00000", "2020-09-30": "18741.00000", "2020-06-30": "18682.00000", "2020-03-31": "18704.00000", "2019-12-31": "18807.00000", "2019-09-30": "18093.00000", "2019-06-30": "18169.00000", "2019-03-31": "18049.00000", "2018-12-31": "17496.00000", "2018-09-30": "14166.00000", "2018-06-30": "14157.00000", "2018-03-31": "14282.00000", "2017-12-31": "14204.00000", "2017-09-30": "13775.00000", "2017-06-30": "12814.00000", "2017-03-31": "12628.00000", "2016-12-31": "12574.00000", "2016-09-30": "12821.00000", "2016-06-30": "12696.00000", "2016-03-31": "8343.00000", "2015-12-31": "8280.00000", "2015-09-30": "7884.00000", "2015-06-30": "7883.00000", "2015-03-31": "7853.00000", "2014-12-31": "8595.00000", "2014-09-30": "8189.00000", "2014-06-30": "7848.00000", "2014-03-31": "7713.00000", "2013-12-31": "7408.00000", "2013-09-30": "5696.00000", "2013-06-30": "5693.00000", "2013-03-31": "5668.00000", "2012-12-31": "5058.00000", "2012-09-30": "5137.00000", "2012-06-30": "5064.00000", "2012-03-31": "5230.00000", "2011-12-31": "4939.00000", "2011-09-30": "5152.00000", "2011-06-30": "5093.70000", "2011-03-31": "4729.80000", "2010-12-31": "3263.00000", "2010-09-30": "3228.20000", "2010-06-30": "3160.30000", "2010-03-31": "3223.00000", "2009-12-31": "3220.10000", "2009-09-30": "2697.40000", "2009-06-30": "2683.20000", "2009-03-31": "2585.30000", "2008-12-31": "2624.00000", "2008-09-30": "2583.40000", "2008-06-30": "2670.40000", "2008-03-31": "2690.20000", "2007-12-31": "2449.10000", "2007-09-30": "2419.60000", "2007-06-30": "2357.60000", "2007-03-31": "2378.60000", "2006-12-31": "2339.50000", "2006-09-30": "2283.80000", "2006-06-30": "2246.80000", "2006-03-31": "2172.80000", "2005-12-31": "2122.40000", "2005-09-30": "2031.60000", "2005-06-30": "1996.40000", "2005-03-31": "1986.40000"}, "Total Assets": {"2020-12-31": "34330.00000", "2020-09-30": "32286.00000", "2020-06-30": "31483.00000", "2020-03-31": "29440.00000", "2019-12-31": "30167.00000", "2019-09-30": "26659.00000", "2019-06-30": "26354.00000", "2019-03-31": "25937.00000", "2018-12-31": "27229.00000", "2018-09-30": "22084.00000", "2018-06-30": "21570.00000", "2018-03-31": "22133.00000", "2017-12-31": "22197.00000", "2017-09-30": "21485.00000", "2017-06-30": "21292.00000", "2017-03-31": "20517.00000", "2016-12-31": "20435.00000", "2016-09-30": "20187.00000", "2016-06-30": "20520.00000", "2016-03-31": "19668.00000", "2015-12-31": "16223.00000", "2015-09-30": "15917.00000", "2015-06-30": "16819.00000", "2015-03-31": "16580.00000", "2014-12-31": "17279.00000", "2014-09-30": "17515.00000", "2014-06-30": "17229.00000", "2014-03-31": "16159.00000", "2013-12-31": "15743.00000", "2013-09-30": "14883.00000", "2013-06-30": "14382.00000", "2013-03-31": "14089.00000", "2012-12-31": "13206.00000", "2012-09-30": "12777.00000", "2012-06-30": "12262.00000", "2012-03-31": "12459.00000", "2011-12-31": "12146.00000", "2011-09-30": "12083.00000", "2011-06-30": "11596.40000", "2011-03-31": "11231.00000", "2010-12-31": "10895.00000", "2010-09-30": "10771.90000", "2010-06-30": "10060.10000", "2010-03-31": "10098.40000", "2009-12-31": "9071.30000", "2009-09-30": "8459.20000", "2009-06-30": "7923.50000", "2009-03-31": "7585.20000", "2008-12-31": "7603.30000", "2008-09-30": "7574.60000", "2008-06-30": "8025.30000", "2008-03-31": "7754.10000", "2007-12-31": "7354.00000", "2007-09-30": "6858.70000", "2007-06-30": "6419.90000", "2007-03-31": "6076.70000", "2006-12-31": "5873.80000", "2006-09-30": "5399.10000", "2006-06-30": "5109.00000", "2006-03-31": "4994.20000", "2005-12-31": "4992.50000", "2005-09-30": "4396.80000", "2005-06-30": "4167.80000", "2005-03-31": "4068.20000"}, "Total Current Liabilities": {"2020-12-31": "5041.00000", "2020-09-30": "4689.00000", "2020-06-30": "4405.00000", "2020-03-31": "4162.00000", "2019-12-31": "4400.00000", "2019-09-30": "3921.00000", "2019-06-30": "3946.00000", "2019-03-31": "3713.00000", "2018-12-31": "4807.00000", "2018-09-30": "4153.00000", "2018-06-30": "4046.00000", "2018-03-31": "4800.00000", "2017-12-31": "3485.00000", "2017-09-30": "3258.00000", "2017-06-30": "3552.00000", "2017-03-31": "2554.00000", "2016-12-31": "3148.00000", "2016-09-30": "3026.00000", "2016-06-30": "3605.00000", "2016-03-31": "3186.00000", "2015-12-31": "3502.00000", "2015-09-30": "3553.00000", "2015-06-30": "3723.00000", "2015-03-31": "3695.00000", "2014-12-31": "4461.00000", "2014-09-30": "4211.00000", "2014-06-30": "3713.00000", "2014-03-31": "3558.00000", "2013-12-31": "2657.00000", "2013-09-30": "2324.00000", "2013-06-30": "1971.00000", "2013-03-31": "1808.00000", "2012-12-31": "1876.00000", "2012-09-30": "1576.00000", "2012-06-30": "1489.00000", "2012-03-31": "1549.00000", "2011-12-31": "1840.00000", "2011-09-30": "1562.00000", "2011-06-30": "1603.50000", "2011-03-31": "1586.80000", "2010-12-31": "1605.00000", "2010-09-30": "1406.00000", "2010-06-30": "1295.10000", "2010-03-31": "1404.80000", "2009-12-31": "1441.00000", "2009-09-30": "1198.00000", "2009-06-30": "1075.10000", "2009-03-31": "1181.80000", "2008-12-31": "1462.10000", "2008-09-30": "1143.40000", "2008-06-30": "1124.00000", "2008-03-31": "1149.20000", "2007-12-31": "1333.00000", "2007-09-30": "1087.10000", "2007-06-30": "1039.90000", "2007-03-31": "1061.40000", "2006-12-31": "1351.50000", "2006-09-30": "1112.00000", "2006-06-30": "1058.00000", "2006-03-31": "1133.40000", "2005-12-31": "1248.80000", "2005-09-30": "1035.60000", "2005-06-30": "951.70000", "2005-03-31": "950.40000"}, "Long Term Debt": {"2020-12-31": "13230.00000", "2020-09-30": "12008.00000", "2020-06-30": "11811.00000", "2020-03-31": "9404.00000", "2019-12-31": "10231.00000", "2019-09-30": "7889.00000", "2019-06-30": "7974.00000", "2019-03-31": "7950.00000", "2018-12-31": "8486.00000", "2018-09-30": "5928.00000", "2018-06-30": "5925.00000", "2018-03-31": "5920.00000", "2017-12-31": "6590.00000", "2017-09-30": "6593.00000", "2017-06-30": "6592.00000", "2017-03-31": "7184.00000", "2016-12-31": "6686.00000", "2016-09-30": "6713.00000", "2016-06-30": "6717.00000", "2016-03-31": "6706.00000", "2015-12-31": "3230.00000", "2015-09-30": "2511.00000", "2015-06-30": "3242.00000", "2015-03-31": "3257.00000", "2014-12-31": "3246.00000", "2014-09-30": "3231.00000", "2014-06-30": "3237.00000", "2014-03-31": "2244.00000", "2013-12-31": "2739.00000", "2013-09-30": "2743.00000", "2013-06-30": "2742.00000", "2013-03-31": "2738.00000", "2012-12-31": "1746.00000", "2012-09-30": "1751.00000", "2012-06-30": "1750.00000", "2012-03-31": "1751.00000", "2011-12-31": "1751.00000", "2011-09-30": "1755.00000", "2011-06-30": "996.70000", "2011-03-31": "996.60000", "2010-12-31": "996.00000", "2010-09-30": "996.40000", "2010-06-30": "996.30000", "2010-03-31": "996.20000", "2009-12-31": "", "2009-09-30": "", "2009-06-30": "", "2009-03-31": "", "2008-12-31": "", "2008-09-30": "", "2008-06-30": "", "2008-03-31": "", "2007-12-31": "", "2007-09-30": "", "2007-06-30": "", "2007-03-31": "0.10000", "2006-12-31": "", "2006-09-30": "0.60000", "2006-06-30": "0.70000", "2006-03-31": "99.60000", "2005-12-31": "184.20000", "2005-09-30": "0.90000", "2005-06-30": "0.70000", "2005-03-31": "0.70000"}, "Other Non-Current Liabilities": {"2020-12-31": "1985.00000", "2020-09-30": "1604.00000", "2020-06-30": "1523.00000", "2020-03-31": "1733.00000", "2019-12-31": "1661.00000", "2019-09-30": "1439.00000", "2019-06-30": "1385.00000", "2019-03-31": "1363.00000", "2018-12-31": "978.00000", "2018-09-30": "892.00000", "2018-06-30": "877.00000", "2018-03-31": "912.00000", "2017-12-31": "881.00000", "2017-09-30": "1209.00000", "2017-06-30": "1113.00000", "2017-03-31": "1075.00000", "2016-12-31": "764.00000", "2016-09-30": "1116.00000", "2016-06-30": "1100.00000", "2016-03-31": "968.00000", "2015-12-31": "980.00000", "2015-09-30": "1369.00000", "2015-06-30": "1349.00000", "2015-03-31": "1307.00000", "2014-12-31": "977.00000", "2014-09-30": "1449.00000", "2014-06-30": "1277.00000", "2014-03-31": "1294.00000", "2013-12-31": "1300.00000", "2013-09-30": "1079.00000", "2013-06-30": "1066.00000", "2013-03-31": "1087.00000", "2012-12-31": "987.00000", "2012-09-30": "1089.00000", "2012-06-30": "1071.00000", "2012-03-31": "1137.00000", "2011-12-31": "872.00000", "2011-09-30": "1209.00000", "2011-06-30": "1218.20000", "2011-03-31": "1195.20000", "2010-12-31": "1120.00000", "2010-09-30": "1063.50000", "2010-06-30": "1023.20000", "2010-03-31": "1026.60000", "2009-12-31": "1035.20000", "2009-09-30": "820.30000", "2009-06-30": "790.90000", "2009-03-31": "778.30000", "2008-12-31": "734.50000", "2008-09-30": "686.10000", "2008-06-30": "682.20000", "2008-03-31": "672.10000", "2007-12-31": "642.50000", "2007-09-30": "610.30000", "2007-06-30": "578.60000", "2007-03-31": "527.20000", "2006-12-31": "325.70000", "2006-09-30": "296.00000", "2006-06-30": "281.20000", "2006-03-31": "272.60000", "2005-12-31": "259.30000", "2005-09-30": "246.60000", "2005-06-30": "226.60000", "2005-03-31": "221.20000"}, "Total Long Term Liabilities": {"2020-12-31": "16205.00000", "2020-09-30": "14611.00000", "2020-06-30": "14324.00000", "2020-03-31": "12163.00000", "2019-12-31": "12960.00000", "2019-09-30": "10423.00000", "2019-06-30": "10465.00000", "2019-03-31": "10531.00000", "2018-12-31": "10692.00000", "2018-09-30": "8071.00000", "2018-06-30": "8064.00000", "2018-03-31": "8110.00000", "2017-12-31": "8732.00000", "2017-09-30": "7802.00000", "2017-06-30": "7705.00000", "2017-03-31": "8259.00000", "2016-12-31": "7737.00000", "2016-09-30": "7829.00000", "2016-06-30": "7817.00000", "2016-03-31": "7674.00000", "2015-12-31": "4210.00000", "2015-09-30": "3880.00000", "2015-06-30": "4591.00000", "2015-03-31": "4564.00000", "2014-12-31": "4223.00000", "2014-09-30": "4680.00000", "2014-06-30": "4514.00000", "2014-03-31": "3538.00000", "2013-12-31": "4039.00000", "2013-09-30": "3822.00000", "2013-06-30": "3808.00000", "2013-03-31": "3825.00000", "2012-12-31": "2733.00000", "2012-09-30": "2840.00000", "2012-06-30": "2821.00000", "2012-03-31": "2888.00000", "2011-12-31": "2623.00000", "2011-09-30": "2964.00000", "2011-06-30": "2214.90000", "2011-03-31": "2191.80000", "2010-12-31": "2116.00000", "2010-09-30": "2059.90000", "2010-06-30": "2019.50000", "2010-03-31": "2022.80000", "2009-12-31": "1035.20000", "2009-09-30": "820.30000", "2009-06-30": "790.90000", "2009-03-31": "778.30000", "2008-12-31": "734.50000", "2008-09-30": "686.10000", "2008-06-30": "682.20000", "2008-03-31": "672.10000", "2007-12-31": "642.50000", "2007-09-30": "610.30000", "2007-06-30": "578.60000", "2007-03-31": "527.30000", "2006-12-31": "331.30000", "2006-09-30": "296.60000", "2006-06-30": "281.90000", "2006-03-31": "372.20000", "2005-12-31": "443.50000", "2005-09-30": "247.50000", "2005-06-30": "227.30000", "2005-03-31": "221.90000"}, "Total Liabilities": {"2020-12-31": "21246.00000", "2020-09-30": "19300.00000", "2020-06-30": "18729.00000", "2020-03-31": "16325.00000", "2019-12-31": "17360.00000", "2019-09-30": "14344.00000", "2019-06-30": "14411.00000", "2019-03-31": "14244.00000", "2018-12-31": "15499.00000", "2018-09-30": "12224.00000", "2018-06-30": "12110.00000", "2018-03-31": "12910.00000", "2017-12-31": "12217.00000", "2017-09-30": "11060.00000", "2017-06-30": "11257.00000", "2017-03-31": "10813.00000", "2016-12-31": "10885.00000", "2016-09-30": "10855.00000", "2016-06-30": "11422.00000", "2016-03-31": "10860.00000", "2015-12-31": "7712.00000", "2015-09-30": "7433.00000", "2015-06-30": "8314.00000", "2015-03-31": "8259.00000", "2014-12-31": "8684.00000", "2014-09-30": "8891.00000", "2014-06-30": "8227.00000", "2014-03-31": "7096.00000", "2013-12-31": "6696.00000", "2013-09-30": "6146.00000", "2013-06-30": "5779.00000", "2013-03-31": "5633.00000", "2012-12-31": "4609.00000", "2012-09-30": "4416.00000", "2012-06-30": "4310.00000", "2012-03-31": "4437.00000", "2011-12-31": "4463.00000", "2011-09-30": "4526.00000", "2011-06-30": "3818.40000", "2011-03-31": "3778.60000", "2010-12-31": "3721.00000", "2010-09-30": "3465.90000", "2010-06-30": "3314.60000", "2010-03-31": "3427.60000", "2009-12-31": "2476.20000", "2009-09-30": "2018.30000", "2009-06-30": "1866.00000", "2009-03-31": "1960.10000", "2008-12-31": "2196.60000", "2008-09-30": "1829.50000", "2008-06-30": "1806.20000", "2008-03-31": "1821.30000", "2007-12-31": "1975.50000", "2007-09-30": "1697.40000", "2007-06-30": "1618.50000", "2007-03-31": "1588.70000", "2006-12-31": "1682.80000", "2006-09-30": "1408.60000", "2006-06-30": "1339.90000", "2006-03-31": "1505.60000", "2005-12-31": "1692.30000", "2005-09-30": "1283.10000", "2005-06-30": "1179.00000", "2005-03-31": "1172.30000"}, "Common Stock Net": {"2020-12-31": "", "2020-09-30": "38.00000", "2020-06-30": "38.00000", "2020-03-31": "38.00000", "2019-12-31": "37.00000", "2019-09-30": "37.00000", "2019-06-30": "37.00000", "2019-03-31": "37.00000", "2018-12-31": "37.00000", "2018-09-30": "37.00000", "2018-06-30": "37.00000", "2018-03-31": "37.00000", "2017-12-31": "37.00000", "2017-09-30": "37.00000", "2017-06-30": "37.00000", "2017-03-31": "37.00000", "2016-12-31": "37.00000", "2016-09-30": "37.00000", "2016-06-30": "37.00000", "2016-03-31": "37.00000", "2015-12-31": "37.00000", "2015-09-30": "38.00000", "2015-06-30": "38.00000", "2015-03-31": "38.00000", "2014-12-31": "38.00000", "2014-09-30": "38.00000", "2014-06-30": "38.00000", "2014-03-31": "38.00000", "2013-12-31": "38.00000", "2013-09-30": "38.00000", "2013-06-30": "38.00000", "2013-03-31": "38.00000", "2012-12-31": "38.00000", "2012-09-30": "38.00000", "2012-06-30": "38.00000", "2012-03-31": "38.00000", "2011-12-31": "38.00000", "2011-09-30": "38.00000", "2011-06-30": "38.80000", "2011-03-31": "38.80000", "2010-12-31": "39.00000", "2010-09-30": "39.70000", "2010-06-30": "39.70000", "2010-03-31": "39.70000", "2009-12-31": "39.80000", "2009-09-30": "39.80000", "2009-06-30": "39.70000", "2009-03-31": "39.70000", "2008-12-31": "39.60000", "2008-09-30": "40.40000", "2008-06-30": "41.20000", "2008-03-31": "41.20000", "2007-12-31": "41.10000", "2007-09-30": "41.00000", "2007-06-30": "41.00000", "2007-03-31": "40.90000", "2006-12-31": "40.80000", "2006-09-30": "40.70000", "2006-06-30": "40.60000", "2006-03-31": "40.60000", "2005-12-31": "40.50000", "2005-09-30": "40.40000", "2005-06-30": "40.40000", "2005-03-31": "40.30000"}, "Retained Earnings (Accumulated Deficit)": {"2020-12-31": "", "2020-09-30": "12129.00000", "2020-06-30": "11725.00000", "2020-03-31": "12024.00000", "2019-12-31": "11748.00000", "2019-09-30": "11238.00000", "2019-06-30": "10967.00000", "2019-03-31": "10683.00000", "2018-12-31": "10765.00000", "2018-09-30": "8892.00000", "2018-06-30": "8477.00000", "2018-03-31": "8201.00000", "2017-12-31": "8986.00000", "2017-09-30": "9411.00000", "2017-06-30": "9136.00000", "2017-03-31": "8903.00000", "2016-12-31": "8842.00000", "2016-09-30": "8491.00000", "2016-06-30": "8278.00000", "2016-03-31": "8040.00000", "2015-12-31": "7792.00000", "2015-09-30": "7656.00000", "2015-06-30": "7600.00000", "2015-03-31": "7527.00000", "2014-12-31": "7559.00000", "2014-09-30": "7430.00000", "2014-06-30": "7525.00000", "2014-03-31": "7571.00000", "2013-12-31": "7617.00000", "2013-09-30": "7411.00000", "2013-06-30": "7410.00000", "2013-03-31": "7296.00000", "2012-12-31": "7332.00000", "2012-09-30": "7162.00000", "2012-06-30": "6908.00000", "2012-03-31": "6701.00000", "2011-12-31": "6479.00000", "2011-09-30": "6240.00000", "2011-06-30": "6254.10000", "2011-03-31": "6014.80000", "2010-12-31": "6017.00000", "2010-09-30": "6091.20000", "2010-06-30": "5813.10000", "2010-03-31": "5553.70000", "2009-12-31": "5397.40000", "2009-09-30": "5190.90000", "2009-06-30": "4961.90000", "2009-03-31": "4670.60000", "2008-12-31": "4389.50000", "2008-09-30": "4657.20000", "2008-06-30": "4961.00000", "2008-03-31": "4655.20000", "2007-12-31": "4364.70000", "2007-09-30": "4224.20000", "2007-06-30": "3995.50000", "2007-03-31": "3726.40000", "2006-12-31": "3490.50000", "2006-09-30": "3352.30000", "2006-06-30": "3163.90000", "2006-03-31": "2950.00000", "2005-12-31": "2802.50000", "2005-09-30": "2787.10000", "2005-06-30": "2655.00000", "2005-03-31": "2470.70000"}, "Comprehensive Income": {"2020-12-31": "", "2020-09-30": "-917.00000", "2020-06-30": "-715.00000", "2020-03-31": "-623.00000", "2019-12-31": "-606.00000", "2019-09-30": "-553.00000", "2019-06-30": "-630.00000", "2019-03-31": "-565.00000", "2018-12-31": "-631.00000", "2018-09-30": "-604.00000", "2018-06-30": "-557.00000", "2018-03-31": "-510.00000", "2017-12-31": "-553.00000", "2017-09-30": "-498.00000", "2017-06-30": "-590.00000", "2017-03-31": "-675.00000", "2016-12-31": "-761.00000", "2016-09-30": "-600.00000", "2016-06-30": "-595.00000", "2016-03-31": "-622.00000", "2015-12-31": "-639.00000", "2015-09-30": "-529.00000", "2015-06-30": "-431.00000", "2015-03-31": "-521.00000", "2014-12-31": "-254.00000", "2014-09-30": "-74.00000", "2014-06-30": "231.00000", "2014-03-31": "268.00000", "2013-12-31": "232.00000", "2013-09-30": "146.00000", "2013-06-30": "31.00000", "2013-03-31": "17.00000", "2012-12-31": "129.00000", "2012-09-30": "78.00000", "2012-06-30": "-60.00000", "2012-03-31": "235.00000", "2011-12-31": "144.00000", "2011-09-30": "272.00000", "2011-06-30": "484.30000", "2011-03-31": "416.30000", "2010-12-31": "154.00000", "2010-09-30": "209.80000", "2010-06-30": "-51.80000", "2010-03-31": "152.00000", "2009-12-31": "258.00000", "2009-09-30": "326.60000", "2009-06-30": "189.00000", "2009-03-31": "69.30000", "2008-12-31": "164.80000", "2008-09-30": "259.10000", "2008-06-30": "432.00000", "2008-03-31": "480.20000", "2007-12-31": "260.80000", "2007-09-30": "214.00000", "2007-06-30": "113.60000", "2007-03-31": "105.90000", "2006-12-31": "90.60000", "2006-09-30": "63.50000", "2006-06-30": "53.20000", "2006-03-31": "8.60000", "2005-12-31": "5.20000", "2005-09-30": "36.00000", "2005-06-30": "51.20000", "2005-03-31": "149.90000"}, "Other Share Holders Equity": {"2020-12-31": "", "2020-09-30": "", "2020-06-30": "", "2020-03-31": "", "2019-12-31": "", "2019-09-30": "", "2019-06-30": "", "2019-03-31": "", "2018-12-31": "", "2018-09-30": "", "2018-06-30": "", "2018-03-31": "", "2017-12-31": "", "2017-09-30": "", "2017-06-30": "", "2017-03-31": "", "2016-12-31": "", "2016-09-30": "", "2016-06-30": "", "2016-03-31": "", "2015-12-31": "", "2015-09-30": "", "2015-06-30": "", "2015-03-31": "", "2014-12-31": "", "2014-09-30": "", "2014-06-30": "", "2014-03-31": "", "2013-12-31": "", "2013-09-30": "", "2013-06-30": "", "2013-03-31": "", "2012-12-31": "", "2012-09-30": "", "2012-06-30": "", "2012-03-31": "", "2011-12-31": "", "2011-09-30": "", "2011-06-30": "", "2011-03-31": "", "2010-12-31": "", "2010-09-30": "", "2010-06-30": "", "2010-03-31": "", "2009-12-31": "", "2009-09-30": "", "2009-06-30": "", "2009-03-31": "", "2008-12-31": "", "2008-09-30": "", "2008-06-30": "", "2008-03-31": "", "2007-12-31": "", "2007-09-30": "", "2007-06-30": "", "2007-03-31": "", "2006-12-31": "", "2006-09-30": "", "2006-06-30": "", "2006-03-31": "", "2005-12-31": "", "2005-09-30": "", "2005-06-30": "", "2005-03-31": ""}, "Share Holder Equity": {"2020-12-31": "13084.00000", "2020-09-30": "12986.00000", "2020-06-30": "12754.00000", "2020-03-31": "13115.00000", "2019-12-31": "12807.00000", "2019-09-30": "12315.00000", "2019-06-30": "11943.00000", "2019-03-31": "11693.00000", "2018-12-31": "11730.00000", "2018-09-30": "9860.00000", "2018-06-30": "9460.00000", "2018-03-31": "9223.00000", "2017-12-31": "9980.00000", "2017-09-30": "10425.00000", "2017-06-30": "10035.00000", "2017-03-31": "9704.00000", "2016-12-31": "9550.00000", "2016-09-30": "9332.00000", "2016-06-30": "9098.00000", "2016-03-31": "8808.00000", "2015-12-31": "8511.00000", "2015-09-30": "8484.00000", "2015-06-30": "8505.00000", "2015-03-31": "8321.00000", "2014-12-31": "8595.00000", "2014-09-30": "8624.00000", "2014-06-30": "9002.00000", "2014-03-31": "9063.00000", "2013-12-31": "9047.00000", "2013-09-30": "8737.00000", "2013-06-30": "8603.00000", "2013-03-31": "8456.00000", "2012-12-31": "8597.00000", "2012-09-30": "8361.00000", "2012-06-30": "7952.00000", "2012-03-31": "8022.00000", "2011-12-31": "7683.00000", "2011-09-30": "7557.00000", "2011-06-30": "7778.00000", "2011-03-31": "7452.40000", "2010-12-31": "7174.00000", "2010-09-30": "7306.00000", "2010-06-30": "6745.50000", "2010-03-31": "6670.80000", "2009-12-31": "6595.10000", "2009-09-30": "6440.90000", "2009-06-30": "6057.50000", "2009-03-31": "5625.10000", "2008-12-31": "5406.70000", "2008-09-30": "5745.10000", "2008-06-30": "6219.10000", "2008-03-31": "5932.80000", "2007-12-31": "5378.50000", "2007-09-30": "5161.30000", "2007-06-30": "4801.40000", "2007-03-31": "4488.00000", "2006-12-31": "4191.00000", "2006-09-30": "3990.50000", "2006-06-30": "3769.10000", "2006-03-31": "3488.60000", "2005-12-31": "3300.20000", "2005-09-30": "3113.70000", "2005-06-30": "2988.80000", "2005-03-31": "2895.90000"}, "Total Liabilities And Share Holders Equity": {"2020-12-31": "34330.00000", "2020-09-30": "32286.00000", "2020-06-30": "31483.00000", "2020-03-31": "29440.00000", "2019-12-31": "30167.00000", "2019-09-30": "26659.00000", "2019-06-30": "26354.00000", "2019-03-31": "25937.00000", "2018-12-31": "27229.00000", "2018-09-30": "22084.00000", "2018-06-30": "21570.00000", "2018-03-31": "22133.00000", "2017-12-31": "22197.00000", "2017-09-30": "21485.00000", "2017-06-30": "21292.00000", "2017-03-31": "20517.00000", "2016-12-31": "20435.00000", "2016-09-30": "20187.00000", "2016-06-30": "20520.00000", "2016-03-31": "19668.00000", "2015-12-31": "16223.00000", "2015-09-30": "15917.00000", "2015-06-30": "16819.00000", "2015-03-31": "16580.00000", "2014-12-31": "17279.00000", "2014-09-30": "17515.00000", "2014-06-30": "17229.00000", "2014-03-31": "16159.00000", "2013-12-31": "15743.00000", "2013-09-30": "14883.00000", "2013-06-30": "14382.00000", "2013-03-31": "14089.00000", "2012-12-31": "13206.00000", "2012-09-30": "12777.00000", "2012-06-30": "12262.00000", "2012-03-31": "12459.00000", "2011-12-31": "12146.00000", "2011-09-30": "12083.00000", "2011-06-30": "11596.40000", "2011-03-31": "11231.00000", "2010-12-31": "10895.00000", "2010-09-30": "10771.90000", "2010-06-30": "10060.10000", "2010-03-31": "10098.40000", "2009-12-31": "9071.30000", "2009-09-30": "8459.20000", "2009-06-30": "7923.50000", "2009-03-31": "7585.20000", "2008-12-31": "7603.30000", "2008-09-30": "7574.60000", "2008-06-30": "8025.30000", "2008-03-31": "7754.10000", "2007-12-31": "7354.00000", "2007-09-30": "6858.70000", "2007-06-30": "6419.90000", "2007-03-31": "6076.70000", "2006-12-31": "5873.80000", "2006-09-30": "5399.10000", "2006-06-30": "5109.00000", "2006-03-31": "4994.20000", "2005-12-31": "4992.50000", "2005-09-30": "4396.80000", "2005-06-30": "4167.80000", "2005-03-31": "4068.20000"}}, "cash flow statement": {"Net Income/Loss": {"2020-12-31": "1599.00000", "2019-12-31": "2083.00000", "2018-12-31": "3553.00000", "2017-12-31": "1020.00000", "2016-12-31": "1647.00000", "2015-12-31": "1439.00000", "2014-12-31": "515.00000", "2013-12-31": "1006.00000", "2012-12-31": "1298.00000", "2011-12-31": "1345.00000", "2010-12-31": "1273.00000", "2009-12-31": "1107.00000", "2008-12-31": "1147.80000", "2007-12-31": "1017.40000", "2006-12-31": "777.70000", "2005-12-31": "643.60000"}, "Total Depreciation And Amortization - Cash Flow": {"2020-12-31": "812.00000", "2019-12-31": "778.00000", "2018-12-31": "723.00000", "2017-12-31": "642.00000", "2016-12-31": "546.00000", "2015-12-31": "397.00000", "2014-12-31": "378.00000", "2013-12-31": "307.00000", "2012-12-31": "277.00000", "2011-12-31": "160.00000", "2010-12-31": "165.00000", "2009-12-31": "385.00000", "2008-12-31": "387.60000", "2007-12-31": "366.60000", "2006-12-31": "324.10000", "2005-12-31": "282.70000"}, "Other Non-Cash Items": {"2020-12-31": "", "2019-12-31": "512.00000", "2018-12-31": "-1424.00000", "2017-12-31": "344.00000", "2016-12-31": "245.00000", "2015-12-31": "529.00000", "2014-12-31": "1083.00000", "2013-12-31": "749.00000", "2012-12-31": "228.00000", "2011-12-31": "252.00000", "2010-12-31": "154.00000", "2009-12-31": "9.00000", "2008-12-31": "101.90000", "2007-12-31": "-89.50000", "2006-12-31": "51.00000", "2005-12-31": "27.20000"}, "Total Non-Cash Items": {"2020-12-31": "812.00000", "2019-12-31": "1290.00000", "2018-12-31": "-701.00000", "2017-12-31": "986.00000", "2016-12-31": "791.00000", "2015-12-31": "926.00000", "2014-12-31": "1461.00000", "2013-12-31": "1056.00000", "2012-12-31": "505.00000", "2011-12-31": "412.00000", "2010-12-31": "319.00000", "2009-12-31": "394.00000", "2008-12-31": "489.49990", "2007-12-31": "277.10000", "2006-12-31": "375.10000", "2005-12-31": "309.90000"}, "Change In Accounts Receivable": {"2020-12-31": "", "2019-12-31": "-563.00000", "2018-12-31": "-60.00000", "2017-12-31": "-162.00000", "2016-12-31": "-192.00000", "2015-12-31": "-151.00000", "2014-12-31": "-89.00000", "2013-12-31": "-89.00000", "2012-12-31": "-20.00000", "2011-12-31": "-152.00000", "2010-12-31": "-121.00000", "2009-12-31": "-10.00000", "2008-12-31": "-131.20000", "2007-12-31": "-133.50000", "2006-12-31": "-105.20000", "2005-12-31": "-63.40000"}, "Change In Inventories": {"2020-12-31": "", "2019-12-31": "-400.00000", "2018-12-31": "-385.00000", "2017-12-31": "-320.00000", "2016-12-31": "-299.00000", "2015-12-31": "-115.00000", "2014-12-31": "-173.00000", "2013-12-31": "-77.00000", "2012-12-31": "18.00000", "2011-12-31": "-166.00000", "2010-12-31": "-131.00000", "2009-12-31": "34.00000", "2008-12-31": "-180.20000", "2007-12-31": "-89.90000", "2006-12-31": "-86.80000", "2005-12-31": "-39.70000"}, "Change In Accounts Payable": {"2020-12-31": "", "2019-12-31": "63.00000", "2018-12-31": "116.00000", "2017-12-31": "21.00000", "2016-12-31": "-16.00000", "2015-12-31": "35.00000", "2014-12-31": "13.00000", "2013-12-31": "1.00000", "2012-12-31": "-48.00000", "2011-12-31": "44.00000", "2010-12-31": "96.00000", "2009-12-31": "-80.00000", "2008-12-31": "10.40000", "2007-12-31": "11.10000", "2006-12-31": "39.10000", "2005-12-31": "-2.60000"}, "Change In Assets/Liabilities": {"2020-12-31": "866.00000", "2019-12-31": "-290.00000", "2018-12-31": "-46.00000", "2017-12-31": "-780.00000", "2016-12-31": "-129.00000", "2015-12-31": "-1044.00000", "2014-12-31": "-170.00000", "2013-12-31": "72.00000", "2012-12-31": "-3.00000", "2011-12-31": "-112.00000", "2010-12-31": "44.00000", "2009-12-31": "-242.00000", "2008-12-31": "-188.00000", "2007-12-31": "-166.00000", "2006-12-31": "-140.40000", "2005-12-31": "-166.20000"}, "Total Change In Assets/Liabilities": {"2020-12-31": "866.00000", "2019-12-31": "-1182.00000", "2018-12-31": "-242.00000", "2017-12-31": "-447.00000", "2016-12-31": "-523.00000", "2015-12-31": "-1384.00000", "2014-12-31": "-194.00000", "2013-12-31": "-176.00000", "2012-12-31": "-203.00000", "2011-12-31": "-323.00000", "2010-12-31": "-45.00000", "2009-12-31": "-40.00000", "2008-12-31": "-463.30000", "2007-12-31": "-274.40000", "2006-12-31": "-277.20000", "2005-12-31": "-181.30000"}, "Cash Flow From Operating Activities": {"2020-12-31": "3277.00000", "2019-12-31": "2191.00000", "2018-12-31": "2610.00000", "2017-12-31": "1559.00000", "2016-12-31": "1915.00000", "2015-12-31": "981.00000", "2014-12-31": "1782.00000", "2013-12-31": "1886.00000", "2012-12-31": "1657.00000", "2011-12-31": "1434.00000", "2010-12-31": "1547.00000", "2009-12-31": "1461.00000", "2008-12-31": "1175.90000", "2007-12-31": "1028.30000", "2006-12-31": "867.30000", "2005-12-31": "833.40000"}, "Net Change In Property, Plant, And Equipment": {"2020-12-31": "-487.00000", "2019-12-31": "-649.00000", "2018-12-31": "-572.00000", "2017-12-31": "-598.00000", "2016-12-31": "-490.00000", "2015-12-31": "-270.00000", "2014-12-31": "-233.00000", "2013-12-31": "-195.00000", "2012-12-31": "-210.00000", "2011-12-31": "-159.00000", "2010-12-31": "-121.00000", "2009-12-31": "-130.00000", "2008-12-31": "-146.60000", "2007-12-31": "-187.00000", "2006-12-31": "-209.10000", "2005-12-31": "-258.40000"}, "Net Change In Intangible Assets": {"2020-12-31": "", "2019-12-31": "", "2018-12-31": "", "2017-12-31": "", "2016-12-31": "", "2015-12-31": "", "2014-12-31": "", "2013-12-31": "", "2012-12-31": "", "2011-12-31": "", "2010-12-31": "", "2009-12-31": "", "2008-12-31": "", "2007-12-31": "", "2006-12-31": "", "2005-12-31": ""}, "Net Acquisitions/Divestitures": {"2020-12-31": "-4222.00000", "2019-12-31": "-802.00000", "2018-12-31": "-2451.00000", "2017-12-31": "-831.00000", "2016-12-31": "-4332.00000", "2015-12-31": "-153.00000", "2014-12-31": "-916.00000", "2013-12-31": "-2320.00000", "2012-12-31": "-154.00000", "2011-12-31": "-2066.00000", "2010-12-31": "-265.00000", "2009-12-31": "-570.00000", "2008-12-31": "-14.20000", "2007-12-31": "89.90000", "2006-12-31": "-93.90000", "2005-12-31": "-56.70000"}, "Net Change In Short-term Investments": {"2020-12-31": "7.00000", "2019-12-31": "-5.00000", "2018-12-31": "168.00000", "2017-12-31": "-183.00000", "2016-12-31": "634.00000", "2015-12-31": "2379.00000", "2014-12-31": "-729.00000", "2013-12-31": "298.00000", "2012-12-31": "-372.00000", "2011-12-31": "90.00000", "2010-12-31": "-409.00000", "2009-12-31": "-628.00000", "2008-12-31": "470.89920", "2007-12-31": "-1079.50000", "2006-12-31": "-428.10000", "2005-12-31": "-575.00000"}, "Net Change In Long-Term Investments": {"2020-12-31": "", "2019-12-31": "", "2018-12-31": "", "2017-12-31": "", "2016-12-31": "", "2015-12-31": "", "2014-12-31": "", "2013-12-31": "", "2012-12-31": "", "2011-12-31": "", "2010-12-31": "", "2009-12-31": "", "2008-12-31": "", "2007-12-31": "", "2006-12-31": "", "2005-12-31": ""}, "Net Change In Investments - Total": {"2020-12-31": "7.00000", "2019-12-31": "-5.00000", "2018-12-31": "168.00000", "2017-12-31": "-183.00000", "2016-12-31": "634.00000", "2015-12-31": "2379.00000", "2014-12-31": "-729.00000", "2013-12-31": "298.00000", "2012-12-31": "-372.00000", "2011-12-31": "90.00000", "2010-12-31": "-409.00000", "2009-12-31": "-628.00000", "2008-12-31": "470.89920", "2007-12-31": "-1079.50000", "2006-12-31": "-428.10000", "2005-12-31": "-575.00000"}, "Investing Activities - Other": {"2020-12-31": "1.00000", "2019-12-31": "1.00000", "2018-12-31": "-2.00000", "2017-12-31": "-1.00000", "2016-12-31": "-3.00000", "2015-12-31": "", "2014-12-31": "", "2013-12-31": "", "2012-12-31": "", "2011-12-31": "", "2010-12-31": "", "2009-12-31": "", "2008-12-31": "", "2007-12-31": "-1.60000", "2006-12-31": "-11.20000", "2005-12-31": "-12.90000"}, "Cash Flow From Investing Activities": {"2020-12-31": "-4701.00000", "2019-12-31": "-1455.00000", "2018-12-31": "-2857.00000", "2017-12-31": "-1613.00000", "2016-12-31": "-4191.00000", "2015-12-31": "1956.00000", "2014-12-31": "-1878.00000", "2013-12-31": "-2217.00000", "2012-12-31": "-736.00000", "2011-12-31": "-2135.00000", "2010-12-31": "-795.00000", "2009-12-31": "-1328.00000", "2008-12-31": "310.10000", "2007-12-31": "-1178.20000", "2006-12-31": "-742.30000", "2005-12-31": "-903.00000"}, "Net Long-Term Debt": {"2020-12-31": "989.00000", "2019-12-31": "1300.00000", "2018-12-31": "2457.00000", "2017-12-31": "499.00000", "2016-12-31": "2703.00000", "2015-12-31": "48.00000", "2014-12-31": "1159.00000", "2013-12-31": "1005.00000", "2012-12-31": "-4.00000", "2011-12-31": "737.00000", "2010-12-31": "1015.00000", "2009-12-31": "-3.00000", "2008-12-31": "6.70000", "2007-12-31": "0.80000", "2006-12-31": "-227.20000", "2005-12-31": "221.50000"}, "Net Current Debt": {"2020-12-31": "", "2019-12-31": "-7.00000", "2018-12-31": "-1.00000", "2017-12-31": "-200.00000", "2016-12-31": "209.00000", "2015-12-31": "", "2014-12-31": "", "2013-12-31": "", "2012-12-31": "", "2011-12-31": "", "2010-12-31": "", "2009-12-31": "", "2008-12-31": "", "2007-12-31": "", "2006-12-31": "", "2005-12-31": ""}, "Debt Issuance/Retirement Net - Total": {"2020-12-31": "989.00000", "2019-12-31": "1293.00000", "2018-12-31": "2456.00000", "2017-12-31": "299.00000", "2016-12-31": "2912.00000", "2015-12-31": "48.00000", "2014-12-31": "1159.00000", "2013-12-31": "1005.00000", "2012-12-31": "-4.00000", "2011-12-31": "737.00000", "2010-12-31": "1015.00000", "2009-12-31": "-3.00000", "2008-12-31": "6.70000", "2007-12-31": "0.80000", "2006-12-31": "-227.20000", "2005-12-31": "221.50000"}, "Net Common Equity Issued/Repurchased": {"2020-12-31": "", "2019-12-31": "-307.00000", "2018-12-31": "-300.00000", "2017-12-31": "-230.00000", "2016-12-31": "-13.00000", "2015-12-31": "-700.00000", "2014-12-31": "-100.00000", "2013-12-31": "-317.00000", "2012-12-31": "-108.00000", "2011-12-31": "-622.00000", "2010-12-31": "-426.00000", "2009-12-31": "", "2008-12-31": "-949.90000", "2007-12-31": "69.50000", "2006-12-31": "48.60000", "2005-12-31": "30.40000"}, "Net Total Equity Issued/Repurchased": {"2020-12-31": "", "2019-12-31": "-307.00000", "2018-12-31": "-300.00000", "2017-12-31": "-230.00000", "2016-12-31": "-13.00000", "2015-12-31": "-700.00000", "2014-12-31": "-100.00000", "2013-12-31": "-317.00000", "2012-12-31": "-108.00000", "2011-12-31": "-622.00000", "2010-12-31": "-426.00000", "2009-12-31": "", "2008-12-31": "-949.90000", "2007-12-31": "69.50000", "2006-12-31": "48.60000", "2005-12-31": "30.40000"}, "Total Common And Preferred Stock Dividends Paid": {"2020-12-31": "-863.00000", "2019-12-31": "-778.00000", "2018-12-31": "-703.00000", "2017-12-31": "-636.00000", "2016-12-31": "-568.00000", "2015-12-31": "-521.00000", "2014-12-31": "-462.00000", "2013-12-31": "-401.00000", "2012-12-31": "-324.00000", "2011-12-31": "-279.00000", "2010-12-31": "-238.00000", "2009-12-31": "-198.00000", "2008-12-31": "-135.60000", "2007-12-31": "-89.70000", "2006-12-31": "-44.60000", "2005-12-31": "-36.20000"}, "Financial Activities - Other": {"2020-12-31": "-137.00000", "2019-12-31": "-205.00000", "2018-12-31": "-124.00000", "2017-12-31": "-227.00000", "2016-12-31": "-73.00000", "2015-12-31": "-50.00000", "2014-12-31": "32.00000", "2013-12-31": "13.00000", "2012-12-31": "-13.00000", "2011-12-31": "3.00000", "2010-12-31": "59.00000", "2009-12-31": "8.00000", "2008-12-31": "32.70000", "2007-12-31": "33.00000", "2006-12-31": "20.00000", "2005-12-31": "16.60000"}, "Cash Flow From Financial Activities": {"2020-12-31": "-11.00000", "2019-12-31": "3.00000", "2018-12-31": "1329.00000", "2017-12-31": "-794.00000", "2016-12-31": "2258.00000", "2015-12-31": "-1223.00000", "2014-12-31": "629.00000", "2013-12-31": "300.00000", "2012-12-31": "-449.00000", "2011-12-31": "-161.00000", "2010-12-31": "410.00000", "2009-12-31": "-193.00000", "2008-12-31": "-1046.10000", "2007-12-31": "13.60000", "2006-12-31": "-203.20000", "2005-12-31": "232.30000"}, "Net Cash Flow": {"2020-12-31": "-1394.00000", "2019-12-31": "721.00000", "2018-12-31": "1074.00000", "2017-12-31": "-774.00000", "2016-12-31": "-63.00000", "2015-12-31": "1584.00000", "2014-12-31": "456.00000", "2013-12-31": "-56.00000", "2012-12-31": "490.00000", "2011-12-31": "-853.00000", "2010-12-31": "1099.00000", "2009-12-31": "-42.00000", "2008-12-31": "410.60000", "2007-12-31": "-126.10000", "2006-12-31": "-74.60000", "2005-12-31": "141.80000"}, "Stock-Based Compensation": {"2020-12-31": "", "2019-12-31": "127.00000", "2018-12-31": "119.00000", "2017-12-31": "113.00000", "2016-12-31": "97.00000", "2015-12-31": "86.00000", "2014-12-31": "77.00000", "2013-12-31": "76.00000", "2012-12-31": "75.00000", "2011-12-31": "75.00000", "2010-12-31": "69.00000", "2009-12-31": "62.00000", "2008-12-31": "65.50000", "2007-12-31": "61.30000", "2006-12-31": "56.90000", "2005-12-31": "49.40000"}, "Common Stock Dividends Paid": {"2020-12-31": "-863.00000", "2019-12-31": "-778.00000", "2018-12-31": "-703.00000", "2017-12-31": "-636.00000", "2016-12-31": "-568.00000", "2015-12-31": "-521.00000", "2014-12-31": "-462.00000", "2013-12-31": "-401.00000", "2012-12-31": "-324.00000", "2011-12-31": "-279.00000", "2010-12-31": "-238.00000", "2009-12-31": "-198.00000", "2008-12-31": "-135.60000", "2007-12-31": "-89.70000", "2006-12-31": "-44.60000", "2005-12-31": "-36.20000"}}, "cash flow statement, quarterly": {"Net Income/Loss": {"2020-12-31": 568, "2020-09-30": 621, "2020-06-30": -83, "2020-03-31": "493.00000", "2019-12-31": 725, "2019-09-30": 466, "2019-06-30": 480, "2019-03-31": "412.00000", "2018-12-31": 2068, "2018-09-30": 590, "2018-06-30": 452, "2018-03-31": "443.00000", "2017-12-31": -249, "2017-09-30": 434, "2017-06-30": 391, "2017-03-31": "444.00000", "2016-12-31": 510, "2016-09-30": 355, "2016-06-30": 380, "2016-03-31": "402.00000", "2015-12-31": 522, "2015-09-30": 301, "2015-06-30": 392, "2015-03-31": "224.00000", "2014-12-31": 260, "2014-09-30": 57, "2014-06-30": 128, "2014-03-31": "70.00000", "2013-12-31": 386, "2013-09-30": 103, "2013-06-30": 213, "2013-03-31": "304.00000", "2012-12-31": 270, "2012-09-30": 353, "2012-06-30": 325, "2012-03-31": "350.00000", "2011-12-31": 401, "2011-09-30": 327, "2011-06-30": 310, "2011-03-31": "307.00000", "2010-12-31": 295, "2010-09-30": 337.3, "2010-06-30": 319, "2010-03-31": "321.70000", "2009-12-31": 305.6, "2009-09-30": 510.1, "2009-06-30": 10.2, "2009-03-31": "281.10000", "2008-12-31": 277.7, "2008-09-30": 273.8, "2008-06-30": 305.8, "2008-03-31": "290.50000", "2007-12-31": 276.1, "2007-09-30": 228.7, "2007-06-30": 269.1, "2007-03-31": "243.50000", "2006-12-31": 227.9, "2006-09-30": 192.1, "2006-06-30": 210.2, "2006-03-31": "147.50000", "2005-12-31": 178.4, "2005-09-30": 120.7, "2005-06-30": 177.8, "2005-03-31": "166.70000"}, "Total Depreciation And Amortization - Cash Flow": {"2020-12-31": 223, "2020-09-30": 198, "2020-06-30": 193, "2020-03-31": "198.00000", "2019-12-31": 195, "2019-09-30": 194, "2019-06-30": 199, "2019-03-31": "190.00000", "2018-12-31": 176, "2018-09-30": 185, "2018-06-30": 186, "2018-03-31": "176.00000", "2017-12-31": 169, "2017-09-30": 163, "2017-06-30": 160, "2017-03-31": "150.00000", "2016-12-31": 151, "2016-09-30": 148, "2016-06-30": 145, "2016-03-31": "102.00000", "2015-12-31": 108, "2015-09-30": 101, "2015-06-30": 94, "2015-03-31": "94.00000", "2014-12-31": 96, "2014-09-30": 97, "2014-06-30": 94, "2014-03-31": "91.00000", "2013-12-31": 82, "2013-09-30": 76, "2013-06-30": 111, "2013-03-31": "38.00000", "2012-12-31": 162, "2012-09-30": 38, "2012-06-30": 7, "2012-03-31": "70.00000", "2011-12-31": -199, "2011-09-30": 124, "2011-06-30": 120, "2011-03-31": "115.00000", "2010-12-31": -134, "2010-09-30": 101.2, "2010-06-30": 98.6, "2010-03-31": "99.20000", "2009-12-31": 104.5, "2009-09-30": 188.3, "2009-06-30": 0.5, "2009-03-31": "91.70000", "2008-12-31": 93.1, "2008-09-30": 97.6, "2008-06-30": 98.7, "2008-03-31": "98.20000", "2007-12-31": 95.5, "2007-09-30": 93.7, "2007-06-30": 90.3, "2007-03-31": "87.10000", "2006-12-31": 85.4, "2006-09-30": 83, "2006-06-30": 77.9, "2006-03-31": "77.80000", "2005-12-31": 69.4, "2005-09-30": 70, "2005-06-30": 69.4, "2005-03-31": "73.90000"}, "Other Non-Cash Items": {"2020-12-31": -281, "2020-09-30": 31, "2020-06-30": 194, "2020-03-31": "56.00000", "2019-12-31": 181, "2019-09-30": 100, "2019-06-30": 159, "2019-03-31": "72.00000", "2018-12-31": -1527, "2018-09-30": 29, "2018-06-30": 38, "2018-03-31": "36.00000", "2017-12-31": 95, "2017-09-30": 93, "2017-06-30": 98, "2017-03-31": "58.00000", "2016-12-31": 33, "2016-09-30": 81, "2016-06-30": 84, "2016-03-31": "47.00000", "2015-12-31": 161, "2015-09-30": 164, "2015-06-30": 120, "2015-03-31": "84.00000", "2014-12-31": 352, "2014-09-30": 56, "2014-06-30": 305, "2014-03-31": "370.00000", "2013-12-31": 115, "2013-09-30": 337, "2013-06-30": 231, "2013-03-31": "66.00000", "2012-12-31": 19, "2012-09-30": 60, "2012-06-30": 102, "2012-03-31": "47.00000", "2011-12-31": 66, "2011-09-30": 37, "2011-06-30": 74, "2011-03-31": "75.00000", "2010-12-31": 123, "2010-09-30": -19.3, "2010-06-30": 19.9, "2010-03-31": "30.40000", "2009-12-31": -96.2, "2009-09-30": 88.8, "2009-06-30": -1.8, "2009-03-31": "18.20000", "2008-12-31": 44, "2008-09-30": 20.1, "2008-06-30": 18.4, "2008-03-31": "19.40000", "2007-12-31": -121.1, "2007-09-30": 16.5, "2007-06-30": -2.8, "2007-03-31": "17.90000", "2006-12-31": 43.1, "2006-09-30": -0.5, "2006-06-30": 6.4, "2006-03-31": "2.00000", "2005-12-31": 24.6, "2005-09-30": -19.3, "2005-06-30": 21, "2005-03-31": "0.90000"}, "Total Non-Cash Items": {"2020-12-31": -58, "2020-09-30": 229, "2020-06-30": 387, "2020-03-31": "254.00000", "2019-12-31": 376, "2019-09-30": 294, "2019-06-30": 358, "2019-03-31": "262.00000", "2018-12-31": -1351, "2018-09-30": 214, "2018-06-30": 224, "2018-03-31": "212.00000", "2017-12-31": 264, "2017-09-30": 256, "2017-06-30": 258, "2017-03-31": "208.00000", "2016-12-31": 184, "2016-09-30": 229, "2016-06-30": 229, "2016-03-31": "149.00000", "2015-12-31": 269, "2015-09-30": 265, "2015-06-30": 214, "2015-03-31": "178.00000", "2014-12-31": 448, "2014-09-30": 153, "2014-06-30": 399, "2014-03-31": "461.00000", "2013-12-31": 197, "2013-09-30": 413, "2013-06-30": 342, "2013-03-31": "104.00000", "2012-12-31": 181, "2012-09-30": 98, "2012-06-30": 109, "2012-03-31": "117.00000", "2011-12-31": -133, "2011-09-30": 161, "2011-06-30": 194, "2011-03-31": "190.00000", "2010-12-31": -11, "2010-09-30": 81.9, "2010-06-30": 118.5, "2010-03-31": "129.60000", "2009-12-31": 8.3, "2009-09-30": 277.1, "2009-06-30": -1.3, "2009-03-31": "109.90000", "2008-12-31": 137.0999, "2008-09-30": 117.7, "2008-06-30": 117.1, "2008-03-31": "117.60000", "2007-12-31": -25.6, "2007-09-30": 110.2, "2007-06-30": 87.5, "2007-03-31": "105.00000", "2006-12-31": 128.5, "2006-09-30": 82.5, "2006-06-30": 84.3, "2006-03-31": "79.80000", "2005-12-31": 94, "2005-09-30": 50.7, "2005-06-30": 90.4, "2005-03-31": "74.80000"}, "Change In Accounts Receivable": {"2020-12-31": -467, "2020-09-30": -204, "2020-06-30": 467, "2020-03-31": "204.00000", "2019-12-31": -439, "2019-09-30": -52, "2019-06-30": -122, "2019-03-31": "50.00000", "2018-12-31": -179, "2018-09-30": 4, "2018-06-30": -24, "2018-03-31": "139.00000", "2017-12-31": -234, "2017-09-30": -25, "2017-06-30": -15, "2017-03-31": "112.00000", "2016-12-31": -214, "2016-09-30": -35, "2016-06-30": -29, "2016-03-31": "86.00000", "2015-12-31": -177, "2015-09-30": -13, "2015-06-30": 27, "2015-03-31": "12.00000", "2014-12-31": -77, "2014-09-30": -65, "2014-06-30": -40, "2014-03-31": "93.00000", "2013-12-31": -135, "2013-09-30": 57, "2013-06-30": -18, "2013-03-31": "7.00000", "2012-12-31": -72, "2012-09-30": 27, "2012-06-30": 73, "2012-03-31": "-48.00000", "2011-12-31": -118, "2011-09-30": 8, "2011-06-30": -14, "2011-03-31": "-28.00000", "2010-12-31": -102, "2010-09-30": -13.3, "2010-06-30": -14.9, "2010-03-31": "9.20000", "2009-12-31": -60.4, "2009-09-30": 62.9, "2009-06-30": -66, "2009-03-31": "53.50000", "2008-12-31": -60.3, "2008-09-30": -9, "2008-06-30": -45.7, "2008-03-31": "-16.20000", "2007-12-31": -76.7, "2007-09-30": 10.2, "2007-06-30": -42, "2007-03-31": "-25.00000", "2006-12-31": -54.6, "2006-09-30": 3.1, "2006-06-30": 16.8, "2006-03-31": "-70.50000", "2005-12-31": -43.2, "2005-09-30": 9, "2005-06-30": -1.9, "2005-03-31": "-27.30000"}, "Change In Inventories": {"2020-12-31": 154, "2020-09-30": 27, "2020-06-30": -59, "2020-03-31": "-122.00000", "2019-12-31": 14, "2019-09-30": -129, "2019-06-30": -146, "2019-03-31": "-139.00000", "2018-12-31": 60, "2018-09-30": -151, "2018-06-30": -150, "2018-03-31": "-144.00000", "2017-12-31": 2, "2017-09-30": -130, "2017-06-30": -78, "2017-03-31": "-114.00000", "2016-12-31": 8, "2016-09-30": -82, "2016-06-30": -116, "2016-03-31": "-109.00000", "2015-12-31": 9, "2015-09-30": -57, "2015-06-30": -25, "2015-03-31": "-42.00000", "2014-12-31": 44, "2014-09-30": -97, "2014-06-30": -59, "2014-03-31": "-61.00000", "2013-12-31": 29, "2013-09-30": -43, "2013-06-30": -25, "2013-03-31": "-38.00000", "2012-12-31": 58, "2012-09-30": -10, "2012-06-30": -1, "2012-03-31": "-29.00000", "2011-12-31": 8, "2011-09-30": -33, "2011-06-30": -72, "2011-03-31": "-69.00000", "2010-12-31": -13, "2010-09-30": -57.2, "2010-06-30": -30.7, "2010-03-31": "-30.10000", "2009-12-31": 38.9, "2009-09-30": -25.8, "2009-06-30": 72.7, "2009-03-31": "-51.80000", "2008-12-31": 5.2, "2008-09-30": -55.1, "2008-06-30": -63.3, "2008-03-31": "-67.00000", "2007-12-31": -5.9, "2007-09-30": -34.6, "2007-06-30": -19.6, "2007-03-31": "-29.80000", "2006-12-31": 8.6, "2006-09-30": -27.3, "2006-06-30": -37.4, "2006-03-31": "-30.70000", "2005-12-31": 19.9, "2005-09-30": -13, "2005-06-30": -34, "2005-03-31": "-12.60000"}, "Change In Accounts Payable": {"2020-12-31": 26, "2020-09-30": 8, "2020-06-30": -97, "2020-03-31": "63.00000", "2019-12-31": 26, "2019-09-30": 53, "2019-06-30": -4, "2019-03-31": "-12.00000", "2018-12-31": 59, "2018-09-30": -8, "2018-06-30": 32, "2018-03-31": "33.00000", "2017-12-31": 23, "2017-09-30": 10, "2017-06-30": -35, "2017-03-31": "23.00000", "2016-12-31": -5, "2016-09-30": -6, "2016-06-30": -22, "2016-03-31": "17.00000", "2015-12-31": 20, "2015-09-30": -2, "2015-06-30": 9, "2015-03-31": "8.00000", "2014-12-31": -2, "2014-09-30": 4, "2014-06-30": -19, "2014-03-31": "30.00000", "2013-12-31": 32, "2013-09-30": -1, "2013-06-30": -21, "2013-03-31": "-9.00000", "2012-12-31": 17, "2012-09-30": -21, "2012-06-30": -9, "2012-03-31": "-35.00000", "2011-12-31": 64, "2011-09-30": -24, "2011-06-30": 9, "2011-03-31": "-5.00000", "2010-12-31": 42, "2010-09-30": 34.3, "2010-06-30": -13.4, "2010-03-31": "33.10000", "2009-12-31": -6.2, "2009-09-30": -8.5, "2009-06-30": -67.8, "2009-03-31": "2.50000", "2008-12-31": 15.4, "2008-09-30": -0.4, "2008-06-30": -8.1, "2008-03-31": "3.50000", "2007-12-31": 23.9, "2007-09-30": 5, "2007-06-30": 10.6, "2007-03-31": "-28.40000", "2006-12-31": 46.3, "2006-09-30": 10.7, "2006-06-30": -12.5, "2006-03-31": "-5.40000", "2005-12-31": 36.2, "2005-09-30": -8.8, "2005-06-30": 8.4, "2005-03-31": "-38.40000"}, "Change In Assets/Liabilities": {"2020-12-31": 835, "2020-09-30": -87, "2020-06-30": -47, "2020-03-31": "165.00000", "2019-12-31": -5, "2019-09-30": -135, "2019-06-30": -47, "2019-03-31": "-103.00000", "2018-12-31": -15, "2018-09-30": 3, "2018-06-30": 94, "2018-03-31": "-128.00000", "2017-12-31": -288, "2017-09-30": -226, "2017-06-30": -70, "2017-03-31": "-196.00000", "2016-12-31": 57, "2016-09-30": -62, "2016-06-30": -32, "2016-03-31": "-92.00000", "2015-12-31": 128, "2015-09-30": -1288, "2015-06-30": 135, "2015-03-31": "-19.00000", "2014-12-31": -108, "2014-09-30": 90, "2014-06-30": -50, "2014-03-31": "-102.00000", "2013-12-31": 145, "2013-09-30": -26, "2013-06-30": -36, "2013-03-31": "-11.00000", "2012-12-31": 39, "2012-09-30": 8, "2012-06-30": 25, "2012-03-31": "-75.00000", "2011-12-31": 138, "2011-09-30": -1, "2011-06-30": -188, "2011-03-31": "-61.00000", "2010-12-31": 178, "2010-09-30": -46.9, "2010-06-30": 3.2, "2010-03-31": "-90.30000", "2009-12-31": -35, "2009-09-30": -101.1, "2009-06-30": -34.6, "2009-03-31": "-71.30000", "2008-12-31": -66.2, "2008-09-30": -22.8, "2008-06-30": -48.7, "2008-03-31": "-50.30000", "2007-12-31": -29.4, "2007-09-30": -38.1, "2007-06-30": -36, "2007-03-31": "-62.50000", "2006-12-31": -24.7, "2006-09-30": -26.7, "2006-06-30": -46.3, "2006-03-31": "-42.70000", "2005-12-31": -19, "2005-09-30": -41.5, "2005-06-30": -45.5, "2005-03-31": "-60.20000"}, "Total Change In Assets/Liabilities": {"2020-12-31": 727, "2020-09-30": -21, "2020-06-30": 316, "2020-03-31": "-156.00000", "2019-12-31": -366, "2019-09-30": -131, "2019-06-30": -324, "2019-03-31": "-361.00000", "2018-12-31": 329, "2018-09-30": -186, "2018-06-30": -27, "2018-03-31": "-358.00000", "2017-12-31": 401, "2017-09-30": -348, "2017-06-30": 1, "2017-03-31": "-501.00000", "2016-12-31": -36, "2016-09-30": -82, "2016-06-30": -116, "2016-03-31": "-289.00000", "2015-12-31": 147, "2015-09-30": -1260, "2015-06-30": -115, "2015-03-31": "-156.00000", "2014-12-31": -200, "2014-09-30": 485, "2014-06-30": -157, "2014-03-31": "-322.00000", "2013-12-31": 89, "2013-09-30": 106, "2013-06-30": -199, "2013-03-31": "-172.00000", "2012-12-31": 88, "2012-09-30": 118, "2012-06-30": 23, "2012-03-31": "-432.00000", "2011-12-31": 359, "2011-09-30": -42, "2011-06-30": -375, "2011-03-31": "-265.00000", "2010-12-31": 240, "2010-09-30": 1.8, "2010-06-30": -113.5, "2010-03-31": "-173.30000", "2009-12-31": 234.7, "2009-09-30": -53.7, "2009-06-30": -99.8, "2009-03-31": "-121.20000", "2008-12-31": 4.3, "2008-09-30": -67, "2008-06-30": -183, "2008-03-31": "-217.60000", "2007-12-31": 96.1, "2007-09-30": -29.3, "2007-06-30": -144.8, "2007-03-31": "-196.40000", "2006-12-31": 70.7, "2006-09-30": -9.9, "2006-06-30": -113.6, "2006-03-31": "-224.40000", "2005-12-31": 75.4, "2005-09-30": 48.2, "2005-06-30": -77.5, "2005-03-31": "-227.40000"}, "Cash Flow From Operating Activities": {"2020-12-31": 1237, "2020-09-30": 829, "2020-06-30": 620, "2020-03-31": "591.00000", "2019-12-31": 735, "2019-09-30": 629, "2019-06-30": 514, "2019-03-31": "313.00000", "2018-12-31": 1046, "2018-09-30": 618, "2018-06-30": 649, "2018-03-31": "297.00000", "2017-12-31": 679, "2017-09-30": 79, "2017-06-30": 650, "2017-03-31": "151.00000", "2016-12-31": 658, "2016-09-30": 502, "2016-06-30": 493, "2016-03-31": "262.00000", "2015-12-31": 753, "2015-09-30": -509, "2015-06-30": 357, "2015-03-31": "380.00000", "2014-12-31": 679, "2014-09-30": 524, "2014-06-30": 370, "2014-03-31": "209.00000", "2013-12-31": 672, "2013-09-30": 622, "2013-06-30": 356, "2013-03-31": "236.00000", "2012-12-31": 596, "2012-09-30": 569, "2012-06-30": 457, "2012-03-31": "35.00000", "2011-12-31": 627, "2011-09-30": 446, "2011-06-30": 157, "2011-03-31": "204.00000", "2010-12-31": 517, "2010-09-30": 428.5, "2010-06-30": 326.7, "2010-03-31": "274.80000", "2009-12-31": 540.4, "2009-09-30": 738.2, "2009-06-30": -90, "2009-03-31": "272.40000", "2008-12-31": 419.3, "2008-09-30": 325.5, "2008-06-30": 240.3, "2008-03-31": "190.80000", "2007-12-31": 367.5, "2007-09-30": 297.2, "2007-06-30": 210.9, "2007-03-31": "152.70000", "2006-12-31": 370.4, "2006-09-30": 280.4, "2006-06-30": 195.8, "2006-03-31": "20.70000", "2005-12-31": 366.1, "2005-09-30": 258.7, "2005-06-30": 182.2, "2005-03-31": "26.40000"}, "Net Change In Property, Plant, And Equipment": {"2020-12-31": -165, "2020-09-30": -69, "2020-06-30": -109, "2020-03-31": "-144.00000", "2019-12-31": -199, "2019-09-30": -163, "2019-06-30": -165, "2019-03-31": "-122.00000", "2018-12-31": -154, "2018-09-30": -140, "2018-06-30": -157, "2018-03-31": "-121.00000", "2017-12-31": -186, "2017-09-30": -142, "2017-06-30": -131, "2017-03-31": "-139.00000", "2016-12-31": -912, "2016-09-30": 651, "2016-06-30": -114, "2016-03-31": "-115.00000", "2015-12-31": -79, "2015-09-30": -77, "2015-06-30": -68, "2015-03-31": "-46.00000", "2014-12-31": -61, "2014-09-30": -48, "2014-06-30": -54, "2014-03-31": "-70.00000", "2013-12-31": -56, "2013-09-30": -43, "2013-06-30": -47, "2013-03-31": "-49.00000", "2012-12-31": -49, "2012-09-30": -58, "2012-06-30": -51, "2012-03-31": "-52.00000", "2011-12-31": -64, "2011-09-30": -56, "2011-06-30": -44, "2011-03-31": "5.00000", "2010-12-31": -48, "2010-09-30": -4.7, "2010-06-30": -37.2, "2010-03-31": "-31.10000", "2009-12-31": -41.9, "2009-09-30": -57.9, "2009-06-30": -0.3, "2009-03-31": "-29.90000", "2008-12-31": -37.9, "2008-09-30": -36.8, "2008-06-30": -41.1, "2008-03-31": "-30.80000", "2007-12-31": -64.7, "2007-09-30": -42.7, "2007-06-30": -39, "2007-03-31": "-40.60000", "2006-12-31": -62.7, "2006-09-30": -47.6, "2006-06-30": -47, "2006-03-31": "-51.80000", "2005-12-31": -73.2, "2005-09-30": -69.2, "2005-06-30": -70.9, "2005-03-31": "-45.10000"}, "Net Change In Intangible Assets": {"2020-12-31": 0, "2020-09-30": 0, "2020-06-30": 0, "2020-03-31": "", "2019-12-31": 0, "2019-09-30": 0, "2019-06-30": 0, "2019-03-31": "", "2018-12-31": 0, "2018-09-30": 0, "2018-06-30": 0, "2018-03-31": "", "2017-12-31": 0, "2017-09-30": 0, "2017-06-30": 0, "2017-03-31": "", "2016-12-31": 0, "2016-09-30": 0, "2016-06-30": 0, "2016-03-31": "", "2015-12-31": 0, "2015-09-30": 0, "2015-06-30": 0, "2015-03-31": "", "2014-12-31": 0, "2014-09-30": 0, "2014-06-30": 0, "2014-03-31": "", "2013-12-31": 0, "2013-09-30": 0, "2013-06-30": 0, "2013-03-31": "", "2012-12-31": 0, "2012-09-30": 0, "2012-06-30": 0, "2012-03-31": "", "2011-12-31": 0, "2011-09-30": 0, "2011-06-30": 0, "2011-03-31": "", "2010-12-31": 0, "2010-09-30": 0, "2010-06-30": 0, "2010-03-31": "", "2009-12-31": 0, "2009-09-30": 0, "2009-06-30": 0, "2009-03-31": "", "2008-12-31": 0, "2008-09-30": 0, "2008-06-30": 0, "2008-03-31": "", "2007-12-31": 0, "2007-09-30": 0, "2007-06-30": 0, "2007-03-31": "", "2006-12-31": 0, "2006-09-30": 0, "2006-06-30": 0, "2006-03-31": "", "2005-12-31": 0, "2005-09-30": 0, "2005-06-30": 0, "2005-03-31": ""}, "Net Acquisitions/Divestitures": {"2020-12-31": -4196, "2020-09-30": 0, "2020-06-30": -3, "2020-03-31": "-23.00000", "2019-12-31": -521, "2019-09-30": -21, "2019-06-30": -80, "2019-03-31": "-180.00000", "2018-12-31": -1681, "2018-09-30": -3, "2018-06-30": -63, "2018-03-31": "-704.00000", "2017-12-31": -119, "2017-09-30": -674, "2017-06-30": -29, "2017-03-31": "-9.00000", "2016-12-31": -36, "2016-09-30": -77, "2016-06-30": -4196, "2016-03-31": "-23.00000", "2015-12-31": -13, "2015-09-30": -48, "2015-06-30": -8, "2015-03-31": "-84.00000", "2014-12-31": -91, "2014-09-30": -368, "2014-06-30": -185, "2014-03-31": "-272.00000", "2013-12-31": -1634, "2013-09-30": -24, "2013-06-30": -62, "2013-03-31": "-600.00000", "2012-12-31": -107, "2012-09-30": -37, "2012-06-30": -1, "2012-03-31": "-9.00000", "2011-12-31": -144, "2011-09-30": -144, "2011-06-30": -323, "2011-03-31": "-1455.00000", "2010-12-31": -203, "2010-09-30": -0.6, "2010-06-30": -4, "2010-03-31": "-57.40000", "2009-12-31": -552.3, "2009-09-30": -8.6, "2009-06-30": -6.5, "2009-03-31": "-2.60000", "2008-12-31": -3.4, "2008-09-30": -2.2, "2008-06-30": -2.4, "2008-03-31": "-6.20000", "2007-12-31": -8.5, "2007-09-30": -8.7, "2007-06-30": 112.8, "2007-03-31": "-5.70000", "2006-12-31": -7.1, "2006-09-30": -10.6, "2006-06-30": -28.8, "2006-03-31": "-47.40000", "2005-12-31": -1.6, "2005-09-30": -2, "2005-06-30": -3, "2005-03-31": "-50.10000"}, "Net Change In Short-term Investments": {"2020-12-31": -3, "2020-09-30": 2, "2020-06-30": 4, "2020-03-31": "4.00000", "2019-12-31": 0, "2019-09-30": -2, "2019-06-30": -2, "2019-03-31": "-1.00000", "2018-12-31": 209, "2018-09-30": -13, "2018-06-30": -4, "2018-03-31": "-24.00000", "2017-12-31": -154, "2017-09-30": 1, "2017-06-30": -32, "2017-03-31": "2.00000", "2016-12-31": 770, "2016-09-30": -672, "2016-06-30": 341, "2016-03-31": "195.00000", "2015-12-31": -493, "2015-09-30": 440, "2015-06-30": 1976, "2015-03-31": "456.00000", "2014-12-31": 64, "2014-09-30": -8, "2014-06-30": -776, "2014-03-31": "-9.00000", "2013-12-31": 1399, "2013-09-30": -301, "2013-06-30": -1089, "2013-03-31": "289.00000", "2012-12-31": -413, "2012-09-30": -333, "2012-06-30": 436, "2012-03-31": "-62.00000", "2011-12-31": -172, "2011-09-30": -297, "2011-06-30": -13, "2011-03-31": "572.00000", "2010-12-31": 954, "2010-09-30": -190.7, "2010-06-30": -655.4, "2010-03-31": "-516.90000", "2009-12-31": -230.1999, "2009-09-30": -244.5001, "2009-06-30": -55.1, "2009-03-31": "-98.20000", "2008-12-31": 36.2994, "2008-09-30": 545.0996, "2008-06-30": -202.0996, "2008-03-31": "91.59980", "2007-12-31": -207.2002, "2007-09-30": -263.1999, "2007-06-30": -437.7, "2007-03-31": "-171.39990", "2006-12-31": -89.9, "2006-09-30": -165.5, "2006-06-30": -62.3, "2006-03-31": "-110.40000", "2005-12-31": -239.6, "2005-09-30": -122.5, "2005-06-30": -212.9, "2005-03-31": ""}, "Net Change In Long-Term Investments": {"2020-12-31": 0, "2020-09-30": 0, "2020-06-30": 0, "2020-03-31": "", "2019-12-31": 0, "2019-09-30": 0, "2019-06-30": 0, "2019-03-31": "", "2018-12-31": 0, "2018-09-30": 0, "2018-06-30": 0, "2018-03-31": "", "2017-12-31": 0, "2017-09-30": 0, "2017-06-30": 0, "2017-03-31": "", "2016-12-31": 0, "2016-09-30": 0, "2016-06-30": 0, "2016-03-31": "", "2015-12-31": 0, "2015-09-30": 0, "2015-06-30": 0, "2015-03-31": "", "2014-12-31": 0, "2014-09-30": 0, "2014-06-30": 0, "2014-03-31": "", "2013-12-31": 0, "2013-09-30": 0, "2013-06-30": 0, "2013-03-31": "", "2012-12-31": 0, "2012-09-30": 0, "2012-06-30": 0, "2012-03-31": "", "2011-12-31": 0, "2011-09-30": 0, "2011-06-30": 0, "2011-03-31": "", "2010-12-31": 0, "2010-09-30": 0, "2010-06-30": 0, "2010-03-31": "", "2009-12-31": 0, "2009-09-30": 0, "2009-06-30": 0, "2009-03-31": "", "2008-12-31": 0, "2008-09-30": 0, "2008-06-30": 0, "2008-03-31": "", "2007-12-31": 0, "2007-09-30": 0, "2007-06-30": 0, "2007-03-31": "", "2006-12-31": 0, "2006-09-30": 0, "2006-06-30": 0, "2006-03-31": "", "2005-12-31": 0, "2005-09-30": 0, "2005-06-30": 0, "2005-03-31": ""}, "Net Change In Investments - Total": {"2020-12-31": -3, "2020-09-30": 2, "2020-06-30": 4, "2020-03-31": "4.00000", "2019-12-31": 0, "2019-09-30": -2, "2019-06-30": -2, "2019-03-31": "-1.00000", "2018-12-31": 209, "2018-09-30": -13, "2018-06-30": -4, "2018-03-31": "-24.00000", "2017-12-31": -154, "2017-09-30": 1, "2017-06-30": -32, "2017-03-31": "2.00000", "2016-12-31": 770, "2016-09-30": -672, "2016-06-30": 341, "2016-03-31": "195.00000", "2015-12-31": -493, "2015-09-30": 440, "2015-06-30": 1976, "2015-03-31": "456.00000", "2014-12-31": 64, "2014-09-30": -8, "2014-06-30": -776, "2014-03-31": "-9.00000", "2013-12-31": 1399, "2013-09-30": -301, "2013-06-30": -1089, "2013-03-31": "289.00000", "2012-12-31": -413, "2012-09-30": -333, "2012-06-30": 436, "2012-03-31": "-62.00000", "2011-12-31": -172, "2011-09-30": -297, "2011-06-30": -13, "2011-03-31": "572.00000", "2010-12-31": 954, "2010-09-30": -190.7, "2010-06-30": -655.4, "2010-03-31": "-516.90000", "2009-12-31": -230.1999, "2009-09-30": -244.5001, "2009-06-30": -55.1, "2009-03-31": "-98.20000", "2008-12-31": 36.2994, "2008-09-30": 545.0996, "2008-06-30": -202.0996, "2008-03-31": "91.59980", "2007-12-31": -207.2002, "2007-09-30": -263.1999, "2007-06-30": -437.7, "2007-03-31": "-171.39990", "2006-12-31": -89.9, "2006-09-30": -165.5, "2006-06-30": -62.3, "2006-03-31": "-110.40000", "2005-12-31": -239.6, "2005-09-30": -122.5, "2005-06-30": -212.9, "2005-03-31": ""}, "Investing Activities - Other": {"2020-12-31": 12, "2020-09-30": -2, "2020-06-30": -9, "2020-03-31": "", "2019-12-31": 1, "2019-09-30": 0, "2019-06-30": 0, "2019-03-31": "", "2018-12-31": -2, "2018-09-30": 0, "2018-06-30": 0, "2018-03-31": "", "2017-12-31": -1, "2017-09-30": 0, "2017-06-30": 0, "2017-03-31": "", "2016-12-31": 1, "2016-09-30": -4, "2016-06-30": 0, "2016-03-31": "", "2015-12-31": 0, "2015-09-30": 0, "2015-06-30": 0, "2015-03-31": "", "2014-12-31": 0, "2014-09-30": 0, "2014-06-30": 0, "2014-03-31": "", "2013-12-31": 0, "2013-09-30": 0, "2013-06-30": 0, "2013-03-31": "", "2012-12-31": 0, "2012-09-30": 0, "2012-06-30": 0, "2012-03-31": "", "2011-12-31": 0, "2011-09-30": 0, "2011-06-30": 0, "2011-03-31": "", "2010-12-31": 0, "2010-09-30": 0, "2010-06-30": 0, "2010-03-31": "", "2009-12-31": 0, "2009-09-30": 0, "2009-06-30": 0, "2009-03-31": "", "2008-12-31": 0, "2008-09-30": 0, "2008-06-30": 0, "2008-03-31": "", "2007-12-31": 0, "2007-09-30": 0, "2007-06-30": -0.4, "2007-03-31": "-1.20000", "2006-12-31": -1.9, "2006-09-30": -1, "2006-06-30": -8.3, "2006-03-31": "", "2005-12-31": -12.9, "2005-09-30": 0, "2005-06-30": 0, "2005-03-31": ""}, "Cash Flow From Investing Activities": {"2020-12-31": -4352, "2020-09-30": -69, "2020-06-30": -117, "2020-03-31": "-163.00000", "2019-12-31": -719, "2019-09-30": -186, "2019-06-30": -247, "2019-03-31": "-303.00000", "2018-12-31": -1628, "2018-09-30": -156, "2018-06-30": -224, "2018-03-31": "-849.00000", "2017-12-31": -460, "2017-09-30": -815, "2017-06-30": -192, "2017-03-31": "-146.00000", "2016-12-31": -177, "2016-09-30": -102, "2016-06-30": -3969, "2016-03-31": "57.00000", "2015-12-31": -585, "2015-09-30": 315, "2015-06-30": 1900, "2015-03-31": "326.00000", "2014-12-31": -88, "2014-09-30": -424, "2014-06-30": -1015, "2014-03-31": "-351.00000", "2013-12-31": -291, "2013-09-30": -368, "2013-06-30": -1198, "2013-03-31": "-360.00000", "2012-12-31": -569, "2012-09-30": -428, "2012-06-30": 384, "2012-03-31": "-123.00000", "2011-12-31": -380, "2011-09-30": -497, "2011-06-30": -380, "2011-03-31": "-878.00000", "2010-12-31": 703, "2010-09-30": -196, "2010-06-30": -696.6, "2010-03-31": "-605.40000", "2009-12-31": -824.4, "2009-09-30": -311, "2009-06-30": -61.9, "2009-03-31": "-130.70000", "2008-12-31": -5, "2008-09-30": 506.1, "2008-06-30": -245.6, "2008-03-31": "54.60000", "2007-12-31": -280.4, "2007-09-30": -314.6, "2007-06-30": -364.3, "2007-03-31": "-218.90000", "2006-12-31": -161.6, "2006-09-30": -224.7, "2006-06-30": -146.4, "2006-03-31": "-209.60000", "2005-12-31": -327.3, "2005-09-30": -193.7, "2005-06-30": -286.8, "2005-03-31": "-95.20000"}, "Net Long-Term Debt": {"2020-12-31": -804, "2020-09-30": 0, "2020-06-30": 2293, "2020-03-31": "-500.00000", "2019-12-31": 2641, "2019-09-30": 0, "2019-06-30": 0, "2019-03-31": "-1341.00000", "2018-12-31": 2462, "2018-09-30": 0, "2018-06-30": -600, "2018-03-31": "595.00000", "2017-12-31": 1, "2017-09-30": 0, "2017-06-30": 194, "2017-03-31": "304.00000", "2016-12-31": -115, "2016-09-30": -793, "2016-06-30": 156, "2016-03-31": "3455.00000", "2015-12-31": 549, "2015-09-30": -3, "2015-06-30": 2, "2015-03-31": "-500.00000", "2014-12-31": -36, "2014-09-30": 102, "2014-06-30": 804, "2014-03-31": "289.00000", "2013-12-31": -9, "2013-09-30": 3, "2013-06-30": 2, "2013-03-31": "1009.00000", "2012-12-31": -6, "2012-09-30": 1, "2012-06-30": -5, "2012-03-31": "6.00000", "2011-12-31": -10, "2011-09-30": 765, "2011-06-30": -20, "2011-03-31": "2.00000", "2010-12-31": 17, "2010-09-30": -1.0001, "2010-06-30": -7.2999, "2010-03-31": "1006.30000", "2009-12-31": -0.2, "2009-09-30": -1, "2009-06-30": -2.7, "2009-03-31": "0.90000", "2008-12-31": 0.8, "2008-09-30": -1.2, "2008-06-30": 6.3, "2008-03-31": "0.80000", "2007-12-31": -0.9, "2007-09-30": -0.6, "2007-06-30": 1.9, "2007-03-31": "0.40000", "2006-12-31": -1.4, "2006-09-30": 1, "2006-06-30": -128.7, "2006-03-31": "-98.10000", "2005-12-31": 222.1, "2005-09-30": -0.8, "2005-06-30": 0.2, "2005-03-31": ""}, "Net Current Debt": {"2020-12-31": -3, "2020-09-30": -5, "2020-06-30": 4, "2020-03-31": "4.00000", "2019-12-31": 0, "2019-09-30": -13, "2019-06-30": 18, "2019-03-31": "-12.00000", "2018-12-31": 7, "2018-09-30": -1, "2018-06-30": -106, "2018-03-31": "99.00000", "2017-12-31": -2, "2017-09-30": -143, "2017-06-30": -55, "2017-03-31": "", "2016-12-31": 209, "2016-09-30": 0, "2016-06-30": 0, "2016-03-31": "", "2015-12-31": 0, "2015-09-30": 0, "2015-06-30": 0, "2015-03-31": "", "2014-12-31": 0, "2014-09-30": 0, "2014-06-30": 0, "2014-03-31": "", "2013-12-31": 0, "2013-09-30": 0, "2013-06-30": 0, "2013-03-31": "", "2012-12-31": 0, "2012-09-30": 0, "2012-06-30": 0, "2012-03-31": "", "2011-12-31": 0, "2011-09-30": 0, "2011-06-30": 0, "2011-03-31": "", "2010-12-31": 0, "2010-09-30": 0, "2010-06-30": 0, "2010-03-31": "", "2009-12-31": 0, "2009-09-30": 0, "2009-06-30": 0, "2009-03-31": "", "2008-12-31": 0, "2008-09-30": 0, "2008-06-30": 0, "2008-03-31": "", "2007-12-31": 0, "2007-09-30": 0, "2007-06-30": 0, "2007-03-31": "", "2006-12-31": 0, "2006-09-30": 0, "2006-06-30": 0, "2006-03-31": "", "2005-12-31": 0, "2005-09-30": 0, "2005-06-30": 0, "2005-03-31": ""}, "Debt Issuance/Retirement Net - Total": {"2020-12-31": -807, "2020-09-30": -5, "2020-06-30": 2297, "2020-03-31": "-496.00000", "2019-12-31": 2641, "2019-09-30": -13, "2019-06-30": 18, "2019-03-31": "-1353.00000", "2018-12-31": 2469, "2018-09-30": -1, "2018-06-30": -706, "2018-03-31": "694.00000", "2017-12-31": -1, "2017-09-30": -143, "2017-06-30": 139, "2017-03-31": "304.00000", "2016-12-31": 94, "2016-09-30": -793, "2016-06-30": 156, "2016-03-31": "3455.00000", "2015-12-31": 549, "2015-09-30": -3, "2015-06-30": 2, "2015-03-31": "-500.00000", "2014-12-31": -36, "2014-09-30": 102, "2014-06-30": 804, "2014-03-31": "289.00000", "2013-12-31": -9, "2013-09-30": 3, "2013-06-30": 2, "2013-03-31": "1009.00000", "2012-12-31": -6, "2012-09-30": 1, "2012-06-30": -5, "2012-03-31": "6.00000", "2011-12-31": -10, "2011-09-30": 765, "2011-06-30": -20, "2011-03-31": "2.00000", "2010-12-31": 17, "2010-09-30": -1.0001, "2010-06-30": -7.2999, "2010-03-31": "1006.30000", "2009-12-31": -0.2, "2009-09-30": -1, "2009-06-30": -2.7, "2009-03-31": "0.90000", "2008-12-31": 0.8, "2008-09-30": -1.2, "2008-06-30": 6.3, "2008-03-31": "0.80000", "2007-12-31": -0.9, "2007-09-30": -0.6, "2007-06-30": 1.9, "2007-03-31": "0.40000", "2006-12-31": -1.4, "2006-09-30": 1, "2006-06-30": -128.7, "2006-03-31": "-98.10000", "2005-12-31": 222.1, "2005-09-30": -0.8, "2005-06-30": 0.2, "2005-03-31": ""}, "Net Common Equity Issued/Repurchased": {"2020-12-31": 0, "2020-09-30": 0, "2020-06-30": 0, "2020-03-31": "", "2019-12-31": 0, "2019-09-30": 0, "2019-06-30": 0, "2019-03-31": "-307.00000", "2018-12-31": 0, "2018-09-30": 0, "2018-06-30": 0, "2018-03-31": "-300.00000", "2017-12-31": 0, "2017-09-30": 0, "2017-06-30": 0, "2017-03-31": "-230.00000", "2016-12-31": 0, "2016-09-30": 0, "2016-06-30": 41, "2016-03-31": "-54.00000", "2015-12-31": -254, "2015-09-30": -122, "2015-06-30": -194, "2015-03-31": "-130.00000", "2014-12-31": 0, "2014-09-30": -40, "2014-06-30": -60, "2014-03-31": "", "2013-12-31": -65, "2013-09-30": -2, "2013-06-30": 0, "2013-03-31": "-250.00000", "2012-12-31": 0, "2012-09-30": -19, "2012-06-30": -39, "2012-03-31": "-50.00000", "2011-12-31": -83, "2011-09-30": -289, "2011-06-30": 0, "2011-03-31": "-250.00000", "2010-12-31": -318, "2010-09-30": 0.7, "2010-06-30": 1.1, "2010-03-31": "-109.80000", "2009-12-31": -6, "2009-09-30": 2.3, "2009-06-30": 2.4, "2009-03-31": "1.30000", "2008-12-31": -385.8, "2008-09-30": -589.3, "2008-06-30": 10.7, "2008-03-31": "14.50000", "2007-12-31": 16.8, "2007-09-30": 15.2, "2007-06-30": 20.2, "2007-03-31": "17.30000", "2006-12-31": 21.2, "2006-09-30": 7.9, "2006-06-30": 5.9, "2006-03-31": "13.60000", "2005-12-31": 12.9, "2005-09-30": 5.8, "2005-06-30": 5.8, "2005-03-31": "5.90000"}, "Net Total Equity Issued/Repurchased": {"2020-12-31": 0, "2020-09-30": 0, "2020-06-30": 0, "2020-03-31": "", "2019-12-31": 0, "2019-09-30": 0, "2019-06-30": 0, "2019-03-31": "-307.00000", "2018-12-31": 0, "2018-09-30": 0, "2018-06-30": 0, "2018-03-31": "-300.00000", "2017-12-31": 0, "2017-09-30": 0, "2017-06-30": 0, "2017-03-31": "-230.00000", "2016-12-31": 0, "2016-09-30": 0, "2016-06-30": 41, "2016-03-31": "-54.00000", "2015-12-31": -254, "2015-09-30": -122, "2015-06-30": -194, "2015-03-31": "-130.00000", "2014-12-31": 0, "2014-09-30": -40, "2014-06-30": -60, "2014-03-31": "", "2013-12-31": -65, "2013-09-30": -2, "2013-06-30": 0, "2013-03-31": "-250.00000", "2012-12-31": 0, "2012-09-30": -19, "2012-06-30": -39, "2012-03-31": "-50.00000", "2011-12-31": -83, "2011-09-30": -289, "2011-06-30": 0, "2011-03-31": "-250.00000", "2010-12-31": -318, "2010-09-30": 0.7, "2010-06-30": 1.1, "2010-03-31": "-109.80000", "2009-12-31": -6, "2009-09-30": 2.3, "2009-06-30": 2.4, "2009-03-31": "1.30000", "2008-12-31": -385.8, "2008-09-30": -589.3, "2008-06-30": 10.7, "2008-03-31": "14.50000", "2007-12-31": 16.8, "2007-09-30": 15.2, "2007-06-30": 20.2, "2007-03-31": "17.30000", "2006-12-31": 21.2, "2006-09-30": 7.9, "2006-06-30": 5.9, "2006-03-31": "13.60000", "2005-12-31": 12.9, "2005-09-30": 5.8, "2005-06-30": 5.8, "2005-03-31": "5.90000"}, "Total Common And Preferred Stock Dividends Paid": {"2020-12-31": -216, "2020-09-30": -216, "2020-06-30": -216, "2020-03-31": "-215.00000", "2019-12-31": -193, "2019-09-30": -195, "2019-06-30": -195, "2019-03-31": "-195.00000", "2018-12-31": -175, "2018-09-30": -176, "2018-06-30": -176, "2018-03-31": "-176.00000", "2017-12-31": -159, "2017-09-30": -159, "2017-06-30": -159, "2017-03-31": "-159.00000", "2016-12-31": -142, "2016-09-30": -142, "2016-06-30": -142, "2016-03-31": "-142.00000", "2015-12-31": -130, "2015-09-30": -130, "2015-06-30": -130, "2015-03-31": "-131.00000", "2014-12-31": -116, "2014-09-30": -115, "2014-06-30": -116, "2014-03-31": "-115.00000", "2013-12-31": -100, "2013-09-30": -100, "2013-06-30": -100, "2013-03-31": "-101.00000", "2012-12-31": -81, "2012-09-30": -81, "2012-06-30": -81, "2012-03-31": "-81.00000", "2011-12-31": -69, "2011-09-30": -70, "2011-06-30": -69, "2011-03-31": "-71.00000", "2010-12-31": -59, "2010-09-30": -59.8, "2010-06-30": -59.5, "2010-03-31": "-59.70000", "2009-12-31": -39.4, "2009-09-30": -158.6, "2009-06-30": 158.6, "2009-03-31": "-158.60000", "2008-12-31": 0, "2008-09-30": 0, "2008-06-30": 0, "2008-03-31": "-135.60000", "2007-12-31": 0, "2007-09-30": 0, "2007-06-30": 0, "2007-03-31": "-89.70000", "2006-12-31": 0, "2006-09-30": 0, "2006-06-30": 0, "2006-03-31": "-44.60000", "2005-12-31": 0, "2005-09-30": 0, "2005-06-30": 0, "2005-03-31": "-36.20000"}, "Financial Activities - Other": {"2020-12-31": -34, "2020-09-30": -21, "2020-06-30": -25, "2020-03-31": "-57.00000", "2019-12-31": -85, "2019-09-30": -17, "2019-06-30": -11, "2019-03-31": "-92.00000", "2018-12-31": -14, "2018-09-30": -2, "2018-06-30": -35, "2018-03-31": "-73.00000", "2017-12-31": -112, "2017-09-30": -43, "2017-06-30": -20, "2017-03-31": "-52.00000", "2016-12-31": -4, "2016-09-30": -13, "2016-06-30": -56, "2016-03-31": "", "2015-12-31": -86, "2015-09-30": 4, "2015-06-30": 5, "2015-03-31": "27.00000", "2014-12-31": 70, "2014-09-30": -3, "2014-06-30": -44, "2014-03-31": "9.00000", "2013-12-31": 21, "2013-09-30": -6, "2013-06-30": 5, "2013-03-31": "-7.00000", "2012-12-31": 24, "2012-09-30": -11, "2012-06-30": -23, "2012-03-31": "-3.00000", "2011-12-31": 23, "2011-09-30": -18, "2011-06-30": 68, "2011-03-31": "-70.00000", "2010-12-31": 11, "2010-09-30": -63.8, "2010-06-30": 50.6, "2010-03-31": "61.20000", "2009-12-31": 31.9, "2009-09-30": 4.6, "2009-06-30": -51.2, "2009-03-31": "22.70000", "2008-12-31": 19.9, "2008-09-30": 33, "2008-06-30": -10.2, "2008-03-31": "-10.00000", "2007-12-31": 14.5, "2007-09-30": -0.3, "2007-06-30": 5.6, "2007-03-31": "13.20000", "2006-12-31": 5.8, "2006-09-30": -12.6, "2006-06-30": 2.2, "2006-03-31": "24.60000", "2005-12-31": 19.6, "2005-09-30": 13.6, "2005-06-30": -12.2, "2005-03-31": "-4.40000"}, "Cash Flow From Financial Activities": {"2020-12-31": -1057, "2020-09-30": -242, "2020-06-30": 2056, "2020-03-31": "-768.00000", "2019-12-31": 2363, "2019-09-30": -225, "2019-06-30": -188, "2019-03-31": "-1947.00000", "2018-12-31": 2280, "2018-09-30": -179, "2018-06-30": -917, "2018-03-31": "145.00000", "2017-12-31": -272, "2017-09-30": -345, "2017-06-30": -40, "2017-03-31": "-137.00000", "2016-12-31": -52, "2016-09-30": -948, "2016-06-30": -1, "2016-03-31": "3259.00000", "2015-12-31": 79, "2015-09-30": -251, "2015-06-30": -317, "2015-03-31": "-734.00000", "2014-12-31": -82, "2014-09-30": -56, "2014-06-30": 584, "2014-03-31": "183.00000", "2013-12-31": -153, "2013-09-30": -105, "2013-06-30": -93, "2013-03-31": "651.00000", "2012-12-31": -63, "2012-09-30": -110, "2012-06-30": -148, "2012-03-31": "-128.00000", "2011-12-31": -139, "2011-09-30": 388, "2011-06-30": -21, "2011-03-31": "-389.00000", "2010-12-31": -349, "2010-09-30": -123.9, "2010-06-30": -15.1, "2010-03-31": "898.00000", "2009-12-31": -13.7, "2009-09-30": -152.7, "2009-06-30": 107.1, "2009-03-31": "-133.70000", "2008-12-31": -365.1, "2008-09-30": -557.5, "2008-06-30": 6.8, "2008-03-31": "-130.30000", "2007-12-31": 30.4, "2007-09-30": 14.3, "2007-06-30": 27.7, "2007-03-31": "-58.80000", "2006-12-31": 25.6, "2006-09-30": -3.7, "2006-06-30": -120.6, "2006-03-31": "-104.50000", "2005-12-31": 254.6, "2005-09-30": 18.6, "2005-06-30": -6.2, "2005-03-31": "-34.70000"}, "Net Cash Flow": {"2020-12-31": -4140, "2020-09-30": 544, "2020-06-30": 2575, "2020-03-31": "-373.00000", "2019-12-31": 2389, "2019-09-30": 194, "2019-06-30": 80, "2019-03-31": "-1942.00000", "2018-12-31": 1698, "2018-09-30": 277, "2018-06-30": -538, "2018-03-31": "-363.00000", "2017-12-31": -50, "2017-09-30": -1057, "2017-06-30": 436, "2017-03-31": "-103.00000", "2016-12-31": 363, "2016-09-30": -537, "2016-06-30": -3486, "2016-03-31": "3597.00000", "2015-12-31": 216, "2015-09-30": -463, "2015-06-30": 1952, "2015-03-31": "-121.00000", "2014-12-31": 439, "2014-09-30": 37, "2014-06-30": -62, "2014-03-31": "42.00000", "2013-12-31": 229, "2013-09-30": 139, "2013-06-30": -942, "2013-03-31": "518.00000", "2012-12-31": -28, "2012-09-30": 30, "2012-06-30": 703, "2012-03-31": "-215.00000", "2011-12-31": 95, "2011-09-30": 313, "2011-06-30": -238, "2011-03-31": "-1023.00000", "2010-12-31": 832, "2010-09-30": 140.5, "2010-06-30": -417.3, "2010-03-31": "543.80000", "2009-12-31": -301.2, "2009-09-30": 278.7, "2009-06-30": -4.2, "2009-03-31": "-15.30000", "2008-12-31": 33.1, "2008-09-30": 246.4, "2008-06-30": -1.9, "2008-03-31": "133.00000", "2007-12-31": 119.6, "2007-09-30": 0.9, "2007-06-30": -124.3, "2007-03-31": "-122.30000", "2006-12-31": 233.9, "2006-09-30": 53, "2006-06-30": -68.7, "2006-03-31": "-292.80000", "2005-12-31": 290.8, "2005-09-30": 82, "2005-06-30": -126.3, "2005-03-31": "-104.70000"}, "Stock-Based Compensation": {"2020-12-31": -115, "2020-09-30": 29, "2020-06-30": 30, "2020-03-31": "56.00000", "2019-12-31": 32, "2019-09-30": 32, "2019-06-30": 28, "2019-03-31": "35.00000", "2018-12-31": 32, "2018-09-30": 30, "2018-06-30": 28, "2018-03-31": "29.00000", "2017-12-31": 28, "2017-09-30": 27, "2017-06-30": 26, "2017-03-31": "32.00000", "2016-12-31": 26, "2016-09-30": 22, "2016-06-30": 21, "2016-03-31": "28.00000", "2015-12-31": 21, "2015-09-30": 21, "2015-06-30": 21, "2015-03-31": "23.00000", "2014-12-31": 19, "2014-09-30": 17, "2014-06-30": 20, "2014-03-31": "21.00000", "2013-12-31": 19, "2013-09-30": 19, "2013-06-30": 18, "2013-03-31": "20.00000", "2012-12-31": 18, "2012-09-30": 18, "2012-06-30": 18, "2012-03-31": "21.00000", "2011-12-31": 17, "2011-09-30": 19, "2011-06-30": 19, "2011-03-31": "20.00000", "2010-12-31": 16, "2010-09-30": 16.9, "2010-06-30": 17.3, "2010-03-31": "18.80000", "2009-12-31": 15, "2009-09-30": 32, "2009-06-30": -1.7, "2009-03-31": "16.70000", "2008-12-31": 14.7, "2008-09-30": 16.7, "2008-06-30": 17, "2008-03-31": "17.10000", "2007-12-31": 15.5, "2007-09-30": 14.5, "2007-06-30": 15.4, "2007-03-31": "15.90000", "2006-12-31": 12.8, "2006-09-30": 14.8, "2006-06-30": 14.3, "2006-03-31": "15.00000", "2005-12-31": 11.5, "2005-09-30": 17.7, "2005-06-30": 10.2, "2005-03-31": "10.00000"}, "Common Stock Dividends Paid": {"2020-12-31": -216, "2020-09-30": -216, "2020-06-30": -216, "2020-03-31": "-215.00000", "2019-12-31": -193, "2019-09-30": -195, "2019-06-30": -195, "2019-03-31": "-195.00000", "2018-12-31": -175, "2018-09-30": -176, "2018-06-30": -176, "2018-03-31": "-176.00000", "2017-12-31": -159, "2017-09-30": -159, "2017-06-30": -159, "2017-03-31": "-159.00000", "2016-12-31": -142, "2016-09-30": -142, "2016-06-30": -142, "2016-03-31": "-142.00000", "2015-12-31": -130, "2015-09-30": -130, "2015-06-30": -130, "2015-03-31": "-131.00000", "2014-12-31": -116, "2014-09-30": -115, "2014-06-30": -116, "2014-03-31": "-115.00000", "2013-12-31": -100, "2013-09-30": -100, "2013-06-30": -100, "2013-03-31": "-101.00000", "2012-12-31": -81, "2012-09-30": -81, "2012-06-30": -81, "2012-03-31": "-81.00000", "2011-12-31": -69, "2011-09-30": -70, "2011-06-30": -69, "2011-03-31": "-71.00000", "2010-12-31": -59, "2010-09-30": -59.8, "2010-06-30": -59.5, "2010-03-31": "-59.70000", "2009-12-31": -39.4, "2009-09-30": -158.6, "2009-06-30": 158.6, "2009-03-31": "-158.60000", "2008-12-31": 0, "2008-09-30": 0, "2008-06-30": 0, "2008-03-31": "-135.60000", "2007-12-31": 0, "2007-09-30": 0, "2007-06-30": 0, "2007-03-31": "-89.70000", "2006-12-31": 0, "2006-09-30": 0, "2006-06-30": 0, "2006-03-31": "-44.60000", "2005-12-31": 0, "2005-09-30": 0, "2005-06-30": 0, "2005-03-31": "-36.20000"}}, "financial ratios": {"Current Ratio": {"2019-12-31": "2.58180", "2018-12-31": "2.02480", "2017-12-31": "2.29350", "2016-12-31": "2.49710", "2015-12-31": "2.26810", "2014-12-31": "1.94660", "2013-12-31": "3.13700", "2012-12-31": "4.34330", "2011-12-31": "3.91680", "2010-12-31": "4.75510", "2009-12-31": "4.06050", "2008-12-31": "3.40560", "2007-12-31": "3.67960", "2006-12-31": "2.61510", "2005-12-31": "2.29830"}, "Long-term Debt / Capital": {"2019-12-31": "0.44410", "2018-12-31": "0.41980", "2017-12-31": "0.39770", "2016-12-31": "0.41180", "2015-12-31": "0.27510", "2014-12-31": "0.27410", "2013-12-31": "0.23240", "2012-12-31": "0.16880", "2011-12-31": "0.18560", "2010-12-31": "0.12190", "2009-12-31": "", "2008-12-31": "", "2007-12-31": "", "2006-12-31": "", "2005-12-31": "0.05290"}, "Debt/Equity Ratio": {"2019-12-31": "0.86590", "2018-12-31": "0.84050", "2017-12-31": "0.72360", "2016-12-31": "0.72400", "2015-12-31": "0.46970", "2014-12-31": "0.46220", "2013-12-31": "0.30550", "2012-12-31": "0.20500", "2011-12-31": "0.23010", "2010-12-31": "0.14230", "2009-12-31": "0.00270", "2008-12-31": "0.00380", "2007-12-31": "0.00310", "2006-12-31": "0.00350", "2005-12-31": "0.07020"}, "Gross Margin": {"2019-12-31": "65.14380", "2018-12-31": "65.71580", "2017-12-31": "65.73450", "2016-12-31": "66.26050", "2015-12-31": "66.37840", "2014-12-31": "65.69510", "2013-12-31": "66.72210", "2012-12-31": "67.87570", "2011-12-31": "66.16110", "2010-12-31": "68.77050", "2009-12-31": "67.51450", "2008-12-31": "68.27420", "2007-12-31": "68.91590", "2006-12-31": "68.59260", "2005-12-31": "67.68860"}, "Operating Margin": {"2019-12-31": "18.22760", "2018-12-31": "18.65300", "2017-12-31": "18.45870", "2016-12-31": "19.20530", "2015-12-31": "18.71100", "2014-12-31": "12.87860", "2013-12-31": "13.92310", "2012-12-31": "20.11090", "2011-12-31": "20.29610", "2010-12-31": "23.92080", "2009-12-31": "23.70970", "2008-12-31": "22.61020", "2007-12-31": "21.78650", "2006-12-31": "20.66370", "2005-12-31": "20.22390"}, "EBIT Margin": {"2019-12-31": "18.22760", "2018-12-31": "18.65300", "2017-12-31": "18.45870", "2016-12-31": "19.20530", "2015-12-31": "18.71100", "2014-12-31": "12.87860", "2013-12-31": "13.92310", "2012-12-31": "20.11090", "2011-12-31": "20.29610", "2010-12-31": "23.92080", "2009-12-31": "23.70970", "2008-12-31": "22.61020", "2007-12-31": "21.78650", "2006-12-31": "20.66370", "2005-12-31": "20.22390"}, "EBITDA Margin": {"2019-12-31": "23.45470", "2018-12-31": "23.96880", "2017-12-31": "23.61780", "2016-12-31": "24.02650", "2015-12-31": "22.70260", "2014-12-31": "16.78550", "2013-12-31": "17.32620", "2012-12-31": "23.31060", "2011-12-31": "22.22220", "2010-12-31": "26.17490", "2009-12-31": "29.43630", "2008-12-31": "28.37960", "2007-12-31": "27.89600", "2006-12-31": "26.96030", "2005-12-31": "26.35770"}, "Pre-Tax Profit Margin": {"2019-12-31": "17.21310", "2018-12-31": "17.32230", "2017-12-31": "16.57830", "2016-12-31": "16.96250", "2015-12-31": "17.44420", "2014-12-31": "11.98970", "2013-12-31": "13.43530", "2012-12-31": "19.69510", "2011-12-31": "20.29610", "2010-12-31": "23.62020", "2009-12-31": "24.15590", "2008-12-31": "23.52120", "2007-12-31": "22.83310", "2006-12-31": "21.25040", "2005-12-31": "20.33020"}, "Net Profit Margin": {"2019-12-31": "13.99490", "2018-12-31": "26.12310", "2017-12-31": "8.19670", "2016-12-31": "14.54310", "2015-12-31": "14.46810", "2014-12-31": "5.32300", "2013-12-31": "11.15180", "2012-12-31": "14.99370", "2011-12-31": "16.19120", "2010-12-31": "17.39070", "2009-12-31": "16.46590", "2008-12-31": "17.08490", "2007-12-31": "16.95530", "2006-12-31": "15.10920", "2005-12-31": "13.96430"}, "Asset Turnover": {"2019-12-31": "0.49340", "2018-12-31": "0.49950", "2017-12-31": "0.56060", "2016-12-31": "0.55420", "2015-12-31": "0.61310", "2014-12-31": "0.55990", "2013-12-31": "0.57300", "2012-12-31": "0.65550", "2011-12-31": "0.68390", "2010-12-31": "0.67190", "2009-12-31": "0.74110", "2008-12-31": "0.88360", "2007-12-31": "0.81600", "2006-12-31": "0.87630", "2005-12-31": "0.92320"}, "Inventory Turnover Ratio": {"2019-12-31": "1.58070", "2018-12-31": "1.57800", "2017-12-31": "1.72980", "2016-12-31": "1.88230", "2015-12-31": "2.04030", "2014-12-31": "2.09010", "2013-12-31": "2.11110", "2012-12-31": "2.19840", "2011-12-31": "2.19100", "2010-12-31": "2.16270", "2009-12-31": "2.31600", "2008-12-31": "2.23720", "2007-12-31": "2.34260", "2006-12-31": "2.38580", "2005-12-31": "2.64280"}, "Receiveable Turnover": {"2019-12-31": "5.14480", "2018-12-31": "5.83230", "2017-12-31": "5.66150", "2016-12-31": "5.75750", "2015-12-31": "5.98440", "2014-12-31": "6.15460", "2013-12-31": "5.94270", "2012-12-31": "6.05380", "2011-12-31": "5.86240", "2010-12-31": "5.84660", "2009-12-31": "5.86090", "2008-12-31": "5.94790", "2007-12-31": "5.82180", "2006-12-31": "5.93540", "2005-12-31": "5.98330"}, "Days Sales In Receivables": {"2019-12-31": "70.94500", "2018-12-31": "62.58220", "2017-12-31": "64.47040", "2016-12-31": "63.39560", "2015-12-31": "60.99240", "2014-12-31": "59.30540", "2013-12-31": "61.42000", "2012-12-31": "60.29230", "2011-12-31": "62.26130", "2010-12-31": "62.42900", "2009-12-31": "62.27750", "2008-12-31": "61.36580", "2007-12-31": "62.69570", "2006-12-31": "61.49520", "2005-12-31": "61.00360"}, "ROE - Return On Equity": {"2019-12-31": "16.26450", "2018-12-31": "30.28990", "2017-12-31": "10.22040", "2016-12-31": "17.24610", "2015-12-31": "16.90750", "2014-12-31": "5.99190", "2013-12-31": "11.11970", "2012-12-31": "15.09830", "2011-12-31": "17.50620", "2010-12-31": "17.74460", "2009-12-31": "16.78520", "2008-12-31": "21.22920", "2007-12-31": "18.34530", "2006-12-31": "18.40610", "2005-12-31": "19.16550"}, "Return On Tangible Equity": {"2019-12-31": "-425.97140", "2018-12-31": "-356.72690", "2017-12-31": "-153.38350", "2016-12-31": "-524.52230", "2015-12-31": "55.75360", "2014-12-31": "21.53910", "2013-12-31": "31.30060", "2012-12-31": "25.80000", "2011-12-31": "32.26190", "2010-12-31": "23.57840", "2009-12-31": "22.12410", "2008-12-31": "25.67100", "2007-12-31": "22.15810", "2006-12-31": "23.54560", "2005-12-31": "26.60580"}, "ROA - Return On Assets": {"2019-12-31": "6.90490", "2018-12-31": "13.04860", "2017-12-31": "4.59520", "2016-12-31": "8.05970", "2015-12-31": "8.87010", "2014-12-31": "2.98050", "2013-12-31": "6.39010", "2012-12-31": "9.82890", "2011-12-31": "11.07360", "2010-12-31": "11.68430", "2009-12-31": "12.20330", "2008-12-31": "15.09610", "2007-12-31": "13.41720", "2006-12-31": "13.13290", "2005-12-31": "12.66900"}, "ROI - Return On Investment": {"2019-12-31": "9.04160", "2018-12-31": "17.57520", "2017-12-31": "6.15570", "2016-12-31": "10.14410", "2015-12-31": "12.25620", "2014-12-31": "4.34930", "2013-12-31": "8.53560", "2012-12-31": "12.54960", "2011-12-31": "14.25690", "2010-12-31": "15.58140", "2009-12-31": "16.78520", "2008-12-31": "21.22920", "2007-12-31": "18.34530", "2006-12-31": "18.40610", "2005-12-31": "18.15230"}, "Book Value Per Share": {"2019-12-31": "34.19760", "2018-12-31": "31.33010", "2017-12-31": "26.65600", "2016-12-31": "25.49390", "2015-12-31": "22.81770", "2014-12-31": "22.73810", "2013-12-31": "23.93390", "2012-12-31": "22.62370", "2011-12-31": "20.16540", "2010-12-31": "18.34780", "2009-12-31": "16.57480", "2008-12-31": "13.63950", "2007-12-31": "13.08640", "2006-12-31": "10.27460", "2005-12-31": "8.14460"}, "Operating Cash Flow Per Share": {"2019-12-31": -1.0957, "2018-12-31": 2.7614, "2017-12-31": -0.9578, "2016-12-31": 2.4839, "2015-12-31": -2.0797, "2014-12-31": -0.2807, "2013-12-31": 0.6095, "2012-12-31": 0.6448, "2011-12-31": -0.1907, "2010-12-31": 0.2143, "2009-12-31": 0.8149, "2008-12-31": 0.3783, "2007-12-31": 0.3587, "2006-12-31": 0.0774, "2005-12-31": 2.0287}, "Free Cash Flow Per Share": {"2019-12-31": -1.2999, "2018-12-31": 2.8306, "2017-12-31": -1.2366, "2016-12-31": 1.8983, "2015-12-31": -2.1799, "2014-12-31": -0.379, "2013-12-31": 0.6474, "2012-12-31": 0.5047, "2011-12-31": -0.2961, "2010-12-31": 0.237, "2009-12-31": 0.8439, "2008-12-31": 0.4721, "2007-12-31": 0.4182, "2006-12-31": 0.1986, "2005-12-31": 1.3997}}, "financial ratios, quarterly": {"Current Ratio": {"2020-09-30": "2.88870", "2020-06-30": "2.90600", "2020-03-31": "2.57950", "2019-12-31": "2.58180", "2019-09-30": "2.18460", "2019-06-30": "2.07430", "2019-03-31": "2.12440", "2018-12-31": "2.02480", "2018-09-30": "1.90660", "2018-06-30": "1.83220", "2018-03-31": "1.63560", "2017-12-31": "2.29350", "2017-09-30": "2.36650", "2017-06-30": "2.38680", "2017-03-31": "3.08890", "2016-12-31": "2.49710", "2016-09-30": "2.43420", "2016-06-30": "2.17030", "2016-03-31": "3.55460", "2015-12-31": "2.26810", "2015-09-30": "2.26090", "2015-06-30": "2.40020", "2015-03-31": "2.36180", "2014-12-31": "1.94660", "2014-09-30": "2.21470", "2014-06-30": "2.52650", "2014-03-31": "2.37380", "2013-12-31": "3.13700", "2013-09-30": "3.95310", "2013-06-30": "4.40840", "2013-03-31": "4.65760", "2012-12-31": "4.34330", "2012-09-30": "4.84770", "2012-06-30": "4.83410", "2012-03-31": "4.66690", "2011-12-31": "3.91680", "2011-09-30": "4.43730", "2011-06-30": "4.05530", "2011-03-31": "4.09710", "2010-12-31": "4.75510", "2010-09-30": "5.36540", "2010-06-30": "5.32760", "2010-03-31": "4.89420", "2009-12-31": "4.06050", "2009-09-30": "4.80950", "2009-06-30": "4.87420", "2009-03-31": "4.23080", "2008-12-31": "3.40560", "2008-09-30": "4.36520", "2008-06-30": "4.76410", "2008-03-31": "4.40650", "2007-12-31": "3.67960", "2007-09-30": "4.08340", "2007-06-30": "3.90640", "2007-03-31": "3.48420", "2006-12-31": "2.61510", "2006-09-30": "2.80150", "2006-06-30": "2.70530", "2006-03-31": "2.48930", "2005-12-31": "2.29830", "2005-09-30": "2.28390", "2005-06-30": "2.28160", "2005-03-31": "2.19040"}, "Long-term Debt / Capital": {"2020-09-30": "0.48040", "2020-06-30": "0.48080", "2020-03-31": "0.41760", "2019-12-31": "0.44410", "2019-09-30": "0.39050", "2019-06-30": "0.40040", "2019-03-31": "0.40470", "2018-12-31": "0.41980", "2018-09-30": "0.37550", "2018-06-30": "0.38510", "2018-03-31": "0.39090", "2017-12-31": "0.39770", "2017-09-30": "0.38740", "2017-06-30": "0.39650", "2017-03-31": "0.42540", "2016-12-31": "0.41180", "2016-09-30": "0.41840", "2016-06-30": "0.42470", "2016-03-31": "0.43230", "2015-12-31": "0.27510", "2015-09-30": "0.22840", "2015-06-30": "0.27600", "2015-03-31": "0.28130", "2014-12-31": "0.27410", "2014-09-30": "0.27250", "2014-06-30": "0.26450", "2014-03-31": "0.19850", "2013-12-31": "0.23240", "2013-09-30": "0.23890", "2013-06-30": "0.24170", "2013-03-31": "0.24460", "2012-12-31": "0.16880", "2012-09-30": "0.17320", "2012-06-30": "0.18040", "2012-03-31": "0.17920", "2011-12-31": "0.18560", "2011-09-30": "0.18850", "2011-06-30": "0.11360", "2011-03-31": "0.11800", "2010-12-31": "0.12190", "2010-09-30": "0.12000", "2010-06-30": "0.12870", "2010-03-31": "0.12990", "2009-12-31": "", "2009-09-30": "", "2009-06-30": "", "2009-03-31": "", "2008-12-31": "", "2008-09-30": "", "2008-06-30": "", "2008-03-31": "", "2007-12-31": "", "2007-09-30": "", "2007-06-30": "", "2007-03-31": "0.00000", "2006-12-31": "", "2006-09-30": "0.00020", "2006-06-30": "0.00020", "2006-03-31": "0.02780", "2005-12-31": "0.05290", "2005-09-30": "0.00030", "2005-06-30": "0.00020", "2005-03-31": "0.00020"}, "Debt/Equity Ratio": {"2020-09-30": "1.01090", "2020-06-30": "1.01310", "2020-03-31": "0.80110", "2019-12-31": "0.86590", "2019-09-30": "0.68330", "2019-06-30": "0.71280", "2019-03-31": "0.72450", "2018-12-31": "0.84050", "2018-09-30": "0.73050", "2018-06-30": "0.76130", "2018-03-31": "0.85700", "2017-12-31": "0.72360", "2017-09-30": "0.69300", "2017-06-30": "0.73400", "2017-03-31": "0.74390", "2016-12-31": "0.72400", "2016-09-30": "0.73380", "2016-06-30": "0.84020", "2016-03-31": "0.84880", "2015-12-31": "0.46970", "2015-09-30": "0.41040", "2015-06-30": "0.40790", "2015-03-31": "0.41850", "2014-12-31": "0.46220", "2014-09-30": "0.45940", "2014-06-30": "0.42960", "2014-03-31": "0.33810", "2013-12-31": "0.30550", "2013-09-30": "0.31750", "2013-06-30": "0.32210", "2013-03-31": "0.32780", "2012-12-31": "0.20500", "2012-09-30": "0.21160", "2012-06-30": "0.22210", "2012-03-31": "0.22110", "2011-12-31": "0.23010", "2011-09-30": "0.23550", "2011-06-30": "0.13130", "2011-03-31": "0.13750", "2010-12-31": "0.14230", "2010-09-30": "0.13900", "2010-06-30": "0.15050", "2010-03-31": "0.15350", "2009-12-31": "0.00270", "2009-09-30": "0.00280", "2009-06-30": "0.00320", "2009-03-31": "0.00360", "2008-12-31": "0.00380", "2008-09-30": "0.00370", "2008-06-30": "0.00380", "2008-03-31": "0.00300", "2007-12-31": "0.00310", "2007-09-30": "0.00340", "2007-06-30": "0.00360", "2007-03-31": "0.00340", "2006-12-31": "0.00350", "2006-09-30": "0.00380", "2006-06-30": "0.00380", "2006-03-31": "0.03940", "2005-12-31": "0.07020", "2005-09-30": "0.00290", "2005-06-30": "0.00310", "2005-03-31": "0.00330"}, "Gross Margin": {"2020-09-30": "65.85500", "2020-06-30": "56.00580", "2020-03-31": "64.96660", "2019-12-31": "65.43210", "2019-09-30": "64.95680", "2019-06-30": "65.20550", "2019-03-31": "64.93170", "2018-12-31": "64.69970", "2018-09-30": "66.47130", "2018-06-30": "65.92410", "2018-03-31": "65.93640", "2017-12-31": "64.56350", "2017-09-30": "66.00130", "2017-06-30": "66.10230", "2017-03-31": "66.46360", "2016-12-31": "66.36050", "2016-09-30": "66.11370", "2016-06-30": "64.85920", "2016-03-31": "67.89580", "2015-12-31": "67.03500", "2015-09-30": "67.10740", "2015-06-30": "65.99510", "2015-03-31": "65.27950", "2014-12-31": "65.66080", "2014-09-30": "65.29930", "2014-06-30": "65.51000", "2014-03-31": "66.33410", "2013-12-31": "64.46520", "2013-09-30": "68.29380", "2013-06-30": "66.99820", "2013-03-31": "67.44290", "2012-12-31": "68.13520", "2012-09-30": "68.07990", "2012-06-30": "68.09120", "2012-03-31": "67.19110", "2011-12-31": "66.59140", "2011-09-30": "67.06060", "2011-06-30": "65.15150", "2011-03-31": "65.80650", "2010-12-31": "68.70210", "2010-09-30": "69.40050", "2010-06-30": "69.32660", "2010-03-31": "67.68380", "2009-12-31": "67.64080", "2009-09-30": "67.41670", "2009-06-30": "67.18470", "2009-03-31": "67.80740", "2008-12-31": "67.64060", "2008-09-30": "67.22930", "2008-06-30": "68.86600", "2008-03-31": "69.37710", "2007-12-31": "68.36740", "2007-09-30": "68.55220", "2007-06-30": "69.64540", "2007-03-31": "69.17570", "2006-12-31": "71.12640", "2006-09-30": "68.74340", "2006-06-30": "68.78270", "2006-03-31": "65.71280", "2005-12-31": "78.46240", "2005-09-30": "64.39120", "2005-06-30": "65.27980", "2005-03-31": "64.24120"}, "Operating Margin": {"2020-09-30": "22.98640", "2020-06-30": "-0.72360", "2020-03-31": "17.69790", "2019-12-31": "22.85160", "2019-09-30": "17.50770", "2019-06-30": "16.79450", "2019-03-31": "15.01710", "2018-12-31": "18.38780", "2018-09-30": "17.76680", "2018-06-30": "20.22880", "2018-03-31": "18.23510", "2017-12-31": "20.57040", "2017-09-30": "17.46510", "2017-06-30": "16.66670", "2017-03-31": "18.81560", "2016-12-31": "21.22270", "2016-09-30": "17.15500", "2016-06-30": "17.60560", "2016-03-31": "20.80160", "2015-12-31": "23.86740", "2015-09-30": "15.61980", "2015-06-30": "17.63980", "2015-03-31": "17.06600", "2014-12-31": "17.87620", "2014-09-30": "18.83630", "2014-06-30": "8.33690", "2014-03-31": "5.68330", "2013-12-31": "17.42300", "2013-09-30": "6.97350", "2013-06-30": "13.11030", "2013-03-31": "17.62560", "2012-12-31": "15.82550", "2012-09-30": "21.92980", "2012-06-30": "21.13010", "2012-03-31": "22.02680", "2011-12-31": "18.87130", "2011-09-30": "21.86120", "2011-06-30": "19.59920", "2011-03-31": "20.99260", "2010-12-31": "19.32620", "2010-09-30": "26.64030", "2010-06-30": "25.48630", "2010-03-31": "24.81240", "2009-12-31": "28.00280", "2009-09-30": "18.83510", "2009-06-30": "23.85120", "2009-03-31": "23.68080", "2008-12-31": "21.55160", "2008-09-30": "22.02660", "2008-06-30": "23.40890", "2008-03-31": "23.47650", "2007-12-31": "21.88650", "2007-09-30": "21.14640", "2007-06-30": "21.51400", "2007-03-31": "22.60260", "2006-12-31": "22.53640", "2006-09-30": "20.47760", "2006-06-30": "22.89590", "2006-03-31": "16.81430", "2005-12-31": "22.57110", "2005-09-30": "18.33770", "2005-06-30": "20.63840", "2005-03-31": "19.65910"}, "EBIT Margin": {"2020-09-30": "22.98640", "2020-06-30": "-0.72360", "2020-03-31": "17.69790", "2019-12-31": "22.85160", "2019-09-30": "17.50770", "2019-06-30": "16.79450", "2019-03-31": "15.01710", "2018-12-31": "18.38780", "2018-09-30": "17.76680", "2018-06-30": "20.22880", "2018-03-31": "18.23510", "2017-12-31": "20.57040", "2017-09-30": "17.46510", "2017-06-30": "16.66670", "2017-03-31": "18.81560", "2016-12-31": "21.22270", "2016-09-30": "17.15500", "2016-06-30": "17.60560", "2016-03-31": "20.80160", "2015-12-31": "23.86740", "2015-09-30": "15.61980", "2015-06-30": "17.63980", "2015-03-31": "17.06600", "2014-12-31": "17.87620", "2014-09-30": "18.83630", "2014-06-30": "8.33690", "2014-03-31": "5.68330", "2013-12-31": "17.42300", "2013-09-30": "6.97350", "2013-06-30": "13.11030", "2013-03-31": "17.62560", "2012-12-31": "15.82550", "2012-09-30": "21.92980", "2012-06-30": "21.13010", "2012-03-31": "22.02680", "2011-12-31": "18.87130", "2011-09-30": "21.86120", "2011-06-30": "19.59920", "2011-03-31": "20.99260", "2010-12-31": "19.32620", "2010-09-30": "26.64030", "2010-06-30": "25.48630", "2010-03-31": "24.81240", "2009-12-31": "28.00280", "2009-09-30": "18.83510", "2009-06-30": "23.85120", "2009-03-31": "23.68080", "2008-12-31": "21.55160", "2008-09-30": "22.02660", "2008-06-30": "23.40890", "2008-03-31": "23.47650", "2007-12-31": "21.88650", "2007-09-30": "21.14640", "2007-06-30": "21.51400", "2007-03-31": "22.60260", "2006-12-31": "22.53640", "2006-09-30": "20.47760", "2006-06-30": "22.89590", "2006-03-31": "16.81430", "2005-12-31": "22.57110", "2005-09-30": "18.33770", "2005-06-30": "20.63840", "2005-03-31": "19.65910"}, "EBITDA Margin": {"2020-09-30": "", "2020-06-30": "", "2020-03-31": "", "2019-12-31": "", "2019-09-30": "", "2019-06-30": "", "2019-03-31": "", "2018-12-31": "", "2018-09-30": "", "2018-06-30": "", "2018-03-31": "", "2017-12-31": "", "2017-09-30": "", "2017-06-30": "", "2017-03-31": "", "2016-12-31": "", "2016-09-30": "", "2016-06-30": "", "2016-03-31": "", "2015-12-31": "", "2015-09-30": "", "2015-06-30": "", "2015-03-31": "", "2014-12-31": "", "2014-09-30": "", "2014-06-30": "", "2014-03-31": "", "2013-12-31": "", "2013-09-30": "", "2013-06-30": "", "2013-03-31": "", "2012-12-31": "", "2012-09-30": "", "2012-06-30": "", "2012-03-31": "", "2011-12-31": "", "2011-09-30": "", "2011-06-30": "", "2011-03-31": "", "2010-12-31": "", "2010-09-30": "", "2010-06-30": "", "2010-03-31": "", "2009-12-31": "", "2009-09-30": "", "2009-06-30": "", "2009-03-31": "", "2008-12-31": "", "2008-09-30": "", "2008-06-30": "", "2008-03-31": "", "2007-12-31": "", "2007-09-30": "", "2007-06-30": "", "2007-03-31": "", "2006-12-31": "", "2006-09-30": "", "2006-06-30": "", "2006-03-31": "", "2005-12-31": "", "2005-09-30": "", "2005-06-30": "", "2005-03-31": ""}, "Pre-Tax Profit Margin": {"2020-09-30": "20.87240", "2020-06-30": "-3.14760", "2020-03-31": "16.44370", "2019-12-31": "22.65800", "2019-09-30": "16.19740", "2019-06-30": "15.47950", "2019-03-31": "13.65190", "2018-12-31": "17.30770", "2018-09-30": "16.47130", "2018-06-30": "18.75380", "2018-03-31": "16.72320", "2017-12-31": "18.69780", "2017-09-30": "15.66870", "2017-06-30": "14.74100", "2017-03-31": "16.88660", "2016-12-31": "18.62530", "2016-09-30": "14.79000", "2016-06-30": "15.24650", "2016-03-31": "19.27860", "2015-12-31": "22.54140", "2015-09-30": "14.25620", "2015-06-30": "16.48850", "2015-03-31": "15.84700", "2014-12-31": "17.60890", "2014-09-30": "17.78990", "2014-06-30": "7.06730", "2014-03-31": "4.64210", "2013-12-31": "17.46350", "2013-09-30": "6.36910", "2013-06-30": "12.16090", "2013-03-31": "17.12330", "2012-12-31": "15.31220", "2012-09-30": "21.63740", "2012-06-30": "20.65530", "2012-03-31": "21.65660", "2011-12-31": "19.54850", "2011-09-30": "21.22110", "2011-06-30": "20.08800", "2011-03-31": "20.39700", "2010-12-31": "18.98030", "2010-09-30": "26.13120", "2010-06-30": "25.17350", "2010-03-31": "24.77910", "2009-12-31": "28.52630", "2009-09-30": "19.01650", "2009-06-30": "24.47530", "2009-03-31": "24.13040", "2008-12-31": "22.12200", "2008-09-30": "22.74650", "2008-06-30": "24.53000", "2008-03-31": "24.71860", "2007-12-31": "23.15900", "2007-09-30": "21.87590", "2007-06-30": "22.66860", "2007-03-31": "23.59870", "2006-12-31": "23.43630", "2006-09-30": "21.13560", "2006-06-30": "23.28420", "2006-03-31": "17.20800", "2005-12-31": "23.19130", "2005-09-30": "18.28650", "2005-06-30": "20.62200", "2005-03-31": "19.60920"}, "Net Profit Margin": {"2020-09-30": "16.61760", "2020-06-30": "-3.00290", "2020-03-31": "13.74030", "2019-12-31": "17.55020", "2019-09-30": "12.99140", "2019-06-30": "13.15070", "2019-03-31": "11.71790", "2018-12-31": "54.47840", "2018-09-30": "18.19860", "2018-06-30": "13.60630", "2018-03-31": "13.66860", "2017-12-31": "-7.17370", "2017-09-30": "14.43780", "2017-06-30": "12.98140", "2017-03-31": "15.02540", "2016-12-31": "16.15460", "2016-09-30": "12.53090", "2016-06-30": "13.38030", "2016-03-31": "16.11220", "2015-12-31": "19.22650", "2015-09-30": "12.43800", "2015-06-30": "16.11840", "2015-03-31": "9.41570", "2014-12-31": "9.93120", "2014-09-30": "2.38590", "2014-06-30": "5.41680", "2014-03-31": "3.03690", "2013-12-31": "15.64020", "2013-09-30": "4.78850", "2013-06-30": "9.62930", "2013-03-31": "13.88130", "2012-12-31": "11.54830", "2012-09-30": "17.20270", "2012-06-30": "15.43210", "2012-03-31": "16.19620", "2011-12-31": "18.10380", "2011-09-30": "16.10040", "2011-06-30": "15.15150", "2011-03-31": "15.23570", "2010-12-31": "14.80420", "2010-09-30": "19.06110", "2010-06-30": "18.14360", "2010-03-31": "17.88120", "2009-12-31": "16.66210", "2009-09-30": "13.85110", "2009-06-30": "17.82410", "2009-03-31": "17.55450", "2008-12-31": "16.16230", "2008-09-30": "16.56380", "2008-06-30": "17.85590", "2008-03-31": "17.77410", "2007-12-31": "16.65160", "2007-09-30": "15.73770", "2007-06-30": "18.38490", "2007-03-31": "17.08170", "2006-12-31": "17.09170", "2006-09-30": "15.30340", "2006-06-30": "16.95200", "2006-03-31": "11.16660", "2005-12-31": "17.56080", "2005-09-30": "10.29950", "2005-06-30": "14.59050", "2005-03-31": "13.86280"}, "Asset Turnover": {"2020-09-30": "0.11570", "2020-06-30": "0.08780", "2020-03-31": "0.12190", "2019-12-31": "0.13690", "2019-09-30": "0.13460", "2019-06-30": "0.13850", "2019-03-31": "0.13560", "2018-12-31": "0.13940", "2018-09-30": "0.14680", "2018-06-30": "0.15400", "2018-03-31": "0.14640", "2017-12-31": "0.15640", "2017-09-30": "0.13990", "2017-06-30": "0.14150", "2017-03-31": "0.14400", "2016-12-31": "0.15450", "2016-09-30": "0.14030", "2016-06-30": "0.13840", "2016-03-31": "0.12690", "2015-12-31": "0.16740", "2015-09-30": "0.15200", "2015-06-30": "0.14460", "2015-03-31": "0.14350", "2014-12-31": "0.15150", "2014-09-30": "0.13640", "2014-06-30": "0.13720", "2014-03-31": "0.14260", "2013-12-31": "0.15680", "2013-09-30": "0.14450", "2013-06-30": "0.15380", "2013-03-31": "0.15540", "2012-12-31": "0.17700", "2012-09-30": "0.16060", "2012-06-30": "0.17180", "2012-03-31": "0.17340", "2011-12-31": "0.18240", "2011-09-30": "0.16810", "2011-06-30": "0.17640", "2011-03-31": "0.17940", "2010-12-31": "0.18310", "2010-09-30": "0.16410", "2010-06-30": "0.17480", "2010-03-31": "0.17820", "2009-12-31": "0.20220", "2009-09-30": "0.19540", "2009-06-30": "0.20630", "2009-03-31": "0.21110", "2008-12-31": "0.22600", "2008-09-30": "0.21820", "2008-06-30": "0.21340", "2008-03-31": "0.21080", "2007-12-31": "0.22550", "2007-09-30": "0.21190", "2007-06-30": "0.22800", "2007-03-31": "0.23460", "2006-12-31": "0.22700", "2006-09-30": "0.22800", "2006-06-30": "0.24700", "2006-03-31": "0.26450", "2005-12-31": "0.20350", "2005-09-30": "0.26650", "2005-06-30": "0.29240", "2005-03-31": "0.29560"}, "Inventory Turnover Ratio": {"2020-09-30": "0.36890", "2020-06-30": "0.35330", "2020-03-31": "0.37420", "2019-12-31": "0.43510", "2019-09-30": "0.38450", "2019-06-30": "0.39710", "2019-03-31": "0.40240", "2018-12-31": "0.45350", "2018-09-30": "0.37570", "2018-06-30": "0.41310", "2018-03-31": "0.41440", "2017-12-31": "0.49900", "2017-09-30": "0.41650", "2017-06-30": "0.44800", "2017-03-31": "0.45630", "2016-12-31": "0.52320", "2016-09-30": "0.45890", "2016-06-30": "0.50180", "2016-03-31": "0.45310", "2015-12-31": "0.54610", "2015-09-30": "0.47810", "2015-06-30": "0.51080", "2015-03-31": "0.52210", "2014-12-31": "0.56610", "2014-09-30": "0.49760", "2014-06-30": "0.51350", "2014-03-31": "0.51800", "2013-12-31": "0.61670", "2013-09-30": "0.48580", "2013-06-30": "0.54280", "2013-03-31": "0.53890", "2012-12-31": "0.58890", "2012-09-30": "0.49810", "2012-06-30": "0.52130", "2012-03-31": "0.53790", "2011-12-31": "0.57680", "2011-09-30": "0.51580", "2011-06-30": "0.55510", "2011-03-31": "0.56450", "2010-12-31": "0.59060", "2010-09-30": "0.52260", "2010-06-30": "0.55700", "2010-03-31": "0.60500", "2009-12-31": "0.62940", "2009-09-30": "0.55120", "2009-06-30": "0.54080", "2009-03-31": "0.52060", "2008-12-31": "0.58360", "2008-09-30": "0.55210", "2008-06-30": "0.55940", "2008-03-31": "0.55950", "2007-12-31": "0.65880", "2007-09-30": "0.58210", "2007-06-30": "0.60580", "2007-03-31": "0.61870", "2006-12-31": "0.56820", "2006-09-30": "0.57000", "2006-06-30": "0.61160", "2006-03-31": "0.76040", "2005-12-31": "0.38830", "2005-09-30": "0.71020", "2005-06-30": "0.73420", "2005-03-31": "0.77190"}, "Receiveable Turnover": {"2020-09-30": "1.54040", "2020-06-30": "1.25470", "2020-03-31": "1.35600", "2019-12-31": "1.42790", "2019-09-30": "1.47130", "2019-06-30": "1.51580", "2019-03-31": "1.53940", "2018-12-31": "1.62780", "2018-09-30": "1.56170", "2018-06-30": "1.59020", "2018-03-31": "1.53750", "2017-12-31": "1.57920", "2017-09-30": "1.52980", "2017-06-30": "1.58110", "2017-03-31": "1.57600", "2016-12-31": "1.60500", "2016-09-30": "1.57130", "2016-06-30": "1.61550", "2016-03-31": "1.56820", "2015-12-31": "1.63360", "2015-09-30": "1.61760", "2015-06-30": "1.62130", "2015-03-31": "1.56410", "2014-12-31": "1.66540", "2014-09-30": "1.56250", "2014-06-30": "1.57220", "2014-03-31": "1.61190", "2013-12-31": "1.62580", "2013-09-30": "1.57010", "2013-06-30": "1.56550", "2013-03-31": "1.55540", "2012-12-31": "1.63500", "2012-09-30": "1.51330", "2012-06-30": "1.53950", "2012-03-31": "1.46810", "2011-12-31": "1.56320", "2011-09-30": "1.53980", "2011-06-30": "1.51760", "2011-03-31": "1.53780", "2010-12-31": "1.59320", "2010-09-30": "1.52600", "2010-06-30": "1.58650", "2010-03-31": "1.60550", "2009-12-31": "1.59890", "2009-09-30": "1.48480", "2009-06-30": "1.48940", "2009-03-31": "1.51810", "2008-12-31": "1.52120", "2008-09-30": "1.49580", "2008-06-30": "1.51290", "2008-03-31": "1.49310", "2007-12-31": "1.60870", "2007-09-30": "1.52280", "2007-06-30": "1.55630", "2007-03-31": "1.52200", "2006-12-31": "1.53760", "2006-09-30": "1.45710", "2006-06-30": "1.49840", "2006-03-31": "1.56910", "2005-12-31": "1.31880", "2005-09-30": "1.59180", "2005-06-30": "1.62570", "2005-03-31": "1.56940"}, "Days Sales In Receivables": {"2020-09-30": "58.42650", "2020-06-30": "71.73300", "2020-03-31": "66.37120", "2019-12-31": "63.02830", "2019-09-30": "61.17090", "2019-06-30": "59.37530", "2019-03-31": "58.46420", "2018-12-31": "55.28980", "2018-09-30": "57.63110", "2018-06-30": "56.59540", "2018-03-31": "58.53750", "2017-12-31": "56.99220", "2017-09-30": "58.83230", "2017-06-30": "56.92230", "2017-03-31": "57.10660", "2016-12-31": "56.07540", "2016-09-30": "57.27850", "2016-06-30": "55.71130", "2016-03-31": "57.39080", "2015-12-31": "55.09390", "2015-09-30": "55.63640", "2015-06-30": "55.50990", "2015-03-31": "57.54100", "2014-12-31": "54.04130", "2014-09-30": "57.60150", "2014-06-30": "57.24500", "2014-03-31": "55.83510", "2013-12-31": "55.35660", "2013-09-30": "57.32220", "2013-06-30": "57.49100", "2013-03-31": "57.86300", "2012-12-31": "55.04710", "2012-09-30": "59.47370", "2012-06-30": "58.46150", "2012-03-31": "61.30500", "2011-12-31": "57.57560", "2011-09-30": "58.44900", "2011-06-30": "59.30500", "2011-03-31": "58.52460", "2010-12-31": "56.48970", "2010-09-30": "58.97850", "2010-06-30": "56.72730", "2010-03-31": "56.05800", "2009-12-31": "56.28860", "2009-09-30": "60.61510", "2009-06-30": "60.42770", "2009-03-31": "59.28430", "2008-12-31": "59.16370", "2008-09-30": "60.16880", "2008-06-30": "59.48850", "2008-03-31": "60.27530", "2007-12-31": "55.94540", "2007-09-30": "59.10200", "2007-06-30": "57.82950", "2007-03-31": "59.13290", "2006-12-31": "58.53310", "2006-09-30": "61.76670", "2006-06-30": "60.06420", "2006-03-31": "57.35640", "2005-12-31": "68.24200", "2005-09-30": "56.53900", "2005-06-30": "55.36190", "2005-03-31": "57.34550"}, "ROE - Return On Equity": {"2020-09-30": "4.78210", "2020-06-30": "-0.65080", "2020-03-31": "3.75910", "2019-12-31": "5.66100", "2019-09-30": "3.78400", "2019-06-30": "4.01910", "2019-03-31": "3.52350", "2018-12-31": "17.63000", "2018-09-30": "5.98380", "2018-06-30": "4.77800", "2018-03-31": "4.80320", "2017-12-31": "-2.49500", "2017-09-30": "4.16310", "2017-06-30": "3.89640", "2017-03-31": "4.57540", "2016-12-31": "5.34030", "2016-09-30": "3.80410", "2016-06-30": "4.17670", "2016-03-31": "4.56400", "2015-12-31": "6.13320", "2015-09-30": "3.54790", "2015-06-30": "4.60910", "2015-03-31": "2.69200", "2014-12-31": "3.02500", "2014-09-30": "0.66090", "2014-06-30": "1.42190", "2014-03-31": "0.77240", "2013-12-31": "4.26660", "2013-09-30": "1.17890", "2013-06-30": "2.47590", "2013-03-31": "3.59510", "2012-12-31": "3.14060", "2012-09-30": "4.22200", "2012-06-30": "4.08700", "2012-03-31": "4.36300", "2011-12-31": "5.21930", "2011-09-30": "4.32710", "2011-06-30": "3.98560", "2011-03-31": "4.11950", "2010-12-31": "4.11630", "2010-09-30": "4.61260", "2010-06-30": "4.72910", "2010-03-31": "4.82250", "2009-12-31": "4.63370", "2009-09-30": "3.55540", "2009-06-30": "4.80890", "2009-03-31": "4.99720", "2008-12-31": "5.13620", "2008-09-30": "4.76580", "2008-06-30": "4.91710", "2008-03-31": "4.89650", "2007-12-31": "5.13340", "2007-09-30": "4.43110", "2007-06-30": "5.00060", "2007-03-31": "5.38770", "2006-12-31": "5.36390", "2006-09-30": "4.68610", "2006-06-30": "5.62730", "2006-03-31": "4.22810", "2005-12-31": "5.06940", "2005-09-30": "3.87640", "2005-06-30": "5.94890", "2005-03-31": "5.75640"}, "Return On Tangible Equity": {"2020-09-30": "-1052.54200", "2020-06-30": "25.00000", "2020-03-31": "-2900.00000", "2019-12-31": "-148.26180", "2019-09-30": "-104.71910", "2019-06-30": "-47.85640", "2019-03-31": "-32.77650", "2018-12-31": "-207.63050", "2018-09-30": "-47.69600", "2018-06-30": "-25.93230", "2018-03-31": "-20.23760", "2017-12-31": "37.44360", "2017-09-30": "-611.26760", "2017-06-30": "214.83520", "2017-03-31": "-328.88890", "2016-12-31": "-162.42040", "2016-09-30": "-47.27030", "2016-06-30": "-37.92420", "2016-03-31": "14.04120", "2015-12-31": "20.22470", "2015-09-30": "12.22090", "2015-06-30": "15.96740", "2015-03-31": "9.90270", "2014-12-31": "10.87410", "2014-09-30": "2.52320", "2014-06-30": "4.55350", "2014-03-31": "2.34820", "2013-12-31": "12.01000", "2013-09-30": "2.24160", "2013-06-30": "4.74920", "2013-03-31": "6.99820", "2012-12-31": "5.36670", "2012-09-30": "7.11840", "2012-06-30": "7.10380", "2012-03-31": "7.75190", "2011-12-31": "9.61860", "2011-09-30": "8.05220", "2011-06-30": "7.12270", "2011-03-31": "7.16140", "2010-12-31": "5.46950", "2010-09-30": "5.91070", "2010-06-30": "6.18380", "2010-03-31": "6.36610", "2009-12-31": "6.10760", "2009-09-30": "4.17430", "2009-06-30": "5.69450", "2009-03-31": "5.96110", "2008-12-31": "6.21090", "2008-09-30": "5.66180", "2008-06-30": "5.79550", "2008-03-31": "5.83900", "2007-12-31": "6.20030", "2007-09-30": "5.39480", "2007-06-30": "6.16260", "2007-03-31": "6.80170", "2006-12-31": "6.86160", "2006-09-30": "6.10490", "2006-06-30": "7.46750", "2006-03-31": "5.73680", "2005-12-31": "7.03740", "2005-09-30": "5.55170", "2005-06-30": "8.73880", "2005-03-31": "8.73550"}, "ROA - Return On Assets": {"2020-09-30": "1.92340", "2020-06-30": "-0.26360", "2020-03-31": "1.67460", "2019-12-31": "2.40330", "2019-09-30": "1.74800", "2019-06-30": "1.82140", "2019-03-31": "1.58850", "2018-12-31": "7.59480", "2018-09-30": "2.67160", "2018-06-30": "2.09550", "2018-03-31": "2.00150", "2017-12-31": "-1.12180", "2017-09-30": "2.02000", "2017-06-30": "1.83640", "2017-03-31": "2.16410", "2016-12-31": "2.49570", "2016-09-30": "1.75860", "2016-06-30": "1.85190", "2016-03-31": "2.04390", "2015-12-31": "3.21770", "2015-09-30": "1.89110", "2015-06-30": "2.33070", "2015-03-31": "1.35100", "2014-12-31": "1.50470", "2014-09-30": "0.32540", "2014-06-30": "0.74290", "2014-03-31": "0.43320", "2013-12-31": "2.45190", "2013-09-30": "0.69210", "2013-06-30": "1.48100", "2013-03-31": "2.15770", "2012-12-31": "2.04450", "2012-09-30": "2.76280", "2012-06-30": "2.65050", "2012-03-31": "2.80920", "2011-12-31": "3.30150", "2011-09-30": "2.70630", "2011-06-30": "2.67320", "2011-03-31": "2.73350", "2010-12-31": "2.71040", "2010-09-30": "3.12850", "2010-06-30": "3.17090", "2010-03-31": "3.18570", "2009-12-31": "3.36890", "2009-09-30": "2.70710", "2009-06-30": "3.67640", "2009-03-31": "3.70590", "2008-12-31": "3.65240", "2008-09-30": "3.61470", "2008-06-30": "3.81040", "2008-03-31": "3.74640", "2007-12-31": "3.75440", "2007-09-30": "3.33450", "2007-06-30": "3.73990", "2007-03-31": "3.97910", "2006-12-31": "3.82720", "2006-09-30": "3.46350", "2006-06-30": "4.15150", "2006-03-31": "2.95340", "2005-12-31": "3.35100", "2005-09-30": "2.74520", "2005-06-30": "4.26600", "2005-03-31": "4.09760"}, "ROI - Return On Investment": {"2020-09-30": "2.48460", "2020-06-30": "-0.33790", "2020-03-31": "2.18930", "2019-12-31": "3.14700", "2019-09-30": "2.30650", "2019-06-30": "2.41000", "2019-03-31": "2.09740", "2018-12-31": "10.22950", "2018-09-30": "3.73700", "2018-06-30": "2.93790", "2018-03-31": "2.92540", "2017-12-31": "-1.50270", "2017-09-30": "2.55020", "2017-06-30": "2.35160", "2017-03-31": "2.62910", "2016-12-31": "3.14120", "2016-09-30": "2.21250", "2016-06-30": "2.40280", "2016-03-31": "2.59120", "2015-12-31": "4.44600", "2015-09-30": "2.73760", "2015-06-30": "3.33700", "2015-03-31": "1.93470", "2014-12-31": "2.19580", "2014-09-30": "0.48080", "2014-06-30": "1.04580", "2014-03-31": "0.61910", "2013-12-31": "3.27510", "2013-09-30": "0.89720", "2013-06-30": "1.87750", "2013-03-31": "2.71570", "2012-12-31": "2.61050", "2012-09-30": "3.49090", "2012-06-30": "3.34980", "2012-03-31": "3.58130", "2011-12-31": "4.25060", "2011-09-30": "3.51160", "2011-06-30": "3.53290", "2011-03-31": "3.63360", "2010-12-31": "3.61440", "2010-09-30": "4.05910", "2010-06-30": "4.12050", "2010-03-31": "4.19590", "2009-12-31": "4.63370", "2009-09-30": "3.55540", "2009-06-30": "4.80890", "2009-03-31": "4.99720", "2008-12-31": "5.13620", "2008-09-30": "4.76580", "2008-06-30": "4.91710", "2008-03-31": "4.89650", "2007-12-31": "5.13340", "2007-09-30": "4.43110", "2007-06-30": "5.00060", "2007-03-31": "5.38760", "2006-12-31": "5.36390", "2006-09-30": "4.68540", "2006-06-30": "5.62630", "2006-03-31": "4.11070", "2005-12-31": "4.80140", "2005-09-30": "3.87530", "2005-06-30": "5.94750", "2005-03-31": "5.75500"}, "Book Value Per Share": {"2020-09-30": "34.55640", "2020-06-30": "33.95630", "2020-03-31": "34.93610", "2019-12-31": "34.19760", "2019-09-30": "32.89260", "2019-06-30": "31.92430", "2019-03-31": "31.28140", "2018-12-31": "31.33010", "2018-09-30": "26.35050", "2018-06-30": "25.29480", "2018-03-31": "24.67950", "2017-12-31": "26.65600", "2017-09-30": "27.87430", "2017-06-30": "26.83160", "2017-03-31": "25.94650", "2016-12-31": "25.49390", "2016-09-30": "24.95190", "2016-06-30": "24.32620", "2016-03-31": "23.55080", "2015-12-31": "22.81770", "2015-09-30": "22.56380", "2015-06-30": "22.55970", "2015-03-31": "22.01320", "2014-12-31": "22.73810", "2014-09-30": "22.81480", "2014-06-30": "23.81480", "2014-03-31": "23.97620", "2013-12-31": "23.93390", "2013-09-30": "23.11380", "2013-06-30": "22.75930", "2013-03-31": "22.37040", "2012-12-31": "22.62370", "2012-09-30": "22.00260", "2012-06-30": "20.87140", "2012-03-31": "21.05510", "2011-12-31": "20.16540", "2011-09-30": "19.73110", "2011-06-30": "20.03090", "2011-03-31": "19.20720", "2010-12-31": "18.34780", "2010-09-30": "18.40300", "2010-06-30": "16.99550", "2010-03-31": "16.81570", "2009-12-31": "16.57480", "2009-09-30": "16.19540", "2009-06-30": "15.23900", "2009-03-31": "14.16550", "2008-12-31": "13.63950", "2008-09-30": "14.23110", "2008-06-30": "15.08760", "2008-03-31": "14.40700", "2007-12-31": "13.08640", "2007-09-30": "12.57930", "2007-06-30": "11.71930", "2007-03-31": "10.97040", "2006-12-31": "10.27460", "2006-09-30": "9.80710", "2006-06-30": "9.27210", "2006-03-31": "8.59050", "2005-12-31": "8.14460", "2005-09-30": "7.70910", "2005-06-30": "7.40720", "2005-03-31": "7.18410"}, "Operating Cash Flow Per Share": {"2020-09-30": 2.1406, "2020-06-30": 1.6685, "2020-03-31": "1.55650", "2019-12-31": 1.9387, "2019-09-30": 1.6494, "2019-06-30": 1.354, "2019-03-31": "0.82520", "2018-12-31": 2.7494, "2018-09-30": 1.6248, "2018-06-30": 1.7087, "2018-03-31": "0.78010", "2017-12-31": 1.787, "2017-09-30": 0.2056, "2017-06-30": 1.7109, "2017-03-31": "0.39810", "2016-12-31": 1.7428, "2016-09-30": 1.3219, "2016-06-30": 1.3005, "2016-03-31": "0.69420", "2015-12-31": 1.9766, "2015-09-30": -1.335, "2015-06-30": 0.943, "2015-03-31": "0.99090", "2014-12-31": 1.7715, "2014-09-30": 1.3708, "2014-06-30": 0.9666, "2014-03-31": "0.54630", "2013-12-31": 1.7554, "2013-09-30": 1.6267, "2013-06-30": 0.9376, "2013-03-31": "0.61620", "2012-12-31": 1.5525, "2012-09-30": 1.4903, "2012-06-30": 1.1924, "2012-03-31": "0.09120", "2011-12-31": 1.6038, "2011-09-30": 1.1569, "2011-06-30": 0.4034, "2011-03-31": "0.51750", "2010-12-31": 1.2844, "2010-09-30": 1.0811, "2010-06-30": 0.82, "2010-03-31": "0.68680", "2009-12-31": 1.3542, "2009-09-30": 1.8467, "2009-06-30": -0.2263, "2009-03-31": "0.68340", "2008-12-31": 1.0235, "2008-09-30": 0.788, "2008-06-30": 0.575, "2008-03-31": "0.45660", "2007-12-31": 0.882, "2007-09-30": 0.7106, "2007-06-30": 0.5051, "2007-03-31": "0.36710", "2006-12-31": 0.8989, "2006-09-30": 0.6801, "2006-06-30": 0.4768, "2006-03-31": "0.05030", "2005-12-31": 0.8928, "2005-09-30": 0.6277, "2005-06-30": 0.4439, "2005-03-31": "0.06430"}, "Free Cash Flow Per Share": {"2020-09-30": 1.9674, "2020-06-30": 1.3741, "2020-03-31": "1.17720", "2019-12-31": 1.4137, "2019-09-30": 1.2224, "2019-06-30": 0.9193, "2019-03-31": "0.50360", "2018-12-31": 2.3447, "2018-09-30": 1.2568, "2018-06-30": 1.2951, "2018-03-31": "0.46230", "2017-12-31": 1.2974, "2017-09-30": -0.1672, "2017-06-30": 1.3665, "2017-03-31": "0.03160", "2016-12-31": -0.6652, "2016-09-30": 3.0404, "2016-06-30": 1.0002, "2016-03-31": "0.38950", "2015-12-31": 1.7694, "2015-09-30": -1.5375, "2015-06-30": 0.7638, "2015-03-31": "0.87090", "2014-12-31": 1.6125, "2014-09-30": 1.2451, "2014-06-30": 0.8256, "2014-03-31": "0.36330", "2013-12-31": 1.6092, "2013-09-30": 1.5145, "2013-06-30": 0.8135, "2013-03-31": "0.48830", "2012-12-31": 1.4252, "2012-09-30": 1.338, "2012-06-30": 1.0592, "2012-03-31": "-0.04430", "2011-12-31": 1.4402, "2011-09-30": 1.0118, "2011-06-30": 0.2912, "2011-03-31": "0.53020", "2010-12-31": 1.165, "2010-09-30": 1.0688, "2010-06-30": 0.7266, "2010-03-31": "0.60910", "2009-12-31": 1.2492, "2009-09-30": 1.7018, "2009-06-30": -0.2269, "2009-03-31": "0.60840", "2008-12-31": 0.9304, "2008-09-30": 0.6987, "2008-06-30": 0.4766, "2008-03-31": "0.38290", "2007-12-31": 0.7267, "2007-09-30": 0.6086, "2007-06-30": 0.4117, "2007-03-31": "0.26950", "2006-12-31": 0.7467, "2006-09-30": 0.565, "2006-06-30": 0.3622, "2006-03-31": "-0.07560", "2005-12-31": 0.714, "2005-09-30": 0.4601, "2005-06-30": 0.2711, "2005-03-31": "-0.04550"}}, "revenue": {"Stryker Annual Revenue (Millions of US $)": {"2020": "$14,351", "2019": "$14,884", "2018": "$13,601", "2017": "$12,444", "2016": "$11,325", "2015": "$9,946", "2014": "$9,675", "2013": "$9,021", "2012": "$8,657", "2011": "$8,307", "2010": "$7,320", "2009": "$6,723", "2008": "$6,718", "2007": "$6,001", "2006": "$5,147", "2005": "$4,609"}, "Stryker Quarterly Revenue (Millions of US $)": {"2020-12-31": "$4,262", "2020-09-30": "$3,737", "2020-06-30": "$2,764", "2020-03-31": "$3,588", "2019-12-31": "$4,131", "2019-09-30": "$3,587", "2019-06-30": "$3,650", "2019-03-31": "$3,516", "2018-12-31": "$3,796", "2018-09-30": "$3,242", "2018-06-30": "$3,322", "2018-03-31": "$3,241", "2017-12-31": "$3,471", "2017-09-30": "$3,006", "2017-06-30": "$3,012", "2017-03-31": "$2,955", "2016-12-31": "$3,157", "2016-09-30": "$2,833", "2016-06-30": "$2,840", "2016-03-31": "$2,495", "2015-12-31": "$2,715", "2015-09-30": "$2,420", "2015-06-30": "$2,432", "2015-03-31": "$2,379", "2014-12-31": "$2,618", "2014-09-30": "$2,389", "2014-06-30": "$2,363", "2014-03-31": "$2,305", "2013-12-31": "$2,468", "2013-09-30": "$2,151", "2013-06-30": "$2,212", "2013-03-31": "$2,190", "2012-12-31": "$2,338", "2012-09-30": "$2,052", "2012-06-30": "$2,106", "2012-03-31": "$2,161", "2011-12-31": "$2,215", "2011-09-30": "$2,031", "2011-06-30": "$2,046", "2011-03-31": "$2,015", "2010-12-31": "$1,995", "2010-09-30": "$1,768", "2010-06-30": "$1,758", "2010-03-31": "$1,799", "2009-12-31": "$1,834", "2009-09-30": "$1,653", "2009-06-30": "$1,634", "2009-03-31": "$1,601", "2008-12-31": "$1,718", "2008-09-30": "$1,653", "2008-06-30": "$1,713", "2008-03-31": "$1,634", "2007-12-31": "$1,658", "2007-09-30": "$1,453", "2007-06-30": "$1,464", "2007-03-31": "$1,426", "2006-12-31": "$1,333", "2006-09-30": "$1,231", "2006-06-30": "$1,262", "2006-03-31": "$1,321", "2005-12-31": "$1,016", "2005-09-30": "$1,172", "2005-06-30": "$1,219", "2005-03-31": "$1,203"}}, "gross-profit": {"Stryker Annual Gross Profit (Millions of US $)": {"2020": "$9,057", "2019": "$9,696", "2018": "$8,938", "2017": "$8,180", "2016": "$7,504", "2015": "$6,602", "2014": "$6,356", "2013": "$6,019", "2012": "$5,876", "2011": "$5,496", "2010": "$5,034", "2009": "$4,539", "2008": "$4,587", "2007": "$4,135", "2006": "$3,531", "2005": "$3,120"}, "Stryker Quarterly Gross Profit (Millions of US $)": {"2020-12-31": "$2,717", "2020-09-30": "$2,461", "2020-06-30": "$1,548", "2020-03-31": "$2,331", "2019-12-31": "$2,703", "2019-09-30": "$2,330", "2019-06-30": "$2,380", "2019-03-31": "$2,283", "2018-12-31": "$2,456", "2018-09-30": "$2,155", "2018-06-30": "$2,190", "2018-03-31": "$2,137", "2017-12-31": "$2,241", "2017-09-30": "$1,984", "2017-06-30": "$1,991", "2017-03-31": "$1,964", "2016-12-31": "$2,095", "2016-09-30": "$1,873", "2016-06-30": "$1,842", "2016-03-31": "$1,694", "2015-12-31": "$1,820", "2015-09-30": "$1,624", "2015-06-30": "$1,605", "2015-03-31": "$1,553", "2014-12-31": "$1,719", "2014-09-30": "$1,560", "2014-06-30": "$1,548", "2014-03-31": "$1,529", "2013-12-31": "$1,591", "2013-09-30": "$1,469", "2013-06-30": "$1,482", "2013-03-31": "$1,477", "2012-12-31": "$1,593", "2012-09-30": "$1,397", "2012-06-30": "$1,434", "2012-03-31": "$1,452", "2011-12-31": "$1,475", "2011-09-30": "$1,362", "2011-06-30": "$1,333", "2011-03-31": "$1,326", "2010-12-31": "$1,370", "2010-09-30": "$1,227", "2010-06-30": "$1,219", "2010-03-31": "$1,218", "2009-12-31": "$1,241", "2009-09-30": "$1,115", "2009-06-30": "$1,098", "2009-03-31": "$1,086", "2008-12-31": "$1,162", "2008-09-30": "$1,111", "2008-06-30": "$1,179", "2008-03-31": "$1,134", "2007-12-31": "$1,134", "2007-09-30": "$996", "2007-06-30": "$1,019", "2007-03-31": "$986", "2006-12-31": "$948", "2006-09-30": "$846", "2006-06-30": "$868", "2006-03-31": "$868", "2005-12-31": "$797", "2005-09-30": "$755", "2005-06-30": "$796", "2005-03-31": "$773"}}, "operating-income": {"Stryker Annual Operating Income (Millions of US $)": {"2020": "$2,223", "2019": "$2,713", "2018": "$2,537", "2017": "$2,297", "2016": "$2,175", "2015": "$1,861", "2014": "$1,246", "2013": "$1,256", "2012": "$1,741", "2011": "$1,686", "2010": "$1,751", "2009": "$1,594", "2008": "$1,519", "2007": "$1,307", "2006": "$1,064", "2005": "$932"}, "Stryker Quarterly Operating Income (Millions of US $)": {"2020-12-31": "$749", "2020-09-30": "$859", "2020-06-30": "$-20", "2020-03-31": "$635", "2019-12-31": "$944", "2019-09-30": "$628", "2019-06-30": "$613", "2019-03-31": "$528", "2018-12-31": "$698", "2018-09-30": "$576", "2018-06-30": "$672", "2018-03-31": "$591", "2017-12-31": "$714", "2017-09-30": "$525", "2017-06-30": "$502", "2017-03-31": "$556", "2016-12-31": "$670", "2016-09-30": "$486", "2016-06-30": "$500", "2016-03-31": "$519", "2015-12-31": "$648", "2015-09-30": "$378", "2015-06-30": "$429", "2015-03-31": "$406", "2014-12-31": "$468", "2014-09-30": "$450", "2014-06-30": "$197", "2014-03-31": "$131", "2013-12-31": "$430", "2013-09-30": "$150", "2013-06-30": "$290", "2013-03-31": "$386", "2012-12-31": "$370", "2012-09-30": "$450", "2012-06-30": "$445", "2012-03-31": "$476", "2011-12-31": "$418", "2011-09-30": "$444", "2011-06-30": "$401", "2011-03-31": "$423", "2010-12-31": "$386", "2010-09-30": "$471", "2010-06-30": "$448", "2010-03-31": "$446", "2009-12-31": "$514", "2009-09-30": "$311", "2009-06-30": "$390", "2009-03-31": "$379", "2008-12-31": "$370", "2008-09-30": "$364", "2008-06-30": "$401", "2008-03-31": "$384", "2007-12-31": "$363", "2007-09-30": "$307", "2007-06-30": "$315", "2007-03-31": "$322", "2006-12-31": "$301", "2006-09-30": "$252", "2006-06-30": "$289", "2006-03-31": "$222", "2005-12-31": "$229", "2005-09-30": "$215", "2005-06-30": "$252", "2005-03-31": "$236"}}, "ebitda": {"Stryker Annual EBITDA (Millions of US $)": {"2019": "$3,491", "2018": "$3,260", "2017": "$2,939", "2016": "$2,721", "2015": "$2,258", "2014": "$1,624", "2013": "$1,563", "2012": "$2,018", "2011": "$1,846", "2010": "$1,916", "2009": "$1,979", "2008": "$1,907", "2007": "$1,674", "2006": "$1,388", "2005": "$1,215"}, "Stryker Quarterly EBITDA (Millions of US $)": {"2020-09-30": "$1,057", "2020-06-30": "$173", "2020-03-31": "$833", "2019-12-31": "$1,139", "2019-09-30": "$822", "2019-06-30": "$812", "2019-03-31": "$718", "2018-12-31": "$874", "2018-09-30": "$761", "2018-06-30": "$858", "2018-03-31": "$767", "2017-12-31": "$883", "2017-09-30": "$688", "2017-06-30": "$662", "2017-03-31": "$706", "2016-12-31": "$821", "2016-09-30": "$634", "2016-06-30": "$645", "2016-03-31": "$621", "2015-12-31": "$756", "2015-09-30": "$479", "2015-06-30": "$523", "2015-03-31": "$500", "2014-12-31": "$564", "2014-09-30": "$547", "2014-06-30": "$291", "2014-03-31": "$222", "2013-12-31": "$512", "2013-09-30": "$226", "2013-06-30": "$401", "2013-03-31": "$424", "2012-12-31": "$532", "2012-09-30": "$488", "2012-06-30": "$452", "2012-03-31": "$546", "2011-12-31": "$219", "2011-09-30": "$568", "2011-06-30": "$521", "2011-03-31": "$538", "2010-12-31": "$252", "2010-09-30": "$572", "2010-06-30": "$547", "2010-03-31": "$546", "2009-12-31": "$618", "2009-09-30": "$500", "2009-06-30": "$390", "2009-03-31": "$471", "2008-12-31": "$463", "2008-09-30": "$462", "2008-06-30": "$500", "2008-03-31": "$482", "2007-12-31": "$458", "2007-09-30": "$401", "2007-06-30": "$405", "2007-03-31": "$409", "2006-12-31": "$386", "2006-09-30": "$335", "2006-06-30": "$367", "2006-03-31": "$300", "2005-12-31": "$299", "2005-09-30": "$285", "2005-06-30": "$321", "2005-03-31": "$310"}}, "net-income": {"Stryker Annual Net Income (Millions of US $)": {"2020": "$1,599", "2019": "$2,083", "2018": "$3,553", "2017": "$1,020", "2016": "$1,647", "2015": "$1,439", "2014": "$515", "2013": "$1,006", "2012": "$1,298", "2011": "$1,345", "2010": "$1,273", "2009": "$1,107", "2008": "$1,148", "2007": "$1,017", "2006": "$778", "2005": "$644"}, "Stryker Quarterly Net Income (Millions of US $)": {"2020-12-31": "$568", "2020-09-30": "$621", "2020-06-30": "$-83", "2020-03-31": "$493", "2019-12-31": "$725", "2019-09-30": "$466", "2019-06-30": "$480", "2019-03-31": "$412", "2018-12-31": "$2,068", "2018-09-30": "$590", "2018-06-30": "$452", "2018-03-31": "$443", "2017-12-31": "$-249", "2017-09-30": "$434", "2017-06-30": "$391", "2017-03-31": "$444", "2016-12-31": "$510", "2016-09-30": "$355", "2016-06-30": "$380", "2016-03-31": "$402", "2015-12-31": "$522", "2015-09-30": "$301", "2015-06-30": "$392", "2015-03-31": "$224", "2014-12-31": "$260", "2014-09-30": "$57", "2014-06-30": "$128", "2014-03-31": "$70", "2013-12-31": "$386", "2013-09-30": "$103", "2013-06-30": "$213", "2013-03-31": "$304", "2012-12-31": "$270", "2012-09-30": "$353", "2012-06-30": "$325", "2012-03-31": "$350", "2011-12-31": "$401", "2011-09-30": "$327", "2011-06-30": "$310", "2011-03-31": "$307", "2010-12-31": "$295", "2010-09-30": "$337", "2010-06-30": "$319", "2010-03-31": "$322", "2009-12-31": "$306", "2009-09-30": "$229", "2009-06-30": "$291", "2009-03-31": "$281", "2008-12-31": "$278", "2008-09-30": "$274", "2008-06-30": "$306", "2008-03-31": "$291", "2007-12-31": "$276", "2007-09-30": "$229", "2007-06-30": "$269", "2007-03-31": "$244", "2006-12-31": "$228", "2006-09-30": "$188", "2006-06-30": "$214", "2006-03-31": "$148", "2005-12-31": "$178", "2005-09-30": "$121", "2005-06-30": "$178", "2005-03-31": "$167"}}, "eps-earnings-per-share-diluted": {"Stryker Annual EPS": {"2020": "$4.20", "2019": "$5.48", "2018": "$9.34", "2017": "$2.68", "2016": "$4.35", "2015": "$3.78", "2014": "$1.34", "2013": "$2.63", "2012": "$3.39", "2011": "$3.45", "2010": "$3.19", "2009": "$2.77", "2008": "$2.78", "2007": "$2.44", "2006": "$1.89", "2005": "$1.57"}, "Stryker Quarterly EPS": {"2020-12-31": "$1.49", "2020-09-30": "$1.63", "2020-06-30": "$-0.22", "2020-03-31": "$1.30", "2019-12-31": "$1.90", "2019-09-30": "$1.23", "2019-06-30": "$1.26", "2019-03-31": "$1.09", "2018-12-31": "$5.44", "2018-09-30": "$1.55", "2018-06-30": "$1.19", "2018-03-31": "$1.16", "2017-12-31": "$-0.66", "2017-09-30": "$1.14", "2017-06-30": "$1.03", "2017-03-31": "$1.17", "2016-12-31": "$1.34", "2016-09-30": "$0.94", "2016-06-30": "$1.00", "2016-03-31": "$1.07", "2015-12-31": "$1.38", "2015-09-30": "$0.79", "2015-06-30": "$1.03", "2015-03-31": "$0.58", "2014-12-31": "$0.67", "2014-09-30": "$0.16", "2014-06-30": "$0.33", "2014-03-31": "$0.18", "2013-12-31": "$1.01", "2013-09-30": "$0.27", "2013-06-30": "$0.56", "2013-03-31": "$0.79", "2012-12-31": "$0.71", "2012-09-30": "$0.92", "2012-06-30": "$0.85", "2012-03-31": "$0.91", "2011-12-31": "$1.04", "2011-09-30": "$0.84", "2011-06-30": "$0.79", "2011-03-31": "$0.78", "2010-12-31": "$0.74", "2010-09-30": "$0.85", "2010-06-30": "$0.80", "2010-03-31": "$0.80", "2009-12-31": "$0.76", "2009-09-30": "$0.57", "2009-06-30": "$0.73", "2009-03-31": "$0.71", "2008-12-31": "$0.69", "2008-09-30": "$0.66", "2008-06-30": "$0.73", "2008-03-31": "$0.70", "2007-12-31": "$0.65", "2007-09-30": "$0.55", "2007-06-30": "$0.65", "2007-03-31": "$0.59", "2006-12-31": "$0.55", "2006-09-30": "$0.46", "2006-06-30": "$0.52", "2006-03-31": "$0.36", "2005-12-31": "$0.44", "2005-09-30": "$0.29", "2005-06-30": "$0.43", "2005-03-31": "$0.41"}}, "shares-outstanding": {"Stryker Annual Shares Outstanding (Millions of Shares)": {"2020": "380", "2019": "380", "2018": "380", "2017": "380", "2016": "379", "2015": "381", "2014": "383", "2013": "382", "2012": "383", "2011": "390", "2010": "400", "2009": "399", "2008": "414", "2007": "417", "2006": "412", "2005": "411"}, "Stryker Quarterly Shares Outstanding (Millions of Shares)": {"2020-12-31": "381", "2020-09-30": "380", "2020-06-30": "376", "2020-03-31": "380", "2019-12-31": "380", "2019-09-30": "380", "2019-06-30": "380", "2019-03-31": "379", "2018-12-31": "380", "2018-09-30": "380", "2018-06-30": "380", "2018-03-31": "381", "2017-12-31": "380", "2017-09-30": "380", "2017-06-30": "380", "2017-03-31": "379", "2016-12-31": "379", "2016-09-30": "379", "2016-06-30": "379", "2016-03-31": "377", "2015-12-31": "381", "2015-09-30": "381", "2015-06-30": "381", "2015-03-31": "384", "2014-12-31": "383", "2014-09-30": "383", "2014-06-30": "383", "2014-03-31": "383", "2013-12-31": "382", "2013-09-30": "382", "2013-06-30": "381", "2013-03-31": "383", "2012-12-31": "383", "2012-09-30": "383", "2012-06-30": "383", "2012-03-31": "384", "2011-12-31": "390", "2011-09-30": "388", "2011-06-30": "392", "2011-03-31": "394", "2010-12-31": "400", "2010-09-30": "398", "2010-06-30": "399", "2010-03-31": "400", "2009-12-31": "399", "2009-09-30": "400", "2009-06-30": "399", "2009-03-31": "399", "2008-12-31": "414", "2008-09-30": "416", "2008-06-30": "418", "2008-03-31": "418", "2007-12-31": "417", "2007-09-30": "418", "2007-06-30": "417", "2007-03-31": "416", "2006-12-31": "412", "2006-09-30": "412", "2006-06-30": "411", "2006-03-31": "411", "2005-12-31": "411", "2005-09-30": "411", "2005-06-30": "411", "2005-03-31": "411"}}, "total-assets": {"Stryker Annual Total Assets (Millions of US $)": {"2019": "$30,167", "2018": "$27,229", "2017": "$22,197", "2016": "$20,435", "2015": "$16,223", "2014": "$17,279", "2013": "$15,743", "2012": "$13,206", "2011": "$12,146", "2010": "$10,895", "2009": "$9,071", "2008": "$7,603", "2007": "$7,354", "2006": "$5,874", "2005": "$4,993"}, "Stryker Quarterly Total Assets (Millions of US $)": {"2020-09-30": "$32,286", "2020-06-30": "$31,483", "2020-03-31": "$29,440", "2019-12-31": "$30,167", "2019-09-30": "$26,659", "2019-06-30": "$26,354", "2019-03-31": "$25,937", "2018-12-31": "$27,229", "2018-09-30": "$22,084", "2018-06-30": "$21,570", "2018-03-31": "$22,133", "2017-12-31": "$22,197", "2017-09-30": "$21,485", "2017-06-30": "$21,292", "2017-03-31": "$20,517", "2016-12-31": "$20,435", "2016-09-30": "$20,187", "2016-06-30": "$20,520", "2016-03-31": "$19,668", "2015-12-31": "$16,223", "2015-09-30": "$15,917", "2015-06-30": "$16,819", "2015-03-31": "$16,580", "2014-12-31": "$17,279", "2014-09-30": "$17,515", "2014-06-30": "$17,229", "2014-03-31": "$16,159", "2013-12-31": "$15,743", "2013-09-30": "$14,883", "2013-06-30": "$14,382", "2013-03-31": "$14,089", "2012-12-31": "$13,206", "2012-09-30": "$12,777", "2012-06-30": "$12,262", "2012-03-31": "$12,459", "2011-12-31": "$12,146", "2011-09-30": "$12,083", "2011-06-30": "$11,596", "2011-03-31": "$11,231", "2010-12-31": "$10,895", "2010-09-30": "$10,772", "2010-06-30": "$10,060", "2010-03-31": "$10,098", "2009-12-31": "$9,071", "2009-09-30": "$8,459", "2009-06-30": "$7,924", "2009-03-31": "$7,585", "2008-12-31": "$7,603", "2008-09-30": "$7,575", "2008-06-30": "$8,025", "2008-03-31": "$7,754", "2007-12-31": "$7,354", "2007-09-30": "$6,859", "2007-06-30": "$6,420", "2007-03-31": "$6,077", "2006-12-31": "$5,874", "2006-09-30": "$5,399", "2006-06-30": "$5,109", "2006-03-31": "$4,994", "2005-12-31": "$4,993", "2005-09-30": "$4,397", "2005-06-30": "$4,168", "2005-03-31": "$4,068"}}, "cash-on-hand": {"Stryker Annual Cash on Hand (Millions of US $)": {"2019": "$4,425", "2018": "$3,699", "2017": "$2,793", "2016": "$3,384", "2015": "$4,079", "2014": "$5,000", "2013": "$3,980", "2012": "$4,285", "2011": "$3,418", "2010": "$4,380", "2009": "$2,955", "2008": "$2,196", "2007": "$2,411", "2006": "$1,415", "2005": "$1,057"}, "Stryker Quarterly Cash on Hand (Millions of US $)": {"2020-09-30": "$7,161", "2020-06-30": "$6,619", "2020-03-31": "$4,048", "2019-12-31": "$4,425", "2019-09-30": "$2,036", "2019-06-30": "$1,839", "2019-03-31": "$1,758", "2018-12-31": "$3,699", "2018-09-30": "$2,210", "2018-06-30": "$1,920", "2018-03-31": "$2,455", "2017-12-31": "$2,793", "2017-09-30": "$2,689", "2017-06-30": "$3,747", "2017-03-31": "$3,279", "2016-12-31": "$3,384", "2016-09-30": "$3,022", "2016-06-30": "$3,656", "2016-03-31": "$7,483", "2015-12-31": "$4,079", "2015-09-30": "$3,372", "2015-06-30": "$4,277", "2015-03-31": "$4,263", "2014-12-31": "$5,000", "2014-09-30": "$4,677", "2014-06-30": "$4,745", "2014-03-31": "$4,047", "2013-12-31": "$3,980", "2013-09-30": "$5,138", "2013-06-30": "$4,652", "2013-03-31": "$4,487", "2012-12-31": "$4,285", "2012-09-30": "$3,863", "2012-06-30": "$3,460", "2012-03-31": "$3,297", "2011-12-31": "$3,418", "2011-09-30": "$3,213", "2011-06-30": "$2,675", "2011-03-31": "$2,886", "2010-12-31": "$4,380", "2010-09-30": "$4,515", "2010-06-30": "$4,029", "2010-03-31": "$3,938", "2009-12-31": "$2,955", "2009-09-30": "$2,929", "2009-06-30": "$2,428", "2009-03-31": "$2,245", "2008-12-31": "$2,196", "2008-09-30": "$2,208", "2008-06-30": "$2,563", "2008-03-31": "$2,363", "2007-12-31": "$2,411", "2007-09-30": "$2,073", "2007-06-30": "$1,780", "2007-03-31": "$1,466", "2006-12-31": "$1,415", "2006-09-30": "$1,085", "2006-06-30": "$868", "2006-03-31": "$874", "2005-12-31": "$1,057", "2005-09-30": "$533", "2005-06-30": "$330", "2005-03-31": "$245"}}, "long-term-debt": {"Stryker Annual Long Term Debt (Millions of US $)": {"2019": "$10,231", "2018": "$8,486", "2017": "$6,590", "2016": "$6,686", "2015": "$3,230", "2014": "$3,246", "2013": "$2,739", "2012": "$1,746", "2011": "$1,751", "2010": "$996", "2009": "$", "2008": "$", "2007": "$", "2006": "$", "2005": "$184"}, "Stryker Quarterly Long Term Debt (Millions of US $)": {"2020-09-30": "$12,008", "2020-06-30": "$11,811", "2020-03-31": "$9,404", "2019-12-31": "$10,231", "2019-09-30": "$7,889", "2019-06-30": "$7,974", "2019-03-31": "$7,950", "2018-12-31": "$8,486", "2018-09-30": "$5,928", "2018-06-30": "$5,925", "2018-03-31": "$5,920", "2017-12-31": "$6,590", "2017-09-30": "$6,593", "2017-06-30": "$6,592", "2017-03-31": "$7,184", "2016-12-31": "$6,686", "2016-09-30": "$6,713", "2016-06-30": "$6,717", "2016-03-31": "$6,706", "2015-12-31": "$3,230", "2015-09-30": "$2,511", "2015-06-30": "$3,242", "2015-03-31": "$3,257", "2014-12-31": "$3,246", "2014-09-30": "$3,231", "2014-06-30": "$3,237", "2014-03-31": "$2,244", "2013-12-31": "$2,739", "2013-09-30": "$2,743", "2013-06-30": "$2,742", "2013-03-31": "$2,738", "2012-12-31": "$1,746", "2012-09-30": "$1,751", "2012-06-30": "$1,750", "2012-03-31": "$1,751", "2011-12-31": "$1,751", "2011-09-30": "$1,755", "2011-06-30": "$997", "2011-03-31": "$997", "2010-12-31": "$996", "2010-09-30": "$996", "2010-06-30": "$996", "2010-03-31": "$996", "2009-12-31": "", "2009-09-30": "", "2009-06-30": "", "2009-03-31": "", "2008-12-31": "", "2008-09-30": "", "2008-06-30": "", "2008-03-31": "", "2007-12-31": "", "2007-09-30": "", "2007-06-30": "", "2007-03-31": "$0", "2006-12-31": "", "2006-09-30": "$1", "2006-06-30": "$1", "2006-03-31": "$100", "2005-12-31": "$184", "2005-09-30": "$1", "2005-06-30": "$1", "2005-03-31": "$1"}}, "total-liabilities": {"Stryker Annual Total Liabilities (Millions of US $)": {"2019": "$17,360", "2018": "$15,499", "2017": "$12,217", "2016": "$10,885", "2015": "$7,712", "2014": "$8,684", "2013": "$6,696", "2012": "$4,609", "2011": "$4,463", "2010": "$3,721", "2009": "$2,476", "2008": "$2,197", "2007": "$1,976", "2006": "$1,683", "2005": "$1,692"}, "Stryker Quarterly Total Liabilities (Millions of US $)": {"2020-09-30": "$19,300", "2020-06-30": "$18,729", "2020-03-31": "$16,325", "2019-12-31": "$17,360", "2019-09-30": "$14,344", "2019-06-30": "$14,411", "2019-03-31": "$14,244", "2018-12-31": "$15,499", "2018-09-30": "$12,224", "2018-06-30": "$12,110", "2018-03-31": "$12,910", "2017-12-31": "$12,217", "2017-09-30": "$11,060", "2017-06-30": "$11,257", "2017-03-31": "$10,813", "2016-12-31": "$10,885", "2016-09-30": "$10,855", "2016-06-30": "$11,422", "2016-03-31": "$10,860", "2015-12-31": "$7,712", "2015-09-30": "$7,433", "2015-06-30": "$8,314", "2015-03-31": "$8,259", "2014-12-31": "$8,684", "2014-09-30": "$8,891", "2014-06-30": "$8,227", "2014-03-31": "$7,096", "2013-12-31": "$6,696", "2013-09-30": "$6,146", "2013-06-30": "$5,779", "2013-03-31": "$5,633", "2012-12-31": "$4,609", "2012-09-30": "$4,416", "2012-06-30": "$4,310", "2012-03-31": "$4,437", "2011-12-31": "$4,463", "2011-09-30": "$4,526", "2011-06-30": "$3,818", "2011-03-31": "$3,779", "2010-12-31": "$3,721", "2010-09-30": "$3,466", "2010-06-30": "$3,315", "2010-03-31": "$3,428", "2009-12-31": "$2,476", "2009-09-30": "$2,018", "2009-06-30": "$1,866", "2009-03-31": "$1,960", "2008-12-31": "$2,197", "2008-09-30": "$1,830", "2008-06-30": "$1,806", "2008-03-31": "$1,821", "2007-12-31": "$1,976", "2007-09-30": "$1,697", "2007-06-30": "$1,619", "2007-03-31": "$1,589", "2006-12-31": "$1,683", "2006-09-30": "$1,409", "2006-06-30": "$1,340", "2006-03-31": "$1,506", "2005-12-31": "$1,692", "2005-09-30": "$1,283", "2005-06-30": "$1,179", "2005-03-31": "$1,172"}}, "total-share-holder-equity": {"Stryker Annual Share Holder Equity (Millions of US $)": {"2019": "$12,807", "2018": "$11,730", "2017": "$9,980", "2016": "$9,550", "2015": "$8,511", "2014": "$8,595", "2013": "$9,047", "2012": "$8,597", "2011": "$7,683", "2010": "$7,174", "2009": "$6,595", "2008": "$5,407", "2007": "$5,379", "2006": "$4,191", "2005": "$3,300"}, "Stryker Quarterly Share Holder Equity (Millions of US $)": {"2020-09-30": "$12,986", "2020-06-30": "$12,754", "2020-03-31": "$13,115", "2019-12-31": "$12,807", "2019-09-30": "$12,315", "2019-06-30": "$11,943", "2019-03-31": "$11,693", "2018-12-31": "$11,730", "2018-09-30": "$9,860", "2018-06-30": "$9,460", "2018-03-31": "$9,223", "2017-12-31": "$9,980", "2017-09-30": "$10,425", "2017-06-30": "$10,035", "2017-03-31": "$9,704", "2016-12-31": "$9,550", "2016-09-30": "$9,332", "2016-06-30": "$9,098", "2016-03-31": "$8,808", "2015-12-31": "$8,511", "2015-09-30": "$8,484", "2015-06-30": "$8,505", "2015-03-31": "$8,321", "2014-12-31": "$8,595", "2014-09-30": "$8,624", "2014-06-30": "$9,002", "2014-03-31": "$9,063", "2013-12-31": "$9,047", "2013-09-30": "$8,737", "2013-06-30": "$8,603", "2013-03-31": "$8,456", "2012-12-31": "$8,597", "2012-09-30": "$8,361", "2012-06-30": "$7,952", "2012-03-31": "$8,022", "2011-12-31": "$7,683", "2011-09-30": "$7,557", "2011-06-30": "$7,778", "2011-03-31": "$7,452", "2010-12-31": "$7,174", "2010-09-30": "$7,306", "2010-06-30": "$6,746", "2010-03-31": "$6,671", "2009-12-31": "$6,595", "2009-09-30": "$6,441", "2009-06-30": "$6,058", "2009-03-31": "$5,625", "2008-12-31": "$5,407", "2008-09-30": "$5,745", "2008-06-30": "$6,219", "2008-03-31": "$5,933", "2007-12-31": "$5,379", "2007-09-30": "$5,161", "2007-06-30": "$4,801", "2007-03-31": "$4,488", "2006-12-31": "$4,191", "2006-09-30": "$3,991", "2006-06-30": "$3,769", "2006-03-31": "$3,489", "2005-12-31": "$3,300", "2005-09-30": "$3,114", "2005-06-30": "$2,989", "2005-03-31": "$2,896"}}, "profit-margins": {"current": "11.14%"}, "gross margin": {"2020-12-31": "63.11%", "2020-09-30": "63.59%", "2020-06-30": "63.34%", "2020-03-31": "65.15%", "2019-12-31": "65.14%", "2019-09-30": "64.95%", "2019-06-30": "65.29%", "2019-03-31": "65.47%", "2018-12-31": "65.72%", "2018-09-30": "65.71%", "2018-06-30": "65.58%", "2018-03-31": "65.62%", "2017-12-31": "65.73%", "2017-09-30": "66.23%", "2017-06-30": "66.26%", "2017-03-31": "65.97%", "2016-12-31": "66.26%", "2016-09-30": "66.42%", "2016-06-30": "66.67%", "2016-03-31": "67.01%", "2015-12-31": "66.38%", "2015-09-30": "66.01%", "2015-06-30": "65.56%", "2015-03-31": "65.44%", "2014-12-31": "65.70%", "2014-09-30": "65.39%", "2014-06-30": "66.08%", "2014-03-31": "66.45%", "2013-12-31": "66.72%", "2013-09-30": "67.72%", "2013-06-30": "67.66%", "2013-03-31": "67.94%", "2012-12-31": "67.88%", "2012-09-30": "67.47%", "2012-06-30": "67.23%", "2012-03-31": "66.51%", "2011-12-31": "66.16%", "2011-09-30": "66.66%", "2011-06-30": "67.18%", "2011-03-31": "68.23%", "2010-12-31": "68.77%", "2010-09-30": "68.52%", "2010-06-30": "68.04%", "2010-03-31": "67.51%", "2009-12-31": "67.54%", "2009-09-30": "67.53%", "2009-06-30": "67.47%", "2009-03-31": "67.88%", "2008-12-31": "68.26%", "2008-09-30": "68.46%", "2008-06-30": "68.80%", "2008-03-31": "68.98%", "2007-12-31": "68.91%", "2007-09-30": "69.57%", "2007-06-30": "69.66%", "2007-03-31": "69.46%", "2006-12-31": "68.58%", "2006-09-30": "69.96%", "2006-06-30": "68.92%", "2006-03-31": "68.02%", "2005-12-31": "67.70%"}, "operating margin": {"2020-12-31": "15.49%", "2020-09-30": "17.00%", "2020-06-30": "15.54%", "2020-03-31": "18.86%", "2019-12-31": "18.23%", "2019-09-30": "16.96%", "2019-06-30": "17.00%", "2019-03-31": "17.83%", "2018-12-31": "18.65%", "2018-09-30": "19.23%", "2018-06-30": "19.19%", "2018-03-31": "18.32%", "2017-12-31": "18.46%", "2017-09-30": "18.57%", "2017-06-30": "18.52%", "2017-03-31": "18.77%", "2016-12-31": "19.21%", "2016-09-30": "19.78%", "2016-06-30": "19.53%", "2016-03-31": "19.62%", "2015-12-31": "18.71%", "2015-09-30": "17.07%", "2015-06-30": "17.85%", "2015-03-31": "15.60%", "2014-12-31": "12.88%", "2014-09-30": "12.68%", "2014-06-30": "9.78%", "2014-03-31": "10.96%", "2013-12-31": "13.92%", "2013-09-30": "13.45%", "2013-06-30": "17.02%", "2013-03-31": "19.01%", "2012-12-31": "20.11%", "2012-09-30": "20.96%", "2012-06-30": "20.94%", "2012-03-31": "20.57%", "2011-12-31": "20.30%", "2011-09-30": "20.45%", "2011-06-30": "21.49%", "2011-03-31": "22.93%", "2010-12-31": "23.92%", "2010-09-30": "26.25%", "2010-06-30": "24.40%", "2010-03-31": "24.00%", "2009-12-31": "23.71%", "2009-09-30": "21.95%", "2009-06-30": "22.75%", "2009-03-31": "22.65%", "2008-12-31": "22.61%", "2008-09-30": "22.71%", "2008-06-30": "22.53%", "2008-03-31": "22.05%", "2007-12-31": "21.78%", "2007-09-30": "21.93%", "2007-06-30": "21.82%", "2007-03-31": "22.16%", "2006-12-31": "20.67%", "2006-09-30": "20.54%", "2006-06-30": "20.02%", "2006-03-31": "19.42%", "2005-12-31": "20.22%"}, "ebitda margin": {"2020-09-30": "22.52%", "2020-06-30": "21.09%", "2020-03-31": "24.11%", "2019-12-31": "23.45%", "2019-09-30": "22.17%", "2019-06-30": "22.28%", "2019-03-31": "23.14%", "2018-12-31": "23.97%", "2018-09-30": "24.62%", "2018-06-30": "24.51%", "2018-03-31": "23.57%", "2017-12-31": "23.62%", "2017-09-30": "23.72%", "2017-06-30": "23.61%", "2017-03-31": "23.81%", "2016-12-31": "24.03%", "2016-09-30": "24.41%", "2016-06-30": "23.89%", "2016-03-31": "23.64%", "2015-12-31": "22.70%", "2015-09-30": "20.98%", "2015-06-30": "21.74%", "2015-03-31": "19.51%", "2014-12-31": "16.79%", "2014-09-30": "16.50%", "2014-06-30": "13.47%", "2014-03-31": "14.90%", "2013-12-31": "17.33%", "2013-09-30": "17.80%", "2013-06-30": "20.98%", "2013-03-31": "21.83%", "2012-12-31": "23.31%", "2012-09-30": "19.98%", "2012-06-30": "20.97%", "2012-03-31": "21.93%", "2011-12-31": "22.22%", "2011-09-30": "23.23%", "2011-06-30": "24.07%", "2011-03-31": "25.33%", "2010-12-31": "26.19%", "2010-09-30": "31.89%", "2010-06-30": "31.39%", "2010-03-31": "29.68%", "2009-12-31": "29.44%", "2009-09-30": "27.61%", "2009-06-30": "27.04%", "2009-03-31": "28.36%", "2008-12-31": "28.39%", "2008-09-30": "28.57%", "2008-06-30": "28.51%", "2008-03-31": "28.12%", "2007-12-31": "27.88%", "2007-09-30": "28.21%", "2007-06-30": "28.14%", "2007-03-31": "28.50%", "2006-12-31": "26.97%", "2006-09-30": "26.94%", "2006-06-30": "26.22%", "2006-03-31": "25.49%", "2005-12-31": "26.36%"}, "pre tax profit margin": {"2020-12-31": "13.62%", "2020-09-30": "15.60%", "2020-06-30": "14.36%", "2020-03-31": "17.87%", "2019-12-31": "17.21%", "2019-09-30": "15.69%", "2019-06-30": "15.74%", "2019-03-31": "16.53%", "2018-12-31": "17.32%", "2018-09-30": "17.69%", "2018-06-30": "17.52%", "2018-03-31": "16.54%", "2017-12-31": "16.58%", "2017-09-30": "16.50%", "2017-06-30": "16.31%", "2017-03-31": "16.45%", "2016-12-31": "16.96%", "2016-09-30": "17.87%", "2016-06-30": "17.87%", "2016-03-31": "18.28%", "2015-12-31": "17.44%", "2015-09-30": "16.08%", "2015-06-30": "16.95%", "2015-03-31": "14.67%", "2014-12-31": "11.99%", "2014-09-30": "11.86%", "2014-06-30": "9.07%", "2014-03-31": "10.33%", "2013-12-31": "13.44%", "2013-09-30": "12.81%", "2013-06-30": "16.45%", "2013-03-31": "18.56%", "2012-12-31": "19.70%", "2012-09-30": "20.86%", "2012-06-30": "20.76%", "2012-03-31": "20.62%", "2011-12-31": "20.30%", "2011-09-30": "20.18%", "2011-06-30": "21.26%", "2011-03-31": "22.49%", "2010-12-31": "23.63%", "2010-09-30": "26.18%", "2010-06-30": "24.50%", "2010-03-31": "24.32%", "2009-12-31": "24.14%", "2009-09-30": "22.40%", "2009-06-30": "23.34%", "2009-03-31": "23.37%", "2008-12-31": "23.52%", "2008-09-30": "23.79%", "2008-06-30": "23.63%", "2008-03-31": "23.16%", "2007-12-31": "22.83%", "2007-09-30": "22.89%", "2007-06-30": "22.75%", "2007-03-31": "22.91%", "2006-12-31": "21.26%", "2006-09-30": "21.06%", "2006-06-30": "20.35%", "2006-03-31": "19.63%", "2005-12-31": "20.33%"}, "net profit margin": {"2020-12-31": "11.14%", "2020-09-30": "12.35%", "2020-06-30": "11.38%", "2020-03-31": "14.47%", "2019-12-31": "13.99%", "2019-09-30": "23.55%", "2019-06-30": "24.99%", "2019-03-31": "25.38%", "2018-12-31": "26.12%", "2018-09-30": "9.31%", "2018-06-30": "8.28%", "2018-03-31": "8.00%", "2017-12-31": "8.20%", "2017-09-30": "14.67%", "2017-06-30": "14.22%", "2017-03-31": "14.33%", "2016-12-31": "14.54%", "2016-09-30": "15.24%", "2016-06-30": "15.33%", "2016-03-31": "16.07%", "2015-12-31": "14.47%", "2015-09-30": "11.95%", "2015-06-30": "9.50%", "2015-03-31": "6.86%", "2014-12-31": "5.32%", "2014-09-30": "6.73%", "2014-06-30": "7.40%", "2014-03-31": "8.45%", "2013-12-31": "11.15%", "2013-09-30": "10.01%", "2013-06-30": "12.97%", "2013-03-31": "14.41%", "2012-12-31": "14.99%", "2012-09-30": "16.74%", "2012-06-30": "16.48%", "2012-03-31": "16.42%", "2011-12-31": "16.19%", "2011-09-30": "15.32%", "2011-06-30": "15.96%", "2011-03-31": "16.69%", "2010-12-31": "17.39%", "2010-09-30": "17.94%", "2010-06-30": "16.70%", "2010-03-31": "16.59%", "2009-12-31": "16.47%", "2009-09-30": "16.33%", "2009-06-30": "17.01%", "2009-03-31": "17.04%", "2008-12-31": "17.10%", "2008-09-30": "17.23%", "2008-06-30": "17.06%", "2008-03-31": "17.15%", "2007-12-31": "16.96%", "2007-09-30": "17.09%", "2007-06-30": "17.03%", "2007-03-31": "16.64%", "2006-12-31": "15.12%", "2006-09-30": "15.07%", "2006-06-30": "13.85%", "2006-03-31": "13.22%", "2005-12-31": "13.97%"}, "pe ratio": {"current": "32.59", "2021-02-11": "90.53", "2020-12-31": "90.42", "2020-09-30": "45.08", "2020-06-30": "42.57", "2020-03-31": "29.01", "2019-12-31": "37.85", "2019-09-30": "23.63", "2019-06-30": "21.63", "2019-03-31": "20.89", "2018-12-31": "16.41", "2018-09-30": "53.44", "2018-06-30": "57.99", "2018-03-31": "58.41", "2017-12-31": "55.83", "2017-09-30": "29.23", "2017-06-30": "29.75", "2017-03-31": "28.33", "2016-12-31": "26.29", "2016-09-30": "25.22", "2016-06-30": "26.79", "2016-03-31": "23.74", "2015-12-31": "23.15", "2015-09-30": "28.74", "2015-06-30": "36.59", "2015-03-31": "43.60", "2014-12-31": "55.73", "2014-09-30": "39.07", "2014-06-30": "38.43", "2014-03-31": "37.00", "2013-12-31": "26.11", "2013-09-30": "26.41", "2013-06-30": "19.68", "2013-03-31": "18.02", "2012-12-31": "14.54", "2012-09-30": "13.36", "2012-06-30": "13.46", "2012-03-31": "13.73", "2011-12-31": "12.71", "2011-09-30": "13.18", "2011-06-30": "16.30", "2011-03-31": "16.78", "2010-12-31": "14.69", "2010-09-30": "13.56", "2010-06-30": "14.81", "2010-03-31": "17.30", "2009-12-31": "15.68", "2009-09-30": "14.44", "2009-06-30": "12.22", "2009-03-31": "10.47", "2008-12-31": "12.33", "2008-09-30": "19.24", "2008-06-30": "20.23", "2008-03-31": "21.58", "2007-12-31": "26.01", "2007-09-30": "24.95", "2007-06-30": "23.82", "2007-03-31": "26.58", "2006-12-31": "24.66"}, "price sales": {"2021-02-11": "6.49", "2020-12-31": "6.48", "2020-09-30": "5.54", "2020-06-30": "4.83", "2020-03-31": "4.19", "2019-12-31": "5.29", "2019-09-30": "5.56", "2019-06-30": "5.40", "2019-03-31": "5.30", "2018-12-31": "4.29", "2018-09-30": "4.96", "2018-06-30": "4.79", "2018-03-31": "4.66", "2017-12-31": "4.57", "2017-09-30": "4.28", "2017-06-30": "4.23", "2017-03-31": "4.05", "2016-12-31": "3.82", "2016-09-30": "3.86", "2016-06-30": "4.12", "2016-03-31": "3.83", "2015-12-31": "3.36", "2015-09-30": "3.42", "2015-06-30": "3.48", "2015-03-31": "3.37", "2014-12-31": "3.46", "2014-09-30": "3.00", "2014-06-30": "3.20", "2014-03-31": "3.12", "2013-12-31": "2.91", "2013-09-30": "2.64", "2013-06-30": "2.55", "2013-03-31": "2.60", "2012-12-31": "2.18", "2012-09-30": "2.25", "2012-06-30": "2.23", "2012-03-31": "2.26", "2011-12-31": "2.07", "2011-09-30": "2.02", "2011-06-30": "2.61", "2011-03-31": "2.81", "2010-12-31": "2.56", "2010-09-30": "2.43", "2010-06-30": "2.46", "2010-03-31": "2.86", "2009-12-31": "2.58", "2009-09-30": "2.38", "2009-06-30": "2.10", "2009-03-31": "1.80", "2008-12-31": "2.12", "2008-09-30": "3.32", "2008-06-30": "3.45", "2008-03-31": "3.71", "2007-12-31": "4.41", "2007-09-30": "4.26", "2007-06-30": "4.05", "2007-03-31": "4.41", "2006-12-31": "3.72"}, "price book": {"current": "6.95", "2021-02-11": "7.10", "2020-09-30": "6.01", "2020-06-30": "5.28", "2020-03-31": "4.72", "2019-12-31": "6.06", "2019-09-30": "6.48", "2019-06-30": "6.33", "2019-03-31": "6.19", "2018-12-31": "4.89", "2018-09-30": "6.57", "2018-06-30": "6.49", "2018-03-31": "6.32", "2017-12-31": "5.61", "2017-09-30": "4.91", "2017-06-30": "4.97", "2017-03-31": "4.86", "2016-12-31": "4.49", "2016-09-30": "4.44", "2016-06-30": "4.67", "2016-03-31": "4.30", "2015-12-31": "3.84", "2015-09-30": "3.91", "2015-06-30": "3.96", "2015-03-31": "3.90", "2014-12-31": "3.85", "2014-09-30": "3.27", "2014-06-30": "3.26", "2014-03-31": "3.12", "2013-12-31": "2.87", "2013-09-30": "2.66", "2013-06-30": "2.58", "2013-03-31": "2.63", "2012-12-31": "2.18", "2012-09-30": "2.26", "2012-06-30": "2.35", "2012-03-31": "2.34", "2011-12-31": "2.18", "2011-09-30": "2.10", "2011-06-30": "2.57", "2011-03-31": "2.77", "2010-12-31": "2.55", "2010-09-30": "2.37", "2010-06-30": "2.55", "2010-03-31": "2.94", "2009-12-31": "2.62", "2009-09-30": "2.41", "2009-06-30": "2.24", "2009-03-31": "2.06", "2008-12-31": "2.51", "2008-09-30": "3.72", "2008-06-30": "3.54", "2008-03-31": "3.83", "2007-12-31": "4.85", "2007-09-30": "4.62", "2007-06-30": "4.55", "2007-03-31": "5.11", "2006-12-31": "4.54", "2006-09-30": "4.26", "2006-06-30": "3.83", "2006-03-31": "4.35"}, "price fcf": {"2021-02-11": "", "2020-09-30": "$5.93", "2020-06-30": "$5.19", "2020-03-31": "$4.73", "2019-12-31": "$4.06", "2019-09-30": "$4.99", "2019-06-30": "$5.02", "2019-03-31": "$5.40", "2018-12-31": "$5.36", "2018-09-30": "$4.31", "2018-06-30": "$2.89", "2018-03-31": "$2.96", "2017-12-31": "$2.53", "2017-09-30": "$0.57", "2017-06-30": "$3.77", "2017-03-31": "$3.41", "2016-12-31": "$3.76", "2016-09-30": "$6.20", "2016-06-30": "$1.62", "2016-03-31": "$1.39", "2015-12-31": "$1.87", "2015-09-30": "$1.71", "2015-06-30": "$4.49", "2015-03-31": "$4.55", "2014-12-31": "$4.05", "2014-09-30": "$4.04", "2014-06-30": "$4.31", "2014-03-31": "$4.30", "2013-12-31": "$4.43", "2013-09-30": "$4.24", "2013-06-30": "$4.07", "2013-03-31": "$4.31", "2012-12-31": "$3.78", "2012-09-30": "$3.79", "2012-06-30": "$3.47", "2012-03-31": "$2.70", "2011-12-31": "$3.27", "2011-09-30": "$3.00", "2011-06-30": "$3.06", "2011-03-31": "$3.49", "2010-12-31": "$3.57", "2010-09-30": "$3.65", "2010-06-30": "$4.29", "2010-03-31": "$3.33", "2009-12-31": "$3.33", "2009-09-30": "$3.01", "2009-06-30": "$2.01", "2009-03-31": "$2.71", "2008-12-31": "$2.49", "2008-09-30": "$2.28", "2008-06-30": "$2.19", "2008-03-31": "$2.13", "2007-12-31": "$2.02", "2007-09-30": "$2.04", "2007-06-30": "$1.99", "2007-03-31": "$1.94", "2006-12-31": "$1.60"}, "net worth": {"value": "$91B"}, "current ratio": {"2020-12-31": "1.93", "2020-09-30": "2.89", "2020-06-30": "2.91", "2020-03-31": "2.58", "2019-12-31": "2.58", "2019-09-30": "2.19", "2019-06-30": "2.07", "2019-03-31": "2.12", "2018-12-31": "2.03", "2018-09-30": "1.91", "2018-06-30": "1.83", "2018-03-31": "1.64", "2017-12-31": "2.29", "2017-09-30": "2.37", "2017-06-30": "2.39", "2017-03-31": "3.09", "2016-12-31": "2.50", "2016-09-30": "2.43", "2016-06-30": "2.17", "2016-03-31": "3.56", "2015-12-31": "2.27", "2015-09-30": "2.26", "2015-06-30": "2.40", "2015-03-31": "2.36", "2014-12-31": "1.95", "2014-09-30": "2.22", "2014-06-30": "2.53", "2014-03-31": "2.37", "2013-12-31": "3.14", "2013-09-30": "3.95", "2013-06-30": "4.41", "2013-03-31": "4.66", "2012-12-31": "4.34", "2012-09-30": "4.85", "2012-06-30": "4.83", "2012-03-31": "4.67", "2011-12-31": "3.92", "2011-09-30": "4.44", "2011-06-30": "4.06", "2011-03-31": "4.10", "2010-12-31": "4.76", "2010-09-30": "5.37", "2010-06-30": "5.33", "2010-03-31": "4.89", "2009-12-31": "4.06", "2009-09-30": "4.81", "2009-06-30": "4.87", "2009-03-31": "4.23", "2008-12-31": "3.41", "2008-09-30": "4.37", "2008-06-30": "4.76", "2008-03-31": "4.41", "2007-12-31": "3.68", "2007-09-30": "4.08", "2007-06-30": "3.91", "2007-03-31": "3.48", "2006-12-31": "2.62", "2006-09-30": "2.80", "2006-06-30": "2.71", "2006-03-31": "2.49", "2005-12-31": "2.30", "2005-09-30": "2.28", "2005-06-30": "2.28", "2005-03-31": "2.19"}, "quick ratio": {"2020-12-31": "1.23", "2020-09-30": "2.15", "2020-06-30": "2.13", "2020-03-31": "1.77", "2019-12-31": "1.84", "2019-09-30": "1.35", "2019-06-30": "1.26", "2019-03-31": "1.30", "2018-12-31": "1.41", "2018-09-30": "1.21", "2018-06-30": "1.16", "2018-03-31": "1.08", "2017-12-31": "1.59", "2017-09-30": "1.61", "2017-06-30": "1.75", "2017-03-31": "2.24", "2016-12-31": "1.85", "2016-09-30": "1.74", "2016-06-30": "1.62", "2016-03-31": "3.00", "2015-12-31": "1.80", "2015-09-30": "1.79", "2015-06-30": "1.97", "2015-03-31": "1.93", "2014-12-31": "1.59", "2014-09-30": "1.82", "2014-06-30": "2.10", "2014-03-31": "1.95", "2013-12-31": "2.60", "2013-09-30": "3.35", "2013-06-30": "3.73", "2013-03-31": "3.93", "2012-12-31": "3.67", "2012-09-30": "4.01", "2012-06-30": "3.97", "2012-03-31": "3.82", "2011-12-31": "3.22", "2011-09-30": "3.61", "2011-06-30": "3.25", "2011-03-31": "3.33", "2010-12-31": "4.10", "2010-09-30": "4.63", "2010-06-30": "4.58", "2010-03-31": "4.21", "2009-12-31": "3.41", "2009-09-30": "3.99", "2009-06-30": "3.95", "2009-03-31": "3.39", "2008-12-31": "2.75", "2008-09-30": "3.51", "2008-06-30": "3.92", "2008-03-31": "3.63", "2007-12-31": "3.08", "2007-09-30": "3.36", "2007-06-30": "3.20", "2007-03-31": "2.82", "2006-12-31": "2.11", "2006-09-30": "2.19", "2006-06-30": "2.10", "2006-03-31": "1.96", "2005-12-31": "1.85", "2005-09-30": "1.72", "2005-06-30": "1.68", "2005-03-31": "1.60"}, "debt equity ratio": {"current": "1.01", "2020-12-31": "1.62", "2020-09-30": "1.49", "2020-06-30": "1.47", "2020-03-31": "1.25", "2019-12-31": "1.36", "2019-09-30": "1.17", "2019-06-30": "1.21", "2019-03-31": "1.22", "2018-12-31": "1.32", "2018-09-30": "1.24", "2018-06-30": "1.28", "2018-03-31": "1.40", "2017-12-31": "1.22", "2017-09-30": "1.06", "2017-06-30": "1.12", "2017-03-31": "1.11", "2016-12-31": "1.14", "2016-09-30": "1.16", "2016-06-30": "1.26", "2016-03-31": "1.23", "2015-12-31": "0.91", "2015-09-30": "0.88", "2015-06-30": "0.98", "2015-03-31": "0.99", "2014-12-31": "1.01", "2014-09-30": "1.03", "2014-06-30": "0.91", "2014-03-31": "0.78", "2013-12-31": "0.74", "2013-09-30": "0.70", "2013-06-30": "0.67", "2013-03-31": "0.67", "2012-12-31": "0.54", "2012-09-30": "0.53", "2012-06-30": "0.54", "2012-03-31": "0.55", "2011-12-31": "0.58", "2011-09-30": "0.60", "2011-06-30": "0.49", "2011-03-31": "0.51", "2010-12-31": "0.52", "2010-09-30": "0.47", "2010-06-30": "0.49", "2010-03-31": "0.51", "2009-12-31": "0.38", "2009-09-30": "0.31", "2009-06-30": "0.31", "2009-03-31": "0.35", "2008-12-31": "0.41", "2008-09-30": "0.32", "2008-06-30": "0.29", "2008-03-31": "0.31", "2007-12-31": "0.37", "2007-09-30": "0.33", "2007-06-30": "0.34", "2007-03-31": "0.35", "2006-12-31": "0.40", "2006-09-30": "0.35", "2006-06-30": "0.36", "2006-03-31": "0.43", "2005-12-31": "0.51", "2005-09-30": "0.41", "2005-06-30": "0.39", "2005-03-31": "0.41"}, "return on equity": {"2020-12-31": "12.31%", "2020-09-30": "13.60%", "2020-06-30": "12.56%", "2020-03-31": "17.25%", "2019-12-31": "17.09%", "2019-09-30": "28.74%", "2019-06-30": "31.40%", "2019-03-31": "32.96%", "2018-12-31": "35.29%", "2018-09-30": "12.83%", "2018-06-30": "11.05%", "2018-03-31": "10.28%", "2017-12-31": "10.16%", "2017-09-30": "17.92%", "2017-06-30": "17.61%", "2017-03-31": "17.93%", "2016-12-31": "17.91%", "2016-09-30": "18.56%", "2016-06-30": "18.39%", "2016-03-31": "18.85%", "2015-12-31": "17.02%", "2015-09-30": "13.89%", "2015-06-30": "10.96%", "2015-03-31": "7.75%", "2014-12-31": "5.84%", "2014-09-30": "7.17%", "2014-06-30": "7.67%", "2014-03-31": "8.71%", "2013-12-31": "11.55%", "2013-09-30": "10.35%", "2013-06-30": "13.41%", "2013-03-31": "15.01%", "2012-12-31": "15.77%", "2012-09-30": "17.85%", "2012-06-30": "17.98%", "2012-03-31": "17.89%", "2011-12-31": "17.66%", "2011-09-30": "16.54%", "2011-06-30": "16.82%", "2011-03-31": "17.55%", "2010-12-31": "18.25%", "2010-09-30": "18.80%", "2010-06-30": "17.78%", "2010-03-31": "17.82%", "2009-12-31": "17.91%", "2009-09-30": "18.34%", "2009-06-30": "19.69%", "2009-03-31": "19.81%", "2008-12-31": "19.72%", "2008-09-30": "19.71%", "2008-06-30": "19.43%", "2008-03-31": "20.02%", "2007-12-31": "20.54%", "2007-09-30": "20.81%", "2007-06-30": "21.27%", "2007-03-31": "21.27%", "2006-12-31": "20.16%", "2006-09-30": "20.02%", "2006-06-30": "19.34%", "2006-03-31": "19.39%", "2005-12-31": "20.94%"}, "return on assets": {"2020-12-31": "5.01%", "2020-09-30": "5.69%", "2020-06-30": "5.44%", "2020-03-31": "7.69%", "2019-12-31": "7.64%", "2019-09-30": "12.91%", "2019-06-30": "13.98%", "2019-03-31": "14.55%", "2018-12-31": "15.28%", "2018-09-30": "5.62%", "2018-06-30": "4.94%", "2018-03-31": "4.68%", "2017-12-31": "4.77%", "2017-09-30": "8.50%", "2017-06-30": "8.25%", "2017-03-31": "8.27%", "2016-12-31": "8.15%", "2016-09-30": "8.66%", "2016-06-30": "8.88%", "2016-03-31": "9.42%", "2015-12-31": "8.78%", "2015-09-30": "7.07%", "2015-06-30": "5.47%", "2015-03-31": "3.90%", "2014-12-31": "3.02%", "2014-09-30": "3.85%", "2014-06-30": "4.29%", "2014-03-31": "5.05%", "2013-12-31": "6.81%", "2013-09-30": "6.29%", "2013-06-30": "8.37%", "2013-03-31": "9.57%", "2012-12-31": "10.24%", "2012-09-30": "11.51%", "2012-06-30": "11.46%", "2012-03-31": "11.50%", "2011-12-31": "11.43%", "2011-09-30": "10.82%", "2011-06-30": "11.23%", "2011-03-31": "11.71%", "2010-12-31": "12.17%", "2010-09-30": "12.84%", "2010-06-30": "12.48%", "2010-03-31": "12.92%", "2009-12-31": "13.40%", "2009-09-30": "13.67%", "2009-06-30": "14.65%", "2009-03-31": "14.80%", "2008-12-31": "14.85%", "2008-09-30": "14.94%", "2008-06-30": "14.70%", "2008-03-31": "15.01%", "2007-12-31": "15.25%", "2007-09-30": "15.38%", "2007-06-30": "15.63%", "2007-03-31": "15.57%", "2006-12-31": "14.56%", "2006-09-30": "14.21%", "2006-06-30": "13.56%", "2006-03-31": "13.48%", "2005-12-31": "14.61%"}, "return on investments": {"2020-12-31": "9.04%", "2020-09-30": "10.17%", "2020-06-30": "9.68%", "2020-03-31": "13.17%", "2019-12-31": "13.11%", "2019-09-30": "12.34%", "2019-06-30": "12.78%", "2019-03-31": "13.93%", "2018-12-31": "15.25%", "2018-09-30": "16.24%", "2018-06-30": "15.61%", "2018-03-31": "14.27%", "2017-12-31": "13.69%", "2017-09-30": "13.50%", "2017-06-30": "13.46%", "2017-03-31": "13.62%", "2016-12-31": "13.68%", "2016-09-30": "14.57%", "2016-06-30": "15.13%", "2016-03-31": "15.79%", "2015-12-31": "16.16%", "2015-09-30": "14.57%", "2015-06-30": "14.91%", "2015-03-31": "12.80%", "2014-12-31": "10.55%", "2014-09-30": "10.24%", "2014-06-30": "7.76%", "2014-03-31": "8.72%", "2013-12-31": "10.97%", "2013-09-30": "10.78%", "2013-06-30": "13.92%", "2013-03-31": "15.97%", "2012-12-31": "17.44%", "2012-09-30": "18.34%", "2012-06-30": "18.66%", "2012-03-31": "18.65%", "2011-12-31": "18.75%", "2011-09-30": "19.06%", "2011-06-30": "19.95%", "2011-03-31": "21.16%", "2010-12-31": "21.97%", "2010-09-30": "31.70%", "2010-06-30": "44.62%", "2010-03-31": "86.66%", "2009-12-31": "inf%", "2009-09-30": "inf%", "2009-06-30": "inf%", "2009-03-31": "inf%", "2008-12-31": "inf%", "2008-09-30": "inf%", "2008-06-30": "inf%", "2008-03-31": "inf%", "2007-12-31": "116.49%", "2007-09-30": "110.96%", "2007-06-30": "56.14%", "2007-03-31": "38.01%", "2006-12-31": "37.50%", "2006-09-30": "26.75%", "2006-06-30": "27.37%", "2006-03-31": "27.87%", "2005-12-31": "29.86%"}, "return on tangible equity": {"2020-09-30": "-783.05%", "2020-06-30": "-499.14%", "2020-03-31": "-442.99%", "2019-12-31": "-260.86%", "2019-09-30": "-370.28%", "2019-06-30": "-316.05%", "2019-03-31": "-269.21%", "2018-12-31": "-230.53%", "2018-09-30": "-84.74%", "2018-06-30": "-92.54%", "2018-03-31": "-148.60%", "2017-12-31": "-592.16%", "2017-09-30": "-2105.33%", "2017-06-30": "-667.98%", "2017-03-31": "-306.81%", "2016-12-31": "827.64%", "2016-09-30": "179.79%", "2016-06-30": "92.98%", "2016-03-31": "62.42%", "2015-12-31": "58.97%", "2015-09-30": "49.19%", "2015-06-30": "39.84%", "2015-03-31": "27.52%", "2014-12-31": "19.73%", "2014-09-30": "22.76%", "2014-06-30": "20.20%", "2014-03-31": "20.22%", "2013-12-31": "24.19%", "2013-09-30": "19.29%", "2013-06-30": "24.23%", "2013-03-31": "26.48%", "2012-12-31": "27.21%", "2012-09-30": "31.38%", "2012-06-30": "32.40%", "2012-03-31": "32.47%", "2011-12-31": "31.89%", "2011-09-30": "27.38%", "2011-06-30": "25.31%", "2011-03-31": "24.49%", "2010-12-31": "23.89%", "2010-09-30": "24.55%", "2010-06-30": "22.72%", "2010-03-31": "22.23%", "2009-12-31": "21.79%", "2009-09-30": "21.81%", "2009-06-30": "23.49%", "2009-03-31": "23.61%", "2008-12-31": "23.50%", "2008-09-30": "23.48%", "2008-06-30": "23.27%", "2008-03-31": "24.26%", "2007-12-31": "25.22%", "2007-09-30": "25.93%", "2007-06-30": "26.95%", "2007-03-31": "27.45%", "2006-12-31": "26.49%", "2006-09-30": "26.84%", "2006-06-30": "26.54%", "2006-03-31": "27.30%", "2005-12-31": "30.33%"}, "dividend yield history": {"last payout": "$2.52", "last yield": "1.04%"}}