{"ticker": "SNV", "price": {"title": "Synovus Financial Historical Annual Stock Price Data", "value": 40.5, "historical": {"2021": {"Average Stock Price": "37.4013", "Year Open": "32.1500", "Year High": "40.6800", "Year Low": "32.1500", "Year Close": "40.5000", "Annual % Change": "25.12%"}, "2020": {"Average Stock Price": "24.9548", "Year Open": "39.4400", "Year High": "40.0000", "Year Low": "12.7400", "Year Close": "32.3700", "Annual % Change": "-17.42%"}, "2019": {"Average Stock Price": "36.0152", "Year Open": "32.6800", "Year High": "40.1600", "Year Low": "31.9600", "Year Close": "39.2000", "Annual % Change": "22.54%"}, "2018": {"Average Stock Price": "47.8999", "Year Open": "48.2200", "Year High": "57.0700", "Year Low": "30.2500", "Year Close": "31.9900", "Annual % Change": "-33.27%"}, "2017": {"Average Stock Price": "43.6195", "Year Open": "41.1800", "Year High": "50.1300", "Year Low": "39.1100", "Year Close": "47.9400", "Annual % Change": "16.70%"}, "2016": {"Average Stock Price": "31.8203", "Year Open": "31.5100", "Year High": "41.7800", "Year Low": "25.9500", "Year Close": "41.0800", "Annual % Change": "26.87%"}, "2015": {"Average Stock Price": "29.6749", "Year Open": "26.8200", "Year High": "33.5600", "Year Low": "24.4900", "Year Close": "32.3800", "Annual % Change": "19.53%"}, "2014": {"Average Stock Price": "24.2179", "Year Open": "24.8425", "Year High": "27.5100", "Year Low": "21.8334", "Year Close": "27.0900", "Annual % Change": "7.53%"}, "2013": {"Average Stock Price": "20.9965", "Year Open": "18.1945", "Year High": "25.1924", "Year Low": "17.0749", "Year Close": "25.1924", "Annual % Change": "46.94%"}, "2012": {"Average Stock Price": "14.5475", "Year Open": "10.7068", "Year High": "17.8446", "Year Low": "10.7068", "Year Close": "17.1449", "Annual % Change": "73.76%"}, "2011": {"Average Stock Price": "13.9522", "Year Open": "19.1043", "Year High": "20.3639", "Year Low": "6.8579", "Year Close": "9.8670", "Annual % Change": "-46.59%"}, "2010": {"Average Stock Price": "18.6202", "Year Open": "14.6956", "Year High": "26.7320", "Year Low": "13.7159", "Year Close": "18.4745", "Annual % Change": "28.78%"}, "2009": {"Average Stock Price": "23.6576", "Year Open": "57.3828", "Year High": "57.3828", "Year Low": "10.4269", "Year Close": "14.3457", "Annual % Change": "-75.30%"}, "2008": {"Average Stock Price": "71.9782", "Year Open": "75.5773", "Year High": "94.4017", "Year Low": "46.7460", "Year Close": "58.0826", "Annual % Change": "-65.53%"}, "2007": {"Average Stock Price": "207.0489", "Year Open": "216.7950", "Year High": "233.6599", "Year Low": "157.7327", "Year Close": "168.5094", "Annual % Change": "-21.89%"}, "2006": {"Average Stock Price": "197.4585", "Year Open": "192.3023", "Year High": "216.8649", "Year Low": "180.3359", "Year Close": "215.7453", "Annual % Change": "14.14%"}, "2005": {"Average Stock Price": "196.7807", "Year Open": "199.5101", "Year High": "209.5871", "Year Low": "185.3744", "Year Close": "189.0133", "Annual % Change": "-5.49%"}, "2004": {"Average Stock Price": "179.9480", "Year Open": "199.4402", "Year High": "202.1693", "Year Low": "158.6424", "Year Close": "200.0000", "Annual % Change": "-1.18%"}, "2003": {"Average Stock Price": "160.9056", "Year Open": "140.6578", "Year High": "203.2190", "Year Low": "121.1337", "Year Close": "202.3793", "Annual % Change": "49.07%"}, "2002": {"Average Stock Price": "171.6874", "Year Open": "173.8978", "Year High": "222.1134", "Year Low": "117.6347", "Year Close": "135.7593", "Annual % Change": "-22.55%"}, "2001": {"Average Stock Price": "196.2716", "Year Open": "182.8551", "Year High": "241.0777", "Year Low": "161.0917", "Year Close": "175.2974", "Annual % Change": "-7.02%"}, "2000": {"Average Stock Price": "136.8076", "Year Open": "132.5402", "Year High": "190.2729", "Year Low": "101.4696", "Year Close": "188.5234", "Annual % Change": "35.51%"}, "1999": {"Average Stock Price": "146.2047", "Year Open": "167.5297", "Year High": "174.9475", "Year Low": "122.4633", "Year Close": "139.1183", "Annual % Change": "-17.17%"}, "1998": {"Average Stock Price": "158.1095", "Year Open": "151.6212", "Year High": "180.7791", "Year Low": "126.3821", "Year Close": "167.9496", "Annual % Change": "9.92%"}, "1997": {"Average Stock Price": "118.3927", "Year Open": "97.1931", "Year High": "155.4000", "Year Low": "91.7503", "Year Close": "152.7875", "Annual % Change": "52.89%"}, "1996": {"Average Stock Price": "75.3716", "Year Open": "60.1301", "Year High": "103.8177", "Year Low": "55.7137", "Year Close": "99.9300", "Annual % Change": "69.11%"}, "1995": {"Average Stock Price": "48.0293", "Year Open": "37.5710", "Year High": "61.9340", "Year Low": "37.3221", "Year Close": "59.0934", "Annual % Change": "57.28%"}, "1994": {"Average Stock Price": "37.3809", "Year Open": "39.1468", "Year High": "40.9507", "Year Low": "34.9999", "Year Close": "37.5710", "Annual % Change": "-2.74%"}, "1993": {"Average Stock Price": "37.1169", "Year Open": "31.7929", "Year High": "41.7179", "Year Low": "31.1018", "Year Close": "38.6284", "Annual % Change": "20.82%"}, "1992": {"Average Stock Price": "29.3991", "Year Open": "24.8814", "Year High": "34.0461", "Year Low": "23.3332", "Year Close": "31.9726", "Annual % Change": "28.50%"}, "1991": {"Average Stock Price": "22.2567", "Year Open": "20.7345", "Year High": "26.0840", "Year Low": "18.6611", "Year Close": "24.8814", "Annual % Change": "22.03%"}}}, "market cap": {"value": "$5.99B"}, "income statement": {"Revenue": {"2020-12-31": "2311.00800", "2019-12-31": "2406.53800", "2018-12-31": "1624.39800", "2017-12-31": "1507.82400", "2016-12-31": "1295.99700", "2015-12-31": "1213.88200", "2014-12-31": "1190.79600", "2013-12-31": "1182.58500", "2012-12-31": "1318.10600", "2011-12-31": "1480.63000", "2010-12-31": "1625.92800", "2009-12-31": "1919.85900", "2008-12-31": "2274.82100", "2007-12-31": "2610.04200", "2006-12-31": "2375.89600", "2005-12-31": "1823.67500"}, "Cost Of Goods Sold": {"2020-12-31": "291.74700", "2019-12-31": "454.83500", "2018-12-31": "195.89200", "2017-12-31": "139.18800", "2016-12-31": "123.62300", "2015-12-31": "118.64400", "2014-12-31": "109.40800", "2013-12-31": "118.82200", "2012-12-31": "150.02300", "2011-12-31": "217.60200", "2010-12-31": "334.24800", "2009-12-31": "498.87900", "2008-12-31": "779.68700", "2007-12-31": "1089.45600", "2006-12-31": "890.67700", "2005-12-31": "531.04600"}, "Gross Profit": {"2020-12-31": "2019.26100", "2019-12-31": "1951.70300", "2018-12-31": "1428.50600", "2017-12-31": "1368.63600", "2016-12-31": "1172.37400", "2015-12-31": "1095.23800", "2014-12-31": "1081.38800", "2013-12-31": "1063.76300", "2012-12-31": "1168.08300", "2011-12-31": "1263.02800", "2010-12-31": "1291.68000", "2009-12-31": "1420.98000", "2008-12-31": "1495.13400", "2007-12-31": "1520.58600", "2006-12-31": "1485.21900", "2005-12-31": "1292.62900"}, "Research And Development Expenses": {"2020-12-31": "", "2019-12-31": "", "2018-12-31": "", "2017-12-31": "", "2016-12-31": "", "2015-12-31": "", "2014-12-31": "", "2013-12-31": "", "2012-12-31": "", "2011-12-31": "", "2010-12-31": "", "2009-12-31": "", "2008-12-31": "", "2007-12-31": "", "2006-12-31": "", "2005-12-31": ""}, "SG&A Expenses": {"2020-12-31": "1452.16800", "2019-12-31": "1130.10800", "2018-12-31": "871.08700", "2017-12-31": "888.38790", "2016-12-31": "782.28700", "2015-12-31": "736.62900", "2014-12-31": "758.24400", "2013-12-31": "800.07100", "2012-12-31": "1131.19400", "2011-12-31": "1291.89500", "2010-12-31": "2135.31200", "2009-12-31": "3005.80300", "2008-12-31": "1660.19800", "2007-12-31": "1000.55100", "2006-12-31": "839.68100", "2005-12-31": "729.28900"}, "Other Operating Income Or Expenses": {"2020-12-31": "", "2019-12-31": "", "2018-12-31": "", "2017-12-31": "", "2016-12-31": "", "2015-12-31": "", "2014-12-31": "", "2013-12-31": "", "2012-12-31": "", "2011-12-31": "", "2010-12-31": "", "2009-12-31": "", "2008-12-31": "", "2007-12-31": "", "2006-12-31": "", "2005-12-31": ""}, "Operating Expenses": {"2020-12-31": "1799.35200", "2019-12-31": "1584.94300", "2018-12-31": "1066.97900", "2017-12-31": "1027.57600", "2016-12-31": "905.91000", "2015-12-31": "855.27290", "2014-12-31": "867.65200", "2013-12-31": "918.89300", "2012-12-31": "1281.21700", "2011-12-31": "1509.49700", "2010-12-31": "2469.56000", "2009-12-31": "3519.77200", "2008-12-31": "2919.50200", "2007-12-31": "2090.00700", "2006-12-31": "1730.35800", "2005-12-31": "1260.33500"}, "Operating Income": {"2020-12-31": "511.65630", "2019-12-31": "821.59500", "2018-12-31": "557.41910", "2017-12-31": "480.24800", "2016-12-31": "390.08690", "2015-12-31": "358.60900", "2014-12-31": "323.14400", "2013-12-31": "263.69200", "2012-12-31": "36.88890", "2011-12-31": "-28.86710", "2010-12-31": "-843.63210", "2009-12-31": "-1599.91300", "2008-12-31": "-644.68090", "2007-12-31": "520.03490", "2006-12-31": "645.53800", "2005-12-31": "563.34010"}, "Total Non-Operating Income/Expense": {"2020-12-31": "-26.99100", "2019-12-31": "-56.58000", "2018-12-31": "-10.06500", "2017-12-31": "-0.11000", "2016-12-31": "-1.63600", "2015-12-31": "-0.03600", "2014-12-31": "-20.58500", "2013-12-31": "-11.06400", "2012-12-31": "-5.41200", "2011-12-31": "-30.66500", "2010-12-31": "-5.53800", "2009-12-31": "-5.99500", "2008-12-31": "-16.12500", "2007-12-31": "", "2006-12-31": "", "2005-12-31": ""}, "Pre-Tax Income": {"2020-12-31": "484.66500", "2019-12-31": "765.01500", "2018-12-31": "547.35400", "2017-12-31": "480.13800", "2016-12-31": "388.45100", "2015-12-31": "358.57300", "2014-12-31": "302.55900", "2013-12-31": "252.62800", "2012-12-31": "31.47700", "2011-12-31": "-59.53200", "2010-12-31": "-849.17000", "2009-12-31": "-1605.90800", "2008-12-31": "-660.80600", "2007-12-31": "520.03500", "2006-12-31": "645.53800", "2005-12-31": "563.34000"}, "Income Taxes": {"2020-12-31": "110.97000", "2019-12-31": "201.23500", "2018-12-31": "118.87800", "2017-12-31": "204.66400", "2016-12-31": "141.66700", "2015-12-31": "132.49100", "2014-12-31": "107.31000", "2013-12-31": "93.24500", "2012-12-31": "-798.73200", "2011-12-31": "1.31200", "2010-12-31": "-15.15100", "2009-12-31": "-171.97700", "2008-12-31": "-80.43000", "2007-12-31": "182.06600", "2006-12-31": "230.43500", "2005-12-31": "204.29000"}, "Income After Taxes": {"2020-12-31": "373.69500", "2019-12-31": "563.78000", "2018-12-31": "428.47600", "2017-12-31": "275.47400", "2016-12-31": "246.78400", "2015-12-31": "226.08200", "2014-12-31": "195.24900", "2013-12-31": "159.38300", "2012-12-31": "830.20900", "2011-12-31": "-60.84400", "2010-12-31": "-834.01900", "2009-12-31": "-1433.93100", "2008-12-31": "-580.37600", "2007-12-31": "337.96900", "2006-12-31": "415.10300", "2005-12-31": "359.05000"}, "Other Income": {"2020-12-31": "", "2019-12-31": "", "2018-12-31": "", "2017-12-31": "", "2016-12-31": "", "2015-12-31": "", "2014-12-31": "", "2013-12-31": "", "2012-12-31": "", "2011-12-31": "", "2010-12-31": "", "2009-12-31": "", "2008-12-31": "", "2007-12-31": "", "2006-12-31": "", "2005-12-31": ""}, "Income From Continuous Operations": {"2020-12-31": "373.69500", "2019-12-31": "563.78000", "2018-12-31": "428.47600", "2017-12-31": "275.47400", "2016-12-31": "246.78400", "2015-12-31": "226.08200", "2014-12-31": "195.24900", "2013-12-31": "159.38300", "2012-12-31": "830.20900", "2011-12-31": "-60.84400", "2010-12-31": "-834.01900", "2009-12-31": "-1433.93100", "2008-12-31": "-580.37600", "2007-12-31": "337.96900", "2006-12-31": "415.10300", "2005-12-31": "359.05000"}, "Income From Discontinued Operations": {"2020-12-31": "", "2019-12-31": "", "2018-12-31": "", "2017-12-31": "", "2016-12-31": "", "2015-12-31": "", "2014-12-31": "", "2013-12-31": "", "2012-12-31": "", "2011-12-31": "", "2010-12-31": "43.16200", "2009-12-31": "4.59000", "2008-12-31": "5.65000", "2007-12-31": "188.33600", "2006-12-31": "201.81400", "2005-12-31": "157.39600"}, "Net Income": {"2020-12-31": "340.53200", "2019-12-31": "540.89900", "2018-12-31": "410.47800", "2017-12-31": "265.23600", "2016-12-31": "236.54600", "2015-12-31": "215.84400", "2014-12-31": "185.01100", "2013-12-31": "118.55300", "2012-12-31": "771.50600", "2011-12-31": "-118.71200", "2010-12-31": "-848.18800", "2009-12-31": "-1488.67100", "2008-12-31": "-584.49500", "2007-12-31": "526.30500", "2006-12-31": "616.91700", "2005-12-31": "516.44600"}, "EBITDA": {"2020-12-31": "", "2019-12-31": "", "2018-12-31": "", "2017-12-31": "", "2016-12-31": "", "2015-12-31": "", "2014-12-31": "", "2013-12-31": "", "2012-12-31": "", "2011-12-31": "", "2010-12-31": "", "2009-12-31": "", "2008-12-31": "", "2007-12-31": "", "2006-12-31": "", "2005-12-31": ""}, "EBIT": {"2020-12-31": "", "2019-12-31": "", "2018-12-31": "", "2017-12-31": "", "2016-12-31": "", "2015-12-31": "", "2014-12-31": "", "2013-12-31": "", "2012-12-31": "", "2011-12-31": "", "2010-12-31": "", "2009-12-31": "", "2008-12-31": "", "2007-12-31": "", "2006-12-31": "", "2005-12-31": ""}, "Basic Shares Outstanding": {"2020-12-31": "147.41500", "2019-12-31": "154.33100", "2018-12-31": "117.64400", "2017-12-31": "121.16200", "2016-12-31": "124.38900", "2015-12-31": "132.42300", "2014-12-31": "138.49500", "2013-12-31": "127.49500", "2012-12-31": "112.35200", "2011-12-31": "112.21540", "2010-12-31": "97.91310", "2009-12-31": "53.29360", "2008-12-31": "47.05970", "2007-12-31": "46.70670", "2006-12-31": "45.90530", "2005-12-31": "44.51260"}, "Shares Outstanding": {"2020-12-31": "148.21000", "2019-12-31": "156.05800", "2018-12-31": "118.37800", "2017-12-31": "122.01200", "2016-12-31": "125.07800", "2015-12-31": "133.20100", "2014-12-31": "139.15400", "2013-12-31": "134.22600", "2012-12-31": "130.01500", "2011-12-31": "112.21540", "2010-12-31": "97.91310", "2009-12-31": "53.29360", "2008-12-31": "47.05970", "2007-12-31": "47.13740", "2006-12-31": "46.33280", "2005-12-31": "44.98710"}, "Basic EPS": {"2020-12-31": "2.31000", "2019-12-31": "3.50000", "2018-12-31": "3.49000", "2017-12-31": "2.19000", "2016-12-31": "1.90000", "2015-12-31": "1.63000", "2014-12-31": "1.34000", "2013-12-31": "0.93000", "2012-12-31": "6.87000", "2011-12-31": "-1.04970", "2010-12-31": "-8.67740", "2009-12-31": "-27.92160", "2008-12-31": "-12.38630", "2007-12-31": "11.26660", "2006-12-31": "13.43600", "2005-12-31": "11.61650"}, "EPS - Earnings Per Share": {"2020-12-31": "2.30000", "2019-12-31": "3.47000", "2018-12-31": "3.47000", "2017-12-31": "2.17000", "2016-12-31": "1.89000", "2015-12-31": "1.62000", "2014-12-31": "1.33000", "2013-12-31": "0.88000", "2012-12-31": "5.93000", "2011-12-31": "-1.04970", "2010-12-31": "-8.67740", "2009-12-31": "-27.92160", "2008-12-31": "-12.38630", "2007-12-31": "11.19660", "2006-12-31": "13.29600", "2005-12-31": "11.47660"}}, "income statement, quarterly": {"Revenue": {"2020-12-31": "548.24000", "2020-09-30": "549.96100", "2020-06-30": "625.05300", "2020-03-31": "587.75400", "2019-12-31": "604.20780", "2019-09-30": "612.17500", "2019-06-30": "605.93800", "2019-03-31": "584.21700", "2018-12-31": "425.38710", "2018-09-30": "415.61000", "2018-06-30": "403.22100", "2018-03-31": "380.18000", "2017-12-31": "376.28590", "2017-09-30": "433.08700", "2017-06-30": "354.21100", "2017-03-31": "344.24000", "2016-12-31": "338.53900", "2016-09-30": "324.70900", "2016-06-30": "320.27900", "2016-03-31": "312.47000", "2015-12-31": "308.98900", "2015-09-30": "305.15200", "2015-06-30": "302.48600", "2015-03-31": "297.25500", "2014-12-31": "299.25200", "2014-09-30": "297.37900", "2014-06-30": "295.60100", "2014-03-31": "298.56400", "2013-12-31": "293.43790", "2013-09-30": "297.43000", "2013-06-30": "296.60500", "2013-03-31": "295.11200", "2012-12-31": "320.11800", "2012-09-30": "320.90900", "2012-06-30": "330.28600", "2012-03-31": "346.79300", "2011-12-31": "346.77110", "2011-09-30": "415.36200", "2011-06-30": "355.90100", "2011-03-31": "362.59600", "2010-12-31": "393.44690", "2010-09-30": "408.25400", "2010-06-30": "411.73400", "2010-03-31": "412.49300", "2009-12-31": "498.53300", "2009-09-30": "462.85500", "2009-06-30": "487.69300", "2009-03-31": "470.77800", "2008-12-31": "510.94900", "2008-09-30": "554.17800", "2008-06-30": "565.83800", "2008-03-31": "643.85600", "2007-12-31": "635.39790", "2007-09-30": "678.42000", "2007-06-30": "660.82200", "2007-03-31": "635.40200", "2006-12-31": "-629.26210", "2006-09-30": "1061.56800", "2006-06-30": "1012.22200", "2006-03-31": "931.36800", "2005-12-31": "-669.99590", "2005-09-30": "891.78800", "2005-06-30": "845.46700", "2005-03-31": "756.41600"}, "Cost Of Goods Sold": {"2020-12-31": "47.54700", "2020-09-30": "58.56000", "2020-06-30": "75.00300", "2020-03-31": "110.63700", "2019-12-31": "106.98400", "2019-09-30": "121.31800", "2019-06-30": "118.86900", "2019-03-31": "107.66400", "2018-12-31": "59.46200", "2018-09-30": "52.32300", "2018-06-30": "45.25700", "2018-03-31": "38.85000", "2017-12-31": "37.22100", "2017-09-30": "35.08000", "2017-06-30": "34.41300", "2017-03-31": "32.47400", "2016-12-31": "31.00200", "2016-09-30": "30.54700", "2016-06-30": "30.94400", "2016-03-31": "31.13000", "2015-12-31": "30.19300", "2015-09-30": "30.30300", "2015-06-30": "30.01000", "2015-03-31": "28.13800", "2014-12-31": "27.24700", "2014-09-30": "27.13100", "2014-06-30": "27.16200", "2014-03-31": "27.86800", "2013-12-31": "28.92700", "2013-09-30": "29.88200", "2013-06-30": "29.43600", "2013-03-31": "30.57700", "2012-12-31": "32.54400", "2012-09-30": "35.33100", "2012-06-30": "40.45300", "2012-03-31": "41.69500", "2011-12-31": "46.14600", "2011-09-30": "53.36700", "2011-06-30": "57.09100", "2011-03-31": "60.99800", "2010-12-31": "71.59000", "2010-09-30": "81.03000", "2010-06-30": "87.70000", "2010-03-31": "93.92800", "2009-12-31": "105.85300", "2009-09-30": "121.98900", "2009-06-30": "127.88300", "2009-03-31": "143.15400", "2008-12-31": "182.31100", "2008-09-30": "187.42500", "2008-06-30": "184.71900", "2008-03-31": "225.23200", "2007-12-31": "267.10210", "2007-09-30": "281.38700", "2007-06-30": "276.01700", "2007-03-31": "264.95000", "2006-12-31": "262.08300", "2006-09-30": "241.02700", "2006-06-30": "210.51000", "2006-03-31": "177.05700", "2005-12-31": "162.90500", "2005-09-30": "141.58700", "2005-06-30": "122.11000", "2005-03-31": "104.44400"}, "Gross Profit": {"2020-12-31": "500.69300", "2020-09-30": "491.40100", "2020-06-30": "550.05000", "2020-03-31": "477.11700", "2019-12-31": "497.22380", "2019-09-30": "490.85700", "2019-06-30": "487.06900", "2019-03-31": "476.55300", "2018-12-31": "365.92510", "2018-09-30": "363.28700", "2018-06-30": "357.96400", "2018-03-31": "341.33000", "2017-12-31": "339.06490", "2017-09-30": "398.00700", "2017-06-30": "319.79800", "2017-03-31": "311.76600", "2016-12-31": "307.53700", "2016-09-30": "294.16200", "2016-06-30": "289.33500", "2016-03-31": "281.34000", "2015-12-31": "278.79600", "2015-09-30": "274.84900", "2015-06-30": "272.47600", "2015-03-31": "269.11700", "2014-12-31": "272.00500", "2014-09-30": "270.24800", "2014-06-30": "268.43900", "2014-03-31": "270.69600", "2013-12-31": "264.51090", "2013-09-30": "267.54800", "2013-06-30": "267.16900", "2013-03-31": "264.53500", "2012-12-31": "287.57390", "2012-09-30": "285.57800", "2012-06-30": "289.83300", "2012-03-31": "305.09800", "2011-12-31": "300.62510", "2011-09-30": "361.99500", "2011-06-30": "298.81000", "2011-03-31": "301.59800", "2010-12-31": "321.85690", "2010-09-30": "327.22400", "2010-06-30": "324.03400", "2010-03-31": "318.56500", "2009-12-31": "392.68000", "2009-09-30": "340.86600", "2009-06-30": "359.81000", "2009-03-31": "327.62400", "2008-12-31": "328.63800", "2008-09-30": "366.75300", "2008-06-30": "381.11900", "2008-03-31": "418.62400", "2007-12-31": "368.29580", "2007-09-30": "397.03310", "2007-06-30": "384.80500", "2007-03-31": "370.45200", "2006-12-31": "-891.34520", "2006-09-30": "820.54110", "2006-06-30": "801.71200", "2006-03-31": "754.31100", "2005-12-31": "-832.90090", "2005-09-30": "750.20090", "2005-06-30": "723.35700", "2005-03-31": "651.97200"}, "Research And Development Expenses": {"2020-12-31": "", "2020-09-30": "", "2020-06-30": "", "2020-03-31": "", "2019-12-31": "", "2019-09-30": "", "2019-06-30": "", "2019-03-31": "", "2018-12-31": "", "2018-09-30": "", "2018-06-30": "", "2018-03-31": "", "2017-12-31": "", "2017-09-30": "", "2017-06-30": "", "2017-03-31": "", "2016-12-31": "", "2016-09-30": "", "2016-06-30": "", "2016-03-31": "", "2015-12-31": "", "2015-09-30": "", "2015-06-30": "", "2015-03-31": "", "2014-12-31": "", "2014-09-30": "", "2014-06-30": "", "2014-03-31": "", "2013-12-31": "", "2013-09-30": "", "2013-06-30": "", "2013-03-31": "", "2012-12-31": "", "2012-09-30": "", "2012-06-30": "", "2012-03-31": "", "2011-12-31": "", "2011-09-30": "", "2011-06-30": "", "2011-03-31": "", "2010-12-31": "", "2010-09-30": "", "2010-06-30": "", "2010-03-31": "", "2009-12-31": "", "2009-09-30": "", "2009-06-30": "", "2009-03-31": "", "2008-12-31": "", "2008-09-30": "", "2008-06-30": "", "2008-03-31": "", "2007-12-31": "", "2007-09-30": "", "2007-06-30": "", "2007-03-31": "", "2006-12-31": "", "2006-09-30": "", "2006-06-30": "", "2006-03-31": "", "2005-12-31": "", "2005-09-30": "", "2005-06-30": "", "2005-03-31": ""}, "SG&A Expenses": {"2020-12-31": "292.85600", "2020-09-30": "315.16100", "2020-06-30": "425.99200", "2020-03-31": "435.00100", "2019-12-31": "291.50400", "2019-09-30": "303.51900", "2019-06-30": "268.84400", "2019-03-31": "266.24100", "2018-12-31": "219.56600", "2018-09-30": "228.30300", "2018-06-30": "215.55500", "2018-03-31": "207.66300", "2017-12-31": "252.90000", "2017-09-30": "244.79000", "2017-06-30": "201.99400", "2017-03-31": "199.55100", "2016-12-31": "206.60500", "2016-09-30": "189.74900", "2016-06-30": "189.46300", "2016-03-31": "196.47000", "2015-12-31": "187.98600", "2015-09-30": "180.79400", "2015-06-30": "184.43700", "2015-03-31": "183.41200", "2014-12-31": "189.59300", "2014-09-30": "196.78300", "2014-06-30": "186.77300", "2014-03-31": "185.09500", "2013-12-31": "201.03200", "2013-09-30": "193.40200", "2013-06-30": "192.50500", "2013-03-31": "213.13200", "2012-12-31": "357.90500", "2012-09-30": "253.87200", "2012-06-30": "251.09300", "2012-03-31": "268.32400", "2011-12-31": "273.00800", "2011-09-30": "322.29000", "2011-06-30": "339.46800", "2011-03-31": "357.12900", "2010-12-31": "479.29000", "2010-09-30": "504.61100", "2010-06-30": "557.66600", "2010-03-31": "593.74500", "2009-12-31": "622.51910", "2009-09-30": "813.34200", "2009-06-30": "1024.82400", "2009-03-31": "545.11800", "2008-12-31": "631.94600", "2008-09-30": "407.49990", "2008-06-30": "328.32900", "2008-03-31": "292.42300", "2007-12-31": "296.10300", "2007-09-30": "271.19500", "2007-06-30": "217.94100", "2007-03-31": "215.31200", "2006-12-31": "-826.75100", "2006-09-30": "573.29500", "2006-06-30": "547.70400", "2006-03-31": "533.34300", "2005-12-31": "-762.71800", "2005-09-30": "525.05000", "2005-06-30": "509.43400", "2005-03-31": "457.52300"}, "Other Operating Income Or Expenses": {"2020-12-31": "", "2020-09-30": "", "2020-06-30": "", "2020-03-31": "", "2019-12-31": "", "2019-09-30": "", "2019-06-30": "", "2019-03-31": "", "2018-12-31": "", "2018-09-30": "", "2018-06-30": "", "2018-03-31": "", "2017-12-31": "", "2017-09-30": "", "2017-06-30": "", "2017-03-31": "", "2016-12-31": "", "2016-09-30": "", "2016-06-30": "", "2016-03-31": "", "2015-12-31": "", "2015-09-30": "", "2015-06-30": "", "2015-03-31": "", "2014-12-31": "", "2014-09-30": "", "2014-06-30": "", "2014-03-31": "", "2013-12-31": "", "2013-09-30": "", "2013-06-30": "", "2013-03-31": "", "2012-12-31": "", "2012-09-30": "", "2012-06-30": "", "2012-03-31": "", "2011-12-31": "", "2011-09-30": "", "2011-06-30": "", "2011-03-31": "", "2010-12-31": "", "2010-09-30": "", "2010-06-30": "", "2010-03-31": "", "2009-12-31": "", "2009-09-30": "", "2009-06-30": "", "2009-03-31": "", "2008-12-31": "", "2008-09-30": "", "2008-06-30": "", "2008-03-31": "", "2007-12-31": "", "2007-09-30": "", "2007-06-30": "", "2007-03-31": "", "2006-12-31": "", "2006-09-30": "", "2006-06-30": "", "2006-03-31": "", "2005-12-31": "", "2005-09-30": "", "2005-06-30": "", "2005-03-31": ""}, "Operating Expenses": {"2020-12-31": "343.04300", "2020-09-30": "418.59800", "2020-06-30": "500.99500", "2020-03-31": "545.63800", "2019-12-31": "398.48800", "2019-09-30": "424.83700", "2019-06-30": "387.71300", "2019-03-31": "373.90500", "2018-12-31": "279.02800", "2018-09-30": "280.91800", "2018-06-30": "261.10400", "2018-03-31": "246.80500", "2017-12-31": "290.12100", "2017-09-30": "279.87000", "2017-06-30": "236.40700", "2017-03-31": "232.02500", "2016-12-31": "237.60700", "2016-09-30": "220.29600", "2016-06-30": "220.40700", "2016-03-31": "227.60000", "2015-12-31": "218.17900", "2015-09-30": "211.09700", "2015-06-30": "214.44700", "2015-03-31": "211.55000", "2014-12-31": "216.84000", "2014-09-30": "223.91400", "2014-06-30": "213.93500", "2014-03-31": "212.96300", "2013-12-31": "229.95900", "2013-09-30": "223.28400", "2013-06-30": "221.94100", "2013-03-31": "243.70900", "2012-12-31": "390.44900", "2012-09-30": "289.20300", "2012-06-30": "291.54600", "2012-03-31": "310.01900", "2011-12-31": "319.15400", "2011-09-30": "375.65700", "2011-06-30": "396.55900", "2011-03-31": "418.12700", "2010-12-31": "550.88000", "2010-09-30": "585.64100", "2010-06-30": "645.36600", "2010-03-31": "687.67300", "2009-12-31": "743.22110", "2009-09-30": "935.33110", "2009-06-30": "1152.94800", "2009-03-31": "688.27200", "2008-12-31": "1256.98700", "2008-09-30": "604.81200", "2008-06-30": "540.04800", "2008-03-31": "517.65500", "2007-12-31": "563.20510", "2007-09-30": "552.58200", "2007-06-30": "493.95800", "2007-03-31": "480.26200", "2006-12-31": "-564.66800", "2006-09-30": "814.32200", "2006-06-30": "758.21400", "2006-03-31": "710.40000", "2005-12-31": "-599.81300", "2005-09-30": "666.63710", "2005-06-30": "631.54400", "2005-03-31": "561.96700"}, "Operating Income": {"2020-12-31": "205.19700", "2020-09-30": "131.36300", "2020-06-30": "124.05800", "2020-03-31": "42.11600", "2019-12-31": "205.71980", "2019-09-30": "187.33800", "2019-06-30": "218.22500", "2019-03-31": "210.31200", "2018-12-31": "146.35910", "2018-09-30": "134.69200", "2018-06-30": "142.11700", "2018-03-31": "133.37500", "2017-12-31": "86.16500", "2017-09-30": "153.21700", "2017-06-30": "117.80400", "2017-03-31": "112.21500", "2016-12-31": "100.93190", "2016-09-30": "104.41300", "2016-06-30": "99.87200", "2016-03-31": "84.87000", "2015-12-31": "90.81000", "2015-09-30": "94.05500", "2015-06-30": "88.03900", "2015-03-31": "85.70500", "2014-12-31": "82.41200", "2014-09-30": "73.46500", "2014-06-30": "81.66600", "2014-03-31": "85.60100", "2013-12-31": "63.47890", "2013-09-30": "74.14600", "2013-06-30": "74.66400", "2013-03-31": "51.40300", "2012-12-31": "-70.33110", "2012-09-30": "31.70600", "2012-06-30": "38.74000", "2012-03-31": "36.77400", "2011-12-31": "27.61700", "2011-09-30": "39.70500", "2011-06-30": "-40.65800", "2011-03-31": "-55.53100", "2010-12-31": "-157.43310", "2010-09-30": "-177.38700", "2010-06-30": "-233.63200", "2010-03-31": "-275.18000", "2009-12-31": "-244.68810", "2009-09-30": "-472.47610", "2009-06-30": "-665.25500", "2009-03-31": "-217.49400", "2008-12-31": "-746.03800", "2008-09-30": "-50.63400", "2008-06-30": "25.79000", "2008-03-31": "126.20100", "2007-12-31": "72.19280", "2007-09-30": "125.83800", "2007-06-30": "166.86400", "2007-03-31": "155.14000", "2006-12-31": "-64.59420", "2006-09-30": "247.24620", "2006-06-30": "254.00800", "2006-03-31": "220.96800", "2005-12-31": "-70.18290", "2005-09-30": "225.15090", "2005-06-30": "213.92300", "2005-03-31": "194.44900"}, "Total Non-Operating Income/Expense": {"2020-12-31": "-18.06800", "2020-09-30": "", "2020-06-30": "", "2020-03-31": "", "2019-12-31": "0.91200", "2019-09-30": "-0.35300", "2019-06-30": "-7.40100", "2019-03-31": "-49.73800", "2018-12-31": "-3.38100", "2018-09-30": "-6.68400", "2018-06-30": "", "2018-03-31": "", "2017-12-31": "-0.08700", "2017-09-30": "-0.54200", "2017-06-30": "-0.01300", "2017-03-31": "-6.51100", "2016-12-31": "-1.08600", "2016-09-30": "-1.79300", "2016-06-30": "-5.84100", "2016-03-31": "-1.14000", "2015-12-31": "-0.06900", "2015-09-30": "-0.06900", "2015-06-30": "-0.00500", "2015-03-31": "0.10700", "2014-12-31": "-3.48300", "2014-09-30": "-0.80900", "2014-06-30": "-7.71600", "2014-03-31": "-8.57700", "2013-12-31": "-3.76900", "2013-09-30": "-0.68700", "2013-06-30": "-1.75800", "2013-03-31": "-4.85000", "2012-12-31": "-1.96900", "2012-09-30": "-1.19200", "2012-06-30": "-1.39300", "2012-03-31": "-0.85800", "2011-12-31": "-0.63900", "2011-09-30": "-2.58700", "2011-06-30": "-3.10600", "2011-03-31": "-24.33300", "2010-12-31": "-2.11800", "2010-09-30": "-3.42000", "2010-06-30": "", "2010-03-31": "", "2009-12-31": "0.76000", "2009-09-30": "", "2009-06-30": "-0.39700", "2009-03-31": "-6.35800", "2008-12-31": "-2.82600", "2008-09-30": "-9.04800", "2008-06-30": "-4.25100", "2008-03-31": "", "2007-12-31": "", "2007-09-30": "", "2007-06-30": "", "2007-03-31": "", "2006-12-31": "", "2006-09-30": "-10.40600", "2006-06-30": "-11.16500", "2006-03-31": "-9.74000", "2005-12-31": "", "2005-09-30": "-9.30600", "2005-06-30": "-9.67200", "2005-03-31": "-8.83200"}, "Pre-Tax Income": {"2020-12-31": "187.12900", "2020-09-30": "131.36300", "2020-06-30": "124.05800", "2020-03-31": "42.11600", "2019-12-31": "206.63200", "2019-09-30": "186.98500", "2019-06-30": "210.82400", "2019-03-31": "160.57400", "2018-12-31": "143.85400", "2018-09-30": "128.00800", "2018-06-30": "142.11700", "2018-03-31": "133.37500", "2017-12-31": "103.96800", "2017-09-30": "152.67500", "2017-06-30": "117.79100", "2017-03-31": "105.70400", "2016-12-31": "108.07000", "2016-09-30": "102.62000", "2016-06-30": "94.03100", "2016-03-31": "83.73000", "2015-12-31": "90.74100", "2015-09-30": "93.98600", "2015-06-30": "88.03400", "2015-03-31": "85.81200", "2014-12-31": "78.92900", "2014-09-30": "72.65600", "2014-06-30": "73.95000", "2014-03-31": "77.02400", "2013-12-31": "59.71000", "2013-09-30": "73.45900", "2013-06-30": "72.90600", "2013-03-31": "46.55300", "2012-12-31": "-72.30000", "2012-09-30": "30.51400", "2012-06-30": "37.34700", "2012-03-31": "35.91600", "2011-12-31": "26.97800", "2011-09-30": "37.11800", "2011-06-30": "-43.76400", "2011-03-31": "-79.86400", "2010-12-31": "-159.55100", "2010-09-30": "-180.80700", "2010-06-30": "-233.63200", "2010-03-31": "-275.18000", "2009-12-31": "-243.92790", "2009-09-30": "-472.47600", "2009-06-30": "-665.65200", "2009-03-31": "-223.85200", "2008-12-31": "-748.86400", "2008-09-30": "-59.68200", "2008-06-30": "21.53900", "2008-03-31": "126.20100", "2007-12-31": "72.19300", "2007-09-30": "125.83800", "2007-06-30": "166.86400", "2007-03-31": "155.14000", "2006-12-31": "-45.37300", "2006-09-30": "236.84000", "2006-06-30": "242.84300", "2006-03-31": "211.22800", "2005-12-31": "-42.37300", "2005-09-30": "215.84500", "2005-06-30": "204.25100", "2005-03-31": "185.61700"}, "Income Taxes": {"2020-12-31": "36.72000", "2020-09-30": "39.78900", "2020-06-30": "30.86600", "2020-03-31": "3.59500", "2019-12-31": "54.94800", "2019-09-30": "51.25900", "2019-06-30": "54.64000", "2019-03-31": "40.38800", "2018-12-31": "38.78400", "2018-09-30": "18.94900", "2018-06-30": "30.93600", "2018-03-31": "30.20900", "2017-12-31": "74.36100", "2017-09-30": "54.66800", "2017-06-30": "41.78800", "2017-03-31": "33.84700", "2016-12-31": "39.51900", "2016-09-30": "37.37500", "2016-06-30": "33.57400", "2016-03-31": "31.19900", "2015-12-31": "32.34200", "2015-09-30": "36.05800", "2015-06-30": "32.24200", "2015-03-31": "31.84900", "2014-12-31": "25.75600", "2014-09-30": "25.86800", "2014-06-30": "27.07800", "2014-03-31": "28.60800", "2013-12-31": "21.13000", "2013-09-30": "27.76500", "2013-06-30": "27.37100", "2013-03-31": "16.97900", "2012-12-31": "-796.33900", "2012-09-30": "-0.21100", "2012-06-30": "-2.10500", "2012-03-31": "-0.07700", "2011-12-31": "-0.37800", "2011-09-30": "6.91000", "2011-06-30": "-4.76400", "2011-03-31": "-0.45600", "2010-12-31": "5.88300", "2010-09-30": "0.36000", "2010-06-30": "-5.05700", "2010-03-31": "-16.33700", "2009-12-31": "25.51800", "2009-09-30": "-31.52800", "2009-06-30": "-80.05900", "2009-03-31": "-85.90800", "2008-12-31": "-109.16900", "2008-09-30": "-24.21100", "2008-06-30": "9.30200", "2008-03-31": "43.64800", "2007-12-31": "24.01700", "2007-09-30": "42.26100", "2007-06-30": "61.05500", "2007-03-31": "54.73300", "2006-12-31": "-19.10700", "2006-09-30": "82.77400", "2006-06-30": "90.04600", "2006-03-31": "76.72200", "2005-12-31": "-22.23700", "2005-09-30": "81.85300", "2005-06-30": "75.79100", "2005-03-31": "68.88300"}, "Income After Taxes": {"2020-12-31": "150.40900", "2020-09-30": "91.57400", "2020-06-30": "93.19200", "2020-03-31": "38.52100", "2019-12-31": "151.68400", "2019-09-30": "135.72600", "2019-06-30": "156.18400", "2019-03-31": "120.18600", "2018-12-31": "105.07000", "2018-09-30": "109.05900", "2018-06-30": "111.18100", "2018-03-31": "103.16600", "2017-12-31": "29.60700", "2017-09-30": "98.00700", "2017-06-30": "76.00300", "2017-03-31": "71.85700", "2016-12-31": "68.55100", "2016-09-30": "65.24500", "2016-06-30": "60.45700", "2016-03-31": "52.53100", "2015-12-31": "58.39900", "2015-09-30": "57.92800", "2015-06-30": "55.79200", "2015-03-31": "53.96300", "2014-12-31": "53.17300", "2014-09-30": "46.78800", "2014-06-30": "46.87200", "2014-03-31": "48.41600", "2013-12-31": "38.58000", "2013-09-30": "45.69400", "2013-06-30": "45.53500", "2013-03-31": "29.57400", "2012-12-31": "724.03900", "2012-09-30": "30.72500", "2012-06-30": "39.45200", "2012-03-31": "35.99300", "2011-12-31": "27.35600", "2011-09-30": "30.20800", "2011-06-30": "-39.00000", "2011-03-31": "-79.40800", "2010-12-31": "-165.43400", "2010-09-30": "-181.16700", "2010-06-30": "-228.57500", "2010-03-31": "-258.84300", "2009-12-31": "-269.44600", "2009-09-30": "-440.94800", "2009-06-30": "-585.59300", "2009-03-31": "-137.94400", "2008-12-31": "-639.69500", "2008-09-30": "-35.47100", "2008-06-30": "12.23700", "2008-03-31": "82.55300", "2007-12-31": "48.17600", "2007-09-30": "83.57700", "2007-06-30": "105.80900", "2007-03-31": "100.40700", "2006-12-31": "-26.26600", "2006-09-30": "154.06600", "2006-06-30": "152.79700", "2006-03-31": "134.50600", "2005-12-31": "-20.13600", "2005-09-30": "133.99200", "2005-06-30": "128.46000", "2005-03-31": "116.73400"}, "Other Income": {"2020-12-31": "", "2020-09-30": "", "2020-06-30": "", "2020-03-31": "", "2019-12-31": "", "2019-09-30": "", "2019-06-30": "", "2019-03-31": "", "2018-12-31": "", "2018-09-30": "", "2018-06-30": "", "2018-03-31": "", "2017-12-31": "", "2017-09-30": "", "2017-06-30": "", "2017-03-31": "", "2016-12-31": "", "2016-09-30": "", "2016-06-30": "", "2016-03-31": "", "2015-12-31": "", "2015-09-30": "", "2015-06-30": "", "2015-03-31": "", "2014-12-31": "", "2014-09-30": "", "2014-06-30": "", "2014-03-31": "", "2013-12-31": "", "2013-09-30": "", "2013-06-30": "", "2013-03-31": "", "2012-12-31": "", "2012-09-30": "", "2012-06-30": "", "2012-03-31": "", "2011-12-31": "", "2011-09-30": "", "2011-06-30": "", "2011-03-31": "", "2010-12-31": "", "2010-09-30": "", "2010-06-30": "", "2010-03-31": "", "2009-12-31": "", "2009-09-30": "", "2009-06-30": "", "2009-03-31": "", "2008-12-31": "", "2008-09-30": "", "2008-06-30": "", "2008-03-31": "", "2007-12-31": "", "2007-09-30": "", "2007-06-30": "", "2007-03-31": "", "2006-12-31": "", "2006-09-30": "", "2006-06-30": "", "2006-03-31": "", "2005-12-31": "", "2005-09-30": "", "2005-06-30": "", "2005-03-31": ""}, "Income From Continuous Operations": {"2020-12-31": "150.40900", "2020-09-30": "91.57400", "2020-06-30": "93.19200", "2020-03-31": "38.52100", "2019-12-31": "151.68400", "2019-09-30": "135.72600", "2019-06-30": "156.18400", "2019-03-31": "120.18600", "2018-12-31": "105.07000", "2018-09-30": "109.05900", "2018-06-30": "111.18100", "2018-03-31": "103.16600", "2017-12-31": "29.60700", "2017-09-30": "98.00700", "2017-06-30": "76.00300", "2017-03-31": "71.85700", "2016-12-31": "68.55100", "2016-09-30": "65.24500", "2016-06-30": "60.45700", "2016-03-31": "52.53100", "2015-12-31": "58.39900", "2015-09-30": "57.92800", "2015-06-30": "55.79200", "2015-03-31": "53.96300", "2014-12-31": "53.17300", "2014-09-30": "46.78800", "2014-06-30": "46.87200", "2014-03-31": "48.41600", "2013-12-31": "38.58000", "2013-09-30": "45.69400", "2013-06-30": "45.53500", "2013-03-31": "29.57400", "2012-12-31": "724.03900", "2012-09-30": "30.72500", "2012-06-30": "39.45200", "2012-03-31": "35.99300", "2011-12-31": "27.35600", "2011-09-30": "30.20800", "2011-06-30": "-39.00000", "2011-03-31": "-79.40800", "2010-12-31": "-165.43400", "2010-09-30": "-181.16700", "2010-06-30": "-228.57500", "2010-03-31": "-258.84300", "2009-12-31": "-269.44600", "2009-09-30": "-440.94800", "2009-06-30": "-585.59300", "2009-03-31": "-137.94400", "2008-12-31": "-639.69490", "2008-09-30": "-35.47100", "2008-06-30": "12.23700", "2008-03-31": "82.55300", "2007-12-31": "48.17600", "2007-09-30": "83.57700", "2007-06-30": "105.80900", "2007-03-31": "100.40700", "2006-12-31": "-26.26600", "2006-09-30": "154.06600", "2006-06-30": "152.79700", "2006-03-31": "134.50600", "2005-12-31": "-20.13600", "2005-09-30": "133.99200", "2005-06-30": "128.46000", "2005-03-31": "116.73400"}, "Income From Discontinued Operations": {"2020-12-31": "", "2020-09-30": "", "2020-06-30": "", "2020-03-31": "", "2019-12-31": "", "2019-09-30": "", "2019-06-30": "", "2019-03-31": "", "2018-12-31": "", "2018-09-30": "", "2018-06-30": "", "2018-03-31": "", "2017-12-31": "", "2017-09-30": "", "2017-06-30": "", "2017-03-31": "", "2016-12-31": "", "2016-09-30": "", "2016-06-30": "", "2016-03-31": "", "2015-12-31": "", "2015-09-30": "", "2015-06-30": "", "2015-03-31": "", "2014-12-31": "", "2014-09-30": "", "2014-06-30": "", "2014-03-31": "", "2013-12-31": "", "2013-09-30": "", "2013-06-30": "", "2013-03-31": "", "2012-12-31": "", "2012-09-30": "", "2012-06-30": "", "2012-03-31": "", "2011-12-31": "", "2011-09-30": "", "2011-06-30": "", "2011-03-31": "", "2010-12-31": "0.00100", "2010-09-30": "", "2010-06-30": "", "2010-03-31": "43.16100", "2009-12-31": "0.88900", "2009-09-30": "1.14600", "2009-06-30": "1.34000", "2009-03-31": "1.21500", "2008-12-31": "", "2008-09-30": "", "2008-06-30": "", "2008-03-31": "", "2007-12-31": "33.68300", "2007-09-30": "51.36600", "2007-06-30": "56.94100", "2007-03-31": "46.34600", "2006-12-31": "", "2006-09-30": "", "2006-06-30": "", "2006-03-31": "", "2005-12-31": "", "2005-09-30": "", "2005-06-30": "", "2005-03-31": ""}, "Net Income": {"2020-12-31": "142.11800", "2020-09-30": "83.28300", "2020-06-30": "84.90100", "2020-03-31": "30.23000", "2019-12-31": "143.39400", "2019-09-30": "127.43500", "2019-06-30": "153.03400", "2019-03-31": "117.03600", "2018-12-31": "101.91900", "2018-09-30": "99.33000", "2018-06-30": "108.62200", "2018-03-31": "100.60700", "2017-12-31": "27.04600", "2017-09-30": "95.44800", "2017-06-30": "73.44400", "2017-03-31": "69.29800", "2016-12-31": "65.99000", "2016-09-30": "62.68600", "2016-06-30": "57.89800", "2016-03-31": "49.97200", "2015-12-31": "55.83800", "2015-09-30": "55.36900", "2015-06-30": "53.23300", "2015-03-31": "51.40400", "2014-12-31": "50.61200", "2014-09-30": "44.22900", "2014-06-30": "44.31300", "2014-03-31": "45.85700", "2013-12-31": "35.85000", "2013-09-30": "37.18800", "2013-06-30": "30.71700", "2013-03-31": "14.79800", "2012-12-31": "709.30400", "2012-09-30": "16.03000", "2012-06-30": "24.80300", "2012-03-31": "21.36900", "2011-12-31": "12.77900", "2011-09-30": "15.66700", "2011-06-30": "-53.50400", "2011-03-31": "-93.65400", "2010-12-31": "-179.99800", "2010-09-30": "-195.83800", "2010-06-30": "-242.55400", "2010-03-31": "-229.79800", "2009-12-31": "-282.84690", "2009-09-30": "-453.80500", "2009-06-30": "-601.15500", "2009-03-31": "-150.86400", "2008-12-31": "-637.46700", "2008-09-30": "-40.12100", "2008-06-30": "12.09900", "2008-03-31": "80.99400", "2007-12-31": "81.85900", "2007-09-30": "134.94300", "2007-06-30": "162.75000", "2007-03-31": "146.75300", "2006-12-31": "175.54800", "2006-09-30": "154.06600", "2006-06-30": "152.79700", "2006-03-31": "134.50600", "2005-12-31": "137.26000", "2005-09-30": "133.99200", "2005-06-30": "128.46000", "2005-03-31": "116.73400"}, "EBITDA": {"2020-12-31": "", "2020-09-30": "", "2020-06-30": "", "2020-03-31": "", "2019-12-31": "", "2019-09-30": "", "2019-06-30": "", "2019-03-31": "", "2018-12-31": "", "2018-09-30": "", "2018-06-30": "", "2018-03-31": "", "2017-12-31": "", "2017-09-30": "", "2017-06-30": "", "2017-03-31": "", "2016-12-31": "", "2016-09-30": "", "2016-06-30": "", "2016-03-31": "", "2015-12-31": "", "2015-09-30": "", "2015-06-30": "", "2015-03-31": "", "2014-12-31": "", "2014-09-30": "", "2014-06-30": "", "2014-03-31": "", "2013-12-31": "", "2013-09-30": "", "2013-06-30": "", "2013-03-31": "", "2012-12-31": "", "2012-09-30": "", "2012-06-30": "", "2012-03-31": "", "2011-12-31": "", "2011-09-30": "", "2011-06-30": "", "2011-03-31": "", "2010-12-31": "", "2010-09-30": "", "2010-06-30": "", "2010-03-31": "", "2009-12-31": "", "2009-09-30": "", "2009-06-30": "", "2009-03-31": "", "2008-12-31": "", "2008-09-30": "", "2008-06-30": "", "2008-03-31": "", "2007-12-31": "", "2007-09-30": "", "2007-06-30": "", "2007-03-31": "", "2006-12-31": "", "2006-09-30": "", "2006-06-30": "", "2006-03-31": "", "2005-12-31": "", "2005-09-30": "", "2005-06-30": "", "2005-03-31": ""}, "EBIT": {"2020-12-31": "", "2020-09-30": "", "2020-06-30": "", "2020-03-31": "", "2019-12-31": "", "2019-09-30": "", "2019-06-30": "", "2019-03-31": "", "2018-12-31": "", "2018-09-30": "", "2018-06-30": "", "2018-03-31": "", "2017-12-31": "", "2017-09-30": "", "2017-06-30": "", "2017-03-31": "", "2016-12-31": "", "2016-09-30": "", "2016-06-30": "", "2016-03-31": "", "2015-12-31": "", "2015-09-30": "", "2015-06-30": "", "2015-03-31": "", "2014-12-31": "", "2014-09-30": "", "2014-06-30": "", "2014-03-31": "", "2013-12-31": "", "2013-09-30": "", "2013-06-30": "", "2013-03-31": "", "2012-12-31": "", "2012-09-30": "", "2012-06-30": "", "2012-03-31": "", "2011-12-31": "", "2011-09-30": "", "2011-06-30": "", "2011-03-31": "", "2010-12-31": "", "2010-09-30": "", "2010-06-30": "", "2010-03-31": "", "2009-12-31": "", "2009-09-30": "", "2009-06-30": "", "2009-03-31": "", "2008-12-31": "", "2008-09-30": "", "2008-06-30": "", "2008-03-31": "", "2007-12-31": "", "2007-09-30": "", "2007-06-30": "", "2007-03-31": "", "2006-12-31": "", "2006-09-30": "", "2006-06-30": "", "2006-03-31": "", "2005-12-31": "", "2005-09-30": "", "2005-06-30": "", "2005-03-31": ""}, "Basic Shares Outstanding": {"2020-12-31": "147.74400", "2020-09-30": "147.31400", "2020-06-30": "147.28800", "2020-03-31": "147.31100", "2019-12-31": "154.33100", "2019-09-30": "152.23800", "2019-06-30": "157.38900", "2019-03-31": "160.92700", "2018-12-31": "117.64400", "2018-09-30": "117.24100", "2018-06-30": "118.39700", "2018-03-31": "118.66600", "2017-12-31": "121.16200", "2017-09-30": "120.90000", "2017-06-30": "122.20300", "2017-03-31": "122.30000", "2016-12-31": "124.38900", "2016-09-30": "122.92400", "2016-06-30": "125.10000", "2016-03-31": "127.22700", "2015-12-31": "132.42300", "2015-09-30": "131.51600", "2015-06-30": "132.94700", "2015-03-31": "134.93300", "2014-12-31": "138.49500", "2014-09-30": "139.04300", "2014-06-30": "138.99100", "2014-03-31": "138.93200", "2013-12-31": "127.49500", "2013-09-30": "136.67100", "2013-06-30": "121.58500", "2013-03-31": "112.46850", "2012-12-31": "112.35200", "2012-09-30": "112.40170", "2012-06-30": "112.40170", "2012-03-31": "112.33870", "2011-12-31": "112.21540", "2011-09-30": "112.21650", "2011-06-30": "112.21610", "2011-03-31": "112.21120", "2010-12-31": "97.91310", "2010-09-30": "112.16450", "2010-06-30": "96.70800", "2010-03-31": "69.96480", "2009-12-31": "53.29360", "2009-09-30": "49.24710", "2009-06-30": "47.13560", "2009-03-31": "47.12630", "2008-12-31": "47.05970", "2008-09-30": "47.07670", "2008-06-30": "47.03880", "2008-03-31": "47.00980", "2007-12-31": "46.70670", "2007-09-30": "46.75900", "2007-06-30": "46.64400", "2007-03-31": "46.54070", "2006-12-31": "45.90530", "2006-09-30": "46.25060", "2006-06-30": "46.12570", "2006-03-31": "44.81900", "2005-12-31": "44.51260", "2005-09-30": "44.56220", "2005-06-30": "44.46390", "2005-03-31": "44.38790"}, "Shares Outstanding": {"2020-12-31": "148.72500", "2020-09-30": "147.97600", "2020-06-30": "147.73300", "2020-03-31": "148.40100", "2019-12-31": "156.05800", "2019-09-30": "154.04300", "2019-06-30": "159.07700", "2019-03-31": "162.76000", "2018-12-31": "118.37800", "2018-09-30": "118.09500", "2018-06-30": "119.13900", "2018-03-31": "119.32100", "2017-12-31": "122.01200", "2017-09-30": "121.81400", "2017-06-30": "123.02700", "2017-03-31": "123.05900", "2016-12-31": "125.07800", "2016-09-30": "123.60400", "2016-06-30": "125.69900", "2016-03-31": "127.85700", "2015-12-31": "133.20100", "2015-09-30": "132.29700", "2015-06-30": "133.62500", "2015-03-31": "135.74400", "2014-12-31": "139.15400", "2014-09-30": "139.72600", "2014-06-30": "139.56700", "2014-03-31": "139.50400", "2013-12-31": "134.22600", "2013-09-30": "137.09700", "2013-06-30": "130.13400", "2013-03-31": "130.15830", "2012-12-31": "130.01500", "2012-09-30": "130.09560", "2012-06-30": "130.00490", "2012-03-31": "129.89410", "2011-12-31": "112.21540", "2011-09-30": "130.21720", "2011-06-30": "112.21610", "2011-03-31": "112.21120", "2010-12-31": "97.91310", "2010-09-30": "112.16450", "2010-06-30": "96.70800", "2010-03-31": "69.96480", "2009-12-31": "53.29360", "2009-09-30": "49.24710", "2009-06-30": "47.13560", "2009-03-31": "47.12630", "2008-12-31": "47.05970", "2008-09-30": "47.07670", "2008-06-30": "47.35960", "2008-03-31": "47.40270", "2007-12-31": "47.13740", "2007-09-30": "47.17990", "2007-06-30": "47.19460", "2007-03-31": "47.09600", "2006-12-31": "46.33280", "2006-09-30": "46.70460", "2006-06-30": "46.50270", "2006-03-31": "45.18610", "2005-12-31": "44.98710", "2005-09-30": "45.06150", "2005-06-30": "44.96940", "2005-03-31": "44.85630"}, "Basic EPS": {"2020-12-31": "0.96000", "2020-09-30": "0.57000", "2020-06-30": "0.58000", "2020-03-31": "0.21000", "2019-12-31": "0.96000", "2019-09-30": "0.84000", "2019-06-30": "0.97000", "2019-03-31": "0.73000", "2018-12-31": "0.87000", "2018-09-30": "0.85000", "2018-06-30": "0.92000", "2018-03-31": "0.85000", "2017-12-31": "0.23000", "2017-09-30": "0.79000", "2017-06-30": "0.60000", "2017-03-31": "0.57000", "2016-12-31": "0.54000", "2016-09-30": "0.51000", "2016-06-30": "0.46000", "2016-03-31": "0.39000", "2015-12-31": "0.43000", "2015-09-30": "0.42000", "2015-06-30": "0.40000", "2015-03-31": "0.38000", "2014-12-31": "0.37000", "2014-09-30": "0.32000", "2014-06-30": "0.32000", "2014-03-31": "0.33000", "2013-12-31": "0.27000", "2013-09-30": "0.27000", "2013-06-30": "0.25000", "2013-03-31": "0.14000", "2012-12-31": "6.31020", "2012-09-30": "0.14000", "2012-06-30": "0.20990", "2012-03-31": "0.20990", "2011-12-31": "0.14000", "2011-09-30": "0.14000", "2011-06-30": "-0.48990", "2011-03-31": "-0.83970", "2010-12-31": "-1.11970", "2010-09-30": "-1.74950", "2010-06-30": "-2.51920", "2010-03-31": "-3.28900", "2009-12-31": "-2.72920", "2009-09-30": "-9.23720", "2009-06-30": "-12.73620", "2009-03-31": "-3.21900", "2008-12-31": "-13.57590", "2008-09-30": "-0.83970", "2008-06-30": "0.27990", "2008-03-31": "1.74950", "2007-12-31": "1.74950", "2007-09-30": "2.86910", "2007-06-30": "3.49900", "2007-03-31": "3.14910", "2006-12-31": "3.77890", "2006-09-30": "3.35900", "2006-06-30": "3.28900", "2006-03-31": "3.00910", "2005-12-31": "3.07910", "2005-09-30": "3.00910", "2005-06-30": "2.86910", "2005-03-31": "2.65920"}, "EPS - Earnings Per Share": {"2020-12-31": "0.96000", "2020-09-30": "0.56000", "2020-06-30": "0.57000", "2020-03-31": "0.20000", "2019-12-31": "0.96000", "2019-09-30": "0.83000", "2019-06-30": "0.96000", "2019-03-31": "0.72000", "2018-12-31": "0.88000", "2018-09-30": "0.84000", "2018-06-30": "0.91000", "2018-03-31": "0.84000", "2017-12-31": "0.23000", "2017-09-30": "0.78000", "2017-06-30": "0.60000", "2017-03-31": "0.56000", "2016-12-31": "0.53000", "2016-09-30": "0.51000", "2016-06-30": "0.46000", "2016-03-31": "0.39000", "2015-12-31": "0.42000", "2015-09-30": "0.42000", "2015-06-30": "0.40000", "2015-03-31": "0.38000", "2014-12-31": "0.36000", "2014-09-30": "0.32000", "2014-06-30": "0.32000", "2014-03-31": "0.33000", "2013-12-31": "0.23000", "2013-09-30": "0.27000", "2013-06-30": "0.24000", "2013-03-31": "0.14000", "2012-12-31": "5.44010", "2012-09-30": "0.14000", "2012-06-30": "0.20990", "2012-03-31": "0.14000", "2011-12-31": "0.14000", "2011-09-30": "0.14000", "2011-06-30": "-0.48990", "2011-03-31": "-0.83970", "2010-12-31": "-1.11970", "2010-09-30": "-1.74950", "2010-06-30": "-2.51920", "2010-03-31": "-3.28900", "2009-12-31": "-2.72920", "2009-09-30": "-9.23720", "2009-06-30": "-12.73620", "2009-03-31": "-3.21900", "2008-12-31": "-13.50600", "2008-09-30": "-0.83970", "2008-06-30": "0.27990", "2008-03-31": "1.67950", "2007-12-31": "1.74950", "2007-09-30": "2.86910", "2007-06-30": "3.42900", "2007-03-31": "3.14910", "2006-12-31": "3.70890", "2006-09-30": "3.28900", "2006-06-30": "3.28900", "2006-03-31": "3.00910", "2005-12-31": "3.00910", "2005-09-30": "3.00910", "2005-06-30": "2.86910", "2005-03-31": "2.58920"}}, "balance sheet": {"Cash On Hand": {"2020-12-31": "4252.91700", "2019-12-31": "1186.91800", "2018-12-31": "1143.56400", "2017-12-31": "932.93300", "2016-12-31": "1008.35900", "2015-12-31": "1289.28200", "2014-12-31": "1305.63500", "2013-12-31": "1225.57100", "2012-12-31": "2261.08100", "2011-12-31": "2266.80100", "2010-12-31": "3692.15900", "2009-12-31": "2697.19200", "2008-12-31": "2154.01000", "2007-12-31": "787.42200", "2006-12-31": "848.72500", "2005-12-31": "980.11000"}, "Receivables": {"2020-12-31": "", "2019-12-31": "", "2018-12-31": "", "2017-12-31": "", "2016-12-31": "", "2015-12-31": "", "2014-12-31": "", "2013-12-31": "", "2012-12-31": "", "2011-12-31": "", "2010-12-31": "", "2009-12-31": "", "2008-12-31": "", "2007-12-31": "", "2006-12-31": "", "2005-12-31": ""}, "Inventory": {"2020-12-31": "", "2019-12-31": "", "2018-12-31": "", "2017-12-31": "", "2016-12-31": "", "2015-12-31": "", "2014-12-31": "", "2013-12-31": "", "2012-12-31": "", "2011-12-31": "", "2010-12-31": "", "2009-12-31": "", "2008-12-31": "", "2007-12-31": "", "2006-12-31": "", "2005-12-31": ""}, "Pre-Paid Expenses": {"2020-12-31": "", "2019-12-31": "", "2018-12-31": "", "2017-12-31": "", "2016-12-31": "", "2015-12-31": "", "2014-12-31": "", "2013-12-31": "", "2012-12-31": "", "2011-12-31": "", "2010-12-31": "", "2009-12-31": "", "2008-12-31": "", "2007-12-31": "", "2006-12-31": "", "2005-12-31": ""}, "Other Current Assets": {"2020-12-31": "", "2019-12-31": "", "2018-12-31": "", "2017-12-31": "", "2016-12-31": "", "2015-12-31": "", "2014-12-31": "", "2013-12-31": "", "2012-12-31": "", "2011-12-31": "", "2010-12-31": "", "2009-12-31": "", "2008-12-31": "", "2007-12-31": "", "2006-12-31": "", "2005-12-31": ""}, "Total Current Assets": {"2020-12-31": "42660.29000", "2019-12-31": "38183.14000", "2018-12-31": "26876.71000", "2017-12-31": "25471.13000", "2016-12-31": "24664.54000", "2015-12-31": "23525.63000", "2014-12-31": "22205.35000", "2013-12-31": "21031.88000", "2012-12-31": "21652.72000", "2011-12-31": "22001.78000", "2010-12-31": "24934.58000", "2009-12-31": "27311.41000", "2008-12-31": "29613.05000", "2007-12-31": "27071.83000", "2006-12-31": "25363.86000", "2005-12-31": "22225.99000"}, "Property, Plant, And Equipment": {"2020-12-31": "463.95900", "2019-12-31": "493.94000", "2018-12-31": "434.30700", "2017-12-31": "426.81300", "2016-12-31": "417.48500", "2015-12-31": "445.15500", "2014-12-31": "455.23500", "2013-12-31": "468.87100", "2012-12-31": "479.54600", "2011-12-31": "486.92300", "2010-12-31": "544.97100", "2009-12-31": "580.37500", "2008-12-31": "605.01900", "2007-12-31": "547.43700", "2006-12-31": "481.41500", "2005-12-31": "669.42500"}, "Long-Term Investments": {"2020-12-31": "7962.43800", "2019-12-31": "6778.67000", "2018-12-31": "3991.63200", "2017-12-31": "4035.09300", "2016-12-31": "3718.19500", "2015-12-31": "3587.81800", "2014-12-31": "3041.40600", "2013-12-31": "3199.35800", "2012-12-31": "2981.11200", "2011-12-31": "3690.12500", "2010-12-31": "3440.26800", "2009-12-31": "3188.73500", "2008-12-31": "3770.02200", "2007-12-31": "3666.97400", "2006-12-31": "3352.35700", "2005-12-31": "2958.32000"}, "Goodwill And Intangible Assets": {"2020-12-31": "497.50200", "2019-12-31": "552.93800", "2018-12-31": "67.19000", "2017-12-31": "68.56900", "2016-12-31": "72.90100", "2015-12-31": "24.90200", "2014-12-31": "24.43100", "2013-12-31": "24.43100", "2012-12-31": "29.58000", "2011-12-31": "32.95600", "2010-12-31": "36.86500", "2009-12-31": "41.08000", "2008-12-31": "60.78700", "2007-12-31": "547.14500", "2006-12-31": "551.41200", "2005-12-31": "503.24900"}, "Other Long-Term Assets": {"2020-12-31": "2781.89900", "2019-12-31": "2194.59500", "2018-12-31": "1299.35200", "2017-12-31": "1054.44500", "2016-12-31": "835.52800", "2015-12-31": "697.20400", "2014-12-31": "701.35600", "2013-12-31": "732.42000", "2012-12-31": "810.64900", "2011-12-31": "948.91800", "2010-12-31": "1136.46500", "2009-12-31": "1709.82100", "2008-12-31": "1737.39100", "2007-12-31": "1231.09400", "2006-12-31": "832.28000", "2005-12-31": "1263.68900"}, "Total Long-Term Assets": {"2020-12-31": "11705.80000", "2019-12-31": "10020.14000", "2018-12-31": "5792.48100", "2017-12-31": "5750.70800", "2016-12-31": "5439.46500", "2015-12-31": "5267.02700", "2014-12-31": "4844.89200", "2013-12-31": "5169.72600", "2012-12-31": "5107.29300", "2011-12-31": "5161.06000", "2010-12-31": "5158.56900", "2009-12-31": "5520.01100", "2008-12-31": "6173.21900", "2007-12-31": "5992.65000", "2006-12-31": "6602.32000", "2005-12-31": "5394.68300"}, "Total Assets": {"2020-12-31": "54366.09000", "2019-12-31": "48203.28000", "2018-12-31": "32669.19000", "2017-12-31": "31221.84000", "2016-12-31": "30104.00000", "2015-12-31": "28792.65000", "2014-12-31": "27050.24000", "2013-12-31": "26201.60000", "2012-12-31": "26760.01000", "2011-12-31": "27162.85000", "2010-12-31": "30093.15000", "2009-12-31": "32831.42000", "2008-12-31": "35786.27000", "2007-12-31": "33064.48000", "2006-12-31": "31966.18000", "2005-12-31": "27620.67000"}, "Total Current Liabilities": {"2020-12-31": "46927.21000", "2019-12-31": "40324.75000", "2018-12-31": "27608.01000", "2017-12-31": "26409.09000", "2016-12-31": "24807.76000", "2015-12-31": "23419.69000", "2014-12-31": "21658.62000", "2013-12-31": "21024.92000", "2012-12-31": "21258.29000", "2011-12-31": "22725.51000", "2010-12-31": "24999.53000", "2009-12-31": "27908.60000", "2008-12-31": "29343.05000", "2007-12-31": "27279.23000", "2006-12-31": "26110.95000", "2005-12-31": "21943.04000"}, "Long Term Debt": {"2020-12-31": "1202.49400", "2019-12-31": "2153.89700", "2018-12-31": "1657.15700", "2017-12-31": "1606.13800", "2016-12-31": "2160.88100", "2015-12-31": "2186.89300", "2014-12-31": "2139.32500", "2013-12-31": "2033.14100", "2012-12-31": "1726.45500", "2011-12-31": "1364.72700", "2010-12-31": "1808.16100", "2009-12-31": "1751.59200", "2008-12-31": "2107.17300", "2007-12-31": "1890.23500", "2006-12-31": "1343.35800", "2005-12-31": "1933.63800"}, "Other Non-Current Liabilities": {"2020-12-31": "1075.04800", "2019-12-31": "782.94100", "2018-12-31": "270.41900", "2017-12-31": "245.04300", "2016-12-31": "207.43800", "2015-12-31": "185.87800", "2014-12-31": "211.02600", "2013-12-31": "194.55600", "2012-12-31": "205.83900", "2011-12-31": "245.15700", "2010-12-31": "260.91000", "2009-12-31": "299.73000", "2008-12-31": "516.54100", "2007-12-31": "453.42800", "2006-12-31": "432.27900", "2005-12-31": "597.69800"}, "Total Long Term Liabilities": {"2020-12-31": "2277.54200", "2019-12-31": "2936.83800", "2018-12-31": "1927.57600", "2017-12-31": "1851.18100", "2016-12-31": "2368.31900", "2015-12-31": "2372.77100", "2014-12-31": "2350.35100", "2013-12-31": "2227.69700", "2012-12-31": "1932.29400", "2011-12-31": "1609.88400", "2010-12-31": "2069.07100", "2009-12-31": "2051.32200", "2008-12-31": "2623.71400", "2007-12-31": "2343.66300", "2006-12-31": "2146.58000", "2005-12-31": "2728.30900"}, "Total Liabilities": {"2020-12-31": "49204.75000", "2019-12-31": "43261.59000", "2018-12-31": "29535.59000", "2017-12-31": "28260.27000", "2016-12-31": "27176.08000", "2015-12-31": "25792.46000", "2014-12-31": "24008.97000", "2013-12-31": "23252.62000", "2012-12-31": "23190.58000", "2011-12-31": "24335.39000", "2010-12-31": "27068.60000", "2009-12-31": "29959.92000", "2008-12-31": "31966.76000", "2007-12-31": "29622.89000", "2006-12-31": "28257.53000", "2005-12-31": "24671.34000"}, "Common Stock Net": {"2020-12-31": "168.13300", "2019-12-31": "166.80100", "2018-12-31": "143.30000", "2017-12-31": "142.67800", "2016-12-31": "142.02600", "2015-12-31": "140.59200", "2014-12-31": "139.95000", "2013-12-31": "139.72100", "2012-12-31": "792.27300", "2011-12-31": "790.98900", "2010-12-31": "790.95600", "2009-12-31": "495.51400", "2008-12-31": "336.01100", "2007-12-31": "335.52900", "2006-12-31": "331.21400", "2005-12-31": "318.30100"}, "Retained Earnings (Accumulated Deficit)": {"2020-12-31": "1178.01900", "2019-12-31": "1068.32700", "2018-12-31": "843.76700", "2017-12-31": "544.20700", "2016-12-31": "351.76700", "2015-12-31": "174.97300", "2014-12-31": "14.89400", "2013-12-31": "-137.51200", "2012-12-31": "-259.96800", "2011-12-31": "-1058.64200", "2010-12-31": "-966.60700", "2009-12-31": "-148.42800", "2008-12-31": "1350.50100", "2007-12-31": "2087.35700", "2006-12-31": "2460.45400", "2005-12-31": "2091.18700"}, "Comprehensive Income": {"2020-12-31": "158.63500", "2019-12-31": "65.64100", "2018-12-31": "-94.42000", "2017-12-31": "-54.75400", "2016-12-31": "-55.65900", "2015-12-31": "-29.81900", "2014-12-31": "-12.60500", "2013-12-31": "-41.25800", "2012-12-31": "4.10100", "2011-12-31": "21.09300", "2010-12-31": "57.15800", "2009-12-31": "84.80600", "2008-12-31": "129.25300", "2007-12-31": "31.43900", "2006-12-31": "-2.12900", "2005-12-31": "-29.53600"}, "Other Share Holders Equity": {"2020-12-31": "", "2019-12-31": "", "2018-12-31": "", "2017-12-31": "", "2016-12-31": "", "2015-12-31": "", "2014-12-31": "", "2013-12-31": "", "2012-12-31": "", "2011-12-31": "", "2010-12-31": "", "2009-12-31": "", "2008-12-31": "", "2007-12-31": "", "2006-12-31": "", "2005-12-31": ""}, "Share Holder Equity": {"2020-12-31": "5161.33400", "2019-12-31": "4941.69000", "2018-12-31": "3133.60200", "2017-12-31": "2961.56600", "2016-12-31": "2927.92400", "2015-12-31": "3000.19600", "2014-12-31": "3041.27000", "2013-12-31": "2948.98500", "2012-12-31": "3569.43100", "2011-12-31": "2827.45200", "2010-12-31": "3024.54700", "2009-12-31": "2871.50100", "2008-12-31": "3819.50700", "2007-12-31": "3441.59000", "2006-12-31": "3708.65000", "2005-12-31": "2949.32900"}, "Total Liabilities And Share Holders Equity": {"2020-12-31": "54366.09000", "2019-12-31": "48203.28000", "2018-12-31": "32669.19000", "2017-12-31": "31221.84000", "2016-12-31": "30104.00000", "2015-12-31": "28792.65000", "2014-12-31": "27050.24000", "2013-12-31": "26201.60000", "2012-12-31": "26760.01000", "2011-12-31": "27162.85000", "2010-12-31": "30093.15000", "2009-12-31": "32831.42000", "2008-12-31": "35786.27000", "2007-12-31": "33064.48000", "2006-12-31": "31966.18000", "2005-12-31": "27620.67000"}}, "balance sheet, quarterly": {"Cash On Hand": {"2020-12-31": "4252.91700", "2020-09-30": "1985.36300", "2020-06-30": "1571.22500", "2020-03-31": "1823.83400", "2019-12-31": "1186.91800", "2019-09-30": "1182.47000", "2019-06-30": "1151.32100", "2019-03-31": "1265.92500", "2018-12-31": "1143.56400", "2018-09-30": "1011.93300", "2018-06-30": "1091.78800", "2018-03-31": "1059.01700", "2017-12-31": "932.93300", "2017-09-30": "1751.23600", "2017-06-30": "901.26500", "2017-03-31": "1078.99300", "2016-12-31": "1008.35900", "2016-09-30": "1450.55500", "2016-06-30": "1384.96700", "2016-03-31": "1363.37400", "2015-12-31": "1289.28200", "2015-09-30": "1263.78300", "2015-06-30": "1753.19100", "2015-03-31": "1800.86900", "2014-12-31": "1305.63500", "2014-09-30": "1234.08300", "2014-06-30": "1393.24100", "2014-03-31": "1448.40500", "2013-12-31": "1225.57100", "2013-09-30": "1592.72900", "2013-06-30": "2021.50800", "2013-03-31": "1898.62500", "2012-12-31": "2261.08100", "2012-09-30": "1418.67000", "2012-06-30": "1970.97800", "2012-03-31": "2418.11300", "2011-12-31": "2266.80100", "2011-09-30": "3431.31800", "2011-06-30": "3422.42200", "2011-03-31": "3118.88100", "2010-12-31": "3692.15900", "2010-09-30": "3713.80400", "2010-06-30": "4437.31600", "2010-03-31": "3599.13600", "2009-12-31": "2697.19200", "2009-09-30": "3430.72300", "2009-06-30": "1411.70200", "2009-03-31": "1066.14500", "2008-12-31": "2154.01000", "2008-09-30": "871.75310", "2008-06-30": "864.55190", "2008-03-31": "728.66500", "2007-12-31": "787.42200", "2007-09-30": "1095.19600", "2007-06-30": "1199.81200", "2007-03-31": "1100.30500", "2006-12-31": "848.72500", "2006-09-30": "1131.37700", "2006-06-30": "1149.60900", "2006-03-31": "1120.12000", "2005-12-31": "980.11000", "2005-09-30": "1059.27000", "2005-06-30": "1171.00900", "2005-03-31": "862.80700"}, "Receivables": {"2020-12-31": "", "2020-09-30": "", "2020-06-30": "", "2020-03-31": "", "2019-12-31": "", "2019-09-30": "", "2019-06-30": "", "2019-03-31": "", "2018-12-31": "", "2018-09-30": "", "2018-06-30": "", "2018-03-31": "", "2017-12-31": "", "2017-09-30": "", "2017-06-30": "", "2017-03-31": "", "2016-12-31": "", "2016-09-30": "", "2016-06-30": "", "2016-03-31": "", "2015-12-31": "", "2015-09-30": "", "2015-06-30": "", "2015-03-31": "", "2014-12-31": "", "2014-09-30": "", "2014-06-30": "", "2014-03-31": "", "2013-12-31": "", "2013-09-30": "", "2013-06-30": "", "2013-03-31": "", "2012-12-31": "", "2012-09-30": "", "2012-06-30": "", "2012-03-31": "", "2011-12-31": "", "2011-09-30": "", "2011-06-30": "", "2011-03-31": "", "2010-12-31": "", "2010-09-30": "", "2010-06-30": "", "2010-03-31": "", "2009-12-31": "", "2009-09-30": "", "2009-06-30": "", "2009-03-31": "", "2008-12-31": "", "2008-09-30": "", "2008-06-30": "", "2008-03-31": "", "2007-12-31": "", "2007-09-30": "", "2007-06-30": "", "2007-03-31": "", "2006-12-31": "", "2006-09-30": "", "2006-06-30": "", "2006-03-31": "", "2005-12-31": "", "2005-09-30": "", "2005-06-30": "", "2005-03-31": ""}, "Inventory": {"2020-12-31": "", "2020-09-30": "", "2020-06-30": "", "2020-03-31": "", "2019-12-31": "", "2019-09-30": "", "2019-06-30": "", "2019-03-31": "", "2018-12-31": "", "2018-09-30": "", "2018-06-30": "", "2018-03-31": "", "2017-12-31": "", "2017-09-30": "", "2017-06-30": "", "2017-03-31": "", "2016-12-31": "", "2016-09-30": "", "2016-06-30": "", "2016-03-31": "", "2015-12-31": "", "2015-09-30": "", "2015-06-30": "", "2015-03-31": "", "2014-12-31": "", "2014-09-30": "", "2014-06-30": "", "2014-03-31": "", "2013-12-31": "", "2013-09-30": "", "2013-06-30": "", "2013-03-31": "", "2012-12-31": "", "2012-09-30": "", "2012-06-30": "", "2012-03-31": "", "2011-12-31": "", "2011-09-30": "", "2011-06-30": "", "2011-03-31": "", "2010-12-31": "", "2010-09-30": "", "2010-06-30": "", "2010-03-31": "", "2009-12-31": "", "2009-09-30": "", "2009-06-30": "", "2009-03-31": "", "2008-12-31": "", "2008-09-30": "", "2008-06-30": "", "2008-03-31": "", "2007-12-31": "", "2007-09-30": "", "2007-06-30": "", "2007-03-31": "", "2006-12-31": "", "2006-09-30": "", "2006-06-30": "", "2006-03-31": "", "2005-12-31": "", "2005-09-30": "", "2005-06-30": "", "2005-03-31": ""}, "Pre-Paid Expenses": {"2020-12-31": "", "2020-09-30": "", "2020-06-30": "", "2020-03-31": "", "2019-12-31": "", "2019-09-30": "", "2019-06-30": "", "2019-03-31": "", "2018-12-31": "", "2018-09-30": "", "2018-06-30": "", "2018-03-31": "", "2017-12-31": "", "2017-09-30": "", "2017-06-30": "", "2017-03-31": "", "2016-12-31": "", "2016-09-30": "", "2016-06-30": "", "2016-03-31": "", "2015-12-31": "", "2015-09-30": "", "2015-06-30": "", "2015-03-31": "", "2014-12-31": "", "2014-09-30": "", "2014-06-30": "", "2014-03-31": "", "2013-12-31": "", "2013-09-30": "", "2013-06-30": "", "2013-03-31": "", "2012-12-31": "", "2012-09-30": "", "2012-06-30": "", "2012-03-31": "", "2011-12-31": "", "2011-09-30": "", "2011-06-30": "", "2011-03-31": "", "2010-12-31": "", "2010-09-30": "", "2010-06-30": "", "2010-03-31": "", "2009-12-31": "", "2009-09-30": "", "2009-06-30": "", "2009-03-31": "", "2008-12-31": "", "2008-09-30": "", "2008-06-30": "", "2008-03-31": "", "2007-12-31": "", "2007-09-30": "", "2007-06-30": "", "2007-03-31": "", "2006-12-31": "", "2006-09-30": "", "2006-06-30": "", "2006-03-31": "", "2005-12-31": "", "2005-09-30": "", "2005-06-30": "", "2005-03-31": ""}, "Other Current Assets": {"2020-12-31": "", "2020-09-30": "", "2020-06-30": "", "2020-03-31": "", "2019-12-31": "", "2019-09-30": "", "2019-06-30": "", "2019-03-31": "", "2018-12-31": "", "2018-09-30": "", "2018-06-30": "", "2018-03-31": "", "2017-12-31": "", "2017-09-30": "", "2017-06-30": "", "2017-03-31": "", "2016-12-31": "", "2016-09-30": "", "2016-06-30": "", "2016-03-31": "", "2015-12-31": "", "2015-09-30": "", "2015-06-30": "", "2015-03-31": "", "2014-12-31": "", "2014-09-30": "", "2014-06-30": "", "2014-03-31": "", "2013-12-31": "", "2013-09-30": "", "2013-06-30": "", "2013-03-31": "", "2012-12-31": "", "2012-09-30": "", "2012-06-30": "", "2012-03-31": "", "2011-12-31": "", "2011-09-30": "", "2011-06-30": "", "2011-03-31": "", "2010-12-31": "", "2010-09-30": "", "2010-06-30": "", "2010-03-31": "", "2009-12-31": "", "2009-09-30": "", "2009-06-30": "", "2009-03-31": "", "2008-12-31": "", "2008-09-30": "", "2008-06-30": "", "2008-03-31": "", "2007-12-31": "", "2007-09-30": "", "2007-06-30": "", "2007-03-31": "", "2006-12-31": "", "2006-09-30": "", "2006-06-30": "", "2006-03-31": "", "2005-12-31": "", "2005-09-30": "", "2005-06-30": "", "2005-03-31": ""}, "Total Current Assets": {"2020-12-31": "42660.29000", "2020-09-30": "41676.57000", "2020-06-30": "41797.81000", "2020-03-31": "39708.24000", "2019-12-31": "38183.14000", "2019-09-30": "37464.70000", "2019-06-30": "37114.36000", "2019-03-31": "36699.36000", "2018-12-31": "26876.71000", "2018-09-30": "26337.60000", "2018-06-30": "26027.79000", "2018-03-31": "25684.29000", "2017-12-31": "25471.13000", "2017-09-30": "26074.24000", "2017-06-30": "25145.58000", "2017-03-31": "25141.63000", "2016-12-31": "24664.54000", "2016-09-30": "24555.39000", "2016-06-30": "24278.62000", "2016-03-31": "23929.93000", "2015-12-31": "23525.63000", "2015-09-30": "22950.81000", "2015-06-30": "23091.56000", "2015-03-31": "22742.96000", "2014-12-31": "22205.35000", "2014-09-30": "21625.94000", "2014-06-30": "21649.94000", "2014-03-31": "21360.05000", "2013-12-31": "21031.88000", "2013-09-30": "21056.31000", "2013-06-30": "21419.75000", "2013-03-31": "21068.10000", "2012-12-31": "21652.72000", "2012-09-30": "20987.61000", "2012-06-30": "21350.39000", "2012-03-31": "21870.46000", "2011-12-31": "22001.78000", "2011-09-30": "23116.47000", "2011-06-30": "23463.72000", "2011-03-31": "23661.18000", "2010-12-31": "24934.58000", "2010-09-30": "25750.14000", "2010-06-30": "27140.65000", "2010-03-31": "27238.67000", "2009-12-31": "27311.41000", "2009-09-30": "29037.05000", "2009-06-30": "28426.28000", "2009-03-31": "28399.84000", "2008-12-31": "29613.05000", "2008-09-30": "28174.52000", "2008-06-30": "28084.24000", "2008-03-31": "27635.19000", "2007-12-31": "27071.83000", "2007-09-30": "26678.80000", "2007-06-30": "26601.01000", "2007-03-31": "26178.43000", "2006-12-31": "25363.86000", "2006-09-30": "25162.69000", "2006-06-30": "24668.53000", "2006-03-31": "23411.08000", "2005-12-31": "22225.99000", "2005-09-30": "21850.05000", "2005-06-30": "21529.29000", "2005-03-31": "20773.04000"}, "Property, Plant, And Equipment": {"2020-12-31": "463.95900", "2020-09-30": "471.20800", "2020-06-30": "481.71600", "2020-03-31": "482.46200", "2019-12-31": "493.94000", "2019-09-30": "487.05300", "2019-06-30": "490.64400", "2019-03-31": "479.96500", "2018-12-31": "434.30700", "2018-09-30": "431.01200", "2018-06-30": "428.63300", "2018-03-31": "424.34200", "2017-12-31": "426.81300", "2017-09-30": "423.24500", "2017-06-30": "416.36400", "2017-03-31": "412.72500", "2016-12-31": "417.48500", "2016-09-30": "418.09100", "2016-06-30": "424.96700", "2016-03-31": "439.12200", "2015-12-31": "445.15500", "2015-09-30": "449.07800", "2015-06-30": "445.57900", "2015-03-31": "451.84300", "2014-12-31": "455.23500", "2014-09-30": "456.63300", "2014-06-30": "461.61000", "2014-03-31": "467.37500", "2013-12-31": "468.87100", "2013-09-30": "476.08800", "2013-06-30": "477.94800", "2013-03-31": "477.13200", "2012-12-31": "479.54600", "2012-09-30": "475.22200", "2012-06-30": "475.94400", "2012-03-31": "479.97600", "2011-12-31": "486.92300", "2011-09-30": "488.07400", "2011-06-30": "493.63800", "2011-03-31": "495.49000", "2010-12-31": "544.97100", "2010-09-30": "555.91900", "2010-06-30": "565.98100", "2010-03-31": "572.81500", "2009-12-31": "580.37500", "2009-09-30": "588.17900", "2009-06-30": "596.17200", "2009-03-31": "603.55500", "2008-12-31": "605.01900", "2008-09-30": "595.64600", "2008-06-30": "581.35200", "2008-03-31": "565.88700", "2007-12-31": "547.43700", "2007-09-30": "803.52800", "2007-06-30": "784.70300", "2007-03-31": "769.27100", "2006-12-31": "481.41500", "2006-09-30": "723.97400", "2006-06-30": "707.98800", "2006-03-31": "691.23100", "2005-12-31": "669.42500", "2005-09-30": "668.82200", "2005-06-30": "657.76500", "2005-03-31": "651.83000"}, "Long-Term Investments": {"2020-12-31": "7962.43800", "2020-09-30": "7566.52500", "2020-06-30": "7197.49300", "2020-03-31": "6937.24000", "2019-12-31": "6778.67000", "2019-09-30": "6892.16200", "2019-06-30": "7007.01200", "2019-03-31": "6808.19100", "2018-12-31": "3991.63200", "2018-09-30": "3920.85000", "2018-06-30": "3929.96200", "2018-03-31": "4041.41700", "2017-12-31": "4035.09300", "2017-09-30": "3825.44300", "2017-06-30": "3827.05800", "2017-03-31": "3782.94200", "2016-12-31": "3718.19500", "2016-09-30": "3603.15300", "2016-06-30": "3580.35900", "2016-03-31": "3582.24400", "2015-12-31": "3587.81800", "2015-09-30": "3487.33200", "2015-06-30": "3354.67300", "2015-03-31": "3130.04100", "2014-12-31": "3041.40600", "2014-09-30": "3050.25700", "2014-06-30": "3080.18500", "2014-03-31": "3132.40200", "2013-12-31": "3199.35800", "2013-09-30": "3151.34400", "2013-06-30": "3077.70600", "2013-03-31": "3049.35300", "2012-12-31": "2981.11200", "2012-09-30": "3229.44000", "2012-06-30": "3570.34600", "2012-03-31": "3713.00300", "2011-12-31": "3690.12500", "2011-09-30": "3596.51100", "2011-06-30": "3259.25400", "2011-03-31": "3346.48300", "2010-12-31": "3440.26800", "2010-09-30": "3326.13300", "2010-06-30": "3328.42600", "2010-03-31": "3237.51900", "2009-12-31": "3188.73500", "2009-09-30": "3298.81500", "2009-06-30": "3560.19200", "2009-03-31": "3778.47300", "2008-12-31": "3770.02200", "2008-09-30": "3831.12600", "2008-06-30": "3814.38400", "2008-03-31": "3779.87700", "2007-12-31": "3666.97400", "2007-09-30": "3628.76600", "2007-06-30": "3558.81300", "2007-03-31": "3520.77700", "2006-12-31": "3352.35700", "2006-09-30": "3269.88900", "2006-06-30": "3137.48600", "2006-03-31": "3110.54700", "2005-12-31": "2958.32000", "2005-09-30": "2821.01800", "2005-06-30": "2756.36500", "2005-03-31": "2725.56100"}, "Goodwill And Intangible Assets": {"2020-12-31": "497.50200", "2020-09-30": "500.14200", "2020-06-30": "547.65900", "2020-03-31": "550.29900", "2019-12-31": "552.93800", "2019-09-30": "546.43700", "2019-06-30": "553.86300", "2019-03-31": "559.68300", "2018-12-31": "67.19000", "2018-09-30": "67.48100", "2018-06-30": "67.77300", "2018-03-31": "68.06500", "2017-12-31": "68.56900", "2017-09-30": "68.86300", "2017-06-30": "68.93500", "2017-03-31": "69.14700", "2016-12-31": "72.90100", "2016-09-30": "24.43100", "2016-06-30": "24.43100", "2016-03-31": "24.43100", "2015-12-31": "24.90200", "2015-09-30": "24.43100", "2015-06-30": "24.43100", "2015-03-31": "24.43100", "2014-12-31": "24.43100", "2014-09-30": "25.90200", "2014-06-30": "26.10900", "2014-03-31": "26.31400", "2013-12-31": "24.43100", "2013-09-30": "28.21400", "2013-06-30": "28.58700", "2013-03-31": "29.01400", "2012-12-31": "29.58000", "2012-09-30": "30.32600", "2012-06-30": "31.12400", "2012-03-31": "32.02000", "2011-12-31": "32.95600", "2011-09-30": "33.91300", "2011-06-30": "34.88000", "2011-03-31": "35.85500", "2010-12-31": "36.86500", "2010-09-30": "37.89400", "2010-06-30": "38.93600", "2010-03-31": "39.98700", "2009-12-31": "41.08000", "2009-09-30": "57.05500", "2009-06-30": "58.19400", "2009-03-31": "59.58500", "2008-12-31": "60.78700", "2008-09-30": "505.83000", "2008-06-30": "516.99800", "2008-03-31": "545.29400", "2007-12-31": "547.14500", "2007-09-30": "731.98000", "2007-06-30": "733.72400", "2007-03-31": "735.97800", "2006-12-31": "551.41200", "2006-09-30": "732.62000", "2006-06-30": "660.39500", "2006-03-31": "495.26400", "2005-12-31": "503.24900", "2005-09-30": "501.34800", "2005-06-30": "507.17800", "2005-03-31": "510.99100"}, "Other Long-Term Assets": {"2020-12-31": "2781.89900", "2020-09-30": "2826.09300", "2020-06-30": "4097.31100", "2020-03-31": "2941.33700", "2019-12-31": "2194.59500", "2019-09-30": "2270.83200", "2019-06-30": "2152.32300", "2019-03-31": "2082.82600", "2018-12-31": "1299.35200", "2018-09-30": "1133.06200", "2018-06-30": "1103.16200", "2018-03-31": "1103.57100", "2017-12-31": "1054.44500", "2017-09-30": "978.28200", "2017-06-30": "909.63100", "2017-03-31": "914.02100", "2016-12-31": "835.52800", "2016-09-30": "730.23200", "2016-06-30": "726.15100", "2016-03-31": "731.29000", "2015-12-31": "697.20400", "2015-09-30": "729.67900", "2015-06-30": "718.22500", "2015-03-31": "695.32300", "2014-12-31": "701.35600", "2014-09-30": "704.22300", "2014-06-30": "731.93100", "2014-03-31": "737.15700", "2013-12-31": "732.42000", "2013-09-30": "743.35400", "2013-06-30": "769.65300", "2013-03-31": "796.54300", "2012-12-31": "810.64900", "2012-09-30": "1042.04700", "2012-06-30": "866.30800", "2012-03-31": "969.32900", "2011-12-31": "948.91800", "2011-09-30": "1018.95200", "2011-06-30": "1062.41600", "2011-03-31": "1139.19500", "2010-12-31": "1136.46500", "2010-09-30": "1284.67500", "2010-06-30": "1308.34500", "2010-03-31": "1350.44800", "2009-12-31": "1709.82100", "2009-09-30": "1629.37700", "2009-06-30": "1708.83400", "2009-03-31": "1705.98000", "2008-12-31": "1737.39100", "2008-09-30": "1232.01700", "2008-06-30": "1230.32700", "2008-03-31": "1233.63700", "2007-12-31": "1231.09400", "2007-09-30": "1732.58700", "2007-06-30": "1542.55500", "2007-03-31": "1503.23200", "2006-12-31": "832.28000", "2006-09-30": "1455.70900", "2006-06-30": "1352.69000", "2006-03-31": "1453.05800", "2005-12-31": "1263.68900", "2005-09-30": "1233.85300", "2005-06-30": "1262.69300", "2005-03-31": "1190.96100"}, "Total Long-Term Assets": {"2020-12-31": "11705.80000", "2020-09-30": "11363.97000", "2020-06-30": "12324.18000", "2020-03-31": "10911.34000", "2019-12-31": "10020.14000", "2019-09-30": "10196.48000", "2019-06-30": "10203.84000", "2019-03-31": "9930.66500", "2018-12-31": "5792.48100", "2018-09-30": "5737.52100", "2018-06-30": "5712.51300", "2018-03-31": "5816.73700", "2017-12-31": "5750.70800", "2017-09-30": "5567.88500", "2017-06-30": "5542.39100", "2017-03-31": "5537.95600", "2016-12-31": "5439.46500", "2016-09-30": "5171.70200", "2016-06-30": "5181.06800", "2016-03-31": "5241.32900", "2015-12-31": "5267.02700", "2015-09-30": "5217.01200", "2015-06-30": "5114.31000", "2015-03-31": "4890.82800", "2014-12-31": "4844.89200", "2014-09-30": "4893.16700", "2014-06-30": "4977.34800", "2014-03-31": "5075.37800", "2013-12-31": "5169.72600", "2013-09-30": "5162.05000", "2013-06-30": "5143.41900", "2013-03-31": "5144.77800", "2012-12-31": "5107.29300", "2012-09-30": "4777.03500", "2012-06-30": "4943.72200", "2012-03-31": "5194.32800", "2011-12-31": "5161.06000", "2011-09-30": "5137.45000", "2011-06-30": "4850.18800", "2011-03-31": "5017.02300", "2010-12-31": "5158.56900", "2010-09-30": "5204.62100", "2010-06-30": "5241.68800", "2010-03-31": "5200.76900", "2009-12-31": "5520.01100", "2009-09-30": "5573.42600", "2009-06-30": "5923.39200", "2009-03-31": "6147.59300", "2008-12-31": "6173.21900", "2008-09-30": "6164.61900", "2008-06-30": "6143.06100", "2008-03-31": "6124.69500", "2007-12-31": "5992.65000", "2007-09-30": "6896.86100", "2007-06-30": "6619.79500", "2007-03-31": "6529.25800", "2006-12-31": "6602.32000", "2006-09-30": "6182.19200", "2006-06-30": "5858.55900", "2006-03-31": "5750.10000", "2005-12-31": "5394.68300", "2005-09-30": "5225.04100", "2005-06-30": "5184.00100", "2005-03-31": "5079.34300"}, "Total Assets": {"2020-12-31": "54366.09000", "2020-09-30": "53040.54000", "2020-06-30": "54121.99000", "2020-03-31": "50619.59000", "2019-12-31": "48203.28000", "2019-09-30": "47661.18000", "2019-06-30": "47318.20000", "2019-03-31": "46630.02000", "2018-12-31": "32669.19000", "2018-09-30": "32075.12000", "2018-06-30": "31740.30000", "2018-03-31": "31501.03000", "2017-12-31": "31221.84000", "2017-09-30": "31642.12000", "2017-06-30": "30687.97000", "2017-03-31": "30679.59000", "2016-12-31": "30104.00000", "2016-09-30": "29727.10000", "2016-06-30": "29459.69000", "2016-03-31": "29171.26000", "2015-12-31": "28792.65000", "2015-09-30": "28167.83000", "2015-06-30": "28205.87000", "2015-03-31": "27633.78000", "2014-12-31": "27050.24000", "2014-09-30": "26519.11000", "2014-06-30": "26627.29000", "2014-03-31": "26435.43000", "2013-12-31": "26201.60000", "2013-09-30": "26218.36000", "2013-06-30": "26563.17000", "2013-03-31": "26212.88000", "2012-12-31": "26760.01000", "2012-09-30": "25764.64000", "2012-06-30": "26294.11000", "2012-03-31": "27064.79000", "2011-12-31": "27162.85000", "2011-09-30": "28253.92000", "2011-06-30": "28313.91000", "2011-03-31": "28678.20000", "2010-12-31": "30093.15000", "2010-09-30": "30954.76000", "2010-06-30": "32382.34000", "2010-03-31": "32439.44000", "2009-12-31": "32831.42000", "2009-09-30": "34610.48000", "2009-06-30": "34349.67000", "2009-03-31": "34547.43000", "2008-12-31": "35786.27000", "2008-09-30": "34339.14000", "2008-06-30": "34227.30000", "2008-03-31": "33759.89000", "2007-12-31": "33064.48000", "2007-09-30": "33575.66000", "2007-06-30": "33220.80000", "2007-03-31": "32707.68000", "2006-12-31": "31966.18000", "2006-09-30": "31344.88000", "2006-06-30": "30527.09000", "2006-03-31": "29161.18000", "2005-12-31": "27620.67000", "2005-09-30": "27075.09000", "2005-06-30": "26713.29000", "2005-03-31": "25852.38000"}, "Total Current Liabilities": {"2020-12-31": "46927.21000", "2020-09-30": "45268.25000", "2020-06-30": "44720.15000", "2020-03-31": "41314.36000", "2019-12-31": "40324.75000", "2019-09-30": "39864.08000", "2019-06-30": "39570.20000", "2019-03-31": "39242.57000", "2018-12-31": "27608.01000", "2018-09-30": "27103.34000", "2018-06-30": "26650.27000", "2018-03-31": "26439.04000", "2017-12-31": "26409.09000", "2017-09-30": "26327.77000", "2017-06-30": "25369.20000", "2017-03-31": "25252.19000", "2016-12-31": "24807.76000", "2016-09-30": "24387.03000", "2016-06-30": "24173.10000", "2016-03-31": "23653.91000", "2015-12-31": "23419.69000", "2015-09-30": "22912.89000", "2015-06-30": "22837.47000", "2015-03-31": "22233.17000", "2014-12-31": "21658.62000", "2014-09-30": "21096.94000", "2014-06-30": "21121.31000", "2014-03-31": "21115.84000", "2013-12-31": "21024.92000", "2013-09-30": "21168.47000", "2013-06-30": "20933.64000", "2013-03-31": "20799.42000", "2012-12-31": "21258.29000", "2012-09-30": "21012.70000", "2012-06-30": "21916.24000", "2012-03-31": "22453.56000", "2011-12-31": "22725.51000", "2011-09-30": "23438.23000", "2011-06-30": "23327.48000", "2011-03-31": "23631.09000", "2010-12-31": "24999.53000", "2010-09-30": "25646.58000", "2010-06-30": "26734.16000", "2010-03-31": "27631.03000", "2009-12-31": "27908.60000", "2009-09-30": "29084.71000", "2009-06-30": "29004.07000", "2009-03-31": "28525.26000", "2008-12-31": "29343.05000", "2008-09-30": "28523.36000", "2008-06-30": "28316.26000", "2008-03-31": "27771.30000", "2007-12-31": "27279.23000", "2007-09-30": "26893.80000", "2007-06-30": "26784.08000", "2007-03-31": "26402.91000", "2006-12-31": "26110.95000", "2006-09-30": "25544.60000", "2006-06-30": "25027.97000", "2006-03-31": "23437.71000", "2005-12-31": "21943.04000", "2005-09-30": "21159.82000", "2005-06-30": "20830.92000", "2005-03-31": "20540.09000"}, "Long Term Debt": {"2020-12-31": "1202.49400", "2020-09-30": "1628.38500", "2020-06-30": "2327.92100", "2020-03-31": "3152.33900", "2019-12-31": "2153.89700", "2019-09-30": "2153.60000", "2019-06-30": "2306.07200", "2019-03-31": "2106.03700", "2018-12-31": "1657.15700", "2018-09-30": "1656.90900", "2018-06-30": "1656.64700", "2018-03-31": "1856.39200", "2017-12-31": "1606.13800", "2017-09-30": "1882.60700", "2017-06-30": "2107.24500", "2017-03-31": "2160.86700", "2016-12-31": "2160.88100", "2016-09-30": "2160.98500", "2016-06-30": "2135.89200", "2016-03-31": "2360.86500", "2015-12-31": "2186.89300", "2015-09-30": "2038.71900", "2015-06-30": "2139.21900", "2015-03-31": "2189.76900", "2014-12-31": "2139.32500", "2014-09-30": "2130.93400", "2014-06-30": "2256.41800", "2014-03-31": "2106.98000", "2013-12-31": "2033.14100", "2013-09-30": "1885.05700", "2013-06-30": "1885.68900", "2013-03-31": "1653.23000", "2012-12-31": "1726.45500", "2012-09-30": "1654.18300", "2012-06-30": "1301.61600", "2012-03-31": "1351.82300", "2011-12-31": "1364.72700", "2011-09-30": "1522.33400", "2011-06-30": "1894.90100", "2011-03-31": "1912.95400", "2010-12-31": "1808.16100", "2010-09-30": "1743.09700", "2010-06-30": "1876.57100", "2010-03-31": "1868.34300", "2009-12-31": "1751.59200", "2009-09-30": "1963.13600", "2009-06-30": "1865.49100", "2009-03-31": "1869.88400", "2008-12-31": "2107.17300", "2008-09-30": "2120.54600", "2008-06-30": "2121.62500", "2008-03-31": "1992.75000", "2007-12-31": "1890.23500", "2007-09-30": "1760.16200", "2007-06-30": "1673.12400", "2007-03-31": "1551.85600", "2006-12-31": "1343.35800", "2006-09-30": "1363.51900", "2006-06-30": "1421.57800", "2006-03-31": "1731.11800", "2005-12-31": "1933.63800", "2005-09-30": "2256.38800", "2005-06-30": "2335.68800", "2005-03-31": "1915.14000"}, "Other Non-Current Liabilities": {"2020-12-31": "1075.04800", "2020-09-30": "1079.36300", "2020-06-30": "2020.94400", "2020-03-31": "1087.68000", "2019-12-31": "782.94100", "2019-09-30": "774.66200", "2019-06-30": "688.11200", "2019-03-31": "683.66200", "2018-12-31": "270.41900", "2018-09-30": "274.79500", "2018-06-30": "265.69600", "2018-03-31": "249.10300", "2017-12-31": "245.04300", "2017-09-30": "434.67100", "2017-06-30": "213.57900", "2017-03-31": "304.40300", "2016-12-31": "207.43800", "2016-09-30": "272.42400", "2016-06-30": "199.03900", "2016-03-31": "203.21700", "2015-12-31": "185.87800", "2015-09-30": "199.10400", "2015-06-30": "223.02800", "2015-03-31": "180.20800", "2014-12-31": "211.02600", "2014-09-30": "214.69000", "2014-06-30": "196.51400", "2014-03-31": "214.11300", "2013-12-31": "194.55600", "2013-09-30": "232.97400", "2013-06-30": "175.64500", "2013-03-31": "182.12700", "2012-12-31": "205.83900", "2012-09-30": "222.06600", "2012-06-30": "222.86700", "2012-03-31": "437.64700", "2011-12-31": "245.15700", "2011-09-30": "463.90900", "2011-06-30": "240.58800", "2011-03-31": "251.46200", "2010-12-31": "260.91000", "2010-09-30": "324.07700", "2010-06-30": "325.37400", "2010-03-31": "301.61500", "2009-12-31": "299.73000", "2009-09-30": "389.03400", "2009-06-30": "424.94300", "2009-03-31": "480.89500", "2008-12-31": "516.54100", "2008-09-30": "286.34800", "2008-06-30": "336.73100", "2008-03-31": "442.27000", "2007-12-31": "453.42800", "2007-09-30": "592.77100", "2007-06-30": "576.27600", "2007-03-31": "667.47000", "2006-12-31": "432.27900", "2006-09-30": "654.74200", "2006-06-30": "488.55900", "2006-03-31": "584.72100", "2005-12-31": "597.69800", "2005-09-30": "594.36500", "2005-06-30": "570.91400", "2005-03-31": "523.26400"}, "Total Long Term Liabilities": {"2020-12-31": "2277.54200", "2020-09-30": "2707.74800", "2020-06-30": "4348.86500", "2020-03-31": "4240.01900", "2019-12-31": "2936.83800", "2019-09-30": "2928.26200", "2019-06-30": "2994.18400", "2019-03-31": "2789.69900", "2018-12-31": "1927.57600", "2018-09-30": "1931.70400", "2018-06-30": "1922.34300", "2018-03-31": "2105.49500", "2017-12-31": "1851.18100", "2017-09-30": "2317.27800", "2017-06-30": "2320.82400", "2017-03-31": "2465.27000", "2016-12-31": "2368.31900", "2016-09-30": "2433.40900", "2016-06-30": "2334.93100", "2016-03-31": "2564.08200", "2015-12-31": "2372.77100", "2015-09-30": "2237.82300", "2015-06-30": "2362.24700", "2015-03-31": "2369.97700", "2014-12-31": "2350.35100", "2014-09-30": "2345.62400", "2014-06-30": "2452.93200", "2014-03-31": "2321.09300", "2013-12-31": "2227.69700", "2013-09-30": "2118.03100", "2013-06-30": "2061.33400", "2013-03-31": "1835.35700", "2012-12-31": "1932.29400", "2012-09-30": "1876.24900", "2012-06-30": "1524.48300", "2012-03-31": "1789.47000", "2011-12-31": "1609.88400", "2011-09-30": "1986.24300", "2011-06-30": "2135.48900", "2011-03-31": "2164.41600", "2010-12-31": "2069.07100", "2010-09-30": "2067.17400", "2010-06-30": "2201.94500", "2010-03-31": "2169.95800", "2009-12-31": "2051.32200", "2009-09-30": "2352.17000", "2009-06-30": "2290.43400", "2009-03-31": "2350.77900", "2008-12-31": "2623.71400", "2008-09-30": "2437.50000", "2008-06-30": "2482.44800", "2008-03-31": "2457.79200", "2007-12-31": "2343.66300", "2007-09-30": "2627.50400", "2007-06-30": "2511.40700", "2007-03-31": "2468.69200", "2006-12-31": "2146.58000", "2006-09-30": "2236.33400", "2006-06-30": "2125.65800", "2006-03-31": "2521.39100", "2005-12-31": "2728.30900", "2005-09-30": "3040.36900", "2005-06-30": "3088.55900", "2005-03-31": "2613.42300"}, "Total Liabilities": {"2020-12-31": "49204.75000", "2020-09-30": "47976.00000", "2020-06-30": "49069.02000", "2020-03-31": "45554.38000", "2019-12-31": "43261.59000", "2019-09-30": "42792.34000", "2019-06-30": "42564.39000", "2019-03-31": "42032.27000", "2018-12-31": "29535.59000", "2018-09-30": "29035.05000", "2018-06-30": "28572.61000", "2018-03-31": "28544.53000", "2017-12-31": "28260.27000", "2017-09-30": "28645.04000", "2017-06-30": "27690.02000", "2017-03-31": "27717.46000", "2016-12-31": "27176.08000", "2016-09-30": "26820.44000", "2016-06-30": "26508.03000", "2016-03-31": "26217.99000", "2015-12-31": "25792.46000", "2015-09-30": "25150.71000", "2015-06-30": "25199.71000", "2015-03-31": "24603.15000", "2014-12-31": "24008.97000", "2014-09-30": "23442.56000", "2014-06-30": "23574.24000", "2014-03-31": "23436.93000", "2013-12-31": "23252.62000", "2013-09-30": "23286.50000", "2013-06-30": "22994.97000", "2013-03-31": "22634.77000", "2012-12-31": "23190.58000", "2012-09-30": "22888.94000", "2012-06-30": "23440.72000", "2012-03-31": "24243.03000", "2011-12-31": "24335.39000", "2011-09-30": "25424.48000", "2011-06-30": "25462.97000", "2011-03-31": "25795.50000", "2010-12-31": "27068.60000", "2010-09-30": "27713.75000", "2010-06-30": "28936.11000", "2010-03-31": "29800.98000", "2009-12-31": "29959.92000", "2009-09-30": "31436.88000", "2009-06-30": "31294.51000", "2009-03-31": "30876.03000", "2008-12-31": "31966.76000", "2008-09-30": "30960.86000", "2008-06-30": "30798.71000", "2008-03-31": "30229.09000", "2007-12-31": "29622.89000", "2007-09-30": "29521.31000", "2007-06-30": "29295.48000", "2007-03-31": "28871.60000", "2006-12-31": "28257.53000", "2006-09-30": "27780.94000", "2006-06-30": "27153.63000", "2006-03-31": "25959.10000", "2005-12-31": "24671.34000", "2005-09-30": "24200.18000", "2005-06-30": "23919.48000", "2005-03-31": "23153.51000"}, "Common Stock Net": {"2020-12-31": "168.13300", "2020-09-30": "167.41100", "2020-06-30": "167.40600", "2020-03-31": "167.36000", "2019-12-31": "166.80100", "2019-09-30": "166.20100", "2019-06-30": "166.08000", "2019-03-31": "165.92900", "2018-12-31": "143.30000", "2018-09-30": "143.09300", "2018-06-30": "143.07800", "2018-03-31": "143.01700", "2017-12-31": "142.67800", "2017-09-30": "142.52500", "2017-06-30": "142.49900", "2017-03-31": "142.44100", "2016-12-31": "142.02600", "2016-09-30": "141.06600", "2016-06-30": "141.00800", "2016-03-31": "140.79400", "2015-12-31": "140.59200", "2015-09-30": "140.52600", "2015-06-30": "140.42500", "2015-03-31": "140.32900", "2014-12-31": "139.95000", "2014-09-30": "139.87800", "2014-06-30": "139.83500", "2014-03-31": "978.50000", "2013-12-31": "139.72100", "2013-09-30": "977.92400", "2013-06-30": "916.20800", "2013-03-31": "793.31900", "2012-12-31": "792.27300", "2012-09-30": "792.26900", "2012-06-30": "792.26900", "2012-03-31": "792.26900", "2011-12-31": "790.98900", "2011-09-30": "790.97400", "2011-06-30": "790.97300", "2011-03-31": "790.96800", "2010-12-31": "790.95600", "2010-09-30": "790.75100", "2010-06-30": "790.74900", "2010-03-31": "495.53600", "2009-12-31": "495.51400", "2009-09-30": "486.07300", "2009-06-30": "336.05900", "2009-03-31": "336.06900", "2008-12-31": "336.01100", "2008-09-30": "335.97200", "2008-06-30": "335.82600", "2008-03-31": "335.75000", "2007-12-31": "335.52900", "2007-09-30": "334.09500", "2007-06-30": "333.07800", "2007-03-31": "332.51200", "2006-12-31": "331.21400", "2006-09-30": "330.47400", "2006-06-30": "329.09700", "2006-03-31": "325.36600", "2005-12-31": "318.30100", "2005-09-30": "317.94500", "2005-06-30": "317.18100", "2005-03-31": "316.68200"}, "Retained Earnings (Accumulated Deficit)": {"2020-12-31": "1178.01900", "2020-09-30": "1084.73600", "2020-06-30": "1050.52700", "2020-03-31": "1014.23800", "2019-12-31": "1068.32700", "2019-09-30": "969.07700", "2019-06-30": "886.46000", "2019-03-31": "780.66200", "2018-12-31": "843.76700", "2018-09-30": "770.80700", "2018-06-30": "700.68800", "2018-03-31": "621.92500", "2017-12-31": "544.20700", "2017-09-30": "534.99600", "2017-06-30": "457.52300", "2017-03-31": "402.42800", "2016-12-31": "351.76700", "2016-09-30": "300.70200", "2016-06-30": "252.73900", "2016-03-31": "209.87600", "2015-12-31": "174.97300", "2015-09-30": "134.79700", "2015-06-30": "92.50000", "2015-03-31": "52.49700", "2014-12-31": "14.89400", "2014-09-30": "-24.62900", "2014-06-30": "-61.68300", "2014-03-31": "-98.82400", "2013-12-31": "-137.51200", "2013-09-30": "-166.36700", "2013-06-30": "-201.97600", "2013-03-31": "-238.40700", "2012-12-31": "-259.96800", "2012-09-30": "-976.14200", "2012-06-30": "-999.00100", "2012-03-31": "-1030.51500", "2011-12-31": "-1058.64200", "2011-09-30": "-1078.14500", "2011-06-30": "-1187.71400", "2011-03-31": "-1126.35600", "2010-12-31": "-966.60700", "2010-09-30": "-837.00400", "2010-06-30": "-633.31200", "2010-03-31": "-382.91400", "2009-12-31": "-148.42800", "2009-09-30": "139.32200", "2009-06-30": "596.43400", "2009-03-31": "1200.89900", "2008-12-31": "1350.50100", "2008-09-30": "2006.03900", "2008-06-30": "2066.01500", "2008-03-31": "2110.87100", "2007-12-31": "2087.35700", "2007-09-30": "2703.21300", "2007-06-30": "2635.60200", "2007-03-31": "2539.97300", "2006-12-31": "2460.45400", "2006-09-30": "2344.96000", "2006-06-30": "2253.03500", "2006-03-31": "2164.44700", "2005-12-31": "2091.18700", "2005-09-30": "2010.98300", "2005-06-30": "1933.98200", "2005-03-31": "1862.37300"}, "Comprehensive Income": {"2020-12-31": "158.63500", "2020-09-30": "174.91400", "2020-06-30": "202.97000", "2020-03-31": "256.91100", "2019-12-31": "65.64100", "2019-09-30": "75.93300", "2019-06-30": "49.28900", "2019-03-31": "-18.34200", "2018-12-31": "-94.42000", "2018-09-30": "-143.72000", "2018-06-30": "-125.72000", "2018-03-31": "-107.77700", "2017-12-31": "-54.75400", "2017-09-30": "-39.59600", "2017-06-30": "-47.86500", "2017-03-31": "-54.75100", "2016-12-31": "-55.65900", "2016-09-30": "5.16500", "2016-06-30": "11.00500", "2016-03-31": "-0.74000", "2015-12-31": "-29.81900", "2015-09-30": "-6.09200", "2015-06-30": "-22.32300", "2015-03-31": "-3.65100", "2014-12-31": "-12.60500", "2014-09-30": "-24.82700", "2014-06-30": "-13.71600", "2014-03-31": "-30.46300", "2013-12-31": "-41.25800", "2013-09-30": "-29.51400", "2013-06-30": "-33.06000", "2013-03-31": "2.78700", "2012-12-31": "4.10100", "2012-09-30": "16.15600", "2012-06-30": "7.00300", "2012-03-31": "-2.19500", "2011-12-31": "21.09300", "2011-09-30": "32.18900", "2011-06-30": "65.90500", "2011-03-31": "40.14900", "2010-12-31": "57.15800", "2010-09-30": "91.11200", "2010-06-30": "101.07300", "2010-03-31": "80.72200", "2009-12-31": "84.80600", "2009-09-30": "108.03200", "2009-06-30": "105.52000", "2009-03-31": "125.01300", "2008-12-31": "129.25300", "2008-09-30": "36.25300", "2008-06-30": "30.19000", "2008-03-31": "92.07600", "2007-12-31": "31.43900", "2007-09-30": "23.33900", "2007-06-30": "-20.92900", "2007-03-31": "6.98900", "2006-12-31": "-2.12900", "2006-09-30": "-7.51900", "2006-06-30": "-54.78300", "2006-03-31": "-43.19000", "2005-12-31": "-29.53600", "2005-09-30": "-14.66300", "2005-06-30": "-0.51700", "2005-03-31": "-11.58600"}, "Other Share Holders Equity": {"2020-12-31": "", "2020-09-30": "", "2020-06-30": "", "2020-03-31": "", "2019-12-31": "", "2019-09-30": "", "2019-06-30": "", "2019-03-31": "", "2018-12-31": "", "2018-09-30": "", "2018-06-30": "", "2018-03-31": "", "2017-12-31": "", "2017-09-30": "", "2017-06-30": "", "2017-03-31": "", "2016-12-31": "", "2016-09-30": "", "2016-06-30": "", "2016-03-31": "", "2015-12-31": "", "2015-09-30": "", "2015-06-30": "", "2015-03-31": "", "2014-12-31": "", "2014-09-30": "", "2014-06-30": "", "2014-03-31": "", "2013-12-31": "", "2013-09-30": "", "2013-06-30": "", "2013-03-31": "", "2012-12-31": "", "2012-09-30": "", "2012-06-30": "", "2012-03-31": "", "2011-12-31": "", "2011-09-30": "", "2011-06-30": "", "2011-03-31": "", "2010-12-31": "", "2010-09-30": "", "2010-06-30": "", "2010-03-31": "", "2009-12-31": "", "2009-09-30": "", "2009-06-30": "", "2009-03-31": "", "2008-12-31": "", "2008-09-30": "", "2008-06-30": "", "2008-03-31": "", "2007-12-31": "", "2007-09-30": "", "2007-06-30": "", "2007-03-31": "", "2006-12-31": "", "2006-09-30": "", "2006-06-30": "", "2006-03-31": "", "2005-12-31": "", "2005-09-30": "", "2005-06-30": "", "2005-03-31": ""}, "Share Holder Equity": {"2020-12-31": "5161.33400", "2020-09-30": "5064.54200", "2020-06-30": "5052.96800", "2020-03-31": "5065.20500", "2019-12-31": "4941.69000", "2019-09-30": "4868.83800", "2019-06-30": "4753.81600", "2019-03-31": "4597.75300", "2018-12-31": "3133.60200", "2018-09-30": "3040.07300", "2018-06-30": "3167.69400", "2018-03-31": "2956.49500", "2017-12-31": "2961.56600", "2017-09-30": "2997.07800", "2017-06-30": "2997.94700", "2017-03-31": "2962.12700", "2016-12-31": "2927.92400", "2016-09-30": "2906.65900", "2016-06-30": "2951.65900", "2016-03-31": "2953.26800", "2015-12-31": "3000.19600", "2015-09-30": "3017.11600", "2015-06-30": "3006.15700", "2015-03-31": "3030.63500", "2014-12-31": "3041.27000", "2014-09-30": "3076.54500", "2014-06-30": "3053.05100", "2014-03-31": "2998.49600", "2013-12-31": "2948.98500", "2013-09-30": "2931.86000", "2013-06-30": "3568.20400", "2013-03-31": "3578.10600", "2012-12-31": "3569.43100", "2012-09-30": "2875.70000", "2012-06-30": "2853.38900", "2012-03-31": "2821.76300", "2011-12-31": "2827.45200", "2011-09-30": "2829.44800", "2011-06-30": "2850.93800", "2011-03-31": "2882.69900", "2010-12-31": "3024.54700", "2010-09-30": "3241.00900", "2010-06-30": "3446.23400", "2010-03-31": "2638.45300", "2009-12-31": "2871.50100", "2009-09-30": "3173.59900", "2009-06-30": "3055.16300", "2009-03-31": "3671.39800", "2008-12-31": "3819.50700", "2008-09-30": "3378.27700", "2008-06-30": "3428.59100", "2008-03-31": "3530.80200", "2007-12-31": "3441.59000", "2007-09-30": "4054.35600", "2007-06-30": "3925.32400", "2007-03-31": "3836.08300", "2006-12-31": "3708.65000", "2006-09-30": "3563.94700", "2006-06-30": "3373.45900", "2006-03-31": "3202.08100", "2005-12-31": "2949.32900", "2005-09-30": "2874.90600", "2005-06-30": "2793.81200", "2005-03-31": "2698.87100"}, "Total Liabilities And Share Holders Equity": {"2020-12-31": "54366.09000", "2020-09-30": "53040.54000", "2020-06-30": "54121.99000", "2020-03-31": "50619.59000", "2019-12-31": "48203.28000", "2019-09-30": "47661.18000", "2019-06-30": "47318.20000", "2019-03-31": "46630.02000", "2018-12-31": "32669.19000", "2018-09-30": "32075.12000", "2018-06-30": "31740.30000", "2018-03-31": "31501.03000", "2017-12-31": "31221.84000", "2017-09-30": "31642.12000", "2017-06-30": "30687.97000", "2017-03-31": "30679.59000", "2016-12-31": "30104.00000", "2016-09-30": "29727.10000", "2016-06-30": "29459.69000", "2016-03-31": "29171.26000", "2015-12-31": "28792.65000", "2015-09-30": "28167.83000", "2015-06-30": "28205.87000", "2015-03-31": "27633.78000", "2014-12-31": "27050.24000", "2014-09-30": "26519.11000", "2014-06-30": "26627.29000", "2014-03-31": "26435.43000", "2013-12-31": "26201.60000", "2013-09-30": "26218.36000", "2013-06-30": "26563.17000", "2013-03-31": "26212.88000", "2012-12-31": "26760.01000", "2012-09-30": "25764.64000", "2012-06-30": "26294.11000", "2012-03-31": "27064.79000", "2011-12-31": "27162.85000", "2011-09-30": "28253.92000", "2011-06-30": "28313.91000", "2011-03-31": "28678.20000", "2010-12-31": "30093.15000", "2010-09-30": "30954.76000", "2010-06-30": "32382.34000", "2010-03-31": "32439.44000", "2009-12-31": "32831.42000", "2009-09-30": "34610.48000", "2009-06-30": "34349.67000", "2009-03-31": "34547.43000", "2008-12-31": "35786.27000", "2008-09-30": "34339.14000", "2008-06-30": "34227.30000", "2008-03-31": "33759.89000", "2007-12-31": "33064.48000", "2007-09-30": "33575.66000", "2007-06-30": "33220.80000", "2007-03-31": "32707.68000", "2006-12-31": "31966.18000", "2006-09-30": "31344.88000", "2006-06-30": "30527.09000", "2006-03-31": "29161.18000", "2005-12-31": "27620.67000", "2005-09-30": "27075.09000", "2005-06-30": "26713.29000", "2005-03-31": "25852.38000"}}, "cash flow statement": {"Net Income/Loss": {"2020-12-31": "0.00000", "2019-12-31": "563.78000", "2018-12-31": "428.47600", "2017-12-31": "275.47400", "2016-12-31": "246.78400", "2015-12-31": "226.08200", "2014-12-31": "195.24900", "2013-12-31": "159.38300", "2012-12-31": "830.20900", "2011-12-31": "-60.84400", "2010-12-31": "-790.85700", "2009-12-31": "-1429.34100", "2008-12-31": "-574.72600", "2007-12-31": "526.30500", "2006-12-31": "616.91700", "2005-12-31": "516.44600"}, "Total Depreciation And Amortization - Cash Flow": {"2020-12-31": "", "2019-12-31": "8.07900", "2018-12-31": "55.17200", "2017-12-31": "59.12100", "2016-12-31": "58.22800", "2015-12-31": "56.74100", "2014-12-31": "54.95200", "2013-12-31": "59.31000", "2012-12-31": "64.40100", "2011-12-31": "47.62600", "2010-12-31": "46.42100", "2009-12-31": "52.44000", "2008-12-31": "550.23200", "2007-12-31": "208.27000", "2006-12-31": "231.28800", "2005-12-31": "193.15200"}, "Other Non-Cash Items": {"2020-12-31": "", "2019-12-31": "211.09100", "2018-12-31": "105.85100", "2017-12-31": "335.86900", "2016-12-31": "169.17600", "2015-12-31": "169.85300", "2014-12-31": "168.69200", "2013-12-31": "193.95800", "2012-12-31": "-427.68700", "2011-12-31": "471.67700", "2010-12-31": "1209.54500", "2009-12-31": "2222.88000", "2008-12-31": "663.33700", "2007-12-31": "236.28000", "2006-12-31": "76.93900", "2005-12-31": "65.35800"}, "Total Non-Cash Items": {"2020-12-31": "", "2019-12-31": "219.17000", "2018-12-31": "161.02300", "2017-12-31": "394.99000", "2016-12-31": "227.40400", "2015-12-31": "226.59400", "2014-12-31": "223.64400", "2013-12-31": "253.26800", "2012-12-31": "-363.28600", "2011-12-31": "519.30300", "2010-12-31": "1255.96600", "2009-12-31": "2275.32000", "2008-12-31": "1213.56900", "2007-12-31": "444.55000", "2006-12-31": "308.22700", "2005-12-31": "258.51000"}, "Change In Accounts Receivable": {"2020-12-31": "", "2019-12-31": "-77.33000", "2018-12-31": "10.30800", "2017-12-31": "6.17900", "2016-12-31": "5.53800", "2015-12-31": "2.31500", "2014-12-31": "-17.19300", "2013-12-31": "153.31000", "2012-12-31": "-39.34100", "2011-12-31": "82.24290", "2010-12-31": "-61.48500", "2009-12-31": "37.95300", "2008-12-31": "104.48900", "2007-12-31": "11.21500", "2006-12-31": "-117.97700", "2005-12-31": "-63.83200"}, "Change In Inventories": {"2020-12-31": "", "2019-12-31": "", "2018-12-31": "", "2017-12-31": "", "2016-12-31": "", "2015-12-31": "8.76600", "2014-12-31": "-7.75000", "2013-12-31": "4.98900", "2012-12-31": "5.76400", "2011-12-31": "5.42800", "2010-12-31": "-7.92400", "2009-12-31": "10.14300", "2008-12-31": "-6.71000", "2007-12-31": "-2.53700", "2006-12-31": "12.05600", "2005-12-31": "-27.32200"}, "Change In Accounts Payable": {"2020-12-31": "", "2019-12-31": "", "2018-12-31": "", "2017-12-31": "", "2016-12-31": "", "2015-12-31": "", "2014-12-31": "", "2013-12-31": "", "2012-12-31": "-8.25300", "2011-12-31": "-16.68000", "2010-12-31": "-23.87700", "2009-12-31": "-64.46500", "2008-12-31": "-13.78300", "2007-12-31": "0.83000", "2006-12-31": "74.42200", "2005-12-31": "23.36300"}, "Change In Assets/Liabilities": {"2020-12-31": "", "2019-12-31": "-84.57000", "2018-12-31": "-61.75500", "2017-12-31": "-45.43900", "2016-12-31": "-13.83900", "2015-12-31": "-18.77100", "2014-12-31": "-6.73200", "2013-12-31": "34.15100", "2012-12-31": "29.99900", "2011-12-31": "111.83900", "2010-12-31": "541.17900", "2009-12-31": "-385.59900", "2008-12-31": "-43.64300", "2007-12-31": "-313.27300", "2006-12-31": "-150.29500", "2005-12-31": "-107.40400"}, "Total Change In Assets/Liabilities": {"2020-12-31": "", "2019-12-31": "-161.90000", "2018-12-31": "-51.44700", "2017-12-31": "-39.26000", "2016-12-31": "-8.30100", "2015-12-31": "-7.69000", "2014-12-31": "-31.67500", "2013-12-31": "192.45000", "2012-12-31": "-11.83100", "2011-12-31": "185.28890", "2010-12-31": "451.63200", "2009-12-31": "-414.05200", "2008-12-31": "28.59100", "2007-12-31": "-337.19300", "2006-12-31": "-175.01300", "2005-12-31": "-137.24200"}, "Cash Flow From Operating Activities": {"2020-12-31": "", "2019-12-31": "621.05000", "2018-12-31": "538.05200", "2017-12-31": "631.20400", "2016-12-31": "465.88700", "2015-12-31": "444.98600", "2014-12-31": "387.21800", "2013-12-31": "605.10100", "2012-12-31": "472.13100", "2011-12-31": "645.70700", "2010-12-31": "910.76000", "2009-12-31": "424.20900", "2008-12-31": "659.33800", "2007-12-31": "634.77000", "2006-12-31": "789.46100", "2005-12-31": "627.20800"}, "Net Change In Property, Plant, And Equipment": {"2020-12-31": "", "2019-12-31": "-61.20800", "2018-12-31": "-53.15900", "2017-12-31": "-51.10600", "2016-12-31": "-34.31700", "2015-12-31": "-28.38100", "2014-12-31": "-38.68000", "2013-12-31": "-28.47000", "2012-12-31": "-27.10600", "2011-12-31": "-11.05600", "2010-12-31": "-18.61400", "2009-12-31": "-32.74100", "2008-12-31": "-110.58100", "2007-12-31": "-167.41200", "2006-12-31": "-138.94200", "2005-12-31": "-104.96600"}, "Net Change In Intangible Assets": {"2020-12-31": "", "2019-12-31": "", "2018-12-31": "", "2017-12-31": "", "2016-12-31": "", "2015-12-31": "", "2014-12-31": "", "2013-12-31": "", "2012-12-31": "", "2011-12-31": "", "2010-12-31": "", "2009-12-31": "", "2008-12-31": "", "2007-12-31": "-73.90700", "2006-12-31": "-74.72900", "2005-12-31": "-54.94500"}, "Net Acquisitions/Divestitures": {"2020-12-31": "", "2019-12-31": "201.10000", "2018-12-31": "", "2017-12-31": "", "2016-12-31": "6.14600", "2015-12-31": "", "2014-12-31": "-90.57100", "2013-12-31": "56.32800", "2012-12-31": "", "2011-12-31": "", "2010-12-31": "69.46600", "2009-12-31": "", "2008-12-31": "", "2007-12-31": "-12.55200", "2006-12-31": "-53.66400", "2005-12-31": "-56.99500"}, "Net Change In Short-term Investments": {"2020-12-31": "", "2019-12-31": "-55.33500", "2018-12-31": "-25.50000", "2017-12-31": "7.43800", "2016-12-31": "-4.25000", "2015-12-31": "-110.81100", "2014-12-31": "-56.45500", "2013-12-31": "885.52100", "2012-12-31": "104.16300", "2011-12-31": "1541.33200", "2010-12-31": "-1162.50400", "2009-12-31": "-513.17000", "2008-12-31": "-1518.13400", "2007-12-31": "33.37000", "2006-12-31": "-43.79600", "2005-12-31": "67.72200"}, "Net Change In Long-Term Investments": {"2020-12-31": "", "2019-12-31": "-319.43900", "2018-12-31": "-62.31100", "2017-12-31": "-281.75000", "2016-12-31": "-285.84690", "2015-12-31": "-592.96900", "2014-12-31": "210.81400", "2013-12-31": "-315.47010", "2012-12-31": "684.00810", "2011-12-31": "-207.75780", "2010-12-31": "-254.04600", "2009-12-31": "689.21090", "2008-12-31": "-33.19290", "2007-12-31": "-261.83900", "2006-12-31": "-242.30300", "2005-12-31": "-309.45200"}, "Net Change In Investments - Total": {"2020-12-31": "", "2019-12-31": "-374.77400", "2018-12-31": "-87.81100", "2017-12-31": "-274.31200", "2016-12-31": "-290.09690", "2015-12-31": "-703.78000", "2014-12-31": "154.35900", "2013-12-31": "570.05090", "2012-12-31": "788.17110", "2011-12-31": "1333.57400", "2010-12-31": "-1416.55000", "2009-12-31": "176.04100", "2008-12-31": "-1551.32700", "2007-12-31": "-228.46900", "2006-12-31": "-286.09900", "2005-12-31": "-241.73000"}, "Investing Activities - Other": {"2020-12-31": "", "2019-12-31": "-1918.98000", "2018-12-31": "-1197.07900", "2017-12-31": "-1148.48600", "2016-12-31": "-1098.66800", "2015-12-31": "-1374.55600", "2014-12-31": "-1191.88200", "2013-12-31": "-625.49500", "2012-12-31": "56.99100", "2011-12-31": "943.41900", "2010-12-31": "2166.21400", "2009-12-31": "714.12700", "2008-12-31": "-2169.86400", "2007-12-31": "-2166.74200", "2006-12-31": "-2472.26800", "2005-12-31": "-1998.26600"}, "Cash Flow From Investing Activities": {"2020-12-31": "", "2019-12-31": "-2153.86200", "2018-12-31": "-1338.04900", "2017-12-31": "-1473.90400", "2016-12-31": "-1416.93600", "2015-12-31": "-2106.71700", "2014-12-31": "-1166.77400", "2013-12-31": "-27.58600", "2012-12-31": "818.05600", "2011-12-31": "2265.93700", "2010-12-31": "800.51600", "2009-12-31": "857.42700", "2008-12-31": "-3831.77200", "2007-12-31": "-2649.08200", "2006-12-31": "-3025.70200", "2005-12-31": "-2456.90200"}, "Net Long-Term Debt": {"2020-12-31": "", "2019-12-31": "339.81900", "2018-12-31": "49.94800", "2017-12-31": "-578.55620", "2016-12-31": "-338.68800", "2015-12-31": "47.74500", "2014-12-31": "109.21900", "2013-12-31": "309.92900", "2012-12-31": "368.95100", "2011-12-31": "-436.41500", "2010-12-31": "61.56700", "2009-12-31": "-304.66000", "2008-12-31": "178.51100", "2007-12-31": "792.80990", "2006-12-31": "-633.73400", "2005-12-31": "55.48900"}, "Net Current Debt": {"2020-12-31": "", "2019-12-31": "1002.41800", "2018-12-31": "626.50200", "2017-12-31": "101.49100", "2016-12-31": "-67.32600", "2015-12-31": "50.10900", "2014-12-31": "-21.21600", "2013-12-31": "-53.11100", "2012-12-31": "-112.51400", "2011-12-31": "-185.46900", "2010-12-31": "24.16400", "2009-12-31": "-250.80700", "2008-12-31": "-1593.54300", "2007-12-31": "736.92500", "2006-12-31": "361.40100", "2005-12-31": "-49.41100"}, "Debt Issuance/Retirement Net - Total": {"2020-12-31": "", "2019-12-31": "1342.23700", "2018-12-31": "676.45000", "2017-12-31": "-477.06520", "2016-12-31": "-406.01400", "2015-12-31": "97.85400", "2014-12-31": "88.00300", "2013-12-31": "256.81800", "2012-12-31": "256.43700", "2011-12-31": "-621.88400", "2010-12-31": "85.73100", "2009-12-31": "-555.46700", "2008-12-31": "-1415.03200", "2007-12-31": "1529.73500", "2006-12-31": "-272.33300", "2005-12-31": "6.07800"}, "Net Common Equity Issued/Repurchased": {"2020-12-31": "", "2019-12-31": "-709.22200", "2018-12-31": "-172.93300", "2017-12-31": "-171.63900", "2016-12-31": "-257.92900", "2015-12-31": "-193.57800", "2014-12-31": "-85.75700", "2013-12-31": "172.65400", "2012-12-31": "", "2011-12-31": "", "2010-12-31": "1034.65700", "2009-12-31": "571.18800", "2008-12-31": "2.82900", "2007-12-31": "63.85000", "2006-12-31": "65.51000", "2005-12-31": "43.12500"}, "Net Total Equity Issued/Repurchased": {"2020-12-31": "", "2019-12-31": "-367.21700", "2018-12-31": "-107.79300", "2017-12-31": "-171.63900", "2016-12-31": "-257.92900", "2015-12-31": "-193.57800", "2014-12-31": "-85.75700", "2013-12-31": "-669.35400", "2012-12-31": "", "2011-12-31": "", "2010-12-31": "1034.65700", "2009-12-31": "571.18800", "2008-12-31": "970.69900", "2007-12-31": "63.85000", "2006-12-31": "65.51000", "2005-12-31": "43.12500"}, "Total Common And Preferred Stock Dividends Paid": {"2020-12-31": "", "2019-12-31": "-185.66400", "2018-12-31": "-120.20200", "2017-12-31": "-64.90800", "2016-12-31": "-69.66300", "2015-12-31": "-65.59200", "2014-12-31": "-53.04300", "2013-12-31": "-72.89800", "2012-12-31": "-79.85600", "2011-12-31": "-79.80600", "2010-12-31": "-73.89600", "2009-12-31": "-73.56800", "2008-12-31": "-199.72200", "2007-12-31": "-264.93000", "2006-12-31": "-244.65400", "2005-12-31": "-224.30300"}, "Financial Activities - Other": {"2020-12-31": "", "2019-12-31": "786.81000", "2018-12-31": "562.17300", "2017-12-31": "1490.20000", "2016-12-31": "1399.51700", "2015-12-31": "1704.65000", "2014-12-31": "846.21200", "2013-12-31": "-237.08100", "2012-12-31": "-1362.56100", "2011-12-31": "-2088.55200", "2010-12-31": "-2933.22900", "2009-12-31": "-1183.63400", "2008-12-31": "3658.23300", "2007-12-31": "683.81300", "2006-12-31": "2697.23600", "2005-12-31": "2206.89700"}, "Cash Flow From Financial Activities": {"2020-12-31": "", "2019-12-31": "1576.16600", "2018-12-31": "1010.62800", "2017-12-31": "776.58800", "2016-12-31": "665.91100", "2015-12-31": "1543.33400", "2014-12-31": "795.41500", "2013-12-31": "-722.51500", "2012-12-31": "-1185.98000", "2011-12-31": "-2790.24200", "2010-12-31": "-1886.73700", "2009-12-31": "-1241.48100", "2008-12-31": "3014.17800", "2007-12-31": "2012.46800", "2006-12-31": "2245.75900", "2005-12-31": "2031.79700"}, "Net Cash Flow": {"2020-12-31": "", "2019-12-31": "43.35400", "2018-12-31": "210.63100", "2017-12-31": "-66.11200", "2016-12-31": "-285.13800", "2015-12-31": "-118.39700", "2014-12-31": "15.85900", "2013-12-31": "-145.00000", "2012-12-31": "104.20700", "2011-12-31": "121.40200", "2010-12-31": "-175.46100", "2009-12-31": "40.15500", "2008-12-31": "-158.25600", "2007-12-31": "-207.39200", "2006-12-31": "9.08900", "2005-12-31": "197.85100"}, "Stock-Based Compensation": {"2020-12-31": "", "2019-12-31": "24.48700", "2018-12-31": "16.64300", "2017-12-31": "14.17900", "2016-12-31": "13.61500", "2015-12-31": "12.55600", "2014-12-31": "10.23300", "2013-12-31": "7.46500", "2012-12-31": "9.39900", "2011-12-31": "6.02900", "2010-12-31": "7.15800", "2009-12-31": "8.36100", "2008-12-31": "13.71600", "2007-12-31": "36.50900", "2006-12-31": "27.16300", "2005-12-31": "1.99900"}, "Common Stock Dividends Paid": {"2020-12-31": "", "2019-12-31": "-167.92300", "2018-12-31": "-106.22400", "2017-12-31": "-54.67000", "2016-12-31": "-59.42500", "2015-12-31": "-55.35400", "2014-12-31": "-42.80500", "2013-12-31": "-36.42700", "2012-12-31": "-31.46200", "2011-12-31": "-31.41200", "2010-12-31": "-25.50200", "2009-12-31": "-29.74500", "2008-12-31": "-199.72200", "2007-12-31": "-264.93000", "2006-12-31": "-244.65400", "2005-12-31": "-224.30300"}}, "cash flow statement, quarterly": {"Net Income/Loss": {"2020-12-31": -223.286, "2020-09-30": 91.574, "2020-06-30": 93.191, "2020-03-31": "38.52100", "2019-12-31": 151.684, "2019-09-30": 135.726, "2019-06-30": 156.184, "2019-03-31": "120.18600", "2018-12-31": 105.069, "2018-09-30": 109.059, "2018-06-30": 111.182, "2018-03-31": "103.16600", "2017-12-31": 29.606, "2017-09-30": 98.007, "2017-06-30": 76.004, "2017-03-31": "71.85700", "2016-12-31": 68.551, "2016-09-30": 65.244, "2016-06-30": 60.458, "2016-03-31": "52.53100", "2015-12-31": 58.398, "2015-09-30": 57.928, "2015-06-30": 55.793, "2015-03-31": "53.96300", "2014-12-31": 53.172, "2014-09-30": 46.788, "2014-06-30": 46.873, "2014-03-31": "48.41600", "2013-12-31": 38.579, "2013-09-30": 45.695, "2013-06-30": 45.535, "2013-03-31": "29.57400", "2012-12-31": 724.039, "2012-09-30": 30.726, "2012-06-30": 39.451, "2012-03-31": "35.99300", "2011-12-31": 27.356, "2011-09-30": 30.208, "2011-06-30": -39, "2011-03-31": "-79.40800", "2010-12-31": -165.433, "2010-09-30": -181.167, "2010-06-30": -228.575, "2010-03-31": "-215.68200", "2009-12-31": -268.559, "2009-09-30": -439.801, "2009-06-30": -584.252, "2009-03-31": "-136.72900", "2008-12-31": -634.045, "2008-09-30": -35.471, "2008-06-30": 12.237, "2008-03-31": "82.55300", "2007-12-31": 81.859, "2007-09-30": 134.944, "2007-06-30": 162.749, "2007-03-31": "146.75300", "2006-12-31": 175.547, "2006-09-30": 154.066, "2006-06-30": 152.798, "2006-03-31": "134.50600", "2005-12-31": 137.26, "2005-09-30": 133.992, "2005-06-30": 128.46, "2005-03-31": "116.73400"}, "Total Depreciation And Amortization - Cash Flow": {"2020-12-31": -122.262, "2020-09-30": 72.341, "2020-06-30": 26.272, "2020-03-31": "23.64900", "2019-12-31": -0.89, "2019-09-30": -2.477, "2019-06-30": 4.446, "2019-03-31": "7.00000", "2018-12-31": 13.456, "2018-09-30": 13.055, "2018-06-30": 13.838, "2018-03-31": "14.82300", "2017-12-31": 14.335, "2017-09-30": 15.452, "2017-06-30": 14.855, "2017-03-31": "14.47900", "2016-12-31": 14.613, "2016-09-30": 15.109, "2016-06-30": 14.721, "2016-03-31": "13.78500", "2015-12-31": 14.016, "2015-09-30": 14.556, "2015-06-30": 14.37, "2015-03-31": "13.79900", "2014-12-31": 15.428, "2014-09-30": 13.182, "2014-06-30": 14.03, "2014-03-31": "12.31200", "2013-12-31": 12.797, "2013-09-30": 13.993, "2013-06-30": 14.898, "2013-03-31": "17.62200", "2012-12-31": 17.461, "2012-09-30": 18.706, "2012-06-30": 16.351, "2012-03-31": "11.88300", "2011-12-31": 12.715, "2011-09-30": 11.499, "2011-06-30": 11.979, "2011-03-31": "11.43300", "2010-12-31": 13.639, "2010-09-30": 11.01, "2010-06-30": 10.594, "2010-03-31": "11.17800", "2009-12-31": 18.085, "2009-09-30": 4.327, "2009-06-30": 19.389, "2009-03-31": "10.63900", "2008-12-31": 470.874, "2008-09-30": 24.643, "2008-06-30": 28.065, "2008-03-31": "26.65000", "2007-12-31": 62.809, "2007-09-30": 56.056, "2007-06-30": 41.378, "2007-03-31": "48.02700", "2006-12-31": 61.972, "2006-09-30": 71.346, "2006-06-30": 48.961, "2006-03-31": "49.00900", "2005-12-31": 53.698, "2005-09-30": 47.196, "2005-06-30": 48.531, "2005-03-31": "43.72700"}, "Other Non-Cash Items": {"2020-12-31": -222.859, "2020-09-30": 44.347, "2020-06-30": 34.028, "2020-03-31": "144.48400", "2019-12-31": 73.757, "2019-09-30": 56.111, "2019-06-30": 40.57, "2019-03-31": "40.65300", "2018-12-31": 43.143, "2018-09-30": 23.304, "2018-06-30": 20.074, "2018-03-31": "19.33000", "2017-12-31": 152.179, "2017-09-30": 95.101, "2017-06-30": 48.209, "2017-03-31": "40.38000", "2016-12-31": 22.251, "2016-09-30": 44.064, "2016-06-30": 54.389, "2016-03-31": "48.47200", "2015-12-31": 40.006, "2015-09-30": 45.884, "2015-06-30": 41.064, "2015-03-31": "42.89900", "2014-12-31": 43.439, "2014-09-30": 43.368, "2014-06-30": 49.873, "2014-03-31": "32.01200", "2013-12-31": 48.409, "2013-09-30": 38.794, "2013-06-30": 45.842, "2013-03-31": "60.91300", "2012-12-31": -620.376, "2012-09-30": 67.085, "2012-06-30": 62.658, "2012-03-31": "62.94600", "2011-12-31": 74.155, "2011-09-30": 68.893, "2011-06-30": 168.94, "2011-03-31": "159.68900", "2010-12-31": 270.947, "2010-09-30": 292.68, "2010-06-30": 342.136, "2010-03-31": "303.78200", "2009-12-31": 370.581, "2009-09-30": 601.147, "2009-06-30": 916.37, "2009-03-31": "334.78200", "2008-12-31": 351.772, "2008-09-30": 166.982, "2008-06-30": 52.738, "2008-03-31": "91.84500", "2007-12-31": 117.976, "2007-09-30": 70.847, "2007-06-30": 15.053, "2007-03-31": "32.40400", "2006-12-31": -29.122, "2006-09-30": 34.474, "2006-06-30": 35.63, "2006-03-31": "35.95700", "2005-12-31": -24.198, "2005-09-30": 29.035, "2005-06-30": 32.226, "2005-03-31": "28.29500"}, "Total Non-Cash Items": {"2020-12-31": -345.121, "2020-09-30": 116.688, "2020-06-30": 60.3, "2020-03-31": "168.13300", "2019-12-31": 72.867, "2019-09-30": 53.634, "2019-06-30": 45.016, "2019-03-31": "47.65300", "2018-12-31": 56.599, "2018-09-30": 36.359, "2018-06-30": 33.912, "2018-03-31": "34.15300", "2017-12-31": 166.514, "2017-09-30": 110.553, "2017-06-30": 63.064, "2017-03-31": "54.85900", "2016-12-31": 36.864, "2016-09-30": 59.173, "2016-06-30": 69.11, "2016-03-31": "62.25700", "2015-12-31": 54.022, "2015-09-30": 60.44, "2015-06-30": 55.434, "2015-03-31": "56.69800", "2014-12-31": 58.867, "2014-09-30": 56.55, "2014-06-30": 63.903, "2014-03-31": "44.32400", "2013-12-31": 61.206, "2013-09-30": 52.787, "2013-06-30": 60.74, "2013-03-31": "78.53500", "2012-12-31": -602.915, "2012-09-30": 85.791, "2012-06-30": 79.009, "2012-03-31": "74.82900", "2011-12-31": 86.87, "2011-09-30": 80.392, "2011-06-30": 180.919, "2011-03-31": "171.12200", "2010-12-31": 284.5861, "2010-09-30": 303.6899, "2010-06-30": 352.73, "2010-03-31": "314.96000", "2009-12-31": 388.666, "2009-09-30": 605.474, "2009-06-30": 935.759, "2009-03-31": "345.42100", "2008-12-31": 822.646, "2008-09-30": 191.625, "2008-06-30": 80.803, "2008-03-31": "118.49500", "2007-12-31": 180.785, "2007-09-30": 126.903, "2007-06-30": 56.431, "2007-03-31": "80.43100", "2006-12-31": 32.85, "2006-09-30": 105.82, "2006-06-30": 84.591, "2006-03-31": "84.96600", "2005-12-31": 29.5, "2005-09-30": 76.231, "2005-06-30": 80.757, "2005-03-31": "72.02200"}, "Change In Accounts Receivable": {"2020-12-31": 613.5649, "2020-09-30": 173.7731, "2020-06-30": -782.67, "2020-03-31": "-4.66800", "2019-12-31": 13.855, "2019-09-30": -45.438, "2019-06-30": -26.558, "2019-03-31": "-19.18900", "2018-12-31": 0.074, "2018-09-30": 15.327, "2018-06-30": -3.835, "2018-03-31": "-1.25800", "2017-12-31": 6.182, "2017-09-30": 8.279, "2017-06-30": -3.924, "2017-03-31": "-4.35800", "2016-12-31": 42.248, "2016-09-30": -8.646, "2016-06-30": -24.622, "2016-03-31": "-3.44200", "2015-12-31": 13.046, "2015-09-30": 26.535, "2015-06-30": -10.246, "2015-03-31": "-27.02000", "2014-12-31": 9.121, "2014-09-30": 1.813, "2014-06-30": -23.757, "2014-03-31": "-4.37000", "2013-12-31": 7.634, "2013-09-30": 55.69, "2013-06-30": 21.682, "2013-03-31": "68.30400", "2012-12-31": 31.372, "2012-09-30": -116.61, "2012-06-30": -20.037, "2012-03-31": "65.93400", "2011-12-31": -38.1041, "2011-09-30": -39.111, "2011-06-30": 32.275, "2011-03-31": "127.18300", "2010-12-31": 15.216, "2010-09-30": -90.118, "2010-06-30": -19.205, "2010-03-31": "32.62200", "2009-12-31": -21.172, "2009-09-30": 216.887, "2009-06-30": -77.301, "2009-03-31": "-80.46100", "2008-12-31": -13.605, "2008-09-30": 83.184, "2008-06-30": 3.497, "2008-03-31": "31.41300", "2007-12-31": 31.972, "2007-09-30": 4.898, "2007-06-30": -9.092, "2007-03-31": "-16.56300", "2006-12-31": -39.201, "2006-09-30": 12.063, "2006-06-30": -49.834, "2006-03-31": "-41.00500", "2005-12-31": 8.5571, "2005-09-30": -20.3691, "2005-06-30": -37.64, "2005-03-31": "-14.38000"}, "Change In Inventories": {"2020-12-31": 0, "2020-09-30": 0, "2020-06-30": 0, "2020-03-31": "", "2019-12-31": 0, "2019-09-30": 0, "2019-06-30": 0, "2019-03-31": "", "2018-12-31": 0, "2018-09-30": 0, "2018-06-30": 0, "2018-03-31": "", "2017-12-31": 0, "2017-09-30": 0, "2017-06-30": 0, "2017-03-31": "", "2016-12-31": 2.212, "2016-09-30": -6.308, "2016-06-30": 3.8, "2016-03-31": "0.29600", "2015-12-31": 0.747, "2015-09-30": 6.128, "2015-06-30": 8.03, "2015-03-31": "-6.13900", "2014-12-31": -1.158, "2014-09-30": 7.613, "2014-06-30": -2.51, "2014-03-31": "-11.69500", "2013-12-31": 11.25, "2013-09-30": -6.294, "2013-06-30": -2.029, "2013-03-31": "2.06200", "2012-12-31": -5.149, "2012-09-30": 6.378, "2012-06-30": 4.067, "2012-03-31": "0.46800", "2011-12-31": 0.601, "2011-09-30": -1.337, "2011-06-30": 1.511, "2011-03-31": "4.65300", "2010-12-31": -7.233, "2010-09-30": 4.948, "2010-06-30": -6.404, "2010-03-31": "0.76500", "2009-12-31": -0.967, "2009-09-30": 7.284, "2009-06-30": -5.674, "2009-03-31": "9.50000", "2008-12-31": 77.376, "2008-09-30": -81.685, "2008-06-30": 14.526, "2008-03-31": "-16.92700", "2007-12-31": 15.206, "2007-09-30": 37.617, "2007-06-30": -25.337, "2007-03-31": "-30.02300", "2006-12-31": -0.235, "2006-09-30": 31.908, "2006-06-30": -9.891, "2006-03-31": "-9.72600", "2005-12-31": -1.253, "2005-09-30": -26.069, "2005-06-30": 0, "2005-03-31": ""}, "Change In Accounts Payable": {"2020-12-31": 0, "2020-09-30": 0, "2020-06-30": 0, "2020-03-31": "", "2019-12-31": 0, "2019-09-30": 0, "2019-06-30": 0, "2019-03-31": "", "2018-12-31": 0, "2018-09-30": 0, "2018-06-30": 0, "2018-03-31": "", "2017-12-31": 0, "2017-09-30": 0, "2017-06-30": 0, "2017-03-31": "", "2016-12-31": 0, "2016-09-30": 0, "2016-06-30": 0, "2016-03-31": "", "2015-12-31": 0, "2015-09-30": 0, "2015-06-30": 0, "2015-03-31": "", "2014-12-31": 0, "2014-09-30": 0, "2014-06-30": 0, "2014-03-31": "", "2013-12-31": 3.207, "2013-09-30": -0.327, "2013-06-30": -0.771, "2013-03-31": "-2.10900", "2012-12-31": 0.153, "2012-09-30": -5.895, "2012-06-30": -3.277, "2012-03-31": "0.76600", "2011-12-31": -4.004, "2011-09-30": -2.428, "2011-06-30": -4.115, "2011-03-31": "-6.13300", "2010-12-31": -8.375, "2010-09-30": -8.839, "2010-06-30": -2.451, "2010-03-31": "-4.21200", "2009-12-31": -30.072, "2009-09-30": -23.428, "2009-06-30": -20.984, "2009-03-31": "10.01900", "2008-12-31": 9.64, "2008-09-30": 9.86, "2008-06-30": -28.695, "2008-03-31": "-4.58800", "2007-12-31": 1.035, "2007-09-30": 1.073, "2007-06-30": -5.461, "2007-03-31": "4.18300", "2006-12-31": 21.566, "2006-09-30": 27.545, "2006-06-30": 10.551, "2006-03-31": "14.76000", "2005-12-31": 6.658, "2005-09-30": 8.976, "2005-06-30": 5.9, "2005-03-31": "1.82900"}, "Change In Assets/Liabilities": {"2020-12-31": 163.202, "2020-09-30": 292.595, "2020-06-30": -273.572, "2020-03-31": "-182.22500", "2019-12-31": 18.533, "2019-09-30": -35.647, "2019-06-30": -61.314, "2019-03-31": "-6.14200", "2018-12-31": -14.68, "2018-09-30": -0.728, "2018-06-30": 7.883, "2018-03-31": "-54.23000", "2017-12-31": -56.479, "2017-09-30": 24.831, "2017-06-30": -26.129, "2017-03-31": "12.33800", "2016-12-31": -12.33, "2016-09-30": 18.203, "2016-06-30": 1.431, "2016-03-31": "-21.14300", "2015-12-31": 2.782, "2015-09-30": 49.759, "2015-06-30": -34.391, "2015-03-31": "-36.92100", "2014-12-31": -27.679, "2014-09-30": 27.916, "2014-06-30": -18.504, "2014-03-31": "11.53500", "2013-12-31": -2.32, "2013-09-30": 22.291, "2013-06-30": 8.732, "2013-03-31": "5.44800", "2012-12-31": 173.328, "2012-09-30": -173.435, "2012-06-30": -140.449, "2012-03-31": "170.55500", "2011-12-31": 30.389, "2011-09-30": 29.273, "2011-06-30": 24.918, "2011-03-31": "27.25900", "2010-12-31": 130.782, "2010-09-30": 36.07, "2010-06-30": 26.487, "2010-03-31": "347.84000", "2009-12-31": -175.984, "2009-09-30": -1.816, "2009-06-30": -137.185, "2009-03-31": "-70.61400", "2008-12-31": -62.586, "2008-09-30": -6.532, "2008-06-30": 12.357, "2008-03-31": "13.11800", "2007-12-31": 12.998, "2007-09-30": -255.937, "2007-06-30": -79.985, "2007-03-31": "9.65100", "2006-12-31": -61.804, "2006-09-30": -69.263, "2006-06-30": -39.948, "2006-03-31": "20.72000", "2005-12-31": 16.095, "2005-09-30": 20.889, "2005-06-30": -138.736, "2005-03-31": "-5.65200"}, "Total Change In Assets/Liabilities": {"2020-12-31": 776.767, "2020-09-30": 466.368, "2020-06-30": -1056.242, "2020-03-31": "-186.89300", "2019-12-31": 32.388, "2019-09-30": -81.085, "2019-06-30": -87.872, "2019-03-31": "-25.33100", "2018-12-31": -14.606, "2018-09-30": 14.599, "2018-06-30": 4.048, "2018-03-31": "-55.48800", "2017-12-31": -50.297, "2017-09-30": 33.11, "2017-06-30": -30.053, "2017-03-31": "7.98000", "2016-12-31": 32.13, "2016-09-30": 3.249, "2016-06-30": -19.391, "2016-03-31": "-24.28900", "2015-12-31": 16.575, "2015-09-30": 82.422, "2015-06-30": -36.607, "2015-03-31": "-70.08000", "2014-12-31": -19.716, "2014-09-30": 37.342, "2014-06-30": -44.771, "2014-03-31": "-4.53000", "2013-12-31": 24.355, "2013-09-30": 82.256, "2013-06-30": 24.224, "2013-03-31": "61.61500", "2012-12-31": 194.007, "2012-09-30": -279.321, "2012-06-30": -160.305, "2012-03-31": "233.78800", "2011-12-31": -13.5291, "2011-09-30": -2.345, "2011-06-30": 52.4, "2011-03-31": "148.76300", "2010-12-31": 129.022, "2010-09-30": -55.16, "2010-06-30": 1.206, "2010-03-31": "376.56400", "2009-12-31": -227.266, "2009-09-30": 201.501, "2009-06-30": -236.983, "2009-03-31": "-151.30400", "2008-12-31": 17.219, "2008-09-30": 7.347, "2008-06-30": 3.497, "2008-03-31": "0.52800", "2007-12-31": 20.925, "2007-09-30": -127.863, "2007-06-30": -99.586, "2007-03-31": "-130.66900", "2006-12-31": -49.154, "2006-09-30": 41.876, "2006-06-30": -64.507, "2006-03-31": "-103.22800", "2005-12-31": 62.2161, "2005-09-30": 18.7889, "2005-06-30": -135.73, "2005-03-31": "-82.51700"}, "Cash Flow From Operating Activities": {"2020-12-31": 208.36, "2020-09-30": 674.63, "2020-06-30": -902.751, "2020-03-31": "19.76100", "2019-12-31": 256.939, "2019-09-30": 108.275, "2019-06-30": 113.328, "2019-03-31": "142.50800", "2018-12-31": 147.062, "2018-09-30": 160.017, "2018-06-30": 149.142, "2018-03-31": "81.83100", "2017-12-31": 145.823, "2017-09-30": 241.67, "2017-06-30": 109.015, "2017-03-31": "134.69600", "2016-12-31": 137.545, "2016-09-30": 127.666, "2016-06-30": 110.177, "2016-03-31": "90.49900", "2015-12-31": 128.995, "2015-09-30": 200.79, "2015-06-30": 74.62, "2015-03-31": "40.58100", "2014-12-31": 92.323, "2014-09-30": 140.68, "2014-06-30": 66.945, "2014-03-31": "87.27000", "2013-12-31": 124.14, "2013-09-30": 181.319, "2013-06-30": 125.41, "2013-03-31": "174.23200", "2012-12-31": 331.168, "2012-09-30": -164.097, "2012-06-30": -42.059, "2012-03-31": "347.11900", "2011-12-31": 109.988, "2011-09-30": 108.655, "2011-06-30": 194.091, "2011-03-31": "232.97300", "2010-12-31": 239.734, "2010-09-30": 71.268, "2010-06-30": 125.672, "2010-03-31": "474.08600", "2009-12-31": -116.128, "2009-09-30": 370.665, "2009-06-30": 110.886, "2009-03-31": "58.78600", "2008-12-31": 188.534, "2008-09-30": 175.225, "2008-06-30": 91.469, "2008-03-31": "204.11000", "2007-12-31": 232.596, "2007-09-30": 168.136, "2007-06-30": 109.187, "2007-03-31": "124.85100", "2006-12-31": 206.156, "2006-09-30": 294.477, "2006-06-30": 178.333, "2006-03-31": "110.49500", "2005-12-31": 231.603, "2005-09-30": 254.334, "2005-06-30": 110.582, "2005-03-31": "30.68900"}, "Net Change In Property, Plant, And Equipment": {"2020-12-31": 22.786, "2020-09-30": -2.6, "2020-06-30": -13.245, "2020-03-31": "-6.94100", "2019-12-31": -21.013, "2019-09-30": -8.428, "2019-06-30": -22.558, "2019-03-31": "-9.20900", "2018-12-31": -14.125, "2018-09-30": -12.254, "2018-06-30": -17.568, "2018-03-31": "-9.21200", "2017-12-31": -16.389, "2017-09-30": -19.331, "2017-06-30": -9.889, "2017-03-31": "-5.49700", "2016-12-31": -9.826, "2016-09-30": -7.722, "2016-06-30": -8.939, "2016-03-31": "-7.83000", "2015-12-31": -6.714, "2015-09-30": -12.862, "2015-06-30": -3.584, "2015-03-31": "-5.22100", "2014-12-31": -7.459, "2014-09-30": -7.283, "2014-06-30": -15.983, "2014-03-31": "-7.95500", "2013-12-31": -6.671, "2013-09-30": -6.022, "2013-06-30": -9.407, "2013-03-31": "-6.37000", "2012-12-31": -12.88, "2012-09-30": -7.968, "2012-06-30": -6.066, "2012-03-31": "-0.19200", "2011-12-31": -6.805, "2011-09-30": 2.749, "2011-06-30": -3.914, "2011-03-31": "-3.08600", "2010-12-31": -4.501, "2010-09-30": -4.55, "2010-06-30": -5.78, "2010-03-31": "-3.78300", "2009-12-31": -8.022, "2009-09-30": -5.553, "2009-06-30": -7.473, "2009-03-31": "-11.69300", "2008-12-31": -21.752, "2008-09-30": -27.932, "2008-06-30": -28.352, "2008-03-31": "-32.54500", "2007-12-31": -49.68, "2007-09-30": -43.551, "2007-06-30": -33.302, "2007-03-31": "-40.87900", "2006-12-31": -42.816, "2006-09-30": -32.113, "2006-06-30": -34.498, "2006-03-31": "-29.51500", "2005-12-31": -29.48, "2005-09-30": -25.2, "2005-06-30": -28.065, "2005-03-31": "-22.22100"}, "Net Change In Intangible Assets": {"2020-12-31": 0, "2020-09-30": 0, "2020-06-30": 0, "2020-03-31": "", "2019-12-31": 0, "2019-09-30": 0, "2019-06-30": 0, "2019-03-31": "", "2018-12-31": 0, "2018-09-30": 0, "2018-06-30": 0, "2018-03-31": "", "2017-12-31": 0, "2017-09-30": 0, "2017-06-30": 0, "2017-03-31": "", "2016-12-31": 0, "2016-09-30": 0, "2016-06-30": 0, "2016-03-31": "", "2015-12-31": 0, "2015-09-30": 0, "2015-06-30": 0, "2015-03-31": "", "2014-12-31": 0, "2014-09-30": 0, "2014-06-30": 0, "2014-03-31": "", "2013-12-31": 0, "2013-09-30": 0, "2013-06-30": 0, "2013-03-31": "", "2012-12-31": 0, "2012-09-30": 0, "2012-06-30": 0, "2012-03-31": "", "2011-12-31": 0, "2011-09-30": 0, "2011-06-30": 0, "2011-03-31": "0.00000", "2010-12-31": 0, "2010-09-30": 0, "2010-06-30": 0, "2010-03-31": "", "2009-12-31": 0, "2009-09-30": 0, "2009-06-30": 0, "2009-03-31": "", "2008-12-31": 0, "2008-09-30": 0, "2008-06-30": 0, "2008-03-31": "", "2007-12-31": -46.687, "2007-09-30": -1.277, "2007-06-30": -18.894, "2007-03-31": "-7.04900", "2006-12-31": -11.802, "2006-09-30": -27.152, "2006-06-30": -20.672, "2006-03-31": "-15.10300", "2005-12-31": -15.705, "2005-09-30": -7.224, "2005-06-30": -19.997, "2005-03-31": "-12.01900"}, "Net Acquisitions/Divestitures": {"2020-12-31": 0, "2020-09-30": 0, "2020-06-30": 0, "2020-03-31": "", "2019-12-31": 0, "2019-09-30": 0, "2019-06-30": 0, "2019-03-31": "201.10000", "2018-12-31": 0, "2018-09-30": 0, "2018-06-30": 0, "2018-03-31": "", "2017-12-31": 0, "2017-09-30": 0, "2017-06-30": 0, "2017-03-31": "", "2016-12-31": 6.146, "2016-09-30": 0, "2016-06-30": 0, "2016-03-31": "", "2015-12-31": 0, "2015-09-30": 0, "2015-06-30": 0, "2015-03-31": "", "2014-12-31": 0, "2014-09-30": 0, "2014-06-30": -90.571, "2014-03-31": "", "2013-12-31": 0, "2013-09-30": 0, "2013-06-30": 56.328, "2013-03-31": "", "2012-12-31": 0, "2012-09-30": 0, "2012-06-30": 0, "2012-03-31": "", "2011-12-31": 0, "2011-09-30": 0, "2011-06-30": 0, "2011-03-31": "", "2010-12-31": 0, "2010-09-30": 0, "2010-06-30": 0, "2010-03-31": "69.46600", "2009-12-31": 0, "2009-09-30": 0, "2009-06-30": 0, "2009-03-31": "", "2008-12-31": 0, "2008-09-30": 0, "2008-06-30": 0, "2008-03-31": "", "2007-12-31": -12.552, "2007-09-30": 0, "2007-06-30": 0, "2007-03-31": "", "2006-12-31": 1.254, "2006-09-30": -69.718, "2006-06-30": 2.614, "2006-03-31": "12.18600", "2005-12-31": -0.012, "2005-09-30": 0, "2005-06-30": 0, "2005-03-31": "-56.98300"}, "Net Change In Short-term Investments": {"2020-12-31": 0, "2020-09-30": 0, "2020-06-30": 0.454, "2020-03-31": "-0.45400", "2019-12-31": -55.335, "2019-09-30": 0, "2019-06-30": 24.239, "2019-03-31": "-24.23900", "2018-12-31": -34, "2018-09-30": 14.655, "2018-06-30": 0.24, "2018-03-31": "-6.39500", "2017-12-31": 7.438, "2017-09-30": 0, "2017-06-30": 0, "2017-03-31": "", "2016-12-31": 154.561, "2016-09-30": -69.272, "2016-06-30": -0.119, "2016-03-31": "-89.42000", "2015-12-31": 11.449, "2015-09-30": 451.844, "2015-06-30": -28.858, "2015-03-31": "-545.24600", "2014-12-31": 28.693, "2014-09-30": -58.478, "2014-06-30": 193.481, "2014-03-31": "-220.15100", "2013-12-31": 310.844, "2013-09-30": 509.28, "2013-06-30": -92.672, "2013-03-31": "158.06900", "2012-12-31": -676.66, "2012-09-30": 476.656, "2012-06-30": 481.296, "2012-03-31": "-177.12900", "2011-12-31": 1222.305, "2011-09-30": 35.173, "2011-06-30": -302.951, "2011-03-31": "586.80500", "2010-12-31": 32.212, "2010-09-30": 515.093, "2010-06-30": -822.238, "2010-03-31": "-887.57100", "2009-12-31": 897.202, "2009-09-30": -2067.229, "2009-06-30": -334.969, "2009-03-31": "991.82600", "2008-12-31": -1332.725, "2008-09-30": -102.931, "2008-06-30": -65.219, "2008-03-31": "-17.25900", "2007-12-31": 30.862, "2007-09-30": 128.87, "2007-06-30": -20.742, "2007-03-31": "-105.62000", "2006-12-31": 205.264, "2006-09-30": -110.228, "2006-06-30": 91.551, "2006-03-31": "-230.38300", "2005-12-31": 81.461, "2005-09-30": 205.865, "2005-06-30": -218.727, "2005-03-31": "-0.87700"}, "Net Change In Long-Term Investments": {"2020-12-31": 561.0962, "2020-09-30": -377.8462, "2020-06-30": -181.325, "2020-03-31": "-1.92500", "2019-12-31": 179.6159, "2019-09-30": 94.804, "2019-06-30": -180.7628, "2019-03-31": "-413.09610", "2018-12-31": -17.388, "2018-09-30": -15.183, "2018-06-30": 41.416, "2018-03-31": "-71.15600", "2017-12-31": -382.048, "2017-09-30": 196.769, "2017-06-30": -131.672, "2017-03-31": "35.20100", "2016-12-31": -361.317, "2016-09-30": 11.7791, "2016-06-30": 15.831, "2016-03-31": "47.86000", "2015-12-31": -144.1541, "2015-09-30": -159.1359, "2015-06-30": -211.396, "2015-03-31": "-78.28300", "2014-12-31": 49.67, "2014-09-30": 6.726, "2014-06-30": 73.445, "2014-03-31": "80.97300", "2013-12-31": -106.9501, "2013-09-30": -23.04, "2013-06-30": -105.07, "2013-03-31": "-80.41000", "2012-12-31": 221.5772, "2012-09-30": 346.1299, "2012-06-30": 148.595, "2012-03-31": "-32.29400", "2011-12-31": -301.7097, "2011-09-30": -107.1271, "2011-06-30": 119.842, "2011-03-31": "81.23700", "2010-12-31": -143.349, "2010-09-30": -10.058, "2010-06-30": -53.244, "2010-03-31": "-47.39500", "2009-12-31": 200.6859, "2009-09-30": 286.921, "2009-06-30": 86.911, "2009-03-31": "114.69300", "2008-12-31": 64.2942, "2008-09-30": -7.0151, "2008-06-30": -98.013, "2008-03-31": "7.54100", "2007-12-31": -0.298, "2007-09-30": -17.167, "2007-06-30": -78.661, "2007-03-31": "-165.71300", "2006-12-31": -72.272, "2006-09-30": -72.197, "2006-06-30": -40.55, "2006-03-31": "-57.28400", "2005-12-31": -154.01, "2005-09-30": -84.7499, "2005-06-30": -6.9541, "2005-03-31": "-63.73800"}, "Net Change In Investments - Total": {"2020-12-31": 561.0962, "2020-09-30": -377.8462, "2020-06-30": -180.871, "2020-03-31": "-2.37900", "2019-12-31": 124.2809, "2019-09-30": 94.804, "2019-06-30": -156.5238, "2019-03-31": "-437.33510", "2018-12-31": -51.388, "2018-09-30": -0.528, "2018-06-30": 41.656, "2018-03-31": "-77.55100", "2017-12-31": -374.61, "2017-09-30": 196.769, "2017-06-30": -131.672, "2017-03-31": "35.20100", "2016-12-31": -206.756, "2016-09-30": -57.4929, "2016-06-30": 15.712, "2016-03-31": "-41.56000", "2015-12-31": -132.705, "2015-09-30": 292.708, "2015-06-30": -240.2541, "2015-03-31": "-623.52890", "2014-12-31": 78.363, "2014-09-30": -51.752, "2014-06-30": 266.926, "2014-03-31": "-139.17800", "2013-12-31": 203.8939, "2013-09-30": 486.24, "2013-06-30": -197.742, "2013-03-31": "77.65900", "2012-12-31": -455.0829, "2012-09-30": 822.786, "2012-06-30": 629.891, "2012-03-31": "-209.42300", "2011-12-31": 920.5951, "2011-09-30": -71.9541, "2011-06-30": -183.109, "2011-03-31": "668.04200", "2010-12-31": -111.137, "2010-09-30": 505.035, "2010-06-30": -875.4821, "2010-03-31": "-934.96590", "2009-12-31": 1097.888, "2009-09-30": -1780.3081, "2009-06-30": -248.0579, "2009-03-31": "1106.51900", "2008-12-31": -1268.4309, "2008-09-30": -109.9461, "2008-06-30": -163.232, "2008-03-31": "-9.71800", "2007-12-31": 30.564, "2007-09-30": 111.703, "2007-06-30": -99.403, "2007-03-31": "-271.33300", "2006-12-31": 132.992, "2006-09-30": -182.425, "2006-06-30": 51.001, "2006-03-31": "-287.66700", "2005-12-31": -72.549, "2005-09-30": 121.1151, "2005-06-30": -225.6811, "2005-03-31": "-64.61500"}, "Investing Activities - Other": {"2020-12-31": 2639.656, "2020-09-30": 329.315, "2020-06-30": -1674.259, "2020-03-31": "-1294.71200", "2019-12-31": -742.805, "2019-09-30": -259.155, "2019-06-30": -514.089, "2019-03-31": "-402.93100", "2018-12-31": -380.609, "2018-09-30": -456.858, "2018-06-30": -264.93, "2018-03-31": "-94.68200", "2017-12-31": -281.158, "2017-09-30": -201.306, "2017-06-30": -177.461, "2017-03-31": "-488.56100", "2016-12-31": -258.989, "2016-09-30": -203.218, "2016-06-30": -307.359, "2016-03-31": "-329.10200", "2015-12-31": -550.058, "2015-09-30": -420.939, "2015-06-30": -388.866, "2015-03-31": "-14.69300", "2014-12-31": -531.984, "2014-09-30": -130.69, "2014-06-30": -235.415, "2014-03-31": "-293.79300", "2013-12-31": -359.821, "2013-09-30": -122.499, "2013-06-30": -247.84, "2013-03-31": "104.66500", "2012-12-31": 6.332, "2012-09-30": -150.109, "2012-06-30": 62.902, "2012-03-31": "137.86600", "2011-12-31": -76.839, "2011-09-30": 283.319, "2011-06-30": 334.821, "2011-03-31": "402.11800", "2010-12-31": 481.43, "2010-09-30": 463.871, "2010-06-30": 634.525, "2010-03-31": "586.38800", "2009-12-31": 552.642, "2009-09-30": 638.581, "2009-06-30": -315.323, "2009-03-31": "-161.77300", "2008-12-31": -589.515, "2008-09-30": -363.444, "2008-06-30": -446.876, "2008-03-31": "-770.02900", "2007-12-31": -939.577, "2007-09-30": -300.764, "2007-06-30": -356.908, "2007-03-31": "-569.49300", "2006-12-31": -437.189, "2006-09-30": -544.035, "2006-06-30": -917.405, "2006-03-31": "-573.63900", "2005-12-31": -517.687, "2005-09-30": -481.141, "2005-06-30": -412.235, "2005-03-31": "-587.20300"}, "Cash Flow From Investing Activities": {"2020-12-31": 3223.538, "2020-09-30": -51.131, "2020-06-30": -1868.375, "2020-03-31": "-1304.03200", "2019-12-31": -639.537, "2019-09-30": -172.779, "2019-06-30": -693.171, "2019-03-31": "-648.37500", "2018-12-31": -446.122, "2018-09-30": -469.64, "2018-06-30": -240.842, "2018-03-31": "-181.44500", "2017-12-31": -672.157, "2017-09-30": -23.868, "2017-06-30": -319.022, "2017-03-31": "-458.85700", "2016-12-31": -469.425, "2016-09-30": -268.433, "2016-06-30": -300.586, "2016-03-31": "-378.49200", "2015-12-31": -689.477, "2015-09-30": -141.093, "2015-06-30": -632.704, "2015-03-31": "-643.44300", "2014-12-31": -461.08, "2014-09-30": -189.725, "2014-06-30": -75.043, "2014-03-31": "-440.92600", "2013-12-31": -162.598, "2013-09-30": 357.719, "2013-06-30": -398.661, "2013-03-31": "175.95400", "2012-12-31": -461.631, "2012-09-30": 664.709, "2012-06-30": 686.727, "2012-03-31": "-71.74900", "2011-12-31": 836.951, "2011-09-30": 214.114, "2011-06-30": 147.798, "2011-03-31": "1067.07400", "2010-12-31": 365.792, "2010-09-30": 964.356, "2010-06-30": -246.737, "2010-03-31": "-282.89500", "2009-12-31": 1642.508, "2009-09-30": -1147.28, "2009-06-30": -570.854, "2009-03-31": "933.05300", "2008-12-31": -1879.698, "2008-09-30": -501.322, "2008-06-30": -638.46, "2008-03-31": "-812.29200", "2007-12-31": -1017.932, "2007-09-30": -233.889, "2007-06-30": -508.507, "2007-03-31": "-888.75400", "2006-12-31": -357.561, "2006-09-30": -855.443, "2006-06-30": -918.96, "2006-03-31": "-893.73800", "2005-12-31": -635.433, "2005-09-30": -392.45, "2005-06-30": -685.978, "2005-03-31": "-743.04100"}, "Net Long-Term Debt": {"2020-12-31": 528.4719, "2020-09-30": -700.1539, "2020-06-30": -824.855, "2020-03-31": "996.53700", "2019-12-31": 0, "2019-09-30": -157.226, "2019-06-30": 200, "2019-03-31": "297.04500", "2018-12-31": 0, "2018-09-30": 100, "2018-06-30": -300.022, "2018-03-31": "249.97000", "2017-12-31": -299.9432, "2017-09-30": -225.0221, "2017-06-30": -53.5909, "2017-03-31": "", "2016-12-31": -308.582, "2016-09-30": 24.961, "2016-06-30": -225, "2016-03-31": "169.93300", "2015-12-31": 147.745, "2015-09-30": -99.922, "2015-06-30": -50.039, "2015-03-31": "49.96100", "2014-12-31": 9.886, "2014-09-30": -125, "2014-06-30": 149.948, "2014-03-31": "74.38500", "2013-12-31": 148.86, "2013-09-30": 0.144, "2013-06-30": 233.234, "2013-03-31": "-72.30900", "2012-12-31": 73.29, "2012-09-30": 353.622, "2012-06-30": -49.151, "2012-03-31": "-8.81000", "2011-12-31": -155.877, "2011-09-30": -370.832, "2011-06-30": -16.23, "2011-03-31": "106.52400", "2010-12-31": 64.809, "2010-09-30": -131.731, "2010-06-30": 9.976, "2010-03-31": "118.51300", "2009-12-31": -172.173, "2009-09-30": 99.5, "2009-06-30": 1.508, "2009-03-31": "-233.49500", "2008-12-31": -49.767, "2008-09-30": -3.981, "2008-06-30": 142.891, "2008-03-31": "89.36800", "2007-12-31": 386.7649, "2007-09-30": 78.577, "2007-06-30": 123.976, "2007-03-31": "203.49200", "2006-12-31": -16.876, "2006-09-30": -69.679, "2006-06-30": -313.652, "2006-03-31": "-233.52700", "2005-12-31": -325.681, "2005-09-30": -74.391, "2005-06-30": 416.241, "2005-03-31": "39.32000"}, "Net Current Debt": {"2020-12-31": 1316.905, "2020-09-30": 76.769, "2020-06-30": -962.2, "2020-03-31": "-431.47400", "2019-12-31": -510.17, "2019-09-30": 825.938, "2019-06-30": 436.098, "2019-03-31": "250.55200", "2018-12-31": 218.007, "2018-09-30": 362.105, "2018-06-30": 122.049, "2018-03-31": "-75.65900", "2017-12-31": 119.651, "2017-09-30": -8.84, "2017-06-30": 3.899, "2017-03-31": "-13.21900", "2016-12-31": -85.326, "2016-09-30": -52.154, "2016-06-30": 43.2, "2016-03-31": "26.95400", "2015-12-31": 41.55, "2015-09-30": -52.81, "2015-06-30": 62.962, "2015-03-31": "-1.59300", "2014-12-31": 19.756, "2014-09-30": -20.68, "2014-06-30": -37.106, "2014-03-31": "16.81400", "2013-12-31": -46.481, "2013-09-30": -28.32, "2013-06-30": -15.29, "2013-03-31": "36.98000", "2012-12-31": 35.379, "2012-09-30": -185.309, "2012-06-30": 35.316, "2012-03-31": "2.10000", "2011-12-31": -15.049, "2011-09-30": -123.66, "2011-06-30": 27.257, "2011-03-31": "-74.01700", "2010-12-31": 88.873, "2010-09-30": -66.245, "2010-06-30": 25.619, "2010-03-31": "-24.08300", "2009-12-31": -555.458, "2009-09-30": -549.739, "2009-06-30": 1002.99, "2009-03-31": "-148.60000", "2008-12-31": 51.368, "2008-09-30": -1613.409, "2008-06-30": 179.801, "2008-03-31": "-211.30300", "2007-12-31": -259.025, "2007-09-30": 782.572, "2007-06-30": 225.657, "2007-03-31": "-12.27900", "2006-12-31": -9.228, "2006-09-30": -392.235, "2006-06-30": 338.513, "2006-03-31": "424.35100", "2005-12-31": 278.064, "2005-09-30": 156.16, "2005-06-30": -701.374, "2005-03-31": "217.73900"}, "Debt Issuance/Retirement Net - Total": {"2020-12-31": 1845.377, "2020-09-30": -623.385, "2020-06-30": -1787.055, "2020-03-31": "565.06300", "2019-12-31": -510.17, "2019-09-30": 668.712, "2019-06-30": 636.098, "2019-03-31": "547.59700", "2018-12-31": 218.007, "2018-09-30": 462.105, "2018-06-30": -177.973, "2018-03-31": "174.31100", "2017-12-31": -180.2922, "2017-09-30": -233.8621, "2017-06-30": -49.6919, "2017-03-31": "-13.21900", "2016-12-31": -393.908, "2016-09-30": -27.193, "2016-06-30": -181.8, "2016-03-31": "196.88700", "2015-12-31": 189.295, "2015-09-30": -152.732, "2015-06-30": 12.923, "2015-03-31": "48.36800", "2014-12-31": 29.642, "2014-09-30": -145.68, "2014-06-30": 112.842, "2014-03-31": "91.19900", "2013-12-31": 102.379, "2013-09-30": -28.176, "2013-06-30": 217.944, "2013-03-31": "-35.32900", "2012-12-31": 108.669, "2012-09-30": 168.313, "2012-06-30": -13.835, "2012-03-31": "-6.71000", "2011-12-31": -170.926, "2011-09-30": -494.492, "2011-06-30": 11.027, "2011-03-31": "32.50700", "2010-12-31": 153.682, "2010-09-30": -197.976, "2010-06-30": 35.595, "2010-03-31": "94.43000", "2009-12-31": -727.631, "2009-09-30": -450.239, "2009-06-30": 1004.498, "2009-03-31": "-382.09500", "2008-12-31": 1.601, "2008-09-30": -1617.39, "2008-06-30": 322.692, "2008-03-31": "-121.93500", "2007-12-31": 127.74, "2007-09-30": 861.149, "2007-06-30": 349.633, "2007-03-31": "191.21300", "2006-12-31": -26.104, "2006-09-30": -461.914, "2006-06-30": 24.861, "2006-03-31": "190.82400", "2005-12-31": -47.617, "2005-09-30": 81.769, "2005-06-30": -285.133, "2005-03-31": "257.05900"}, "Net Common Equity Issued/Repurchased": {"2020-12-31": 9.735, "2020-09-30": 0.032, "2020-06-30": 7.469, "2020-03-31": "-17.23600", "2019-12-31": -31.524, "2019-09-30": -341.064, "2019-06-30": -14.704, "2019-03-31": "-321.93000", "2018-12-31": -31.795, "2018-09-30": -66.224, "2018-06-30": -41.193, "2018-03-31": "-33.72100", "2017-12-31": -30.635, "2017-09-30": -98.159, "2017-06-30": -21.829, "2017-03-31": "-21.01600", "2016-12-31": 6.822, "2016-09-30": -90.634, "2016-06-30": -60.77, "2016-03-31": "-113.34700", "2015-12-31": -31.876, "2015-09-30": -51, "2015-06-30": -48.863, "2015-03-31": "-61.83900", "2014-12-31": -87.274, "2014-09-30": 0.681, "2014-06-30": 0.765, "2014-03-31": "0.07100", "2013-12-31": 0.642, "2013-09-30": 173.359, "2013-06-30": 0.083, "2013-03-31": "-1.43000", "2012-12-31": 0, "2012-09-30": 0, "2012-06-30": 0, "2012-03-31": "", "2011-12-31": 0, "2011-09-30": 0, "2011-06-30": 0, "2011-03-31": "", "2010-12-31": 0, "2010-09-30": 0.162, "2010-06-30": 1034.494, "2010-03-31": "0.00100", "2009-12-31": 0, "2009-09-30": 570.964, "2009-06-30": -0.037, "2009-03-31": "0.26100", "2008-12-31": -0.023, "2008-09-30": 1.334, "2008-06-30": 0.319, "2008-03-31": "1.19900", "2007-12-31": 21.787, "2007-09-30": 8.513, "2007-06-30": 10.432, "2007-03-31": "23.11800", "2006-12-31": 14.112, "2006-09-30": 18.104, "2006-06-30": 12.836, "2006-03-31": "20.45800", "2005-12-31": 6.194, "2005-09-30": 8.913, "2005-06-30": 14.362, "2005-03-31": "13.65600"}, "Net Total Equity Issued/Repurchased": {"2020-12-31": 9.735, "2020-09-30": 0.032, "2020-06-30": 7.469, "2020-03-31": "-17.23600", "2019-12-31": -30.929, "2019-09-30": 0.346, "2019-06-30": -14.704, "2019-03-31": "-321.93000", "2018-12-31": -31.793, "2018-09-30": -196.224, "2018-06-30": 153.945, "2018-03-31": "-33.72100", "2017-12-31": -30.635, "2017-09-30": -98.159, "2017-06-30": -21.829, "2017-03-31": "-21.01600", "2016-12-31": 6.822, "2016-09-30": -90.634, "2016-06-30": -60.77, "2016-03-31": "-113.34700", "2015-12-31": -31.876, "2015-09-30": -51, "2015-06-30": -48.863, "2015-03-31": "-61.83900", "2014-12-31": -87.274, "2014-09-30": 0.681, "2014-06-30": 0.765, "2014-03-31": "0.07100", "2013-12-31": 1.1039, "2013-09-30": -669.1109, "2013-06-30": 0.083, "2013-03-31": "-1.43000", "2012-12-31": 0, "2012-09-30": 0, "2012-06-30": 0, "2012-03-31": "", "2011-12-31": 0, "2011-09-30": 0, "2011-06-30": 0, "2011-03-31": "", "2010-12-31": 0, "2010-09-30": 0.162, "2010-06-30": 1034.494, "2010-03-31": "0.00100", "2009-12-31": 0, "2009-09-30": 570.964, "2009-06-30": -0.037, "2009-03-31": "0.26100", "2008-12-31": 967.847, "2008-09-30": 1.334, "2008-06-30": 0.319, "2008-03-31": "1.19900", "2007-12-31": 21.787, "2007-09-30": 8.513, "2007-06-30": 10.432, "2007-03-31": "23.11800", "2006-12-31": 14.112, "2006-09-30": 18.104, "2006-06-30": 12.836, "2006-03-31": "20.45800", "2005-12-31": 6.194, "2005-09-30": 8.913, "2005-06-30": 14.362, "2005-03-31": "13.65600"}, "Total Common And Preferred Stock Dividends Paid": {"2020-12-31": 166.225, "2020-09-30": -56.903, "2020-06-30": -62.023, "2020-03-31": "-47.29900", "2019-12-31": -52.768, "2019-09-30": -50.393, "2019-06-30": -50.387, "2019-03-31": "-32.11600", "2018-12-31": -32.354, "2018-09-30": -35.219, "2018-06-30": -32.235, "2018-03-31": "-20.39400", "2017-12-31": -20.549, "2017-09-30": -20.891, "2017-06-30": -2.562, "2017-03-31": "-20.90600", "2016-12-31": -17.248, "2016-09-30": -17.281, "2016-06-30": -17.506, "2016-03-31": "-17.62800", "2015-12-31": -18.178, "2015-09-30": -15.631, "2015-06-30": -15.79, "2015-03-31": "-15.99300", "2014-12-31": -16.171, "2014-09-30": -12.293, "2014-06-30": -12.292, "2014-03-31": "-12.28700", "2013-12-31": -12.454, "2013-09-30": -19.266, "2013-06-30": -21.204, "2013-03-31": "-19.97400", "2012-12-31": -19.964, "2012-09-30": -19.965, "2012-06-30": -19.968, "2012-03-31": "-19.95900", "2011-12-31": -19.952, "2011-09-30": -19.952, "2011-06-30": -19.953, "2011-03-31": "-19.94900", "2010-12-31": -19.953, "2010-09-30": -19.943, "2010-06-30": -17.001, "2010-03-31": "-16.99900", "2009-12-31": -15.399, "2009-09-30": -15.411, "2009-06-30": -15.407, "2009-03-31": "-27.35100", "2008-12-31": -19.806, "2008-09-30": -56.172, "2008-06-30": -56.118, "2008-03-31": "-67.62600", "2007-12-31": -67.332, "2007-09-30": -67.116, "2007-06-30": -67.006, "2007-03-31": "-63.47600", "2006-12-31": -63.336, "2006-09-30": -0.001, "2006-06-30": -124.258, "2006-03-31": "-57.05900", "2005-12-31": -56.99, "2005-09-30": -56.853, "2005-06-30": -56.761, "2005-03-31": "-53.69900"}, "Financial Activities - Other": {"2020-12-31": -6251.68, "2020-09-30": 470.895, "2020-06-30": 4360.126, "2020-03-31": "1420.65900", "2019-12-31": 980.913, "2019-09-30": -523.012, "2019-06-30": -105.768, "2019-03-31": "434.67700", "2018-12-31": 276.831, "2018-09-30": -0.894, "2018-06-30": 180.734, "2018-03-31": "105.50200", "2017-12-31": -48.164, "2017-09-30": 975.797, "2017-06-30": 105.095, "2017-03-31": "457.47200", "2016-12-31": 450.826, "2016-09-30": 265.883, "2016-06-30": 475.759, "2016-03-31": "207.04900", "2015-12-31": 458.937, "2015-09-30": 128.23, "2015-06-30": 541.308, "2015-03-31": "576.17500", "2014-12-31": 541.647, "2014-09-30": -3.686, "2014-06-30": 42.59, "2014-03-31": "265.66100", "2013-12-31": -97.635, "2013-09-30": 263.722, "2013-06-30": 92.61, "2013-03-31": "-495.77800", "2012-12-31": 202.36, "2012-09-30": -718.234, "2012-06-30": -572.637, "2012-03-31": "-274.05000", "2011-12-31": -697.675, "2011-09-30": 234.41, "2011-06-30": -330.862, "2011-03-31": "-1294.42500", "2010-12-31": -735.921, "2010-09-30": -1021.338, "2010-06-30": -922.485, "2010-03-31": "-253.48500", "2009-12-31": -620.646, "2009-09-30": 630.377, "2009-06-30": -524.172, "2009-03-31": "-669.19300", "2008-12-31": 768.43, "2008-09-30": 1820.91, "2008-06-30": 365.292, "2008-03-31": "703.60100", "2007-12-31": 643.073, "2007-09-30": -670.097, "2007-06-30": 158.277, "2007-03-31": "552.56000", "2006-12-31": 324.529, "2006-09-30": 912.026, "2006-06-30": 931.791, "2006-03-31": "528.89000", "2005-12-31": 505.155, "2005-09-30": 172.732, "2005-06-30": 992.206, "2005-03-31": "536.80400"}, "Cash Flow From Financial Activities": {"2020-12-31": -4230.343, "2020-09-30": -209.361, "2020-06-30": 2518.517, "2020-03-31": "1921.18700", "2019-12-31": 387.046, "2019-09-30": 95.653, "2019-06-30": 465.239, "2019-03-31": "628.22800", "2018-12-31": 430.691, "2018-09-30": 229.768, "2018-06-30": 124.471, "2018-03-31": "225.69800", "2017-12-31": -279.64, "2017-09-30": 622.885, "2017-06-30": 31.012, "2017-03-31": "402.33100", "2016-12-31": 46.492, "2016-09-30": 130.775, "2016-06-30": 215.683, "2016-03-31": "272.96100", "2015-12-31": 598.178, "2015-09-30": -91.133, "2015-06-30": 489.578, "2015-03-31": "546.71100", "2014-12-31": 467.844, "2014-09-30": -160.978, "2014-06-30": 143.905, "2014-03-31": "344.64400", "2013-12-31": -6.606, "2013-09-30": -452.831, "2013-06-30": 289.433, "2013-03-31": "-552.51100", "2012-12-31": 291.065, "2012-09-30": -569.886, "2012-06-30": -606.44, "2012-03-31": "-300.71900", "2011-12-31": -888.553, "2011-09-30": -280.034, "2011-06-30": -339.788, "2011-03-31": "-1281.86700", "2010-12-31": -602.192, "2010-09-30": -1239.095, "2010-06-30": 130.603, "2010-03-31": "-176.05300", "2009-12-31": -1363.676, "2009-09-30": 735.691, "2009-06-30": 464.882, "2009-03-31": "-1078.37800", "2008-12-31": 1718.072, "2008-09-30": 148.682, "2008-06-30": 632.185, "2008-03-31": "515.23900", "2007-12-31": 725.268, "2007-09-30": 132.449, "2007-06-30": 451.336, "2007-03-31": "703.41500", "2006-12-31": 249.201, "2006-09-30": 468.215, "2006-06-30": 845.23, "2006-03-31": "683.11300", "2005-12-31": 406.742, "2005-09-30": 206.561, "2005-06-30": 664.674, "2005-03-31": "753.82000"}, "Net Cash Flow": {"2020-12-31": -798.445, "2020-09-30": 414.138, "2020-06-30": -252.609, "2020-03-31": "636.91600", "2019-12-31": 4.448, "2019-09-30": 31.149, "2019-06-30": -114.604, "2019-03-31": "122.36100", "2018-12-31": 131.631, "2018-09-30": -79.855, "2018-06-30": 32.771, "2018-03-31": "126.08400", "2017-12-31": -805.974, "2017-09-30": 840.687, "2017-06-30": -178.995, "2017-03-31": "78.17000", "2016-12-31": -285.388, "2016-09-30": -9.992, "2016-06-30": 25.274, "2016-03-31": "-15.03200", "2015-12-31": 37.696, "2015-09-30": -31.436, "2015-06-30": -68.506, "2015-03-31": "-56.15100", "2014-12-31": 99.087, "2014-09-30": -210.023, "2014-06-30": 135.807, "2014-03-31": "-9.01200", "2013-12-31": -45.064, "2013-09-30": 86.207, "2013-06-30": 16.182, "2013-03-31": "-202.32500", "2012-12-31": 160.602, "2012-09-30": -69.274, "2012-06-30": 38.228, "2012-03-31": "-25.34900", "2011-12-31": 58.386, "2011-09-30": 42.735, "2011-06-30": 2.101, "2011-03-31": "18.18000", "2010-12-31": 3.334, "2010-09-30": -203.471, "2010-06-30": 9.538, "2010-03-31": "15.13800", "2009-12-31": 162.704, "2009-09-30": -40.924, "2009-06-30": 4.914, "2009-03-31": "-86.53900", "2008-12-31": 26.908, "2008-09-30": -177.415, "2008-06-30": 85.194, "2008-03-31": "-92.94300", "2007-12-31": -261.632, "2007-09-30": 61.871, "2007-06-30": 53.428, "2007-03-31": "-61.05900", "2006-12-31": 99.373, "2006-09-30": -96.552, "2006-06-30": 106.367, "2006-03-31": "-100.09900", "2005-12-31": 1.048, "2005-09-30": 68.057, "2005-06-30": 89.475, "2005-03-31": "39.27100"}, "Stock-Based Compensation": {"2020-12-31": -13.873, "2020-09-30": 4.953, "2020-06-30": 5.35, "2020-03-31": "3.57000", "2019-12-31": 3.091, "2019-09-30": 5.171, "2019-06-30": 5.981, "2019-03-31": "10.24400", "2018-12-31": 4.139, "2018-09-30": 4.184, "2018-06-30": 4.365, "2018-03-31": "3.95500", "2017-12-31": 3.603, "2017-09-30": 3.738, "2017-06-30": 3.478, "2017-03-31": "3.36000", "2016-12-31": 3.402, "2016-09-30": 3.364, "2016-06-30": 3.512, "2016-03-31": "3.33700", "2015-12-31": 3.094, "2015-09-30": 3.191, "2015-06-30": 3.037, "2015-03-31": "3.23400", "2014-12-31": 2.78, "2014-09-30": 2.755, "2014-06-30": 2.47, "2014-03-31": "2.22800", "2013-12-31": 1.694, "2013-09-30": 2.421, "2013-06-30": 1.531, "2013-03-31": "1.81900", "2012-12-31": 2.492, "2012-09-30": 2.397, "2012-06-30": 2.933, "2012-03-31": "1.57700", "2011-12-31": 1.696, "2011-09-30": 1.97, "2011-06-30": 1.53, "2011-03-31": "0.83300", "2010-12-31": 1.178, "2010-09-30": 1.684, "2010-06-30": 1.961, "2010-03-31": "2.33500", "2009-12-31": 1.506, "2009-09-30": 1.733, "2009-06-30": 2.374, "2009-03-31": "2.74800", "2008-12-31": 3.03, "2008-09-30": 2.954, "2008-06-30": 4.079, "2008-03-31": "3.65300", "2007-12-31": 14.849, "2007-09-30": 6.517, "2007-06-30": 7.804, "2007-03-31": "7.33900", "2006-12-31": 7.301, "2006-09-30": 6.528, "2006-06-30": 5.887, "2006-03-31": "7.44700", "2005-12-31": 0.286, "2005-09-30": 0.599, "2005-06-30": 0.321, "2005-03-31": "0.79300"}, "Common Stock Dividends Paid": {"2020-12-31": 141.353, "2020-09-30": -48.612, "2020-06-30": -48.592, "2020-03-31": "-44.14900", "2019-12-31": -44.477, "2019-09-30": -47.243, "2019-06-30": -47.237, "2019-03-31": "-28.96600", "2018-12-31": -29.204, "2018-09-30": -29.51, "2018-06-30": -29.675, "2018-03-31": "-17.83500", "2017-12-31": -17.989, "2017-09-30": -18.332, "2017-06-30": -0.002, "2017-03-31": "-18.34700", "2016-12-31": -14.688, "2016-09-30": -14.722, "2016-06-30": -14.946, "2016-03-31": "-15.06900", "2015-12-31": -15.618, "2015-09-30": -13.072, "2015-06-30": -13.23, "2015-03-31": "-13.43400", "2014-12-31": -13.611, "2014-09-30": -9.734, "2014-06-30": -9.732, "2014-03-31": "-9.72800", "2013-12-31": -9.724, "2013-09-30": -9.722, "2013-06-30": -9.105, "2013-03-31": "-7.87600", "2012-12-31": -7.865, "2012-09-30": -7.867, "2012-06-30": -7.869, "2012-03-31": "-7.86100", "2011-12-31": -7.854, "2011-09-30": -7.853, "2011-06-30": -7.854, "2011-03-31": "-7.85100", "2010-12-31": -7.854, "2010-09-30": -7.845, "2010-06-30": -4.902, "2010-03-31": "-4.90100", "2009-12-31": -3.301, "2009-09-30": -3.312, "2009-06-30": -3.309, "2009-03-31": "-19.82300", "2008-12-31": -19.806, "2008-09-30": -56.172, "2008-06-30": -56.118, "2008-03-31": "-67.62600", "2007-12-31": -67.332, "2007-09-30": -67.116, "2007-06-30": -67.006, "2007-03-31": "-63.47600", "2006-12-31": -63.336, "2006-09-30": -0.001, "2006-06-30": -124.258, "2006-03-31": "-57.05900", "2005-12-31": -56.99, "2005-09-30": -56.853, "2005-06-30": -56.761, "2005-03-31": "-53.69900"}}, "financial ratios": {"Current Ratio": {"2019-12-31": "", "2018-12-31": "", "2017-12-31": "", "2016-12-31": "", "2015-12-31": "", "2014-12-31": "", "2013-12-31": "", "2012-12-31": "", "2011-12-31": "", "2010-12-31": "", "2009-12-31": "", "2008-12-31": "", "2007-12-31": "", "2006-12-31": "", "2005-12-31": ""}, "Long-term Debt / Capital": {"2019-12-31": "0.30360", "2018-12-31": "0.34590", "2017-12-31": "0.35160", "2016-12-31": "0.42460", "2015-12-31": "0.42160", "2014-12-31": "0.41290", "2013-12-31": "0.40810", "2012-12-31": "0.32600", "2011-12-31": "0.32550", "2010-12-31": "0.37420", "2009-12-31": "0.37890", "2008-12-31": "0.35550", "2007-12-31": "0.35450", "2006-12-31": "0.26590", "2005-12-31": "0.39600"}, "Debt/Equity Ratio": {"2019-12-31": "0.82420", "2018-12-31": "0.81210", "2017-12-31": "0.63050", "2016-12-31": "0.79260", "2015-12-31": "0.78790", "2014-12-31": "0.74520", "2013-12-31": "0.73970", "2012-12-31": "0.54010", "2011-12-31": "0.59360", "2010-12-31": "0.76290", "2009-12-31": "0.77540", "2008-12-31": "0.74170", "2007-12-31": "1.22320", "2006-12-31": "0.78890", "2005-12-31": "1.04850"}, "Gross Margin": {"2019-12-31": "", "2018-12-31": "", "2017-12-31": "", "2016-12-31": "", "2015-12-31": "", "2014-12-31": "", "2013-12-31": "", "2012-12-31": "", "2011-12-31": "", "2010-12-31": "", "2009-12-31": "", "2008-12-31": "", "2007-12-31": "", "2006-12-31": "", "2005-12-31": ""}, "Operating Margin": {"2019-12-31": "", "2018-12-31": "", "2017-12-31": "", "2016-12-31": "", "2015-12-31": "", "2014-12-31": "", "2013-12-31": "", "2012-12-31": "", "2011-12-31": "", "2010-12-31": "", "2009-12-31": "", "2008-12-31": "", "2007-12-31": "", "2006-12-31": "", "2005-12-31": ""}, "EBIT Margin": {"2019-12-31": "", "2018-12-31": "", "2017-12-31": "", "2016-12-31": "", "2015-12-31": "", "2014-12-31": "", "2013-12-31": "", "2012-12-31": "", "2011-12-31": "", "2010-12-31": "", "2009-12-31": "", "2008-12-31": "", "2007-12-31": "", "2006-12-31": "", "2005-12-31": ""}, "EBITDA Margin": {"2019-12-31": "", "2018-12-31": "", "2017-12-31": "", "2016-12-31": "", "2015-12-31": "", "2014-12-31": "", "2013-12-31": "", "2012-12-31": "", "2011-12-31": "", "2010-12-31": "", "2009-12-31": "", "2008-12-31": "", "2007-12-31": "", "2006-12-31": "", "2005-12-31": ""}, "Pre-Tax Profit Margin": {"2019-12-31": "41.04200", "2018-12-31": "39.75530", "2017-12-31": "36.89250", "2016-12-31": "33.94440", "2015-12-31": "33.31760", "2014-12-31": "28.88230", "2013-12-31": "25.41110", "2012-12-31": "3.71320", "2011-12-31": "-7.05160", "2010-12-31": "-529.38790", "2009-12-31": "417.53220", "2008-12-31": "-83.09400", "2007-12-31": "38.51030", "2006-12-31": "45.78050", "2005-12-31": "46.55330"}, "Net Profit Margin": {"2019-12-31": "29.01850", "2018-12-31": "29.81370", "2017-12-31": "20.38000", "2016-12-31": "20.67030", "2015-12-31": "20.05560", "2014-12-31": "17.66120", "2013-12-31": "11.92490", "2012-12-31": "91.01020", "2011-12-31": "-14.06150", "2010-12-31": "-528.77580", "2009-12-31": "387.05080", "2008-12-31": "-73.49820", "2007-12-31": "38.97460", "2006-12-31": "43.75080", "2005-12-31": "42.67810"}, "Asset Turnover": {"2019-12-31": "0.03870", "2018-12-31": "0.04210", "2017-12-31": "0.04170", "2016-12-31": "0.03800", "2015-12-31": "0.03740", "2014-12-31": "0.03870", "2013-12-31": "0.03790", "2012-12-31": "0.03170", "2011-12-31": "0.03110", "2010-12-31": "0.00530", "2009-12-31": "-0.01170", "2008-12-31": "0.02220", "2007-12-31": "0.04080", "2006-12-31": "0.04410", "2005-12-31": "0.04380"}, "Inventory Turnover Ratio": {"2019-12-31": "", "2018-12-31": "", "2017-12-31": "", "2016-12-31": "", "2015-12-31": "", "2014-12-31": "", "2013-12-31": "", "2012-12-31": "", "2011-12-31": "", "2010-12-31": "", "2009-12-31": "", "2008-12-31": "", "2007-12-31": "", "2006-12-31": "", "2005-12-31": ""}, "Receiveable Turnover": {"2019-12-31": "", "2018-12-31": "", "2017-12-31": "", "2016-12-31": "", "2015-12-31": "", "2014-12-31": "", "2013-12-31": "", "2012-12-31": "", "2011-12-31": "", "2010-12-31": "", "2009-12-31": "", "2008-12-31": "", "2007-12-31": "", "2006-12-31": "", "2005-12-31": ""}, "Days Sales In Receivables": {"2019-12-31": "", "2018-12-31": "", "2017-12-31": "", "2016-12-31": "", "2015-12-31": "", "2014-12-31": "", "2013-12-31": "", "2012-12-31": "", "2011-12-31": "", "2010-12-31": "", "2009-12-31": "", "2008-12-31": "", "2007-12-31": "", "2006-12-31": "", "2005-12-31": ""}, "ROE - Return On Equity": {"2019-12-31": "12.80000", "2018-12-31": "14.58160", "2017-12-31": "9.71490", "2016-12-31": "8.80760", "2015-12-31": "7.86590", "2014-12-31": "6.69740", "2013-12-31": "5.64560", "2012-12-31": "31.78320", "2011-12-31": "-3.23560", "2010-12-31": "-39.95830", "2009-12-31": "-73.78870", "2008-12-31": "-20.01390", "2007-12-31": "9.82010", "2006-12-31": "11.19280", "2005-12-31": "12.17400"}, "Return On Tangible Equity": {"2019-12-31": "12.84600", "2018-12-31": "13.97320", "2017-12-31": "9.52210", "2016-12-31": "8.64390", "2015-12-31": "7.59860", "2014-12-31": "6.47200", "2013-12-31": "5.44980", "2012-12-31": "23.45320", "2011-12-31": "-2.17730", "2010-12-31": "-27.91530", "2009-12-31": "-50.66140", "2008-12-31": "-15.44080", "2007-12-31": "11.67650", "2006-12-31": "13.14770", "2005-12-31": "14.67860"}, "ROA - Return On Assets": {"2019-12-31": "1.16960", "2018-12-31": "1.31160", "2017-12-31": "0.88230", "2016-12-31": "0.81980", "2015-12-31": "0.78520", "2014-12-31": "0.72180", "2013-12-31": "0.60830", "2012-12-31": "3.10240", "2011-12-31": "-0.22400", "2010-12-31": "-2.77150", "2009-12-31": "-4.36760", "2008-12-31": "-1.62180", "2007-12-31": "1.02220", "2006-12-31": "1.29860", "2005-12-31": "1.29990"}, "ROI - Return On Investment": {"2019-12-31": "7.94550", "2018-12-31": "8.94380", "2017-12-31": "6.03090", "2016-12-31": "4.84950", "2015-12-31": "4.35860", "2014-12-31": "3.76890", "2013-12-31": "3.19910", "2012-12-31": "15.67650", "2011-12-31": "-1.45140", "2010-12-31": "-17.25780", "2009-12-31": "-31.01670", "2008-12-31": "-9.79260", "2007-12-31": "6.33870", "2006-12-31": "8.21660", "2005-12-31": "7.35310"}, "Book Value Per Share": {"2019-12-31": "33.58080", "2018-12-31": "27.04510", "2017-12-31": "24.90870", "2016-12-31": "23.94720", "2015-12-31": "23.15910", "2014-12-31": "22.34210", "2013-12-31": "21.22990", "2012-12-31": "31.75590", "2011-12-31": "25.19590", "2010-12-31": "26.95340", "2009-12-31": "41.02350", "2008-12-31": "80.91370", "2007-12-31": "73.01070", "2006-12-31": "79.71930", "2005-12-31": "66.01560"}, "Operating Cash Flow Per Share": {"2019-12-31": -0.5656, "2018-12-31": -0.6281, "2017-12-31": 1.4485, "2016-12-31": 0.3841, "2015-12-31": 0.558, "2014-12-31": -1.7254, "2013-12-31": 0.8767, "2012-12-31": -2.1228, "2011-12-31": -3.5475, "2010-12-31": 1.3418, "2009-12-31": -6.0508, "2008-12-31": 0.5443, "2007-12-31": -3.5725, "2006-12-31": 3.0969, "2005-12-31": 13.942}, "Free Cash Flow Per Share": {"2019-12-31": -0.5087, "2018-12-31": -0.6583, "2017-12-31": 1.304, "2016-12-31": 0.3228, "2015-12-31": 0.6229, "2014-12-31": -1.7913, "2013-12-31": 0.8731, "2012-12-31": -2.2328, "2011-12-31": -3.4559, "2010-12-31": 1.7661, "2009-12-31": -4.3154, "2008-12-31": 1.7461, "2007-12-31": -4.1254, "2006-12-31": 2.4315, "2005-12-31": 11.6087}}, "financial ratios, quarterly": {"Current Ratio": {"2020-09-30": "", "2020-06-30": "", "2020-03-31": "", "2019-12-31": "", "2019-09-30": "", "2019-06-30": "", "2019-03-31": "", "2018-12-31": "", "2018-09-30": "", "2018-06-30": "", "2018-03-31": "", "2017-12-31": "", "2017-09-30": "", "2017-06-30": "", "2017-03-31": "", "2016-12-31": "", "2016-09-30": "", "2016-06-30": "", "2016-03-31": "", "2015-12-31": "", "2015-09-30": "", "2015-06-30": "", "2015-03-31": "", "2014-12-31": "", "2014-09-30": "", "2014-06-30": "", "2014-03-31": "", "2013-12-31": "", "2013-09-30": "", "2013-06-30": "", "2013-03-31": "", "2012-12-31": "", "2012-09-30": "", "2012-06-30": "", "2012-03-31": "", "2011-12-31": "", "2011-09-30": "", "2011-06-30": "", "2011-03-31": "", "2010-12-31": "", "2010-09-30": "", "2010-06-30": "", "2010-03-31": "", "2009-12-31": "", "2009-09-30": "", "2009-06-30": "", "2009-03-31": "", "2008-12-31": "", "2008-09-30": "", "2008-06-30": "", "2008-03-31": "", "2007-12-31": "", "2007-09-30": "", "2007-06-30": "", "2007-03-31": "", "2006-12-31": "", "2006-09-30": "", "2006-06-30": "", "2006-03-31": "", "2005-12-31": "", "2005-09-30": "", "2005-06-30": "", "2005-03-31": ""}, "Long-term Debt / Capital": {"2020-09-30": "0.24330", "2020-06-30": "0.31540", "2020-03-31": "0.38360", "2019-12-31": "0.30360", "2019-09-30": "0.30670", "2019-06-30": "0.32660", "2019-03-31": "0.31420", "2018-12-31": "0.34590", "2018-09-30": "0.35280", "2018-06-30": "0.34340", "2018-03-31": "0.38570", "2017-12-31": "0.35160", "2017-09-30": "0.38580", "2017-06-30": "0.41280", "2017-03-31": "0.42180", "2016-12-31": "0.42460", "2016-09-30": "0.42640", "2016-06-30": "0.41980", "2016-03-31": "0.44430", "2015-12-31": "0.42160", "2015-09-30": "0.40320", "2015-06-30": "0.41580", "2015-03-31": "0.41950", "2014-12-31": "0.41290", "2014-09-30": "0.40920", "2014-06-30": "0.42500", "2014-03-31": "0.41270", "2013-12-31": "0.40810", "2013-09-30": "0.39130", "2013-06-30": "0.34580", "2013-03-31": "0.31600", "2012-12-31": "0.32600", "2012-09-30": "0.36520", "2012-06-30": "0.31330", "2012-03-31": "0.32390", "2011-12-31": "0.32550", "2011-09-30": "0.34980", "2011-06-30": "0.39930", "2011-03-31": "0.39890", "2010-12-31": "0.37420", "2010-09-30": "0.34970", "2010-06-30": "0.35260", "2010-03-31": "0.41460", "2009-12-31": "0.37890", "2009-09-30": "0.38220", "2009-06-30": "0.37910", "2009-03-31": "0.33740", "2008-12-31": "0.35550", "2008-09-30": "0.38560", "2008-06-30": "0.38230", "2008-03-31": "0.36080", "2007-12-31": "0.35450", "2007-09-30": "0.30270", "2007-06-30": "0.29890", "2007-03-31": "0.28800", "2006-12-31": "0.26590", "2006-09-30": "0.27670", "2006-06-30": "0.29650", "2006-03-31": "0.35090", "2005-12-31": "0.39600", "2005-09-30": "0.43970", "2005-06-30": "0.45530", "2005-03-31": "0.41510"}, "Debt/Equity Ratio": {"2020-09-30": "0.44050", "2020-06-30": "0.56470", "2020-03-31": "0.91610", "2019-12-31": "0.82420", "2019-09-30": "0.94160", "2019-06-30": "0.82240", "2019-03-31": "0.71200", "2018-12-31": "0.81210", "2018-09-30": "0.76530", "2018-06-30": "0.58850", "2018-03-31": "0.69070", "2017-12-31": "0.63050", "2017-09-30": "0.67540", "2017-06-30": "0.75310", "2017-03-31": "0.77890", "2016-12-31": "0.79260", "2016-09-30": "0.81060", "2016-06-30": "0.80740", "2016-03-31": "0.86850", "2015-12-31": "0.78790", "2015-09-30": "0.72060", "2015-06-30": "0.77420", "2015-03-31": "0.76390", "2014-12-31": "0.74520", "2014-09-30": "0.72750", "2014-06-30": "0.78090", "2014-03-31": "0.75770", "2013-12-31": "0.73970", "2013-09-30": "0.70930", "2013-06-30": "0.59090", "2013-03-31": "0.52860", "2012-12-31": "0.54010", "2012-09-30": "0.63290", "2012-06-30": "0.57920", "2012-03-31": "0.59100", "2011-12-31": "0.59360", "2011-09-30": "0.65420", "2011-06-30": "0.82340", "2011-03-31": "0.81110", "2010-12-31": "0.76290", "2010-09-30": "0.66440", "2010-06-30": "0.68280", "2010-03-31": "0.87900", "2009-12-31": "0.77540", "2009-09-30": "0.94330", "2009-06-30": "1.12780", "2009-03-31": "0.66650", "2008-12-31": "0.74170", "2008-09-30": "0.82740", "2008-06-30": "1.28610", "2008-03-31": "1.16150", "2007-12-31": "1.22320", "2007-09-30": "1.06770", "2007-06-30": "0.88130", "2007-03-31": "0.81130", "2006-12-31": "0.78890", "2006-09-30": "0.82650", "2006-06-30": "1.00660", "2006-03-31": "1.05150", "2005-12-31": "1.04850", "2005-09-30": "1.09120", "2005-06-30": "1.09530", "2005-03-31": "1.23790"}, "Gross Margin": {"2020-09-30": "", "2020-06-30": "", "2020-03-31": "", "2019-12-31": "", "2019-09-30": "", "2019-06-30": "", "2019-03-31": "", "2018-12-31": "", "2018-09-30": "", "2018-06-30": "", "2018-03-31": "", "2017-12-31": "", "2017-09-30": "", "2017-06-30": "", "2017-03-31": "", "2016-12-31": "", "2016-09-30": "", "2016-06-30": "", "2016-03-31": "", "2015-12-31": "", "2015-09-30": "", "2015-06-30": "", "2015-03-31": "", "2014-12-31": "", "2014-09-30": "", "2014-06-30": "", "2014-03-31": "", "2013-12-31": "", "2013-09-30": "", "2013-06-30": "", "2013-03-31": "", "2012-12-31": "", "2012-09-30": "", "2012-06-30": "", "2012-03-31": "", "2011-12-31": "", "2011-09-30": "", "2011-06-30": "", "2011-03-31": "", "2010-12-31": "", "2010-09-30": "", "2010-06-30": "", "2010-03-31": "", "2009-12-31": "", "2009-09-30": "", "2009-06-30": "", "2009-03-31": "", "2008-12-31": "", "2008-09-30": "", "2008-06-30": "", "2008-03-31": "", "2007-12-31": "", "2007-09-30": "", "2007-06-30": "", "2007-03-31": "", "2006-12-31": "", "2006-09-30": "", "2006-06-30": "", "2006-03-31": "", "2005-12-31": "", "2005-09-30": "", "2005-06-30": "", "2005-03-31": ""}, "Operating Margin": {"2020-09-30": "", "2020-06-30": "", "2020-03-31": "", "2019-12-31": "", "2019-09-30": "", "2019-06-30": "", "2019-03-31": "", "2018-12-31": "", "2018-09-30": "", "2018-06-30": "", "2018-03-31": "", "2017-12-31": "", "2017-09-30": "", "2017-06-30": "", "2017-03-31": "", "2016-12-31": "", "2016-09-30": "", "2016-06-30": "", "2016-03-31": "", "2015-12-31": "", "2015-09-30": "", "2015-06-30": "", "2015-03-31": "", "2014-12-31": "", "2014-09-30": "", "2014-06-30": "", "2014-03-31": "", "2013-12-31": "", "2013-09-30": "", "2013-06-30": "", "2013-03-31": "", "2012-12-31": "", "2012-09-30": "", "2012-06-30": "", "2012-03-31": "", "2011-12-31": "", "2011-09-30": "", "2011-06-30": "", "2011-03-31": "", "2010-12-31": "", "2010-09-30": "", "2010-06-30": "", "2010-03-31": "", "2009-12-31": "", "2009-09-30": "", "2009-06-30": "", "2009-03-31": "", "2008-12-31": "", "2008-09-30": "", "2008-06-30": "", "2008-03-31": "", "2007-12-31": "", "2007-09-30": "", "2007-06-30": "", "2007-03-31": "", "2006-12-31": "", "2006-09-30": "", "2006-06-30": "", "2006-03-31": "", "2005-12-31": "", "2005-09-30": "", "2005-06-30": "", "2005-03-31": ""}, "EBIT Margin": {"2020-09-30": "", "2020-06-30": "", "2020-03-31": "", "2019-12-31": "", "2019-09-30": "", "2019-06-30": "", "2019-03-31": "", "2018-12-31": "", "2018-09-30": "", "2018-06-30": "", "2018-03-31": "", "2017-12-31": "", "2017-09-30": "", "2017-06-30": "", "2017-03-31": "", "2016-12-31": "", "2016-09-30": "", "2016-06-30": "", "2016-03-31": "", "2015-12-31": "", "2015-09-30": "", "2015-06-30": "", "2015-03-31": "", "2014-12-31": "", "2014-09-30": "", "2014-06-30": "", "2014-03-31": "", "2013-12-31": "", "2013-09-30": "", "2013-06-30": "", "2013-03-31": "", "2012-12-31": "", "2012-09-30": "", "2012-06-30": "", "2012-03-31": "", "2011-12-31": "", "2011-09-30": "", "2011-06-30": "", "2011-03-31": "", "2010-12-31": "", "2010-09-30": "", "2010-06-30": "", "2010-03-31": "", "2009-12-31": "", "2009-09-30": "", "2009-06-30": "", "2009-03-31": "", "2008-12-31": "", "2008-09-30": "", "2008-06-30": "", "2008-03-31": "", "2007-12-31": "", "2007-09-30": "", "2007-06-30": "", "2007-03-31": "", "2006-12-31": "", "2006-09-30": "", "2006-06-30": "", "2006-03-31": "", "2005-12-31": "", "2005-09-30": "", "2005-06-30": "", "2005-03-31": ""}, "EBITDA Margin": {"2020-09-30": "", "2020-06-30": "", "2020-03-31": "", "2019-12-31": "", "2019-09-30": "", "2019-06-30": "", "2019-03-31": "", "2018-12-31": "", "2018-09-30": "", "2018-06-30": "", "2018-03-31": "", "2017-12-31": "", "2017-09-30": "", "2017-06-30": "", "2017-03-31": "", "2016-12-31": "", "2016-09-30": "", "2016-06-30": "", "2016-03-31": "", "2015-12-31": "", "2015-09-30": "", "2015-06-30": "", "2015-03-31": "", "2014-12-31": "", "2014-09-30": "", "2014-06-30": "", "2014-03-31": "", "2013-12-31": "", "2013-09-30": "", "2013-06-30": "", "2013-03-31": "", "2012-12-31": "", "2012-09-30": "", "2012-06-30": "", "2012-03-31": "", "2011-12-31": "", "2011-09-30": "", "2011-06-30": "", "2011-03-31": "", "2010-12-31": "", "2010-09-30": "", "2010-06-30": "", "2010-03-31": "", "2009-12-31": "", "2009-09-30": "", "2009-06-30": "", "2009-03-31": "", "2008-12-31": "", "2008-09-30": "", "2008-06-30": "", "2008-03-31": "", "2007-12-31": "", "2007-09-30": "", "2007-06-30": "", "2007-03-31": "", "2006-12-31": "", "2006-09-30": "", "2006-06-30": "", "2006-03-31": "", "2005-12-31": "", "2005-09-30": "", "2005-06-30": "", "2005-03-31": ""}, "Pre-Tax Profit Margin": {"2020-09-30": "29.32090", "2020-06-30": "30.39160", "2020-03-31": "13.22760", "2019-12-31": "43.70820", "2019-09-30": "40.35980", "2019-06-30": "44.38870", "2019-03-31": "35.44810", "2018-12-31": "40.66250", "2018-09-30": "36.75170", "2018-06-30": "41.05360", "2018-03-31": "40.59450", "2017-12-31": "31.45780", "2017-09-30": "42.60840", "2017-06-30": "38.05380", "2017-03-31": "34.87520", "2016-12-31": "35.87050", "2016-09-30": "35.57130", "2016-06-30": "33.26860", "2016-03-31": "30.78730", "2015-12-31": "33.14440", "2015-09-30": "34.56730", "2015-06-30": "33.11540", "2015-03-31": "32.41610", "2014-12-31": "29.91870", "2014-09-30": "27.27280", "2014-06-30": "28.86920", "2014-03-31": "29.49020", "2013-12-31": "23.84140", "2013-09-30": "28.16820", "2013-06-30": "28.69280", "2013-03-31": "20.34310", "2012-12-31": "-51.25920", "2012-09-30": "13.74470", "2012-06-30": "15.20580", "2012-03-31": "15.02450", "2011-12-31": "10.96400", "2011-09-30": "14.29430", "2011-06-30": "-24.49690", "2011-03-31": "-49.96120", "2010-12-31": "-229.71850", "2010-09-30": "-204.98730", "2010-06-30": "-929.69360", "2010-03-31": "1229.41500", "2009-12-31": "-4382.44700", "2009-09-30": "303.53860", "2009-06-30": "244.98080", "2009-03-31": "-601.96300", "2008-12-31": "2125.70300", "2008-09-30": "-27.70730", "2008-06-30": "7.49170", "2008-03-31": "38.52580", "2007-12-31": "24.25400", "2007-09-30": "37.20120", "2007-06-30": "45.77590", "2007-03-31": "44.33370", "2006-12-31": "4.98590", "2006-09-30": "29.52560", "2006-06-30": "31.00740", "2006-03-31": "28.74780", "2005-12-31": "4.96350", "2005-09-30": "29.54510", "2005-06-30": "29.15650", "2005-03-31": "29.33780"}, "Net Profit Margin": {"2020-09-30": "18.58920", "2020-06-30": "20.79890", "2020-03-31": "9.49450", "2019-12-31": "30.33160", "2019-09-30": "27.50620", "2019-06-30": "32.22110", "2019-03-31": "25.83670", "2018-12-31": "28.80890", "2018-09-30": "28.51810", "2018-06-30": "31.37790", "2018-03-31": "30.62120", "2017-12-31": "8.18340", "2017-09-30": "26.63760", "2017-06-30": "23.72700", "2017-03-31": "22.86370", "2016-12-31": "21.90340", "2016-09-30": "21.72890", "2016-06-30": "20.48460", "2016-03-31": "18.37460", "2015-12-31": "20.39560", "2015-09-30": "20.36430", "2015-06-30": "20.02450", "2015-03-31": "19.41830", "2014-12-31": "19.18490", "2014-09-30": "16.60220", "2014-06-30": "17.29930", "2014-03-31": "17.55730", "2013-12-31": "14.31440", "2013-09-30": "14.25990", "2013-06-30": "12.08890", "2013-03-31": "6.46660", "2012-12-31": "502.88120", "2012-09-30": "7.22050", "2012-06-30": "10.09850", "2012-03-31": "8.93920", "2011-12-31": "5.19340", "2011-09-30": "6.03340", "2011-06-30": "-29.94890", "2011-03-31": "-58.58790", "2010-12-31": "-259.15770", "2010-09-30": "-222.02850", "2010-06-30": "-965.19690", "2010-03-31": "1026.66300", "2009-12-31": "-5081.67200", "2009-09-30": "291.54350", "2009-06-30": "221.24390", "2009-03-31": "-405.69020", "2008-12-31": "1809.49500", "2008-09-30": "-18.62610", "2008-06-30": "4.20830", "2008-03-31": "24.72530", "2007-12-31": "27.50140", "2007-09-30": "39.89290", "2007-06-30": "44.64730", "2007-03-31": "41.93700", "2006-12-31": "-19.29060", "2006-09-30": "19.20660", "2006-06-30": "19.50990", "2006-03-31": "18.30610", "2005-12-31": "-16.07850", "2005-09-30": "18.34100", "2005-06-30": "18.33740", "2005-03-31": "18.45050"}, "Asset Turnover": {"2020-09-30": "0.00840", "2020-06-30": "0.00750", "2020-03-31": "0.00630", "2019-12-31": "0.00980", "2019-09-30": "0.00970", "2019-06-30": "0.01000", "2019-03-31": "0.00970", "2018-12-31": "0.01080", "2018-09-30": "0.01090", "2018-06-30": "0.01090", "2018-03-31": "0.01040", "2017-12-31": "0.01060", "2017-09-30": "0.01130", "2017-06-30": "0.01010", "2017-03-31": "0.00990", "2016-12-31": "0.01000", "2016-09-30": "0.00970", "2016-06-30": "0.00960", "2016-03-31": "0.00930", "2015-12-31": "0.00950", "2015-09-30": "0.00970", "2015-06-30": "0.00940", "2015-03-31": "0.00960", "2014-12-31": "0.00980", "2014-09-30": "0.01000", "2014-06-30": "0.00960", "2014-03-31": "0.00990", "2013-12-31": "0.00960", "2013-09-30": "0.00990", "2013-06-30": "0.00960", "2013-03-31": "0.00870", "2012-12-31": "0.00530", "2012-09-30": "0.00860", "2012-06-30": "0.00930", "2012-03-31": "0.00880", "2011-12-31": "0.00910", "2011-09-30": "0.00920", "2011-06-30": "0.00630", "2011-03-31": "0.00560", "2010-12-31": "0.00230", "2010-09-30": "0.00280", "2010-06-30": "0.00080", "2010-03-31": "-0.00070", "2009-12-31": "0.00020", "2009-09-30": "-0.00450", "2009-06-30": "-0.00790", "2009-03-31": "0.00110", "2008-12-31": "-0.00100", "2008-09-30": "0.00630", "2008-06-30": "0.00840", "2008-03-31": "0.00970", "2007-12-31": "0.00900", "2007-09-30": "0.01010", "2007-06-30": "0.01100", "2007-03-31": "0.01070", "2006-12-31": "-0.02850", "2006-09-30": "0.02560", "2006-06-30": "0.02570", "2006-03-31": "0.02520", "2005-12-31": "-0.03090", "2005-09-30": "0.02700", "2005-06-30": "0.02620", "2005-03-31": "0.02450"}, "Inventory Turnover Ratio": {"2020-09-30": "", "2020-06-30": "", "2020-03-31": "", "2019-12-31": "", "2019-09-30": "", "2019-06-30": "", "2019-03-31": "", "2018-12-31": "", "2018-09-30": "", "2018-06-30": "", "2018-03-31": "", "2017-12-31": "", "2017-09-30": "", "2017-06-30": "", "2017-03-31": "", "2016-12-31": "", "2016-09-30": "", "2016-06-30": "", "2016-03-31": "", "2015-12-31": "", "2015-09-30": "", "2015-06-30": "", "2015-03-31": "", "2014-12-31": "", "2014-09-30": "", "2014-06-30": "", "2014-03-31": "", "2013-12-31": "", "2013-09-30": "", "2013-06-30": "", "2013-03-31": "", "2012-12-31": "", "2012-09-30": "", "2012-06-30": "", "2012-03-31": "", "2011-12-31": "", "2011-09-30": "", "2011-06-30": "", "2011-03-31": "", "2010-12-31": "", "2010-09-30": "", "2010-06-30": "", "2010-03-31": "", "2009-12-31": "", "2009-09-30": "", "2009-06-30": "", "2009-03-31": "", "2008-12-31": "", "2008-09-30": "", "2008-06-30": "", "2008-03-31": "", "2007-12-31": "", "2007-09-30": "", "2007-06-30": "", "2007-03-31": "", "2006-12-31": "", "2006-09-30": "", "2006-06-30": "", "2006-03-31": "", "2005-12-31": "", "2005-09-30": "", "2005-06-30": "", "2005-03-31": ""}, "Receiveable Turnover": {"2020-09-30": "", "2020-06-30": "", "2020-03-31": "", "2019-12-31": "", "2019-09-30": "", "2019-06-30": "", "2019-03-31": "", "2018-12-31": "", "2018-09-30": "", "2018-06-30": "", "2018-03-31": "", "2017-12-31": "", "2017-09-30": "", "2017-06-30": "", "2017-03-31": "", "2016-12-31": "", "2016-09-30": "", "2016-06-30": "", "2016-03-31": "", "2015-12-31": "", "2015-09-30": "", "2015-06-30": "", "2015-03-31": "", "2014-12-31": "", "2014-09-30": "", "2014-06-30": "", "2014-03-31": "", "2013-12-31": "", "2013-09-30": "", "2013-06-30": "", "2013-03-31": "", "2012-12-31": "", "2012-09-30": "", "2012-06-30": "", "2012-03-31": "", "2011-12-31": "", "2011-09-30": "", "2011-06-30": "", "2011-03-31": "", "2010-12-31": "", "2010-09-30": "", "2010-06-30": "", "2010-03-31": "", "2009-12-31": "", "2009-09-30": "", "2009-06-30": "", "2009-03-31": "", "2008-12-31": "", "2008-09-30": "", "2008-06-30": "", "2008-03-31": "", "2007-12-31": "", "2007-09-30": "", "2007-06-30": "", "2007-03-31": "", "2006-12-31": "", "2006-09-30": "", "2006-06-30": "", "2006-03-31": "", "2005-12-31": "", "2005-09-30": "", "2005-06-30": "", "2005-03-31": ""}, "Days Sales In Receivables": {"2020-09-30": "", "2020-06-30": "", "2020-03-31": "", "2019-12-31": "", "2019-09-30": "", "2019-06-30": "", "2019-03-31": "", "2018-12-31": "", "2018-09-30": "", "2018-06-30": "", "2018-03-31": "", "2017-12-31": "", "2017-09-30": "", "2017-06-30": "", "2017-03-31": "", "2016-12-31": "", "2016-09-30": "", "2016-06-30": "", "2016-03-31": "", "2015-12-31": "", "2015-09-30": "", "2015-06-30": "", "2015-03-31": "", "2014-12-31": "", "2014-09-30": "", "2014-06-30": "", "2014-03-31": "", "2013-12-31": "", "2013-09-30": "", "2013-06-30": "", "2013-03-31": "", "2012-12-31": "", "2012-09-30": "", "2012-06-30": "", "2012-03-31": "", "2011-12-31": "", "2011-09-30": "", "2011-06-30": "", "2011-03-31": "", "2010-12-31": "", "2010-09-30": "", "2010-06-30": "", "2010-03-31": "", "2009-12-31": "", "2009-09-30": "", "2009-06-30": "", "2009-03-31": "", "2008-12-31": "", "2008-09-30": "", "2008-06-30": "", "2008-03-31": "", "2007-12-31": "", "2007-09-30": "", "2007-06-30": "", "2007-03-31": "", "2006-12-31": "", "2006-09-30": "", "2006-06-30": "", "2006-03-31": "", "2005-12-31": "", "2005-09-30": "", "2005-06-30": "", "2005-03-31": ""}, "ROE - Return On Equity": {"2020-09-30": "2.02270", "2020-06-30": "2.06370", "2020-03-31": "0.85070", "2019-12-31": "3.44380", "2019-09-30": "3.13290", "2019-06-30": "3.42610", "2019-03-31": "2.72990", "2018-12-31": "3.57570", "2018-09-30": "3.83340", "2018-06-30": "3.90580", "2018-03-31": "3.64480", "2017-12-31": "1.04410", "2017-09-30": "3.41360", "2017-06-30": "2.64640", "2017-03-31": "2.53360", "2016-12-31": "2.44660", "2016-09-30": "2.34640", "2016-06-30": "2.13960", "2016-03-31": "1.85800", "2015-12-31": "2.03180", "2015-09-30": "2.00360", "2015-06-30": "1.93710", "2015-03-31": "1.85780", "2014-12-31": "1.82390", "2014-09-30": "1.58570", "2014-06-30": "1.60130", "2014-03-31": "1.68550", "2013-12-31": "1.36660", "2013-09-30": "1.62820", "2013-06-30": "1.74770", "2013-03-31": "1.12960", "2012-12-31": "27.71860", "2012-09-30": "1.59940", "2012-06-30": "2.07500", "2012-03-31": "1.92250", "2011-12-31": "1.45480", "2011-09-30": "1.60260", "2011-06-30": "-2.04310", "2011-03-31": "-4.08690", "2010-12-31": "-7.92600", "2010-09-30": "-7.85630", "2010-06-30": "-9.09380", "2010-03-31": "-15.15460", "2009-12-31": "-13.86540", "2009-09-30": "-19.61880", "2009-06-30": "-27.47580", "2009-03-31": "-5.01670", "2008-12-31": "-22.05940", "2008-09-30": "-1.05000", "2008-06-30": "0.35690", "2008-03-31": "2.33810", "2007-12-31": "1.39980", "2007-09-30": "2.06140", "2007-06-30": "2.69550", "2007-03-31": "2.61740", "2006-12-31": "-0.70820", "2006-09-30": "4.32290", "2006-06-30": "4.52940", "2006-03-31": "4.20060", "2005-12-31": "-0.68270", "2005-09-30": "4.66070", "2005-06-30": "4.59800", "2005-03-31": "4.32530"}, "Return On Tangible Equity": {"2020-09-30": "2.00630", "2020-06-30": "2.06850", "2020-03-31": "0.85320", "2019-12-31": "3.45620", "2019-09-30": "3.14010", "2019-06-30": "3.71870", "2019-03-31": "2.97630", "2018-12-31": "3.42650", "2018-09-30": "3.66880", "2018-06-30": "3.58660", "2018-03-31": "3.57170", "2017-12-31": "1.02340", "2017-09-30": "3.34700", "2017-06-30": "2.59480", "2017-03-31": "2.48380", "2016-12-31": "2.40110", "2016-09-30": "2.26370", "2016-06-30": "2.06530", "2016-03-31": "1.79360", "2015-12-31": "1.96280", "2015-09-30": "1.93570", "2015-06-30": "1.87110", "2015-03-31": "1.79510", "2014-12-31": "1.76250", "2014-09-30": "1.53370", "2014-06-30": "1.54850", "2014-03-31": "1.62900", "2013-12-31": "1.31920", "2013-09-30": "1.57370", "2013-06-30": "1.28640", "2013-03-31": "0.83330", "2012-12-31": "20.45390", "2012-09-30": "1.07980", "2012-06-30": "1.39790", "2012-03-31": "1.29020", "2011-12-31": "0.97890", "2011-09-30": "1.08060", "2011-06-30": "-1.38490", "2011-03-31": "-2.78930", "2010-12-31": "-5.53720", "2010-09-30": "-5.65600", "2010-06-30": "-6.70840", "2010-03-31": "-9.96140", "2009-12-31": "-9.51960", "2009-09-30": "-14.14860", "2009-06-30": "-19.53950", "2009-03-31": "-3.81920", "2008-12-31": "-17.01900", "2008-09-30": "-1.23490", "2008-06-30": "0.42030", "2008-03-31": "2.76510", "2007-12-31": "1.66440", "2007-09-30": "2.51560", "2007-06-30": "3.31520", "2007-03-31": "3.23880", "2006-12-31": "-0.83190", "2006-09-30": "5.44150", "2006-06-30": "5.63190", "2006-03-31": "4.96920", "2005-12-31": "-0.82320", "2005-09-30": "5.64520", "2005-06-30": "5.61790", "2005-03-31": "5.33550"}, "ROA - Return On Assets": {"2020-09-30": "0.17260", "2020-06-30": "0.17220", "2020-03-31": "0.07610", "2019-12-31": "0.31470", "2019-09-30": "0.28480", "2019-06-30": "0.33010", "2019-03-31": "0.25770", "2018-12-31": "0.32160", "2018-09-30": "0.34000", "2018-06-30": "0.35030", "2018-03-31": "0.32750", "2017-12-31": "0.09480", "2017-09-30": "0.30970", "2017-06-30": "0.24770", "2017-03-31": "0.23420", "2016-12-31": "0.22770", "2016-09-30": "0.21950", "2016-06-30": "0.20520", "2016-03-31": "0.18010", "2015-12-31": "0.20280", "2015-09-30": "0.20570", "2015-06-30": "0.19780", "2015-03-31": "0.19530", "2014-12-31": "0.19660", "2014-09-30": "0.17640", "2014-06-30": "0.17600", "2014-03-31": "0.18310", "2013-12-31": "0.14720", "2013-09-30": "0.17430", "2013-06-30": "0.17140", "2013-03-31": "0.11280", "2012-12-31": "2.70570", "2012-09-30": "0.11930", "2012-06-30": "0.15000", "2012-03-31": "0.13300", "2011-12-31": "0.10070", "2011-09-30": "0.10690", "2011-06-30": "-0.13770", "2011-03-31": "-0.27690", "2010-12-31": "-0.54970", "2010-09-30": "-0.58530", "2010-06-30": "-0.70590", "2010-03-31": "-0.79790", "2009-12-31": "-0.82070", "2009-09-30": "-1.27400", "2009-06-30": "-1.70480", "2009-03-31": "-0.39930", "2008-12-31": "-1.78750", "2008-09-30": "-0.10330", "2008-06-30": "0.03580", "2008-03-31": "0.24450", "2007-12-31": "0.14570", "2007-09-30": "0.24890", "2007-06-30": "0.31850", "2007-03-31": "0.30700", "2006-12-31": "-0.08220", "2006-09-30": "0.49150", "2006-06-30": "0.50050", "2006-03-31": "0.46130", "2005-12-31": "-0.07290", "2005-09-30": "0.49490", "2005-06-30": "0.48090", "2005-03-31": "0.45150"}, "ROI - Return On Investment": {"2020-09-30": "1.36820", "2020-06-30": "1.26260", "2020-03-31": "0.46880", "2019-12-31": "2.13770", "2019-09-30": "1.93270", "2019-06-30": "2.21230", "2019-03-31": "1.79280", "2018-12-31": "2.19320", "2018-09-30": "2.32190", "2018-06-30": "2.30460", "2018-03-31": "2.14350", "2017-12-31": "0.64820", "2017-09-30": "2.00850", "2017-06-30": "1.48870", "2017-03-31": "1.40260", "2016-12-31": "1.34710", "2016-09-30": "1.28750", "2016-06-30": "1.18830", "2016-03-31": "0.98850", "2015-12-31": "1.12590", "2015-09-30": "1.14580", "2015-06-30": "1.08430", "2015-03-31": "1.03370", "2014-12-31": "1.02640", "2014-09-30": "0.89850", "2014-06-30": "0.88280", "2014-03-31": "0.94830", "2013-12-31": "0.77440", "2013-09-30": "0.94860", "2013-06-30": "0.83490", "2013-03-31": "0.56530", "2012-12-31": "13.67170", "2012-09-30": "0.67830", "2012-06-30": "0.94950", "2012-03-31": "0.86240", "2011-12-31": "0.65250", "2011-09-30": "0.69420", "2011-06-30": "-0.82180", "2011-03-31": "-1.65580", "2010-12-31": "-3.42320", "2010-09-30": "-3.63490", "2010-06-30": "-4.29430", "2010-03-31": "-5.74340", "2009-12-31": "-5.82830", "2009-09-30": "-8.58420", "2009-06-30": "-11.90070", "2009-03-31": "-2.48940", "2008-12-31": "-10.79350", "2008-09-30": "-0.64510", "2008-06-30": "0.22050", "2008-03-31": "1.49460", "2007-12-31": "0.90360", "2007-09-30": "1.43740", "2007-06-30": "1.89000", "2007-03-31": "1.86360", "2006-12-31": "-0.51990", "2006-09-30": "3.12670", "2006-06-30": "3.18660", "2006-03-31": "2.72650", "2005-12-31": "-0.41240", "2005-09-30": "2.61130", "2005-06-30": "2.50430", "2005-03-31": "2.53000"}, "Book Value Per Share": {"2020-09-30": "34.37830", "2020-06-30": "34.30090", "2020-03-31": "34.39470", "2019-12-31": "33.58080", "2019-09-30": "32.98810", "2019-06-30": "30.30380", "2019-03-31": "29.20060", "2018-12-31": "27.04510", "2018-09-30": "26.04720", "2018-06-30": "26.88110", "2018-03-31": "24.90690", "2017-12-31": "24.90870", "2017-09-30": "25.06610", "2017-06-30": "24.64180", "2017-03-31": "24.21580", "2016-12-31": "23.94720", "2016-09-30": "23.93220", "2016-06-30": "23.79450", "2016-03-31": "23.46660", "2015-12-31": "23.15910", "2015-09-30": "23.09610", "2015-06-30": "22.72950", "2015-03-31": "22.62850", "2014-12-31": "22.34210", "2014-09-30": "22.12310", "2014-06-30": "21.96090", "2014-03-31": "21.56970", "2013-12-31": "21.22990", "2013-09-30": "21.10290", "2013-06-30": "27.42400", "2013-03-31": "31.79080", "2012-12-31": "31.75590", "2012-09-30": "25.58410", "2012-06-30": "25.38560", "2012-03-31": "25.10430", "2011-12-31": "25.19590", "2011-09-30": "25.21420", "2011-06-30": "25.40570", "2011-03-31": "25.68890", "2010-12-31": "26.95340", "2010-09-30": "28.89000", "2010-06-30": "30.71930", "2010-03-31": "37.69290", "2009-12-31": "41.02350", "2009-09-30": "46.23040", "2009-06-30": "64.71310", "2009-03-31": "77.76360", "2008-12-31": "80.91370", "2008-09-30": "71.57490", "2008-06-30": "72.67200", "2008-03-31": "74.85340", "2007-12-31": "73.01070", "2007-09-30": "86.38560", "2007-06-30": "83.89620", "2007-03-31": "82.13100", "2006-12-31": "79.71930", "2006-09-30": "76.78330", "2006-06-30": "72.98860", "2006-03-31": "70.08940", "2005-12-31": "66.01560", "2005-09-30": "64.42330", "2005-06-30": "62.75960", "2005-03-31": "60.72400"}, "Operating Cash Flow Per Share": {"2020-09-30": 4.5688, "2020-06-30": -6.1101, "2020-03-31": "0.13320", "2019-12-31": 1.6159, "2019-09-30": 0.7554, "2019-06-30": 0.7327, "2019-03-31": "0.87560", "2018-12-31": 1.2344, "2018-09-30": 1.3721, "2018-06-30": 1.2529, "2018-03-31": "0.68580", "2017-12-31": 1.1887, "2017-09-30": 2.0036, "2017-06-30": 0.8864, "2017-03-31": "1.09460", "2016-12-31": 1.0684, "2016-09-30": 1.0599, "2016-06-30": 0.8887, "2016-03-31": "0.70780", "2015-12-31": 0.9522, "2015-09-30": 1.5264, "2015-06-30": 0.5631, "2015-03-31": "0.29900", "2014-12-31": 0.6722, "2014-09-30": 1.0055, "2014-06-30": 0.4794, "2014-03-31": "0.62560", "2013-12-31": 0.9999, "2013-09-30": 1.2056, "2013-06-30": 0.964, "2013-03-31": "1.33860", "2012-12-31": 2.5479, "2012-09-30": -1.263, "2012-06-30": -0.3258, "2012-03-31": "2.67230", "2011-12-31": 1.6402, "2011-09-30": 0.3083, "2011-06-30": 1.7295, "2011-03-31": "2.07620", "2010-12-31": 3.3192, "2010-09-30": -0.2192, "2010-06-30": -0.5744, "2010-03-31": "6.77610", "2009-12-31": -3.0121, "2009-09-30": 7.3723, "2009-06-30": 2.3523, "2009-03-31": "1.24740", "2008-12-31": 4.0099, "2008-09-30": 3.7596, "2008-06-30": 1.9353, "2008-03-31": "4.30590", "2007-12-31": 4.9421, "2007-09-30": 3.5653, "2007-06-30": 2.308, "2007-03-31": "2.65100", "2006-12-31": 4.5496, "2006-09-30": 6.2783, "2006-06-30": 3.7657, "2006-03-31": "2.44530", "2005-12-31": 5.1628, "2005-09-30": 5.6377, "2005-06-30": 2.4573, "2005-03-31": "0.68420"}, "Free Cash Flow Per Share": {"2020-09-30": 4.5515, "2020-06-30": -6.2, "2020-03-31": "0.08640", "2019-12-31": 1.4846, "2019-09-30": 0.6942, "2019-06-30": 0.5896, "2019-03-31": "0.81900", "2018-12-31": 1.1158, "2018-09-30": 1.2664, "2018-06-30": 1.1053, "2018-03-31": "0.60860", "2017-12-31": 1.0548, "2017-09-30": 1.8437, "2017-06-30": 0.806, "2017-03-31": "1.04990", "2016-12-31": 0.9921, "2016-09-30": 0.9952, "2016-06-30": 0.8165, "2016-03-31": "0.64660", "2015-12-31": 0.9029, "2015-09-30": 1.4285, "2015-06-30": 0.5357, "2015-03-31": "0.26050", "2014-12-31": 0.6176, "2014-09-30": 0.9537, "2014-06-30": 0.3648, "2014-03-31": "0.56860", "2013-12-31": 0.9468, "2013-09-30": 1.1679, "2013-06-30": 0.8916, "2013-03-31": "1.28970", "2012-12-31": 2.4487, "2012-09-30": -1.3242, "2012-06-30": -0.3724, "2012-03-31": "2.67080", "2011-12-31": 1.5743, "2011-09-30": 0.3381, "2011-06-30": 1.6946, "2011-03-31": "2.04870", "2010-12-31": 3.2549, "2010-09-30": -0.2462, "2010-06-30": -0.6191, "2010-03-31": "6.72200", "2009-12-31": -3.1245, "2009-09-30": 7.277, "2009-06-30": 2.1937, "2009-03-31": "0.99930", "2008-12-31": 3.547, "2008-09-30": 3.1586, "2008-06-30": 1.336, "2008-03-31": "3.61930", "2007-12-31": 3.8859, "2007-09-30": 2.6417, "2007-06-30": 1.6042, "2007-03-31": "1.78300", "2006-12-31": 3.6091, "2006-09-30": 5.5966, "2006-06-30": 3.0424, "2006-03-31": "1.79210", "2005-12-31": 4.5047, "2005-09-30": 5.0807, "2005-06-30": 1.8345, "2005-03-31": "0.18880"}}, "revenue": {"Synovus Financial Annual Revenue (Millions of US $)": {"2020": "$2,311", "2019": "$2,407", "2018": "$1,624", "2017": "$1,508", "2016": "$1,296", "2015": "$1,214", "2014": "$1,191", "2013": "$1,183", "2012": "$1,318", "2011": "$1,481", "2010": "$1,626", "2009": "$1,920", "2008": "$2,275", "2007": "$2,610", "2006": "$2,376", "2005": "$1,824"}, "Synovus Financial Quarterly Revenue (Millions of US $)": {"2020-12-31": "$548", "2020-09-30": "$550", "2020-06-30": "$625", "2020-03-31": "$588", "2019-12-31": "$604", "2019-09-30": "$612", "2019-06-30": "$606", "2019-03-31": "$584", "2018-12-31": "$425", "2018-09-30": "$416", "2018-06-30": "$403", "2018-03-31": "$380", "2017-12-31": "$376", "2017-09-30": "$433", "2017-06-30": "$354", "2017-03-31": "$344", "2016-12-31": "$339", "2016-09-30": "$325", "2016-06-30": "$320", "2016-03-31": "$312", "2015-12-31": "$309", "2015-09-30": "$305", "2015-06-30": "$302", "2015-03-31": "$297", "2014-12-31": "$299", "2014-09-30": "$297", "2014-06-30": "$296", "2014-03-31": "$299", "2013-12-31": "$293", "2013-09-30": "$297", "2013-06-30": "$297", "2013-03-31": "$295", "2012-12-31": "$320", "2012-09-30": "$321", "2012-06-30": "$330", "2012-03-31": "$347", "2011-12-31": "$347", "2011-09-30": "$415", "2011-06-30": "$356", "2011-03-31": "$363", "2010-12-31": "$393", "2010-09-30": "$408", "2010-06-30": "$412", "2010-03-31": "$412", "2009-12-31": "$499", "2009-09-30": "$463", "2009-06-30": "$488", "2009-03-31": "$471", "2008-12-31": "$511", "2008-09-30": "$554", "2008-06-30": "$566", "2008-03-31": "$644", "2007-12-31": "$635", "2007-09-30": "$678", "2007-06-30": "$661", "2007-03-31": "$635", "2006-12-31": "$-629", "2006-09-30": "$1,062", "2006-06-30": "$1,012", "2006-03-31": "$931", "2005-12-31": "$-670", "2005-09-30": "$892", "2005-06-30": "$845", "2005-03-31": "$756"}}, "gross-profit": {"Synovus Financial Annual Gross Profit (Millions of US $)": {"2020": "$2,019", "2019": "$1,952", "2018": "$1,429", "2017": "$1,369", "2016": "$1,172", "2015": "$1,095", "2014": "$1,081", "2013": "$1,064", "2012": "$1,168", "2011": "$1,263", "2010": "$1,292", "2009": "$1,421", "2008": "$1,495", "2007": "$1,521", "2006": "$1,485", "2005": "$1,293"}, "Synovus Financial Quarterly Gross Profit (Millions of US $)": {"2020-12-31": "$501", "2020-09-30": "$491", "2020-06-30": "$550", "2020-03-31": "$477", "2019-12-31": "$497", "2019-09-30": "$491", "2019-06-30": "$487", "2019-03-31": "$477", "2018-12-31": "$366", "2018-09-30": "$363", "2018-06-30": "$358", "2018-03-31": "$341", "2017-12-31": "$339", "2017-09-30": "$398", "2017-06-30": "$320", "2017-03-31": "$312", "2016-12-31": "$308", "2016-09-30": "$294", "2016-06-30": "$289", "2016-03-31": "$281", "2015-12-31": "$279", "2015-09-30": "$275", "2015-06-30": "$272", "2015-03-31": "$269", "2014-12-31": "$272", "2014-09-30": "$270", "2014-06-30": "$268", "2014-03-31": "$271", "2013-12-31": "$265", "2013-09-30": "$268", "2013-06-30": "$267", "2013-03-31": "$265", "2012-12-31": "$288", "2012-09-30": "$286", "2012-06-30": "$290", "2012-03-31": "$305", "2011-12-31": "$301", "2011-09-30": "$362", "2011-06-30": "$299", "2011-03-31": "$302", "2010-12-31": "$322", "2010-09-30": "$327", "2010-06-30": "$324", "2010-03-31": "$319", "2009-12-31": "$393", "2009-09-30": "$341", "2009-06-30": "$360", "2009-03-31": "$328", "2008-12-31": "$329", "2008-09-30": "$367", "2008-06-30": "$381", "2008-03-31": "$419", "2007-12-31": "$368", "2007-09-30": "$397", "2007-06-30": "$385", "2007-03-31": "$370", "2006-12-31": "$-891", "2006-09-30": "$821", "2006-06-30": "$802", "2006-03-31": "$754", "2005-12-31": "$-833", "2005-09-30": "$750", "2005-06-30": "$723", "2005-03-31": "$652"}}, "operating-income": {"Synovus Financial Annual Operating Income (Millions of US $)": {"2020": "$512", "2019": "$822", "2018": "$557", "2017": "$480", "2016": "$390", "2015": "$359", "2014": "$323", "2013": "$264", "2012": "$37", "2011": "$-29", "2010": "$-844", "2009": "$-1,600", "2008": "$-645", "2007": "$520", "2006": "$646", "2005": "$563"}, "Synovus Financial Quarterly Operating Income (Millions of US $)": {"2020-12-31": "$205", "2020-09-30": "$131", "2020-06-30": "$124", "2020-03-31": "$42", "2019-12-31": "$206", "2019-09-30": "$187", "2019-06-30": "$218", "2019-03-31": "$210", "2018-12-31": "$146", "2018-09-30": "$135", "2018-06-30": "$142", "2018-03-31": "$133", "2017-12-31": "$86", "2017-09-30": "$153", "2017-06-30": "$118", "2017-03-31": "$112", "2016-12-31": "$101", "2016-09-30": "$104", "2016-06-30": "$100", "2016-03-31": "$85", "2015-12-31": "$91", "2015-09-30": "$94", "2015-06-30": "$88", "2015-03-31": "$86", "2014-12-31": "$82", "2014-09-30": "$73", "2014-06-30": "$82", "2014-03-31": "$86", "2013-12-31": "$63", "2013-09-30": "$74", "2013-06-30": "$75", "2013-03-31": "$51", "2012-12-31": "$-70", "2012-09-30": "$32", "2012-06-30": "$39", "2012-03-31": "$37", "2011-12-31": "$28", "2011-09-30": "$40", "2011-06-30": "$-41", "2011-03-31": "$-56", "2010-12-31": "$-157", "2010-09-30": "$-177", "2010-06-30": "$-234", "2010-03-31": "$-275", "2009-12-31": "$-245", "2009-09-30": "$-472", "2009-06-30": "$-665", "2009-03-31": "$-217", "2008-12-31": "$-746", "2008-09-30": "$-51", "2008-06-30": "$26", "2008-03-31": "$126", "2007-12-31": "$72", "2007-09-30": "$126", "2007-06-30": "$167", "2007-03-31": "$155", "2006-12-31": "$-65", "2006-09-30": "$247", "2006-06-30": "$254", "2006-03-31": "$221", "2005-12-31": "$-70", "2005-09-30": "$225", "2005-06-30": "$214", "2005-03-31": "$194"}}, "ebitda": {"Synovus Financial Annual EBITDA (Millions of US $)": {"2019": "$", "2018": "$", "2017": "$", "2016": "$", "2015": "$", "2014": "$", "2013": "$", "2012": "$", "2011": "$", "2010": "$", "2009": "$", "2008": "$", "2007": "$", "2006": "$", "2005": "$"}, "Synovus Financial Quarterly EBITDA (Millions of US $)": {"2020-09-30": "", "2020-06-30": "", "2020-03-31": "", "2019-12-31": "", "2019-09-30": "", "2019-06-30": "", "2019-03-31": "", "2018-12-31": "", "2018-09-30": "", "2018-06-30": "", "2018-03-31": "", "2017-12-31": "", "2017-09-30": "", "2017-06-30": "", "2017-03-31": "", "2016-12-31": "", "2016-09-30": "", "2016-06-30": "", "2016-03-31": "", "2015-12-31": "", "2015-09-30": "", "2015-06-30": "", "2015-03-31": "", "2014-12-31": "", "2014-09-30": "", "2014-06-30": "", "2014-03-31": "", "2013-12-31": "", "2013-09-30": "", "2013-06-30": "", "2013-03-31": "", "2012-12-31": "", "2012-09-30": "", "2012-06-30": "", "2012-03-31": "", "2011-12-31": "", "2011-09-30": "", "2011-06-30": "", "2011-03-31": "", "2010-12-31": "", "2010-09-30": "", "2010-06-30": "", "2010-03-31": "", "2009-12-31": "", "2009-09-30": "", "2009-06-30": "", "2009-03-31": "", "2008-12-31": "", "2008-09-30": "", "2008-06-30": "", "2008-03-31": "", "2007-12-31": "", "2007-09-30": "", "2007-06-30": "", "2007-03-31": "", "2006-12-31": "", "2006-09-30": "", "2006-06-30": "", "2006-03-31": "", "2005-12-31": "", "2005-09-30": "", "2005-06-30": "", "2005-03-31": ""}}, "net-income": {"Synovus Financial Annual Net Income (Millions of US $)": {"2020": "$341", "2019": "$541", "2018": "$410", "2017": "$265", "2016": "$237", "2015": "$216", "2014": "$185", "2013": "$119", "2012": "$772", "2011": "$-119", "2010": "$-848", "2009": "$-1,489", "2008": "$-584", "2007": "$526", "2006": "$617", "2005": "$516"}, "Synovus Financial Quarterly Net Income (Millions of US $)": {"2020-12-31": "$142", "2020-09-30": "$83", "2020-06-30": "$85", "2020-03-31": "$30", "2019-12-31": "$143", "2019-09-30": "$127", "2019-06-30": "$153", "2019-03-31": "$117", "2018-12-31": "$102", "2018-09-30": "$99", "2018-06-30": "$109", "2018-03-31": "$101", "2017-12-31": "$27", "2017-09-30": "$95", "2017-06-30": "$73", "2017-03-31": "$69", "2016-12-31": "$66", "2016-09-30": "$63", "2016-06-30": "$58", "2016-03-31": "$50", "2015-12-31": "$56", "2015-09-30": "$55", "2015-06-30": "$53", "2015-03-31": "$51", "2014-12-31": "$51", "2014-09-30": "$44", "2014-06-30": "$44", "2014-03-31": "$46", "2013-12-31": "$36", "2013-09-30": "$37", "2013-06-30": "$31", "2013-03-31": "$15", "2012-12-31": "$709", "2012-09-30": "$16", "2012-06-30": "$25", "2012-03-31": "$21", "2011-12-31": "$13", "2011-09-30": "$16", "2011-06-30": "$-54", "2011-03-31": "$-94", "2010-12-31": "$-180", "2010-09-30": "$-196", "2010-06-30": "$-243", "2010-03-31": "$-230", "2009-12-31": "$-283", "2009-09-30": "$-454", "2009-06-30": "$-601", "2009-03-31": "$-151", "2008-12-31": "$-637", "2008-09-30": "$-40", "2008-06-30": "$12", "2008-03-31": "$81", "2007-12-31": "$82", "2007-09-30": "$135", "2007-06-30": "$163", "2007-03-31": "$147", "2006-12-31": "$176", "2006-09-30": "$154", "2006-06-30": "$153", "2006-03-31": "$135", "2005-12-31": "$137", "2005-09-30": "$134", "2005-06-30": "$128", "2005-03-31": "$117"}}, "eps-earnings-per-share-diluted": {"Synovus Financial Annual EPS": {"2020": "$2.30", "2019": "$3.47", "2018": "$3.47", "2017": "$2.17", "2016": "$1.89", "2015": "$1.62", "2014": "$1.33", "2013": "$0.88", "2012": "$5.93", "2011": "$-1.05", "2010": "$-8.68", "2009": "$-27.92", "2008": "$-12.39", "2007": "$11.20", "2006": "$13.30", "2005": "$11.48"}, "Synovus Financial Quarterly EPS": {"2020-12-31": "$0.96", "2020-09-30": "$0.56", "2020-06-30": "$0.57", "2020-03-31": "$0.20", "2019-12-31": "$0.96", "2019-09-30": "$0.83", "2019-06-30": "$0.96", "2019-03-31": "$0.72", "2018-12-31": "$0.88", "2018-09-30": "$0.84", "2018-06-30": "$0.91", "2018-03-31": "$0.84", "2017-12-31": "$0.23", "2017-09-30": "$0.78", "2017-06-30": "$0.60", "2017-03-31": "$0.56", "2016-12-31": "$0.53", "2016-09-30": "$0.51", "2016-06-30": "$0.46", "2016-03-31": "$0.39", "2015-12-31": "$0.42", "2015-09-30": "$0.42", "2015-06-30": "$0.40", "2015-03-31": "$0.38", "2014-12-31": "$0.36", "2014-09-30": "$0.32", "2014-06-30": "$0.32", "2014-03-31": "$0.33", "2013-12-31": "$0.23", "2013-09-30": "$0.27", "2013-06-30": "$0.24", "2013-03-31": "$0.14", "2012-12-31": "$5.44", "2012-09-30": "$0.14", "2012-06-30": "$0.21", "2012-03-31": "$0.14", "2011-12-31": "$0.14", "2011-09-30": "$0.14", "2011-06-30": "$-0.49", "2011-03-31": "$-0.84", "2010-12-31": "$-1.12", "2010-09-30": "$-1.75", "2010-06-30": "$-2.52", "2010-03-31": "$-3.29", "2009-12-31": "$-2.73", "2009-09-30": "$-9.24", "2009-06-30": "$-12.74", "2009-03-31": "$-3.22", "2008-12-31": "$-13.51", "2008-09-30": "$-0.84", "2008-06-30": "$0.28", "2008-03-31": "$1.68", "2007-12-31": "$1.75", "2007-09-30": "$2.87", "2007-06-30": "$3.43", "2007-03-31": "$3.15", "2006-12-31": "$3.71", "2006-09-30": "$3.29", "2006-06-30": "$3.29", "2006-03-31": "$3.01", "2005-12-31": "$3.01", "2005-09-30": "$3.01", "2005-06-30": "$2.87", "2005-03-31": "$2.59"}}, "shares-outstanding": {"Synovus Financial Annual Shares Outstanding (Millions of Shares)": {"2020": "148", "2019": "156", "2018": "118", "2017": "122", "2016": "125", "2015": "133", "2014": "139", "2013": "134", "2012": "130", "2011": "112", "2010": "98", "2009": "53", "2008": "47", "2007": "47", "2006": "46", "2005": "45"}, "Synovus Financial Quarterly Shares Outstanding (Millions of Shares)": {"2020-12-31": "149", "2020-09-30": "148", "2020-06-30": "148", "2020-03-31": "148", "2019-12-31": "156", "2019-09-30": "154", "2019-06-30": "159", "2019-03-31": "163", "2018-12-31": "118", "2018-09-30": "118", "2018-06-30": "119", "2018-03-31": "119", "2017-12-31": "122", "2017-09-30": "122", "2017-06-30": "123", "2017-03-31": "123", "2016-12-31": "125", "2016-09-30": "124", "2016-06-30": "126", "2016-03-31": "128", "2015-12-31": "133", "2015-09-30": "132", "2015-06-30": "134", "2015-03-31": "136", "2014-12-31": "139", "2014-09-30": "140", "2014-06-30": "140", "2014-03-31": "140", "2013-12-31": "134", "2013-09-30": "137", "2013-06-30": "130", "2013-03-31": "130", "2012-12-31": "130", "2012-09-30": "130", "2012-06-30": "130", "2012-03-31": "130", "2011-12-31": "112", "2011-09-30": "130", "2011-06-30": "112", "2011-03-31": "112", "2010-12-31": "98", "2010-09-30": "112", "2010-06-30": "97", "2010-03-31": "70", "2009-12-31": "53", "2009-09-30": "49", "2009-06-30": "47", "2009-03-31": "47", "2008-12-31": "47", "2008-09-30": "47", "2008-06-30": "47", "2008-03-31": "47", "2007-12-31": "47", "2007-09-30": "47", "2007-06-30": "47", "2007-03-31": "47", "2006-12-31": "46", "2006-09-30": "47", "2006-06-30": "47", "2006-03-31": "45", "2005-12-31": "45", "2005-09-30": "45", "2005-06-30": "45", "2005-03-31": "45"}}, "total-assets": {"Synovus Financial Annual Total Assets (Millions of US $)": {"2019": "$48,203", "2018": "$32,669", "2017": "$31,222", "2016": "$30,104", "2015": "$28,793", "2014": "$27,050", "2013": "$26,202", "2012": "$26,760", "2011": "$27,163", "2010": "$30,093", "2009": "$32,831", "2008": "$35,786", "2007": "$33,064", "2006": "$31,966", "2005": "$27,621"}, "Synovus Financial Quarterly Total Assets (Millions of US $)": {"2020-09-30": "$53,041", "2020-06-30": "$54,122", "2020-03-31": "$50,620", "2019-12-31": "$48,203", "2019-09-30": "$47,661", "2019-06-30": "$47,318", "2019-03-31": "$46,630", "2018-12-31": "$32,669", "2018-09-30": "$32,075", "2018-06-30": "$31,740", "2018-03-31": "$31,501", "2017-12-31": "$31,222", "2017-09-30": "$31,642", "2017-06-30": "$30,688", "2017-03-31": "$30,680", "2016-12-31": "$30,104", "2016-09-30": "$29,727", "2016-06-30": "$29,460", "2016-03-31": "$29,171", "2015-12-31": "$28,793", "2015-09-30": "$28,168", "2015-06-30": "$28,206", "2015-03-31": "$27,634", "2014-12-31": "$27,050", "2014-09-30": "$26,519", "2014-06-30": "$26,627", "2014-03-31": "$26,435", "2013-12-31": "$26,202", "2013-09-30": "$26,218", "2013-06-30": "$26,563", "2013-03-31": "$26,213", "2012-12-31": "$26,760", "2012-09-30": "$25,765", "2012-06-30": "$26,294", "2012-03-31": "$27,065", "2011-12-31": "$27,163", "2011-09-30": "$28,254", "2011-06-30": "$28,314", "2011-03-31": "$28,678", "2010-12-31": "$30,093", "2010-09-30": "$30,955", "2010-06-30": "$32,382", "2010-03-31": "$32,439", "2009-12-31": "$32,831", "2009-09-30": "$34,610", "2009-06-30": "$34,350", "2009-03-31": "$34,547", "2008-12-31": "$35,786", "2008-09-30": "$34,339", "2008-06-30": "$34,227", "2008-03-31": "$33,760", "2007-12-31": "$33,064", "2007-09-30": "$33,576", "2007-06-30": "$33,221", "2007-03-31": "$32,708", "2006-12-31": "$31,966", "2006-09-30": "$31,345", "2006-06-30": "$30,527", "2006-03-31": "$29,161", "2005-12-31": "$27,621", "2005-09-30": "$27,075", "2005-06-30": "$26,713", "2005-03-31": "$25,852"}}, "cash-on-hand": {"Synovus Financial Annual Cash on Hand (Millions of US $)": {"2019": "$1,187", "2018": "$1,144", "2017": "$933", "2016": "$1,008", "2015": "$1,289", "2014": "$1,306", "2013": "$1,226", "2012": "$2,261", "2011": "$2,267", "2010": "$3,692", "2009": "$2,697", "2008": "$2,154", "2007": "$787", "2006": "$849", "2005": "$980"}, "Synovus Financial Quarterly Cash on Hand (Millions of US $)": {"2020-09-30": "$1,985", "2020-06-30": "$1,571", "2020-03-31": "$1,824", "2019-12-31": "$1,187", "2019-09-30": "$1,182", "2019-06-30": "$1,151", "2019-03-31": "$1,266", "2018-12-31": "$1,144", "2018-09-30": "$1,012", "2018-06-30": "$1,092", "2018-03-31": "$1,059", "2017-12-31": "$933", "2017-09-30": "$1,751", "2017-06-30": "$901", "2017-03-31": "$1,079", "2016-12-31": "$1,008", "2016-09-30": "$1,451", "2016-06-30": "$1,385", "2016-03-31": "$1,363", "2015-12-31": "$1,289", "2015-09-30": "$1,264", "2015-06-30": "$1,753", "2015-03-31": "$1,801", "2014-12-31": "$1,306", "2014-09-30": "$1,234", "2014-06-30": "$1,393", "2014-03-31": "$1,448", "2013-12-31": "$1,226", "2013-09-30": "$1,593", "2013-06-30": "$2,022", "2013-03-31": "$1,899", "2012-12-31": "$2,261", "2012-09-30": "$1,419", "2012-06-30": "$1,971", "2012-03-31": "$2,418", "2011-12-31": "$2,267", "2011-09-30": "$3,431", "2011-06-30": "$3,422", "2011-03-31": "$3,119", "2010-12-31": "$3,692", "2010-09-30": "$3,714", "2010-06-30": "$4,437", "2010-03-31": "$3,599", "2009-12-31": "$2,697", "2009-09-30": "$3,431", "2009-06-30": "$1,412", "2009-03-31": "$1,066", "2008-12-31": "$2,154", "2008-09-30": "$872", "2008-06-30": "$865", "2008-03-31": "$729", "2007-12-31": "$787", "2007-09-30": "$1,095", "2007-06-30": "$1,200", "2007-03-31": "$1,100", "2006-12-31": "$849", "2006-09-30": "$1,131", "2006-06-30": "$1,150", "2006-03-31": "$1,120", "2005-12-31": "$980", "2005-09-30": "$1,059", "2005-06-30": "$1,171", "2005-03-31": "$863"}}, "long-term-debt": {"Synovus Financial Annual Long Term Debt (Millions of US $)": {"2019": "$2,154", "2018": "$1,657", "2017": "$1,606", "2016": "$2,161", "2015": "$2,187", "2014": "$2,139", "2013": "$2,033", "2012": "$1,726", "2011": "$1,365", "2010": "$1,808", "2009": "$1,752", "2008": "$2,107", "2007": "$1,890", "2006": "$1,343", "2005": "$1,934"}, "Synovus Financial Quarterly Long Term Debt (Millions of US $)": {"2020-09-30": "$1,628", "2020-06-30": "$2,328", "2020-03-31": "$3,152", "2019-12-31": "$2,154", "2019-09-30": "$2,154", "2019-06-30": "$2,306", "2019-03-31": "$2,106", "2018-12-31": "$1,657", "2018-09-30": "$1,657", "2018-06-30": "$1,657", "2018-03-31": "$1,856", "2017-12-31": "$1,606", "2017-09-30": "$1,883", "2017-06-30": "$2,107", "2017-03-31": "$2,161", "2016-12-31": "$2,161", "2016-09-30": "$2,161", "2016-06-30": "$2,136", "2016-03-31": "$2,361", "2015-12-31": "$2,187", "2015-09-30": "$2,039", "2015-06-30": "$2,139", "2015-03-31": "$2,190", "2014-12-31": "$2,139", "2014-09-30": "$2,131", "2014-06-30": "$2,256", "2014-03-31": "$2,107", "2013-12-31": "$2,033", "2013-09-30": "$1,885", "2013-06-30": "$1,886", "2013-03-31": "$1,653", "2012-12-31": "$1,726", "2012-09-30": "$1,654", "2012-06-30": "$1,302", "2012-03-31": "$1,352", "2011-12-31": "$1,365", "2011-09-30": "$1,522", "2011-06-30": "$1,895", "2011-03-31": "$1,913", "2010-12-31": "$1,808", "2010-09-30": "$1,743", "2010-06-30": "$1,877", "2010-03-31": "$1,868", "2009-12-31": "$1,752", "2009-09-30": "$1,963", "2009-06-30": "$1,865", "2009-03-31": "$1,870", "2008-12-31": "$2,107", "2008-09-30": "$2,121", "2008-06-30": "$2,122", "2008-03-31": "$1,993", "2007-12-31": "$1,890", "2007-09-30": "$1,760", "2007-06-30": "$1,673", "2007-03-31": "$1,552", "2006-12-31": "$1,343", "2006-09-30": "$1,364", "2006-06-30": "$1,422", "2006-03-31": "$1,731", "2005-12-31": "$1,934", "2005-09-30": "$2,256", "2005-06-30": "$2,336", "2005-03-31": "$1,915"}}, "total-liabilities": {"Synovus Financial Annual Total Liabilities (Millions of US $)": {"2019": "$43,262", "2018": "$29,536", "2017": "$28,260", "2016": "$27,176", "2015": "$25,792", "2014": "$24,009", "2013": "$23,253", "2012": "$23,191", "2011": "$24,335", "2010": "$27,069", "2009": "$29,960", "2008": "$31,967", "2007": "$29,623", "2006": "$28,258", "2005": "$24,671"}, "Synovus Financial Quarterly Total Liabilities (Millions of US $)": {"2020-09-30": "$47,976", "2020-06-30": "$49,069", "2020-03-31": "$45,554", "2019-12-31": "$43,262", "2019-09-30": "$42,792", "2019-06-30": "$42,564", "2019-03-31": "$42,032", "2018-12-31": "$29,536", "2018-09-30": "$29,035", "2018-06-30": "$28,573", "2018-03-31": "$28,545", "2017-12-31": "$28,260", "2017-09-30": "$28,645", "2017-06-30": "$27,690", "2017-03-31": "$27,717", "2016-12-31": "$27,176", "2016-09-30": "$26,820", "2016-06-30": "$26,508", "2016-03-31": "$26,218", "2015-12-31": "$25,792", "2015-09-30": "$25,151", "2015-06-30": "$25,200", "2015-03-31": "$24,603", "2014-12-31": "$24,009", "2014-09-30": "$23,443", "2014-06-30": "$23,574", "2014-03-31": "$23,437", "2013-12-31": "$23,253", "2013-09-30": "$23,287", "2013-06-30": "$22,995", "2013-03-31": "$22,635", "2012-12-31": "$23,191", "2012-09-30": "$22,889", "2012-06-30": "$23,441", "2012-03-31": "$24,243", "2011-12-31": "$24,335", "2011-09-30": "$25,424", "2011-06-30": "$25,463", "2011-03-31": "$25,796", "2010-12-31": "$27,069", "2010-09-30": "$27,714", "2010-06-30": "$28,936", "2010-03-31": "$29,801", "2009-12-31": "$29,960", "2009-09-30": "$31,437", "2009-06-30": "$31,295", "2009-03-31": "$30,876", "2008-12-31": "$31,967", "2008-09-30": "$30,961", "2008-06-30": "$30,799", "2008-03-31": "$30,229", "2007-12-31": "$29,623", "2007-09-30": "$29,521", "2007-06-30": "$29,295", "2007-03-31": "$28,872", "2006-12-31": "$28,258", "2006-09-30": "$27,781", "2006-06-30": "$27,154", "2006-03-31": "$25,959", "2005-12-31": "$24,671", "2005-09-30": "$24,200", "2005-06-30": "$23,919", "2005-03-31": "$23,154"}}, "total-share-holder-equity": {"Synovus Financial Annual Share Holder Equity (Millions of US $)": {"2019": "$4,942", "2018": "$3,134", "2017": "$2,962", "2016": "$2,928", "2015": "$3,000", "2014": "$3,041", "2013": "$2,949", "2012": "$3,569", "2011": "$2,827", "2010": "$3,025", "2009": "$2,872", "2008": "$3,820", "2007": "$3,442", "2006": "$3,709", "2005": "$2,949"}, "Synovus Financial Quarterly Share Holder Equity (Millions of US $)": {"2020-09-30": "$5,065", "2020-06-30": "$5,053", "2020-03-31": "$5,065", "2019-12-31": "$4,942", "2019-09-30": "$4,869", "2019-06-30": "$4,754", "2019-03-31": "$4,598", "2018-12-31": "$3,134", "2018-09-30": "$3,040", "2018-06-30": "$3,168", "2018-03-31": "$2,956", "2017-12-31": "$2,962", "2017-09-30": "$2,997", "2017-06-30": "$2,998", "2017-03-31": "$2,962", "2016-12-31": "$2,928", "2016-09-30": "$2,907", "2016-06-30": "$2,952", "2016-03-31": "$2,953", "2015-12-31": "$3,000", "2015-09-30": "$3,017", "2015-06-30": "$3,006", "2015-03-31": "$3,031", "2014-12-31": "$3,041", "2014-09-30": "$3,077", "2014-06-30": "$3,053", "2014-03-31": "$2,998", "2013-12-31": "$2,949", "2013-09-30": "$2,932", "2013-06-30": "$3,568", "2013-03-31": "$3,578", "2012-12-31": "$3,569", "2012-09-30": "$2,876", "2012-06-30": "$2,853", "2012-03-31": "$2,822", "2011-12-31": "$2,827", "2011-09-30": "$2,829", "2011-06-30": "$2,851", "2011-03-31": "$2,883", "2010-12-31": "$3,025", "2010-09-30": "$3,241", "2010-06-30": "$3,446", "2010-03-31": "$2,638", "2009-12-31": "$2,872", "2009-09-30": "$3,174", "2009-06-30": "$3,055", "2009-03-31": "$3,671", "2008-12-31": "$3,820", "2008-09-30": "$3,378", "2008-06-30": "$3,429", "2008-03-31": "$3,531", "2007-12-31": "$3,442", "2007-09-30": "$4,054", "2007-06-30": "$3,925", "2007-03-31": "$3,836", "2006-12-31": "$3,709", "2006-09-30": "$3,564", "2006-06-30": "$3,373", "2006-03-31": "$3,202", "2005-12-31": "$2,949", "2005-09-30": "$2,875", "2005-06-30": "$2,794", "2005-03-31": "$2,699"}}, "profit-margins": {"current": "16.17%"}, "gross margin": {"2020-12-31": "87.36%", "2020-09-30": "85.13%", "2020-06-30": "82.96%", "2020-03-31": "81.00%", "2019-12-31": "81.13%", "2019-09-30": "81.77%", "2019-06-30": "83.36%", "2019-03-31": "85.56%", "2018-12-31": "87.93%", "2018-09-30": "88.95%", "2018-06-30": "90.20%", "2018-03-31": "90.60%", "2017-12-31": "90.84%", "2017-09-30": "91.02%", "2017-06-30": "90.60%", "2017-03-31": "90.59%", "2016-12-31": "90.43%", "2016-09-30": "90.28%", "2016-06-30": "90.21%", "2016-03-31": "90.15%", "2015-12-31": "90.27%", "2015-09-30": "90.44%", "2015-06-30": "90.63%", "2015-03-31": "90.75%", "2014-12-31": "90.76%", "2014-09-30": "90.63%", "2014-06-30": "90.46%", "2014-03-31": "90.30%", "2013-12-31": "90.10%", "2013-09-30": "89.99%", "2013-06-30": "89.70%", "2013-03-31": "89.18%", "2012-12-31": "88.69%", "2012-09-30": "87.88%", "2012-06-30": "87.42%", "2012-03-31": "86.48%", "2011-12-31": "85.35%", "2011-09-30": "84.15%", "2011-06-30": "82.24%", "2011-03-31": "80.90%", "2010-12-31": "79.51%", "2010-09-30": "78.74%", "2010-06-30": "77.10%", "2010-03-31": "75.89%", "2009-12-31": "74.02%", "2009-09-30": "70.25%", "2009-06-30": "68.38%", "2009-03-31": "66.84%", "2008-12-31": "65.76%", "2008-09-30": "63.98%", "2008-06-30": "62.03%", "2008-03-31": "59.93%", "2007-12-31": "58.26%", "2007-09-30": "19.41%", "2007-06-30": "39.62%", "2007-03-31": "52.98%", "2006-12-31": "62.54%", "2006-09-30": "66.12%", "2006-06-30": "68.04%", "2006-03-31": "69.77%", "2005-12-31": "70.87%"}, "operating margin": {"2020-12-31": "21.72%", "2020-09-30": "21.25%", "2020-06-30": "23.01%", "2020-03-31": "27.10%", "2019-12-31": "34.12%", "2019-09-30": "34.17%", "2019-06-30": "34.91%", "2019-03-31": "34.63%", "2018-12-31": "34.24%", "2018-09-30": "31.49%", "2018-06-30": "32.29%", "2018-03-31": "31.76%", "2017-12-31": "31.12%", "2017-09-30": "32.93%", "2017-06-30": "31.94%", "2017-03-31": "31.40%", "2016-12-31": "30.09%", "2016-09-30": "30.02%", "2016-06-30": "29.70%", "2016-03-31": "29.15%", "2015-12-31": "29.60%", "2015-09-30": "29.09%", "2015-06-30": "27.53%", "2015-03-31": "27.17%", "2014-12-31": "27.12%", "2014-09-30": "25.65%", "2014-06-30": "25.74%", "2014-03-31": "25.13%", "2013-12-31": "22.25%", "2013-09-30": "10.75%", "2013-06-30": "7.14%", "2013-03-31": "4.11%", "2012-12-31": "2.88%", "2012-09-30": "10.11%", "2012-06-30": "10.01%", "2012-03-31": "4.37%", "2011-12-31": "-1.96%", "2011-09-30": "-14.01%", "2011-06-30": "-28.36%", "2011-03-31": "-39.59%", "2010-12-31": "-51.88%", "2010-09-30": "-53.78%", "2010-06-30": "-68.65%", "2010-03-31": "-88.99%", "2009-12-31": "-83.24%", "2009-09-30": "-108.64%", "2009-06-30": "-82.95%", "2009-03-31": "-47.00%", "2008-12-31": "-28.35%", "2008-09-30": "7.21%", "2008-06-30": "13.87%", "2008-03-31": "18.75%", "2007-12-31": "19.93%", "2007-09-30": "28.48%", "2007-06-30": "29.15%", "2007-03-31": "28.41%", "2006-12-31": "27.65%", "2006-09-30": "27.92%", "2006-06-30": "29.10%", "2006-03-31": "29.53%", "2005-12-31": "30.88%"}, "ebitda margin": {"2020-09-30": "0.00%", "2020-06-30": "0.00%", "2020-03-31": "0.00%", "2019-12-31": "0.00%", "2019-09-30": "0.00%", "2019-06-30": "0.00%", "2019-03-31": "0.00%", "2018-12-31": "0.00%", "2018-09-30": "0.00%", "2018-06-30": "0.00%", "2018-03-31": "0.00%", "2017-12-31": "0.00%", "2017-09-30": "0.00%", "2017-06-30": "0.00%", "2017-03-31": "0.00%", "2016-12-31": "0.00%", "2016-09-30": "0.00%", "2016-06-30": "0.00%", "2016-03-31": "0.00%", "2015-12-31": "0.00%", "2015-09-30": "0.00%", "2015-06-30": "0.00%", "2015-03-31": "0.00%", "2014-12-31": "0.00%", "2014-09-30": "0.00%", "2014-06-30": "0.00%", "2014-03-31": "0.00%", "2013-12-31": "0.00%", "2013-09-30": "0.00%", "2013-06-30": "0.00%", "2013-03-31": "0.00%", "2012-12-31": "0.00%", "2012-09-30": "0.00%", "2012-06-30": "0.00%", "2012-03-31": "0.00%", "2011-12-31": "0.00%", "2011-09-30": "0.00%", "2011-06-30": "0.00%", "2011-03-31": "0.00%", "2010-12-31": "0.00%", "2010-09-30": "0.00%", "2010-06-30": "0.00%", "2010-03-31": "0.00%", "2009-12-31": "0.00%", "2009-09-30": "0.00%", "2009-06-30": "0.00%", "2009-03-31": "0.00%", "2008-12-31": "0.00%", "2008-09-30": "0.00%", "2008-06-30": "0.00%", "2008-03-31": "0.00%", "2007-12-31": "0.00%", "2007-09-30": "0.00%", "2007-06-30": "0.00%", "2007-03-31": "0.00%", "2006-12-31": "0.00%", "2006-09-30": "0.00%", "2006-06-30": "0.00%", "2006-03-31": "0.00%", "2005-12-31": "0.00%"}, "pre tax profit margin": {"2020-12-31": "20.94%", "2020-09-30": "21.29%", "2020-06-30": "23.05%", "2020-03-31": "26.85%", "2019-12-31": "31.84%", "2019-09-30": "31.57%", "2019-06-30": "31.71%", "2019-03-31": "31.46%", "2018-12-31": "33.68%", "2018-09-30": "32.19%", "2018-06-30": "33.42%", "2018-03-31": "32.92%", "2017-12-31": "31.92%", "2017-09-30": "32.99%", "2017-06-30": "31.94%", "2017-03-31": "30.95%", "2016-12-31": "30.02%", "2016-09-30": "29.38%", "2016-06-30": "29.13%", "2016-03-31": "29.07%", "2015-12-31": "29.60%", "2015-09-30": "28.84%", "2015-06-30": "27.28%", "2015-03-31": "26.24%", "2014-12-31": "25.44%", "2014-09-30": "23.97%", "2014-06-30": "23.97%", "2014-03-31": "23.86%", "2013-12-31": "21.40%", "2013-09-30": "10.01%", "2013-06-30": "6.41%", "2013-03-31": "3.40%", "2012-12-31": "2.43%", "2012-09-30": "9.74%", "2012-06-30": "9.52%", "2012-03-31": "3.82%", "2011-12-31": "-4.05%", "2011-09-30": "-16.18%", "2011-06-30": "-30.59%", "2011-03-31": "-41.56%", "2010-12-31": "-52.31%", "2010-09-30": "-53.96%", "2010-06-30": "-68.59%", "2010-03-31": "-88.99%", "2009-12-31": "-83.60%", "2009-09-30": "-109.21%", "2009-06-30": "-83.94%", "2009-03-31": "-48.10%", "2008-12-31": "-29.05%", "2008-09-30": "6.67%", "2008-06-30": "13.71%", "2008-03-31": "18.75%", "2007-12-31": "19.93%", "2007-09-30": "29.96%", "2007-06-30": "29.73%", "2007-03-31": "28.37%", "2006-12-31": "27.19%", "2006-09-30": "27.79%", "2006-06-30": "29.01%", "2006-03-31": "29.48%", "2005-12-31": "30.94%"}, "net profit margin": {"2020-12-31": "14.71%", "2020-09-30": "14.41%", "2020-06-30": "15.85%", "2020-03-31": "18.80%", "2019-12-31": "22.44%", "2019-09-30": "22.41%", "2019-06-30": "23.19%", "2019-03-31": "23.36%", "2018-12-31": "25.31%", "2018-09-30": "21.33%", "2018-06-30": "20.85%", "2018-03-31": "19.18%", "2017-12-31": "17.52%", "2017-09-30": "20.61%", "2017-06-30": "19.90%", "2017-03-31": "19.28%", "2016-12-31": "18.29%", "2016-09-30": "17.93%", "2016-06-30": "17.58%", "2016-03-31": "17.43%", "2015-12-31": "17.72%", "2015-09-30": "17.46%", "2015-06-30": "16.65%", "2015-03-31": "15.98%", "2014-12-31": "15.53%", "2014-09-30": "14.35%", "2014-06-30": "13.76%", "2014-03-31": "12.65%", "2013-12-31": "10.07%", "2013-09-30": "65.51%", "2013-06-30": "62.53%", "2013-03-31": "60.43%", "2012-12-31": "58.50%", "2012-09-30": "5.58%", "2012-06-30": "5.21%", "2012-03-31": "-0.27%", "2011-12-31": "-8.04%", "2011-09-30": "-20.43%", "2011-06-30": "-34.47%", "2011-03-31": "-45.24%", "2010-12-31": "-52.25%", "2010-09-30": "-55.00%", "2010-06-30": "-67.75%", "2010-03-31": "-84.21%", "2009-12-31": "-77.51%", "2009-09-30": "-95.34%", "2009-06-30": "-70.60%", "2009-03-31": "-38.82%", "2008-12-31": "-25.67%", "2008-09-30": "5.63%", "2008-06-30": "12.29%", "2008-03-31": "17.61%", "2007-12-31": "20.20%", "2007-09-30": "46.17%", "2007-06-30": "37.02%", "2007-03-31": "30.29%", "2006-12-31": "26.01%", "2006-09-30": "24.80%", "2006-06-30": "25.82%", "2006-03-31": "26.73%", "2005-12-31": "28.30%"}, "pe ratio": {"current": "16.80", "2021-02-05": "30.45", "2020-12-31": "24.34", "2020-09-30": "9.11", "2020-06-30": "7.79", "2020-03-31": "5.70", "2019-12-31": "10.55", "2019-09-30": "9.84", "2019-06-30": "9.52", "2019-03-31": "9.40", "2018-12-31": "8.38", "2018-09-30": "14.60", "2018-06-30": "17.12", "2018-03-31": "18.15", "2017-12-31": "19.58", "2017-09-30": "16.41", "2017-06-30": "17.63", "2017-03-31": "17.39", "2016-12-31": "18.91", "2016-09-30": "15.85", "2016-06-30": "14.81", "2016-03-31": "15.25", "2015-12-31": "17.12", "2015-09-30": "16.18", "2015-06-30": "17.94", "2015-03-31": "17.19", "2014-12-31": "16.93", "2014-09-30": "15.76", "2014-06-30": "16.74", "2014-03-31": "17.84", "2013-12-31": "23.25", "2013-09-30": "3.18", "2013-06-30": "2.87", "2013-03-31": "2.71", "2012-12-31": "2.39", "2012-09-30": "24.44", "2012-06-30": "20.33", "2012-03-31": "0.00", "2011-12-31": "0.00", "2011-09-30": "0.00", "2011-06-30": "0.00", "2011-03-31": "0.00", "2010-12-31": "0.00", "2010-09-30": "0.00", "2010-06-30": "0.00", "2010-03-31": "0.00", "2009-12-31": "0.00", "2009-09-30": "0.00", "2009-06-30": "0.00", "2009-03-31": "0.00", "2008-12-31": "0.00", "2008-09-30": "17.62", "2008-06-30": "6.93", "2008-03-31": "5.86", "2007-12-31": "4.82", "2007-09-30": "4.75", "2007-06-30": "5.07", "2007-03-31": "5.39", "2006-12-31": "5.17"}, "price sales": {"2021-02-05": "2.60", "2020-12-31": "2.08", "2020-09-30": "1.33", "2020-06-30": "1.25", "2020-03-31": "1.08", "2019-12-31": "2.41", "2019-09-30": "2.22", "2019-06-30": "2.22", "2019-03-31": "2.23", "2018-12-31": "2.12", "2018-09-30": "3.13", "2018-06-30": "3.58", "2018-03-31": "3.50", "2017-12-31": "3.45", "2017-09-30": "3.41", "2017-06-30": "3.54", "2017-03-31": "3.37", "2016-12-31": "3.48", "2016-09-30": "2.85", "2016-06-30": "2.62", "2016-03-31": "2.68", "2015-12-31": "3.07", "2015-09-30": "2.85", "2015-06-30": "3.02", "2015-03-31": "2.78", "2014-12-31": "2.70", "2014-09-30": "2.33", "2014-06-30": "2.39", "2014-03-31": "2.28", "2013-12-31": "2.38", "2013-09-30": "2.11", "2013-06-30": "1.80", "2013-03-31": "1.66", "2012-12-31": "1.40", "2012-09-30": "1.27", "2012-06-30": "0.99", "2012-03-31": "0.97", "2011-12-31": "0.63", "2011-09-30": "0.44", "2011-06-30": "0.83", "2011-03-31": "0.88", "2010-12-31": "0.82", "2010-09-30": "0.59", "2010-06-30": "0.48", "2010-03-31": "0.52", "2009-12-31": "0.29", "2009-09-30": "0.50", "2009-06-30": "0.38", "2009-03-31": "0.40", "2008-12-31": "0.93", "2008-09-30": "1.09", "2008-06-30": "0.87", "2008-03-31": "1.04", "2007-12-31": "0.99", "2007-09-30": "2.24", "2007-06-30": "1.89", "2007-03-31": "1.64", "2006-12-31": "1.34"}, "price book": {"current": "1.29", "2021-02-05": "1.18", "2020-09-30": "0.61", "2020-06-30": "0.58", "2020-03-31": "0.49", "2019-12-31": "1.09", "2019-09-30": "1.01", "2019-06-30": "1.07", "2019-03-31": "1.08", "2018-12-31": "1.07", "2018-09-30": "1.58", "2018-06-30": "1.76", "2018-03-31": "1.79", "2017-12-31": "1.71", "2017-09-30": "1.62", "2017-06-30": "1.58", "2017-03-31": "1.49", "2016-12-31": "1.50", "2016-09-30": "1.19", "2016-06-30": "1.06", "2016-03-31": "1.07", "2015-12-31": "1.20", "2015-09-30": "1.10", "2015-06-30": "1.16", "2015-03-31": "1.06", "2014-12-31": "1.03", "2014-09-30": "0.90", "2014-06-30": "0.94", "2014-03-31": "0.93", "2013-12-31": "1.00", "2013-09-30": "0.92", "2013-06-30": "0.62", "2013-03-31": "0.51", "2012-12-31": "0.45", "2012-09-30": "0.53", "2012-06-30": "0.45", "2012-03-31": "0.47", "2011-12-31": "0.32", "2011-09-30": "0.24", "2011-06-30": "0.46", "2011-03-31": "0.52", "2010-12-31": "0.54", "2010-09-30": "0.47", "2010-06-30": "0.46", "2010-03-31": "0.48", "2009-12-31": "0.27", "2009-09-30": "0.44", "2009-06-30": "0.25", "2009-03-31": "0.23", "2008-12-31": "0.55", "2008-09-30": "0.78", "2008-06-30": "0.64", "2008-03-31": "0.77", "2007-12-31": "0.75", "2007-09-30": "0.73", "2007-06-30": "0.83", "2007-03-31": "0.89", "2006-12-31": "0.87", "2006-09-30": "0.86", "2006-06-30": "0.82", "2006-03-31": "0.86"}, "price fcf": {"2021-02-05": "", "2020-09-30": "$-0.08", "2020-06-30": "$-3.93", "2020-03-31": "$2.85", "2019-12-31": "$3.59", "2019-09-30": "$3.22", "2019-06-30": "$3.79", "2019-03-31": "$4.31", "2018-12-31": "$4.10", "2018-09-30": "$4.04", "2018-06-30": "$4.61", "2018-03-31": "$4.31", "2017-12-31": "$4.75", "2017-09-30": "$4.69", "2017-06-30": "$3.84", "2017-03-31": "$3.85", "2016-12-31": "$3.45", "2016-09-30": "$3.36", "2016-06-30": "$3.79", "2016-03-31": "$3.51", "2015-12-31": "$3.13", "2015-09-30": "$2.84", "2015-06-30": "$2.37", "2015-03-31": "$2.20", "2014-12-31": "$2.50", "2014-09-30": "$2.83", "2014-06-30": "$3.05", "2014-03-31": "$3.57", "2013-12-31": "$4.30", "2013-09-30": "$5.80", "2013-06-30": "$3.31", "2013-03-31": "$2.04", "2012-12-31": "$3.42", "2012-09-30": "$2.55", "2012-06-30": "$4.21", "2012-03-31": "$6.28", "2011-12-31": "$5.66", "2011-09-30": "$7.34", "2011-06-30": "$6.75", "2011-03-31": "$4.44", "2010-12-31": "$9.11", "2010-09-30": "$2.73", "2010-06-30": "$10.26", "2010-03-31": "$13.07", "2009-12-31": "$7.35", "2009-09-30": "$14.02", "2009-06-30": "$9.90", "2009-03-31": "$9.04", "2008-12-31": "$11.66", "2008-09-30": "$12.00", "2008-06-30": "$11.48", "2008-03-31": "$11.75", "2007-12-31": "$9.91", "2007-09-30": "$9.64", "2007-06-30": "$12.59", "2007-03-31": "$14.03", "2006-12-31": "$14.04"}, "net worth": {"value": "$5.99B"}, "current ratio": {"2020-12-31": "0.91", "2020-09-30": "0.92", "2020-06-30": "0.94", "2020-03-31": "0.96", "2019-12-31": "0.95", "2019-09-30": "0.94", "2019-06-30": "0.94", "2019-03-31": "0.94", "2018-12-31": "0.97", "2018-09-30": "0.97", "2018-06-30": "0.98", "2018-03-31": "0.97", "2017-12-31": "0.96", "2017-09-30": "0.99", "2017-06-30": "0.99", "2017-03-31": "1.00", "2016-12-31": "0.99", "2016-09-30": "1.01", "2016-06-30": "1.00", "2016-03-31": "1.01", "2015-12-31": "1.01", "2015-09-30": "1.00", "2015-06-30": "1.01", "2015-03-31": "1.02", "2014-12-31": "1.03", "2014-09-30": "1.03", "2014-06-30": "1.03", "2014-03-31": "1.01", "2013-12-31": "1.00", "2013-09-30": "1.00", "2013-06-30": "1.02", "2013-03-31": "1.01", "2012-12-31": "1.02", "2012-09-30": "1.00", "2012-06-30": "0.97", "2012-03-31": "0.97", "2011-12-31": "0.97", "2011-09-30": "0.99", "2011-06-30": "1.01", "2011-03-31": "1.00", "2010-12-31": "1.00", "2010-09-30": "1.00", "2010-06-30": "1.02", "2010-03-31": "0.99", "2009-12-31": "0.98", "2009-09-30": "1.00", "2009-06-30": "0.98", "2009-03-31": "1.00", "2008-12-31": "1.01", "2008-09-30": "0.99", "2008-06-30": "0.99", "2008-03-31": "1.00", "2007-12-31": "0.99", "2007-09-30": "0.99", "2007-06-30": "0.99", "2007-03-31": "0.99", "2006-12-31": "0.97", "2006-09-30": "0.99", "2006-06-30": "0.99", "2006-03-31": "1.00", "2005-12-31": "1.01", "2005-09-30": "1.03", "2005-06-30": "1.03", "2005-03-31": "1.01"}, "quick ratio": {"2020-12-31": "0.00", "2020-09-30": "0.00", "2020-06-30": "0.00", "2020-03-31": "0.00", "2019-12-31": "0.00", "2019-09-30": "0.00", "2019-06-30": "0.00", "2019-03-31": "0.00", "2018-12-31": "0.00", "2018-09-30": "0.00", "2018-06-30": "0.00", "2018-03-31": "0.00", "2017-12-31": "0.00", "2017-09-30": "0.00", "2017-06-30": "0.00", "2017-03-31": "0.00", "2016-12-31": "0.00", "2016-09-30": "0.00", "2016-06-30": "0.00", "2016-03-31": "0.00", "2015-12-31": "0.00", "2015-09-30": "0.00", "2015-06-30": "0.00", "2015-03-31": "0.00", "2014-12-31": "0.00", "2014-09-30": "0.00", "2014-06-30": "0.00", "2014-03-31": "0.00", "2013-12-31": "0.00", "2013-09-30": "0.00", "2013-06-30": "0.00", "2013-03-31": "0.00", "2012-12-31": "0.00", "2012-09-30": "0.00", "2012-06-30": "0.00", "2012-03-31": "0.00", "2011-12-31": "0.00", "2011-09-30": "0.00", "2011-06-30": "0.00", "2011-03-31": "0.00", "2010-12-31": "0.00", "2010-09-30": "0.00", "2010-06-30": "0.00", "2010-03-31": "0.00", "2009-12-31": "0.00", "2009-09-30": "0.00", "2009-06-30": "0.00", "2009-03-31": "0.00", "2008-12-31": "0.00", "2008-09-30": "0.00", "2008-06-30": "0.00", "2008-03-31": "0.00", "2007-12-31": "0.00", "2007-09-30": "0.00", "2007-06-30": "0.00", "2007-03-31": "0.00", "2006-12-31": "0.00", "2006-09-30": "0.00", "2006-06-30": "0.00", "2006-03-31": "0.00", "2005-12-31": "0.00", "2005-09-30": "0.00", "2005-06-30": "0.00", "2005-03-31": "0.00"}, "debt equity ratio": {"current": "0.26", "2020-12-31": "9.53", "2020-09-30": "9.47", "2020-06-30": "9.71", "2020-03-31": "8.99", "2019-12-31": "8.75", "2019-09-30": "8.79", "2019-06-30": "8.95", "2019-03-31": "9.14", "2018-12-31": "9.43", "2018-09-30": "9.55", "2018-06-30": "9.02", "2018-03-31": "9.66", "2017-12-31": "9.54", "2017-09-30": "9.56", "2017-06-30": "9.24", "2017-03-31": "9.36", "2016-12-31": "9.28", "2016-09-30": "9.23", "2016-06-30": "8.98", "2016-03-31": "8.88", "2015-12-31": "8.60", "2015-09-30": "8.34", "2015-06-30": "8.38", "2015-03-31": "8.12", "2014-12-31": "7.89", "2014-09-30": "7.62", "2014-06-30": "7.72", "2014-03-31": "7.82", "2013-12-31": "7.89", "2013-09-30": "7.94", "2013-06-30": "6.44", "2013-03-31": "6.33", "2012-12-31": "6.50", "2012-09-30": "7.96", "2012-06-30": "8.22", "2012-03-31": "8.59", "2011-12-31": "8.61", "2011-09-30": "8.99", "2011-06-30": "8.93", "2011-03-31": "8.95", "2010-12-31": "8.95", "2010-09-30": "8.55", "2010-06-30": "8.40", "2010-03-31": "11.30", "2009-12-31": "10.43", "2009-09-30": "9.91", "2009-06-30": "10.24", "2009-03-31": "8.41", "2008-12-31": "8.37", "2008-09-30": "9.17", "2008-06-30": "8.98", "2008-03-31": "8.56", "2007-12-31": "8.61", "2007-09-30": "7.28", "2007-06-30": "7.46", "2007-03-31": "7.53", "2006-12-31": "7.62", "2006-09-30": "7.80", "2006-06-30": "8.05", "2006-03-31": "8.11", "2005-12-31": "8.37", "2005-09-30": "8.42", "2005-06-30": "8.56", "2005-03-31": "8.58"}, "return on equity": {"2020-12-31": "6.69%", "2020-09-30": "6.78%", "2020-06-30": "7.73%", "2020-03-31": "9.23%", "2019-12-31": "11.27%", "2019-09-30": "11.50%", "2019-06-30": "12.13%", "2019-03-31": "12.25%", "2018-12-31": "13.37%", "2018-09-30": "11.08%", "2018-06-30": "10.99%", "2018-03-31": "9.94%", "2017-12-31": "8.86%", "2017-09-30": "10.20%", "2017-06-30": "9.19%", "2017-03-31": "8.72%", "2016-12-31": "8.07%", "2016-09-30": "7.69%", "2016-06-30": "7.35%", "2016-03-31": "7.15%", "2015-12-31": "7.13%", "2015-09-30": "6.95%", "2015-06-30": "6.55%", "2015-03-31": "6.23%", "2014-12-31": "6.08%", "2014-09-30": "5.63%", "2014-06-30": "5.46%", "2014-03-31": "4.82%", "2013-12-31": "3.65%", "2013-09-30": "23.21%", "2013-06-30": "22.69%", "2013-03-31": "23.77%", "2012-12-31": "25.45%", "2012-09-30": "2.64%", "2012-06-30": "2.65%", "2012-03-31": "-0.14%", "2011-12-31": "-4.18%", "2011-09-30": "-10.77%", "2011-06-30": "-17.47%", "2011-03-31": "-22.64%", "2010-12-31": "-27.50%", "2010-09-30": "-31.22%", "2010-06-30": "-39.90%", "2010-03-31": "-53.43%", "2009-12-31": "-46.63%", "2009-09-30": "-53.73%", "2009-06-30": "-41.05%", "2009-03-31": "-22.83%", "2008-12-31": "-16.50%", "2008-09-30": "3.92%", "2008-06-30": "8.58%", "2008-03-31": "12.33%", "2007-12-31": "13.82%", "2007-09-30": "16.00%", "2007-06-30": "17.03%", "2007-03-31": "17.40%", "2006-12-31": "17.85%", "2006-09-30": "17.70%", "2006-06-30": "18.03%", "2006-03-31": "18.07%", "2005-12-31": "18.24%"}, "return on assets": {"2020-12-31": "0.64%", "2020-09-30": "0.66%", "2020-06-30": "0.77%", "2020-03-31": "0.93%", "2019-12-31": "1.14%", "2019-09-30": "1.15%", "2019-06-30": "1.19%", "2019-03-31": "1.19%", "2018-12-31": "1.28%", "2018-09-30": "1.06%", "2018-06-30": "1.05%", "2018-03-31": "0.95%", "2017-12-31": "0.85%", "2017-09-30": "0.98%", "2017-06-30": "0.89%", "2017-03-31": "0.85%", "2016-12-31": "0.80%", "2016-09-30": "0.78%", "2016-06-30": "0.76%", "2016-03-31": "0.75%", "2015-12-31": "0.76%", "2015-09-30": "0.76%", "2015-06-30": "0.73%", "2015-03-31": "0.70%", "2014-12-31": "0.69%", "2014-09-30": "0.64%", "2014-06-30": "0.62%", "2014-03-31": "0.57%", "2013-12-31": "0.45%", "2013-09-30": "3.00%", "2013-06-30": "2.93%", "2013-03-31": "2.91%", "2012-12-31": "2.91%", "2012-09-30": "0.28%", "2012-06-30": "0.28%", "2012-03-31": "-0.01%", "2011-12-31": "-0.42%", "2011-09-30": "-1.08%", "2011-06-30": "-1.78%", "2011-03-31": "-2.34%", "2010-12-31": "-2.70%", "2010-09-30": "-2.96%", "2010-06-30": "-3.66%", "2010-03-31": "-4.67%", "2009-12-31": "-4.37%", "2009-09-30": "-5.29%", "2009-06-30": "-4.11%", "2009-03-31": "-2.35%", "2008-12-31": "-1.69%", "2008-09-30": "0.40%", "2008-06-30": "0.92%", "2008-03-31": "1.38%", "2007-12-31": "1.59%", "2007-09-30": "1.89%", "2007-06-30": "1.98%", "2007-03-31": "1.99%", "2006-12-31": "2.01%", "2006-09-30": "1.95%", "2006-06-30": "1.95%", "2006-03-31": "1.93%", "2005-12-31": "1.92%"}, "return on investments": {"2020-12-31": "7.01%", "2020-09-30": "6.85%", "2020-06-30": "7.52%", "2020-03-31": "8.89%", "2019-12-31": "11.78%", "2019-09-30": "11.90%", "2019-06-30": "12.20%", "2019-03-31": "12.05%", "2018-12-31": "11.63%", "2018-09-30": "10.50%", "2018-06-30": "10.77%", "2018-03-31": "10.12%", "2017-12-31": "9.53%", "2017-09-30": "9.59%", "2017-06-30": "8.54%", "2017-03-31": "8.19%", "2016-12-31": "7.59%", "2016-09-30": "7.36%", "2016-06-30": "7.17%", "2016-03-31": "6.92%", "2015-12-31": "6.97%", "2015-09-30": "6.80%", "2015-06-30": "6.34%", "2015-03-31": "6.18%", "2014-12-31": "6.21%", "2014-09-30": "5.90%", "2014-06-30": "6.04%", "2014-03-31": "5.86%", "2013-12-31": "5.14%", "2013-09-30": "2.50%", "2013-06-30": "1.72%", "2013-03-31": "1.08%", "2012-12-31": "0.84%", "2012-09-30": "3.19%", "2012-06-30": "3.41%", "2012-03-31": "1.47%", "2011-12-31": "-0.64%", "2011-09-30": "-4.57%", "2011-06-30": "-8.91%", "2011-03-31": "-12.52%", "2010-12-31": "-17.16%", "2010-09-30": "-19.16%", "2010-06-30": "-25.03%", "2010-03-31": "-34.54%", "2009-12-31": "-31.63%", "2009-09-30": "-39.02%", "2009-06-30": "-30.68%", "2009-03-31": "-17.55%", "2008-12-31": "-11.47%", "2008-09-30": "3.16%", "2008-06-30": "6.30%", "2008-03-31": "8.82%", "2007-12-31": "9.40%", "2007-09-30": "7.01%", "2007-06-30": "9.62%", "2007-03-31": "11.73%", "2006-12-31": "13.34%", "2006-09-30": "13.35%", "2006-06-30": "12.76%", "2006-03-31": "11.75%", "2005-12-31": "11.40%"}, "return on tangible equity": {"2020-09-30": "7.59%", "2020-06-30": "8.69%", "2020-03-31": "10.40%", "2019-12-31": "12.74%", "2019-09-30": "12.77%", "2019-06-30": "13.20%", "2019-03-31": "12.96%", "2018-12-31": "13.67%", "2018-09-30": "11.34%", "2018-06-30": "11.25%", "2018-03-31": "10.17%", "2017-12-31": "9.07%", "2017-09-30": "10.44%", "2017-06-30": "9.38%", "2017-03-31": "8.86%", "2016-12-31": "8.18%", "2016-09-30": "7.75%", "2016-06-30": "7.41%", "2016-03-31": "7.21%", "2015-12-31": "7.19%", "2015-09-30": "7.00%", "2015-06-30": "6.60%", "2015-03-31": "6.28%", "2014-12-31": "6.13%", "2014-09-30": "5.68%", "2014-06-30": "5.51%", "2014-03-31": "4.86%", "2013-12-31": "3.68%", "2013-09-30": "23.41%", "2013-06-30": "22.89%", "2013-03-31": "23.99%", "2012-12-31": "25.71%", "2012-09-30": "2.67%", "2012-06-30": "2.68%", "2012-03-31": "-0.14%", "2011-12-31": "-4.23%", "2011-09-30": "-10.90%", "2011-06-30": "-17.68%", "2011-03-31": "-22.92%", "2010-12-31": "-27.85%", "2010-09-30": "-31.63%", "2010-06-30": "-40.50%", "2010-03-31": "-54.34%", "2009-12-31": "-47.44%", "2009-09-30": "-54.67%", "2009-06-30": "-43.17%", "2009-03-31": "-24.81%", "2008-12-31": "-18.64%", "2008-09-30": "4.63%", "2008-06-30": "10.24%", "2008-03-31": "14.88%", "2007-12-31": "16.85%", "2007-09-30": "19.45%", "2007-06-30": "20.85%", "2007-03-31": "21.35%", "2006-12-31": "21.67%", "2006-09-30": "21.65%", "2006-06-30": "21.84%", "2006-03-31": "21.76%", "2005-12-31": "22.21%"}, "dividend yield history": {"last payout": "$1.32", "last yield": "3.26%"}}