{"ticker": "SYY", "price": {"title": "Sysco Historical Annual Stock Price Data", "value": 77.08, "historical": {"2021": {"Average Stock Price": "75.0300", "Year Open": "72.3100", "Year High": "78.3700", "Year Low": "71.5100", "Year Close": "77.0800", "Annual % Change": "3.80%"}, "2020": {"Average Stock Price": "62.1591", "Year Open": "84.6600", "Year High": "84.9200", "Year Low": "31.2400", "Year Close": "74.2600", "Annual % Change": "-13.19%"}, "2019": {"Average Stock Price": "72.7562", "Year Open": "62.0500", "Year High": "85.8000", "Year Low": "61.3700", "Year Close": "85.5400", "Annual % Change": "36.51%"}, "2018": {"Average Stock Price": "66.0065", "Year Open": "60.5000", "Year High": "75.7800", "Year Low": "57.0000", "Year Close": "62.6600", "Annual % Change": "3.18%"}, "2017": {"Average Stock Price": "53.7749", "Year Open": "55.0000", "Year High": "62.6400", "Year Low": "49.1100", "Year Close": "60.7300", "Annual % Change": "9.68%"}, "2016": {"Average Stock Price": "48.7600", "Year Open": "40.6100", "Year High": "56.6100", "Year Low": "39.1000", "Year Close": "55.3700", "Annual % Change": "35.05%"}, "2015": {"Average Stock Price": "38.9951", "Year Open": "39.8500", "Year High": "41.7900", "Year Low": "35.6800", "Year Close": "41.0000", "Annual % Change": "3.30%"}, "2014": {"Average Stock Price": "37.1983", "Year Open": "35.9200", "Year High": "40.9100", "Year Low": "34.5100", "Year Close": "39.6900", "Annual % Change": "9.94%"}, "2013": {"Average Stock Price": "33.5699", "Year Open": "31.9000", "Year High": "37.6200", "Year Low": "30.8800", "Year Close": "36.1000", "Annual % Change": "14.02%"}, "2012": {"Average Stock Price": "29.8389", "Year Open": "29.4500", "Year High": "32.3900", "Year Low": "27.2600", "Year Close": "31.6600", "Annual % Change": "7.94%"}, "2011": {"Average Stock Price": "28.8400", "Year Open": "29.2100", "Year High": "32.6500", "Year Low": "25.4700", "Year Close": "29.3300", "Annual % Change": "-0.24%"}, "2010": {"Average Stock Price": "29.3167", "Year Open": "28.1000", "Year High": "31.5400", "Year Low": "27.0000", "Year Close": "29.4000", "Annual % Change": "5.23%"}, "2009": {"Average Stock Price": "24.4116", "Year Open": "23.9500", "Year High": "29.3300", "Year Low": "19.4500", "Year Close": "27.9400", "Annual % Change": "21.80%"}, "2008": {"Average Stock Price": "28.4302", "Year Open": "30.4100", "Year High": "34.8000", "Year Low": "21.2700", "Year Close": "22.9400", "Annual % Change": "-26.50%"}, "2007": {"Average Stock Price": "33.3446", "Year Open": "36.0800", "Year High": "36.7200", "Year Low": "30.3000", "Year Close": "31.2100", "Annual % Change": "-15.10%"}, "2006": {"Average Stock Price": "31.7212", "Year Open": "31.0900", "Year High": "36.9500", "Year Low": "26.9100", "Year Close": "36.7600", "Annual % Change": "18.39%"}, "2005": {"Average Stock Price": "34.3680", "Year Open": "37.2600", "Year High": "37.7900", "Year Low": "30.0400", "Year Close": "31.0500", "Annual % Change": "-18.65%"}, "2004": {"Average Stock Price": "35.7888", "Year Open": "36.9200", "Year High": "40.9000", "Year Low": "29.8900", "Year Close": "38.1700", "Annual % Change": "2.52%"}, "2003": {"Average Stock Price": "30.7433", "Year Open": "30.5600", "Year High": "37.3300", "Year Low": "23.5900", "Year Close": "37.2300", "Annual % Change": "24.97%"}, "2002": {"Average Stock Price": "28.6172", "Year Open": "26.5400", "Year High": "32.3400", "Year Low": "21.8100", "Year Close": "29.7900", "Annual % Change": "13.62%"}, "2001": {"Average Stock Price": "26.8001", "Year Open": "29.0000", "Year High": "30.0300", "Year Low": "22.2200", "Year Close": "26.2200", "Annual % Change": "-12.60%"}, "2000": {"Average Stock Price": "20.9721", "Year Open": "19.0600", "Year High": "30.0000", "Year Low": "13.6250", "Year Close": "30.0000", "Annual % Change": "51.67%"}, "1999": {"Average Stock Price": "15.7791", "Year Open": "13.9700", "Year High": "20.1550", "Year Low": "12.6250", "Year Close": "19.7800", "Annual % Change": "44.17%"}, "1998": {"Average Stock Price": "12.3415", "Year Open": "11.1725", "Year High": "14.2500", "Year Low": "10.0950", "Year Close": "13.7200", "Annual % Change": "20.46%"}, "1997": {"Average Stock Price": "9.2031", "Year Open": "8.1250", "Year High": "11.7825", "Year Low": "7.7200", "Year Close": "11.3900", "Annual % Change": "39.67%"}, "1996": {"Average Stock Price": "8.1788", "Year Open": "8.0300", "Year High": "8.7500", "Year Low": "7.0938", "Year Close": "8.1550", "Annual % Change": "0.37%"}, "1995": {"Average Stock Price": "7.1268", "Year Open": "6.4700", "Year High": "8.1250", "Year Low": "6.2500", "Year Close": "8.1250", "Annual % Change": "26.21%"}, "1994": {"Average Stock Price": "6.3961", "Year Open": "7.3125", "Year High": "7.3125", "Year Low": "5.3125", "Year Close": "6.4375", "Annual % Change": "-11.97%"}, "1993": {"Average Stock Price": "6.7129", "Year Open": "6.5325", "Year High": "7.5950", "Year Low": "5.6250", "Year Close": "7.3125", "Annual % Change": "10.88%"}, "1992": {"Average Stock Price": "6.1045", "Year Open": "5.9688", "Year High": "6.8450", "Year Low": "5.1563", "Year Close": "6.5950", "Annual % Change": "13.17%"}, "1991": {"Average Stock Price": "5.0257", "Year Open": "4.0775", "Year High": "5.9225", "Year Low": "3.7500", "Year Close": "5.8275", "Annual % Change": "38.67%"}, "1990": {"Average Stock Price": "3.9540", "Year Open": "4.0938", "Year High": "4.7650", "Year Low": "3.2500", "Year Close": "4.2025", "Annual % Change": "6.33%"}, "1989": {"Average Stock Price": "3.0731", "Year Open": "2.3363", "Year High": "3.9688", "Year Low": "2.3050", "Year Close": "3.9525", "Annual % Change": "64.26%"}, "1988": {"Average Stock Price": "2.0145", "Year Open": "1.7263", "Year High": "2.4219", "Year Low": "1.6800", "Year Close": "2.4063", "Annual % Change": "41.96%"}, "1987": {"Average Stock Price": "2.1202", "Year Open": "1.8750", "Year High": "2.5938", "Year Low": "1.5000", "Year Close": "1.6950", "Annual % Change": "-9.60%"}, "1986": {"Average Stock Price": "1.7504", "Year Open": "1.4103", "Year High": "2.0388", "Year Low": "1.3984", "Year Close": "1.8750", "Annual % Change": "34.08%"}, "1985": {"Average Stock Price": "1.1642", "Year Open": "1.0469", "Year High": "1.4375", "Year Low": "0.9881", "Year Close": "1.3984", "Annual % Change": "33.58%"}, "1984": {"Average Stock Price": "1.0442", "Year Open": "1.1291", "Year High": "1.1994", "Year Low": "0.8166", "Year Close": "1.0469", "Annual % Change": "-7.92%"}, "1983": {"Average Stock Price": "1.1427", "Year Open": "1.1994", "Year High": "1.3478", "Year Low": "0.9766", "Year Close": "1.1369", "Annual % Change": "-7.31%"}, "1982": {"Average Stock Price": "0.8076", "Year Open": "0.6094", "Year High": "1.3084", "Year Low": "0.5898", "Year Close": "1.2266", "Annual % Change": "98.13%"}, "1981": {"Average Stock Price": "0.5552", "Year Open": "0.4297", "Year High": "0.6581", "Year Low": "0.4297", "Year Close": "0.6191", "Annual % Change": "51.70%"}, "1980": {"Average Stock Price": "0.3010", "Year Open": "0.2292", "Year High": "0.4297", "Year Low": "0.2097", "Year Close": "0.4081", "Annual % Change": "70.33%"}, "1979": {"Average Stock Price": "0.2203", "Year Open": "0.1892", "Year High": "0.2500", "Year Low": "0.1888", "Year Close": "0.2396", "Annual % Change": "26.64%"}, "1978": {"Average Stock Price": "0.1796", "Year Open": "0.1293", "Year High": "0.2300", "Year Low": "0.1293", "Year Close": "0.1892", "Annual % Change": "35.34%"}, "1977": {"Average Stock Price": "0.1180", "Year Open": "0.1094", "Year High": "0.1398", "Year Low": "0.0999", "Year Close": "0.1398", "Annual % Change": "27.79%"}, "1976": {"Average Stock Price": "0.1099", "Year Open": "0.1198", "Year High": "0.1398", "Year Low": "0.0894", "Year Close": "0.1094", "Annual % Change": "-8.68%"}, "1975": {"Average Stock Price": "0.1288", "Year Open": "0.0694", "Year High": "0.1692", "Year Low": "0.0694", "Year Close": "0.1198", "Annual % Change": "72.62%"}, "1974": {"Average Stock Price": "0.1143", "Year Open": "0.1398", "Year High": "0.1493", "Year Low": "0.0599", "Year Close": "0.0694", "Annual % Change": "-50.36%"}}}, "market cap": {"value": "$39.34B"}, "income statement": {"Revenue": {"2020-06-30": "52893.31000", "2019-06-30": "60113.92000", "2018-06-30": "58727.32000", "2017-06-30": "55371.14000", "2016-06-30": "50366.92000", "2015-06-30": "48680.75000", "2014-06-30": "46516.71000", "2013-06-30": "44411.23000", "2012-06-30": "42380.94000", "2011-06-30": "39323.49000", "2010-06-30": "37243.50000", "2009-06-30": "36853.33000", "2008-06-30": "37522.11000", "2007-06-30": "35042.07000", "2006-06-30": "32628.44000", "2005-06-30": "30281.91000"}, "Cost Of Goods Sold": {"2020-06-30": "42991.64000", "2019-06-30": "48704.93000", "2018-06-30": "47641.93000", "2017-06-30": "44813.63000", "2016-06-30": "41326.45000", "2015-06-30": "40129.23000", "2014-06-30": "38335.68000", "2013-06-30": "36414.63000", "2012-06-30": "34601.66000", "2011-06-30": "31928.78000", "2010-06-30": "30055.19000", "2009-06-30": "29817.00000", "2008-06-30": "30327.25000", "2007-06-30": "28284.60000", "2006-06-30": "26337.11000", "2005-06-30": "24498.20000"}, "Gross Profit": {"2020-06-30": "9901.66400", "2019-06-30": "11408.99000", "2018-06-30": "11085.39000", "2017-06-30": "10557.51000", "2016-06-30": "9040.47300", "2015-06-30": "8551.52000", "2014-06-30": "8181.03500", "2013-06-30": "7996.60900", "2012-06-30": "7779.27300", "2011-06-30": "7394.71100", "2010-06-30": "7188.30900", "2009-06-30": "7036.33000", "2008-06-30": "7194.85500", "2007-06-30": "6757.46700", "2006-06-30": "6291.33200", "2005-06-30": "5783.71100"}, "Research And Development Expenses": {"2020-06-30": "", "2019-06-30": "", "2018-06-30": "", "2017-06-30": "", "2016-06-30": "", "2015-06-30": "", "2014-06-30": "", "2013-06-30": "", "2012-06-30": "", "2011-06-30": "", "2010-06-30": "", "2009-06-30": "", "2008-06-30": "", "2007-06-30": "", "2006-06-30": "", "2005-06-30": ""}, "SG&A Expenses": {"2020-06-30": "", "2019-06-30": "", "2018-06-30": "", "2017-06-30": "", "2016-06-30": "", "2015-06-30": "", "2014-06-30": "", "2013-06-30": "", "2012-06-30": "", "2011-06-30": "", "2010-06-30": "", "2009-06-30": "", "2008-06-30": "", "2007-06-30": "", "2006-06-30": "", "2005-06-30": ""}, "Other Operating Income Or Expenses": {"2020-06-30": "-9152.15900", "2019-06-30": "-9078.83700", "2018-06-30": "-8771.33500", "2017-06-30": "-8502.89100", "2016-06-30": "-7189.97200", "2015-06-30": "-7322.15400", "2014-06-30": "-6593.91300", "2013-06-30": "-6338.12900", "2012-06-30": "-5888.64200", "2011-06-30": "-5463.21000", "2010-06-30": "-5212.43900", "2009-06-30": "-5164.12000", "2008-06-30": "-5314.90800", "2007-06-30": "-5048.99000", "2006-06-30": "-4796.30100", "2005-06-30": "-4194.18400"}, "Operating Expenses": {"2020-06-30": "52143.80000", "2019-06-30": "57783.77000", "2018-06-30": "56413.27000", "2017-06-30": "53316.52000", "2016-06-30": "48516.42000", "2015-06-30": "47451.39000", "2014-06-30": "44929.59000", "2013-06-30": "42752.75000", "2012-06-30": "40490.30000", "2011-06-30": "37391.99000", "2010-06-30": "35267.63000", "2009-06-30": "34981.12000", "2008-06-30": "35642.16000", "2007-06-30": "33333.59000", "2006-06-30": "31133.41000", "2005-06-30": "28692.38000"}, "Operating Income": {"2020-06-30": "749.50390", "2019-06-30": "2330.15200", "2018-06-30": "2314.05500", "2017-06-30": "2054.61700", "2016-06-30": "1850.50000", "2015-06-30": "1229.36700", "2014-06-30": "1587.12100", "2013-06-30": "1658.48000", "2012-06-30": "1890.63300", "2011-06-30": "1931.50000", "2010-06-30": "1975.87100", "2009-06-30": "1872.21100", "2008-06-30": "1879.94500", "2007-06-30": "1708.47700", "2006-06-30": "1495.03100", "2005-06-30": "1589.52700"}, "Total Non-Operating Income/Expense": {"2020-06-30": "-456.12100", "2019-06-30": "-324.31400", "2018-06-30": "-357.83200", "2017-06-30": "-288.38600", "2016-06-30": "-417.49300", "2015-06-30": "-221.21500", "2014-06-30": "-111.49800", "2013-06-30": "-111.02300", "2012-06-30": "-106.63000", "2011-06-30": "-104.04800", "2010-06-30": "-126.27900", "2009-06-30": "-101.37700", "2008-06-30": "-88.61100", "2007-06-30": "-87.26700", "2006-06-30": "-100.08400", "2005-06-30": "-64.09400"}, "Pre-Tax Income": {"2020-06-30": "293.38400", "2019-06-30": "2005.83600", "2018-06-30": "1956.22400", "2017-06-30": "1766.23000", "2016-06-30": "1433.00700", "2015-06-30": "1008.14700", "2014-06-30": "1475.62400", "2013-06-30": "1547.45500", "2012-06-30": "1784.00200", "2011-06-30": "1827.45400", "2010-06-30": "1849.58900", "2009-06-30": "1770.83400", "2008-06-30": "1791.33800", "2007-06-30": "1621.21500", "2006-06-30": "1394.94600", "2005-06-30": "1525.43600"}, "Income Taxes": {"2020-06-30": "77.90900", "2019-06-30": "331.56500", "2018-06-30": "525.45800", "2017-06-30": "623.72700", "2016-06-30": "483.38500", "2015-06-30": "321.37400", "2014-06-30": "544.09100", "2013-06-30": "555.02800", "2012-06-30": "662.41700", "2011-06-30": "675.42400", "2010-06-30": "669.60600", "2009-06-30": "714.88600", "2008-06-30": "685.18700", "2007-06-30": "620.13900", "2006-06-30": "548.90600", "2005-06-30": "563.97900"}, "Income After Taxes": {"2020-06-30": "215.47500", "2019-06-30": "1674.27100", "2018-06-30": "1430.76600", "2017-06-30": "1142.50300", "2016-06-30": "949.62190", "2015-06-30": "686.77290", "2014-06-30": "931.53300", "2013-06-30": "992.42690", "2012-06-30": "1121.58500", "2011-06-30": "1152.03000", "2010-06-30": "1179.98300", "2009-06-30": "1055.94800", "2008-06-30": "1106.15100", "2007-06-30": "1001.07600", "2006-06-30": "846.04000", "2005-06-30": "961.45700"}, "Other Income": {"2020-06-30": "", "2019-06-30": "", "2018-06-30": "", "2017-06-30": "", "2016-06-30": "", "2015-06-30": "", "2014-06-30": "", "2013-06-30": "", "2012-06-30": "", "2011-06-30": "", "2010-06-30": "", "2009-06-30": "", "2008-06-30": "", "2007-06-30": "", "2006-06-30": "", "2005-06-30": ""}, "Income From Continuous Operations": {"2020-06-30": "215.47500", "2019-06-30": "1674.27100", "2018-06-30": "1430.76600", "2017-06-30": "1142.50300", "2016-06-30": "949.62190", "2015-06-30": "686.77290", "2014-06-30": "931.53300", "2013-06-30": "992.42690", "2012-06-30": "1121.58500", "2011-06-30": "1152.03000", "2010-06-30": "1179.98300", "2009-06-30": "1055.94800", "2008-06-30": "1106.15100", "2007-06-30": "1001.07600", "2006-06-30": "846.04000", "2005-06-30": "961.45700"}, "Income From Discontinued Operations": {"2020-06-30": "", "2019-06-30": "", "2018-06-30": "", "2017-06-30": "", "2016-06-30": "", "2015-06-30": "", "2014-06-30": "", "2013-06-30": "", "2012-06-30": "", "2011-06-30": "", "2010-06-30": "", "2009-06-30": "", "2008-06-30": "", "2007-06-30": "", "2006-06-30": "", "2005-06-30": ""}, "Net Income": {"2020-06-30": "215.47500", "2019-06-30": "1674.27100", "2018-06-30": "1430.76600", "2017-06-30": "1142.50300", "2016-06-30": "949.62200", "2015-06-30": "686.77300", "2014-06-30": "931.53300", "2013-06-30": "992.42700", "2012-06-30": "1121.58500", "2011-06-30": "1152.03000", "2010-06-30": "1179.98300", "2009-06-30": "1055.94800", "2008-06-30": "1106.15100", "2007-06-30": "1001.07600", "2006-06-30": "855.32500", "2005-06-30": "961.45700"}, "EBITDA": {"2020-06-30": "1889.51400", "2019-06-30": "3115.46900", "2018-06-30": "3108.02700", "2017-06-30": "2988.46100", "2016-06-30": "2558.34700", "2015-06-30": "1810.33100", "2014-06-30": "2143.18300", "2013-06-30": "2171.02900", "2012-06-30": "2307.57600", "2011-06-30": "2334.08800", "2010-06-30": "2365.84700", "2009-06-30": "2254.55000", "2008-06-30": "2252.47400", "2007-06-30": "2071.03600", "2006-06-30": "1840.09300", "2005-06-30": "1906.27000"}, "EBIT": {"2020-06-30": "749.50390", "2019-06-30": "2330.15200", "2018-06-30": "2314.05500", "2017-06-30": "2054.61700", "2016-06-30": "1850.50000", "2015-06-30": "1229.36700", "2014-06-30": "1587.12100", "2013-06-30": "1658.48000", "2012-06-30": "1890.63300", "2011-06-30": "1931.50000", "2010-06-30": "1975.87100", "2009-06-30": "1872.21100", "2008-06-30": "1879.94500", "2007-06-30": "1708.47700", "2006-06-30": "1495.03100", "2005-06-30": "1589.52700"}, "Basic Shares Outstanding": {"2020-06-30": "510.12100", "2019-06-30": "516.89100", "2018-06-30": "522.92700", "2017-06-30": "543.49700", "2016-06-30": "573.05700", "2015-06-30": "592.07200", "2014-06-30": "585.98800", "2013-06-30": "589.39800", "2012-06-30": "587.72600", "2011-06-30": "586.52600", "2010-06-30": "592.15700", "2009-06-30": "595.12800", "2008-06-30": "605.90600", "2007-06-30": "618.33300", "2006-06-30": "621.38300", "2005-06-30": "636.06800"}, "Shares Outstanding": {"2020-06-30": "514.02600", "2019-06-30": "523.38100", "2018-06-30": "529.09000", "2017-06-30": "548.54500", "2016-06-30": "577.39100", "2015-06-30": "596.84900", "2014-06-30": "590.21600", "2013-06-30": "592.67500", "2012-06-30": "588.99100", "2011-06-30": "588.69200", "2010-06-30": "593.59000", "2009-06-30": "596.06900", "2008-06-30": "610.97100", "2007-06-30": "626.36700", "2006-06-30": "628.80100", "2005-06-30": "653.15700"}, "Basic EPS": {"2020-06-30": "0.42000", "2019-06-30": "3.24000", "2018-06-30": "2.74000", "2017-06-30": "2.10000", "2016-06-30": "1.66000", "2015-06-30": "1.16000", "2014-06-30": "1.59000", "2013-06-30": "1.68000", "2012-06-30": "1.91000", "2011-06-30": "1.96000", "2010-06-30": "1.99000", "2009-06-30": "1.77000", "2008-06-30": "1.83000", "2007-06-30": "1.62000", "2006-06-30": "1.38000", "2005-06-30": "1.51000"}, "EPS - Earnings Per Share": {"2020-06-30": "0.42000", "2019-06-30": "3.20000", "2018-06-30": "2.70000", "2017-06-30": "2.08000", "2016-06-30": "1.64000", "2015-06-30": "1.15000", "2014-06-30": "1.58000", "2013-06-30": "1.67000", "2012-06-30": "1.90000", "2011-06-30": "1.96000", "2010-06-30": "1.99000", "2009-06-30": "1.77000", "2008-06-30": "1.81000", "2007-06-30": "1.60000", "2006-06-30": "1.36000", "2005-06-30": "1.47000"}}, "income statement, quarterly": {"Revenue": {"2020-12-31": "11558.98000", "2020-09-30": "11777.38000", "2020-06-30": "8866.56200", "2020-03-31": "13698.70000", "2019-12-31": "15025.04000", "2019-09-30": "15303.00000", "2019-06-30": "15474.86000", "2019-03-31": "14658.07000", "2018-12-31": "14765.71000", "2018-09-30": "15215.28000", "2018-06-30": "15315.91000", "2018-03-31": "14349.50000", "2017-12-31": "14411.49000", "2017-09-30": "14650.42000", "2017-06-30": "14421.05000", "2017-03-31": "13524.17000", "2016-12-31": "13457.27000", "2016-09-30": "13968.65000", "2016-06-30": "13647.89000", "2016-03-31": "12002.79000", "2015-12-31": "12153.63000", "2015-09-30": "12562.61000", "2015-06-30": "12401.94000", "2015-03-31": "11746.66000", "2014-12-31": "12087.07000", "2014-09-30": "12445.08000", "2014-06-30": "12286.99000", "2014-03-31": "11277.48000", "2013-12-31": "11237.97000", "2013-09-30": "11714.27000", "2013-06-30": "11601.06000", "2013-03-31": "10926.37000", "2012-12-31": "10796.89000", "2012-09-30": "11086.92000", "2012-06-30": "11045.38000", "2012-03-31": "10504.75000", "2011-12-31": "10244.42000", "2011-09-30": "10586.39000", "2011-06-30": "10425.70000", "2011-03-31": "9761.66000", "2010-12-31": "9384.85200", "2010-09-30": "9751.27400", "2010-06-30": "10348.48000", "2010-03-31": "8945.09300", "2009-12-31": "8868.49900", "2009-09-30": "9081.42600", "2009-06-30": "9086.74700", "2009-03-31": "8739.35000", "2008-12-31": "9149.80300", "2008-09-30": "9877.42900", "2008-06-30": "9730.20300", "2008-03-31": "9146.55700", "2007-12-31": "9239.50500", "2007-09-30": "9405.84400", "2007-06-30": "9228.28900", "2007-03-31": "8572.96100", "2006-12-31": "8568.74800", "2006-09-30": "8672.07200", "2006-06-30": "8509.07800", "2006-03-31": "8137.81600", "2005-12-31": "7971.06100", "2005-09-30": "8010.48400", "2005-06-30": "7981.27500", "2005-03-31": "7437.45300"}, "Cost Of Goods Sold": {"2020-12-31": "9460.52400", "2020-09-30": "9557.53400", "2020-06-30": "7300.90800", "2020-03-31": "11134.46000", "2019-12-31": "12196.64000", "2019-09-30": "12359.63000", "2019-06-30": "12495.67000", "2019-03-31": "11903.78000", "2018-12-31": "11994.00000", "2018-09-30": "12311.49000", "2018-06-30": "12399.20000", "2018-03-31": "11673.88000", "2017-12-31": "11712.10000", "2017-09-30": "11856.76000", "2017-06-30": "11661.45000", "2017-03-31": "10990.04000", "2016-12-31": "10885.41000", "2016-09-30": "11276.74000", "2016-06-30": "11145.05000", "2016-03-31": "9859.96600", "2015-12-31": "9996.81200", "2015-09-30": "10324.62000", "2015-06-30": "10181.77000", "2015-03-31": "9689.16100", "2014-12-31": "10001.94000", "2014-09-30": "10256.36000", "2014-06-30": "10131.14000", "2014-03-31": "9282.74300", "2013-12-31": "9273.01800", "2013-09-30": "9648.78000", "2013-06-30": "9528.83600", "2013-03-31": "8983.88900", "2012-12-31": "8844.78000", "2012-09-30": "9057.12100", "2012-06-30": "8930.97400", "2012-03-31": "8633.13000", "2011-12-31": "8398.77100", "2011-09-30": "8638.79000", "2011-06-30": "8471.31100", "2011-03-31": "7929.11100", "2010-12-31": "7623.18500", "2010-09-30": "7905.17000", "2010-06-30": "8285.78900", "2010-03-31": "7261.72100", "2009-12-31": "7173.61200", "2009-09-30": "7334.06700", "2009-06-30": "7324.16200", "2009-03-31": "7102.27400", "2008-12-31": "7399.69000", "2008-09-30": "7990.87300", "2008-06-30": "7828.79200", "2008-03-31": "7412.03600", "2007-12-31": "7471.72500", "2007-09-30": "7614.70200", "2007-06-30": "7427.62200", "2007-03-31": "6938.86700", "2006-12-31": "6915.25900", "2006-09-30": "7002.85600", "2006-06-30": "6819.46000", "2006-03-31": "6602.10200", "2005-12-31": "6434.75300", "2005-09-30": "6480.79300", "2005-06-30": "6437.58800", "2005-03-31": "6032.16500"}, "Gross Profit": {"2020-12-31": "2098.45800", "2020-09-30": "2219.84500", "2020-06-30": "1565.65300", "2020-03-31": "2564.24000", "2019-12-31": "2828.39900", "2019-09-30": "2943.37000", "2019-06-30": "2979.19500", "2019-03-31": "2754.29800", "2018-12-31": "2771.71200", "2018-09-30": "2903.78500", "2018-06-30": "2916.70700", "2018-03-31": "2675.62800", "2017-12-31": "2699.38700", "2017-09-30": "2793.66800", "2017-06-30": "2759.59500", "2017-03-31": "2534.13500", "2016-12-31": "2571.86200", "2016-09-30": "2691.91900", "2016-06-30": "2502.83700", "2016-03-31": "2142.82500", "2015-12-31": "2156.81400", "2015-09-30": "2237.99500", "2015-06-30": "2220.16600", "2015-03-31": "2057.49800", "2014-12-31": "2085.13800", "2014-09-30": "2188.71700", "2014-06-30": "2155.85500", "2014-03-31": "1994.74100", "2013-12-31": "1964.95100", "2013-09-30": "2065.48600", "2013-06-30": "2072.22100", "2013-03-31": "1942.48200", "2012-12-31": "1952.10900", "2012-09-30": "2029.79500", "2012-06-30": "2114.40600", "2012-03-31": "1871.61600", "2011-12-31": "1845.64900", "2011-09-30": "1947.60000", "2011-06-30": "1954.39200", "2011-03-31": "1832.54900", "2010-12-31": "1761.66700", "2010-09-30": "1846.10400", "2010-06-30": "2062.68800", "2010-03-31": "1683.37200", "2009-12-31": "1694.88700", "2009-09-30": "1747.35900", "2009-06-30": "1762.58500", "2009-03-31": "1637.07600", "2008-12-31": "1750.11300", "2008-09-30": "1886.55600", "2008-06-30": "1901.41100", "2008-03-31": "1734.52100", "2007-12-31": "1767.78000", "2007-09-30": "1791.14200", "2007-06-30": "1800.66700", "2007-03-31": "1634.09400", "2006-12-31": "1653.48900", "2006-09-30": "1669.21600", "2006-06-30": "1689.61800", "2006-03-31": "1535.71400", "2005-12-31": "1536.30800", "2005-09-30": "1529.69100", "2005-06-30": "1543.68700", "2005-03-31": "1405.28800"}, "Research And Development Expenses": {"2020-12-31": "", "2020-09-30": "", "2020-06-30": "", "2020-03-31": "", "2019-12-31": "", "2019-09-30": "", "2019-06-30": "", "2019-03-31": "", "2018-12-31": "", "2018-09-30": "", "2018-06-30": "", "2018-03-31": "", "2017-12-31": "", "2017-09-30": "", "2017-06-30": "", "2017-03-31": "", "2016-12-31": "", "2016-09-30": "", "2016-06-30": "", "2016-03-31": "", "2015-12-31": "", "2015-09-30": "", "2015-06-30": "", "2015-03-31": "", "2014-12-31": "", "2014-09-30": "", "2014-06-30": "", "2014-03-31": "", "2013-12-31": "", "2013-09-30": "", "2013-06-30": "", "2013-03-31": "", "2012-12-31": "", "2012-09-30": "", "2012-06-30": "", "2012-03-31": "", "2011-12-31": "", "2011-09-30": "", "2011-06-30": "", "2011-03-31": "", "2010-12-31": "", "2010-09-30": "", "2010-06-30": "", "2010-03-31": "", "2009-12-31": "", "2009-09-30": "", "2009-06-30": "", "2009-03-31": "", "2008-12-31": "", "2008-09-30": "", "2008-06-30": "", "2008-03-31": "", "2007-12-31": "", "2007-09-30": "", "2007-06-30": "", "2007-03-31": "", "2006-12-31": "", "2006-09-30": "", "2006-06-30": "", "2006-03-31": "", "2005-12-31": "", "2005-09-30": "", "2005-06-30": "", "2005-03-31": ""}, "SG&A Expenses": {"2020-12-31": "", "2020-09-30": "", "2020-06-30": "", "2020-03-31": "", "2019-12-31": "", "2019-09-30": "", "2019-06-30": "", "2019-03-31": "", "2018-12-31": "", "2018-09-30": "", "2018-06-30": "", "2018-03-31": "", "2017-12-31": "", "2017-09-30": "", "2017-06-30": "", "2017-03-31": "", "2016-12-31": "", "2016-09-30": "", "2016-06-30": "", "2016-03-31": "", "2015-12-31": "", "2015-09-30": "", "2015-06-30": "", "2015-03-31": "", "2014-12-31": "", "2014-09-30": "", "2014-06-30": "", "2014-03-31": "", "2013-12-31": "", "2013-09-30": "", "2013-06-30": "", "2013-03-31": "", "2012-12-31": "", "2012-09-30": "", "2012-06-30": "", "2012-03-31": "", "2011-12-31": "", "2011-09-30": "", "2011-06-30": "", "2011-03-31": "", "2010-12-31": "", "2010-09-30": "", "2010-06-30": "", "2010-03-31": "", "2009-12-31": "", "2009-09-30": "", "2009-06-30": "", "2009-03-31": "", "2008-12-31": "", "2008-09-30": "", "2008-06-30": "", "2008-03-31": "", "2007-12-31": "", "2007-09-30": "", "2007-06-30": "", "2007-03-31": "", "2006-12-31": "", "2006-09-30": "", "2006-06-30": "", "2006-03-31": "", "2005-12-31": "", "2005-09-30": "", "2005-06-30": "", "2005-03-31": ""}, "Other Operating Income Or Expenses": {"2020-12-31": "-1886.39600", "2020-09-30": "-1800.26600", "2020-06-30": "-2097.23500", "2020-03-31": "-2503.96600", "2019-12-31": "-2275.90600", "2019-09-30": "-2275.05200", "2019-06-30": "-2258.66200", "2019-03-31": "-2224.71300", "2018-12-31": "-2319.81700", "2018-09-30": "-2275.64500", "2018-06-30": "-2232.77300", "2018-03-31": "-2193.42500", "2017-12-31": "-2170.83400", "2017-09-30": "-2174.30300", "2017-06-30": "-2200.18600", "2017-03-31": "-2098.17300", "2016-12-31": "-2079.44600", "2016-09-30": "-2125.08600", "2016-06-30": "-1956.01300", "2016-03-31": "-1765.20700", "2015-12-31": "-1724.23100", "2015-09-30": "-1744.52100", "2015-06-30": "-2099.16900", "2015-03-31": "-1730.19000", "2014-12-31": "-1769.69100", "2014-09-30": "-1723.10400", "2014-06-30": "-1731.33400", "2014-03-31": "-1662.11600", "2013-12-31": "-1613.17400", "2013-09-30": "-1587.28900", "2013-06-30": "-1612.37700", "2013-03-31": "-1605.28000", "2012-12-31": "-1569.45900", "2012-09-30": "-1551.01300", "2012-06-30": "-1598.94400", "2012-03-31": "-1432.78600", "2011-12-31": "-1418.65200", "2011-09-30": "-1438.26000", "2011-06-30": "-1393.64200", "2011-03-31": "-1405.06200", "2010-12-31": "-1324.64200", "2010-09-30": "-1339.86400", "2010-06-30": "-1478.60300", "2010-03-31": "-1251.26900", "2009-12-31": "-1232.53600", "2009-09-30": "-1250.03100", "2009-06-30": "-1222.31400", "2009-03-31": "-1231.75300", "2008-12-31": "-1328.24900", "2008-09-30": "-1381.80400", "2008-06-30": "-1342.75400", "2008-03-31": "-1316.87700", "2007-12-31": "-1318.76800", "2007-09-30": "-1336.50900", "2007-06-30": "-1291.19000", "2007-03-31": "-1249.95100", "2006-12-31": "-1230.96700", "2006-09-30": "-1276.88200", "2006-06-30": "-1254.90600", "2006-03-31": "-1193.27000", "2005-12-31": "-1171.46900", "2005-09-30": "-1176.65600", "2005-06-30": "-1081.37600", "2005-03-31": "-1052.47700"}, "Operating Expenses": {"2020-12-31": "11346.92000", "2020-09-30": "11357.80000", "2020-06-30": "9398.14400", "2020-03-31": "13638.42000", "2019-12-31": "14472.55000", "2019-09-30": "14634.69000", "2019-06-30": "14754.33000", "2019-03-31": "14128.49000", "2018-12-31": "14313.81000", "2018-09-30": "14587.14000", "2018-06-30": "14631.97000", "2018-03-31": "13867.30000", "2017-12-31": "13882.94000", "2017-09-30": "14031.06000", "2017-06-30": "13861.64000", "2017-03-31": "13088.21000", "2016-12-31": "12964.85000", "2016-09-30": "13401.82000", "2016-06-30": "13101.07000", "2016-03-31": "11625.17000", "2015-12-31": "11721.04000", "2015-09-30": "12069.14000", "2015-06-30": "12280.94000", "2015-03-31": "11419.35000", "2014-12-31": "11771.63000", "2014-09-30": "11979.47000", "2014-06-30": "11862.47000", "2014-03-31": "10944.86000", "2013-12-31": "10886.19000", "2013-09-30": "11236.07000", "2013-06-30": "11141.21000", "2013-03-31": "10589.17000", "2012-12-31": "10414.24000", "2012-09-30": "10608.13000", "2012-06-30": "10529.92000", "2012-03-31": "10065.92000", "2011-12-31": "9817.42400", "2011-09-30": "10077.05000", "2011-06-30": "9864.95400", "2011-03-31": "9334.17300", "2010-12-31": "8947.82700", "2010-09-30": "9245.03400", "2010-06-30": "9764.39100", "2010-03-31": "8512.99000", "2009-12-31": "8406.14700", "2009-09-30": "8584.09800", "2009-06-30": "8546.47400", "2009-03-31": "8334.02700", "2008-12-31": "8727.93900", "2008-09-30": "9372.67700", "2008-06-30": "9171.54700", "2008-03-31": "8728.91300", "2007-12-31": "8790.49300", "2007-09-30": "8951.21100", "2007-06-30": "8718.81300", "2007-03-31": "8188.81800", "2006-12-31": "8146.22600", "2006-09-30": "8279.73800", "2006-06-30": "8074.36400", "2006-03-31": "7795.37200", "2005-12-31": "7606.22200", "2005-09-30": "7657.44900", "2005-06-30": "7518.96300", "2005-03-31": "7084.64200"}, "Operating Income": {"2020-12-31": "212.06250", "2020-09-30": "419.57910", "2020-06-30": "-531.58200", "2020-03-31": "60.27440", "2019-12-31": "552.49320", "2019-09-30": "668.31840", "2019-06-30": "720.53130", "2019-03-31": "529.58500", "2018-12-31": "451.89450", "2018-09-30": "628.14060", "2018-06-30": "683.93360", "2018-03-31": "482.20310", "2017-12-31": "528.55270", "2017-09-30": "619.36520", "2017-06-30": "559.40720", "2017-03-31": "435.96190", "2016-12-31": "492.41600", "2016-09-30": "566.83300", "2016-06-30": "546.82230", "2016-03-31": "377.61820", "2015-12-31": "432.58300", "2015-09-30": "493.47460", "2015-06-30": "121.00100", "2015-03-31": "327.30760", "2014-12-31": "315.44630", "2014-09-30": "465.61230", "2014-06-30": "424.52150", "2014-03-31": "332.62500", "2013-12-31": "351.77730", "2013-09-30": "478.19730", "2013-06-30": "459.84280", "2013-03-31": "337.20210", "2012-12-31": "382.65040", "2012-09-30": "478.78220", "2012-06-30": "515.46480", "2012-03-31": "438.83010", "2011-12-31": "426.99710", "2011-09-30": "509.33980", "2011-06-30": "560.74800", "2011-03-31": "427.48730", "2010-12-31": "437.02440", "2010-09-30": "506.24020", "2010-06-30": "584.08590", "2010-03-31": "432.10250", "2009-12-31": "462.35160", "2009-09-30": "497.32810", "2009-06-30": "540.27340", "2009-03-31": "405.32230", "2008-12-31": "421.86330", "2008-09-30": "504.75200", "2008-06-30": "558.65630", "2008-03-31": "417.64360", "2007-12-31": "449.01170", "2007-09-30": "454.63280", "2007-06-30": "509.47660", "2007-03-31": "384.14260", "2006-12-31": "422.52250", "2006-09-30": "392.33400", "2006-06-30": "434.71390", "2006-03-31": "342.44380", "2005-12-31": "364.83940", "2005-09-30": "353.03470", "2005-06-30": "462.31200", "2005-03-31": "352.81100"}, "Total Non-Operating Income/Expense": {"2020-12-31": "-130.94200", "2020-09-30": "-160.84100", "2020-06-30": "-204.66500", "2020-03-31": "-89.05400", "2019-12-31": "-75.95500", "2019-09-30": "-86.44700", "2019-06-30": "-38.22200", "2019-03-31": "-98.63400", "2018-12-31": "-97.31000", "2018-09-30": "-90.14800", "2018-06-30": "-90.78000", "2018-03-31": "-117.31900", "2017-12-31": "-76.82400", "2017-09-30": "-72.90900", "2017-06-30": "-75.87900", "2017-03-31": "-76.18900", "2016-12-31": "-69.91100", "2016-09-30": "-66.40700", "2016-06-30": "-215.60800", "2016-03-31": "-50.74700", "2015-12-31": "-39.47100", "2015-09-30": "-111.66700", "2015-06-30": "-52.24700", "2015-03-31": "-60.97300", "2014-12-31": "-79.24900", "2014-09-30": "-28.74600", "2014-06-30": "-23.98900", "2014-03-31": "-35.94200", "2013-12-31": "-25.57300", "2013-09-30": "-25.99400", "2013-06-30": "-21.33800", "2013-03-31": "-30.80500", "2012-12-31": "-30.48900", "2012-09-30": "-28.39100", "2012-06-30": "-26.01200", "2012-03-31": "-26.04200", "2011-12-31": "-24.85200", "2011-09-30": "-29.72400", "2011-06-30": "-25.85600", "2011-03-31": "-22.01500", "2010-12-31": "-26.76000", "2010-09-30": "-29.41700", "2010-06-30": "-35.42500", "2010-03-31": "-28.68200", "2009-12-31": "-30.38400", "2009-09-30": "-31.78800", "2009-06-30": "-29.88400", "2009-03-31": "-24.71900", "2008-12-31": "-23.17700", "2008-09-30": "-23.59700", "2008-06-30": "-23.24100", "2008-03-31": "-21.45900", "2007-12-31": "-20.57200", "2007-09-30": "-23.33900", "2007-06-30": "-22.74400", "2007-03-31": "-23.16400", "2006-12-31": "-24.63100", "2006-09-30": "-16.72800", "2006-06-30": "-25.32400", "2006-03-31": "-28.62200", "2005-12-31": "-27.00700", "2005-09-30": "-19.13100", "2005-06-30": "-15.05900", "2005-03-31": "-17.23200"}, "Pre-Tax Income": {"2020-12-31": "81.12000", "2020-09-30": "258.73800", "2020-06-30": "-736.24500", "2020-03-31": "-28.78000", "2019-12-31": "476.53800", "2019-09-30": "581.87100", "2019-06-30": "682.30800", "2019-03-31": "430.95100", "2018-12-31": "354.58500", "2018-09-30": "537.99200", "2018-06-30": "593.15590", "2018-03-31": "364.88400", "2017-12-31": "451.72800", "2017-09-30": "546.45600", "2017-06-30": "483.52510", "2017-03-31": "359.77300", "2016-12-31": "422.50600", "2016-09-30": "500.42600", "2016-06-30": "331.21700", "2016-03-31": "326.87100", "2015-12-31": "393.11200", "2015-09-30": "381.80700", "2015-06-30": "68.74800", "2015-03-31": "266.33500", "2014-12-31": "236.19700", "2014-09-30": "436.86700", "2014-06-30": "400.53310", "2014-03-31": "296.68300", "2013-12-31": "326.20400", "2013-09-30": "452.20400", "2013-06-30": "438.50500", "2013-03-31": "306.39700", "2012-12-31": "352.16200", "2012-09-30": "450.39100", "2012-06-30": "489.45200", "2012-03-31": "412.78800", "2011-12-31": "402.14600", "2011-09-30": "479.61600", "2011-06-30": "534.89390", "2011-03-31": "405.47200", "2010-12-31": "410.26500", "2010-09-30": "476.82300", "2010-06-30": "548.66090", "2010-03-31": "403.42100", "2009-12-31": "431.96700", "2009-09-30": "465.54000", "2009-06-30": "510.38800", "2009-03-31": "380.60400", "2008-12-31": "398.68700", "2008-09-30": "481.15500", "2008-06-30": "535.41910", "2008-03-31": "396.18500", "2007-12-31": "428.44000", "2007-09-30": "431.29400", "2007-06-30": "486.73900", "2007-03-31": "360.97900", "2006-12-31": "397.89100", "2006-09-30": "375.60600", "2006-06-30": "409.38800", "2006-03-31": "313.82200", "2005-12-31": "337.83200", "2005-09-30": "333.90400", "2005-06-30": "447.25510", "2005-03-31": "335.57900"}, "Income Taxes": {"2020-12-31": "13.83100", "2020-09-30": "41.83800", "2020-06-30": "-117.82600", "2020-03-31": "-25.48300", "2019-12-31": "93.12800", "2019-09-30": "128.09000", "2019-06-30": "146.54200", "2019-03-31": "-9.13200", "2018-12-31": "87.20500", "2018-09-30": "106.95000", "2018-06-30": "144.22800", "2018-03-31": "34.79900", "2017-12-31": "167.61500", "2017-09-30": "178.81600", "2017-06-30": "178.35400", "2017-03-31": "121.49500", "2016-12-31": "147.33900", "2016-09-30": "176.53900", "2016-06-30": "115.55000", "2016-03-31": "109.73500", "2015-12-31": "120.71300", "2015-09-30": "137.38700", "2015-06-30": "-4.27800", "2015-03-31": "89.38000", "2014-12-31": "78.21800", "2014-09-30": "158.05400", "2014-06-30": "146.36200", "2014-03-31": "115.74600", "2013-12-31": "115.36900", "2013-09-30": "166.61400", "2013-06-30": "155.46200", "2013-03-31": "104.98000", "2012-12-31": "130.79300", "2012-09-30": "163.79300", "2012-06-30": "180.18300", "2012-03-31": "153.23800", "2011-12-31": "152.03300", "2011-09-30": "176.96300", "2011-06-30": "198.58400", "2011-03-31": "146.99400", "2010-12-31": "152.09200", "2010-09-30": "177.75400", "2010-06-30": "210.88000", "2010-03-31": "155.77300", "2009-12-31": "163.61800", "2009-09-30": "139.33500", "2009-06-30": "195.07400", "2009-03-31": "154.43800", "2008-12-31": "161.03300", "2008-09-30": "204.34100", "2008-06-30": "201.30600", "2008-03-31": "155.28400", "2007-12-31": "164.29200", "2007-09-30": "164.30500", "2007-06-30": "183.34800", "2007-03-31": "139.98000", "2006-12-31": "151.35300", "2006-09-30": "145.45800", "2006-06-30": "155.27900", "2006-03-31": "125.28300", "2005-12-31": "133.65000", "2005-09-30": "134.69400", "2005-06-30": "162.57500", "2005-03-31": "117.35900"}, "Income After Taxes": {"2020-12-31": "67.28900", "2020-09-30": "216.90000", "2020-06-30": "-618.41890", "2020-03-31": "-3.29700", "2019-12-31": "383.41000", "2019-09-30": "453.78100", "2019-06-30": "535.76600", "2019-03-31": "440.08300", "2018-12-31": "267.38000", "2018-09-30": "431.04200", "2018-06-30": "448.92800", "2018-03-31": "330.08500", "2017-12-31": "284.11300", "2017-09-30": "367.64000", "2017-06-30": "305.17090", "2017-03-31": "238.27800", "2016-12-31": "275.16700", "2016-09-30": "323.88700", "2016-06-30": "215.66700", "2016-03-31": "217.13600", "2015-12-31": "272.39900", "2015-09-30": "244.42000", "2015-06-30": "73.02600", "2015-03-31": "176.95500", "2014-12-31": "157.97900", "2014-09-30": "278.81300", "2014-06-30": "254.17100", "2014-03-31": "180.93700", "2013-12-31": "210.83500", "2013-09-30": "285.59000", "2013-06-30": "283.04300", "2013-03-31": "201.41700", "2012-12-31": "221.36900", "2012-09-30": "286.59800", "2012-06-30": "309.26900", "2012-03-31": "259.55000", "2011-12-31": "250.11300", "2011-09-30": "302.65300", "2011-06-30": "336.31000", "2011-03-31": "258.47800", "2010-12-31": "258.17300", "2010-09-30": "299.06900", "2010-06-30": "337.78090", "2010-03-31": "247.64800", "2009-12-31": "268.34900", "2009-09-30": "326.20500", "2009-06-30": "315.31400", "2009-03-31": "226.16600", "2008-12-31": "237.65400", "2008-09-30": "276.81400", "2008-06-30": "334.11300", "2008-03-31": "240.90100", "2007-12-31": "264.14800", "2007-09-30": "266.98900", "2007-06-30": "303.39090", "2007-03-31": "220.99900", "2006-12-31": "246.53800", "2006-09-30": "230.14800", "2006-06-30": "254.10900", "2006-03-31": "188.53900", "2005-12-31": "204.18200", "2005-09-30": "199.21000", "2005-06-30": "284.68010", "2005-03-31": "218.22000"}, "Other Income": {"2020-12-31": "", "2020-09-30": "", "2020-06-30": "", "2020-03-31": "", "2019-12-31": "", "2019-09-30": "", "2019-06-30": "", "2019-03-31": "", "2018-12-31": "", "2018-09-30": "", "2018-06-30": "", "2018-03-31": "", "2017-12-31": "", "2017-09-30": "", "2017-06-30": "", "2017-03-31": "", "2016-12-31": "", "2016-09-30": "", "2016-06-30": "", "2016-03-31": "", "2015-12-31": "", "2015-09-30": "", "2015-06-30": "", "2015-03-31": "", "2014-12-31": "", "2014-09-30": "", "2014-06-30": "", "2014-03-31": "", "2013-12-31": "", "2013-09-30": "", "2013-06-30": "", "2013-03-31": "", "2012-12-31": "", "2012-09-30": "", "2012-06-30": "", "2012-03-31": "", "2011-12-31": "", "2011-09-30": "", "2011-06-30": "", "2011-03-31": "", "2010-12-31": "", "2010-09-30": "", "2010-06-30": "", "2010-03-31": "", "2009-12-31": "", "2009-09-30": "", "2009-06-30": "", "2009-03-31": "", "2008-12-31": "", "2008-09-30": "", "2008-06-30": "", "2008-03-31": "", "2007-12-31": "", "2007-09-30": "", "2007-06-30": "", "2007-03-31": "", "2006-12-31": "", "2006-09-30": "", "2006-06-30": "", "2006-03-31": "", "2005-12-31": "", "2005-09-30": "", "2005-06-30": "", "2005-03-31": ""}, "Income From Continuous Operations": {"2020-12-31": "67.28900", "2020-09-30": "216.90000", "2020-06-30": "-618.41890", "2020-03-31": "-3.29700", "2019-12-31": "383.41000", "2019-09-30": "453.78100", "2019-06-30": "535.76600", "2019-03-31": "440.08300", "2018-12-31": "267.38000", "2018-09-30": "431.04200", "2018-06-30": "448.92800", "2018-03-31": "330.08500", "2017-12-31": "284.11300", "2017-09-30": "367.64000", "2017-06-30": "305.17090", "2017-03-31": "238.27800", "2016-12-31": "275.16700", "2016-09-30": "323.88700", "2016-06-30": "215.66700", "2016-03-31": "217.13600", "2015-12-31": "272.39900", "2015-09-30": "244.42000", "2015-06-30": "73.02600", "2015-03-31": "176.95500", "2014-12-31": "157.97900", "2014-09-30": "278.81300", "2014-06-30": "254.17100", "2014-03-31": "180.93700", "2013-12-31": "210.83500", "2013-09-30": "285.59000", "2013-06-30": "283.04300", "2013-03-31": "201.41700", "2012-12-31": "221.36900", "2012-09-30": "286.59800", "2012-06-30": "309.26900", "2012-03-31": "259.55000", "2011-12-31": "250.11300", "2011-09-30": "302.65300", "2011-06-30": "336.31000", "2011-03-31": "258.47800", "2010-12-31": "258.17300", "2010-09-30": "299.06900", "2010-06-30": "337.78090", "2010-03-31": "247.64800", "2009-12-31": "268.34900", "2009-09-30": "326.20500", "2009-06-30": "315.31400", "2009-03-31": "226.16600", "2008-12-31": "237.65400", "2008-09-30": "276.81400", "2008-06-30": "334.11300", "2008-03-31": "240.90100", "2007-12-31": "264.14800", "2007-09-30": "266.98900", "2007-06-30": "303.39090", "2007-03-31": "220.99900", "2006-12-31": "246.53800", "2006-09-30": "230.14800", "2006-06-30": "254.10900", "2006-03-31": "188.53900", "2005-12-31": "204.18200", "2005-09-30": "199.21000", "2005-06-30": "284.68010", "2005-03-31": "218.22000"}, "Income From Discontinued Operations": {"2020-12-31": "", "2020-09-30": "", "2020-06-30": "", "2020-03-31": "", "2019-12-31": "", "2019-09-30": "", "2019-06-30": "", "2019-03-31": "", "2018-12-31": "", "2018-09-30": "", "2018-06-30": "", "2018-03-31": "", "2017-12-31": "", "2017-09-30": "", "2017-06-30": "", "2017-03-31": "", "2016-12-31": "", "2016-09-30": "", "2016-06-30": "", "2016-03-31": "", "2015-12-31": "", "2015-09-30": "", "2015-06-30": "", "2015-03-31": "", "2014-12-31": "", "2014-09-30": "", "2014-06-30": "", "2014-03-31": "", "2013-12-31": "", "2013-09-30": "", "2013-06-30": "", "2013-03-31": "", "2012-12-31": "", "2012-09-30": "", "2012-06-30": "", "2012-03-31": "", "2011-12-31": "", "2011-09-30": "", "2011-06-30": "", "2011-03-31": "", "2010-12-31": "", "2010-09-30": "", "2010-06-30": "", "2010-03-31": "", "2009-12-31": "", "2009-09-30": "", "2009-06-30": "", "2009-03-31": "", "2008-12-31": "", "2008-09-30": "", "2008-06-30": "", "2008-03-31": "", "2007-12-31": "", "2007-09-30": "", "2007-06-30": "", "2007-03-31": "", "2006-12-31": "", "2006-09-30": "", "2006-06-30": "", "2006-03-31": "", "2005-12-31": "", "2005-09-30": "", "2005-06-30": "", "2005-03-31": ""}, "Net Income": {"2020-12-31": "67.28900", "2020-09-30": "216.90000", "2020-06-30": "-618.41900", "2020-03-31": "-3.29700", "2019-12-31": "383.41000", "2019-09-30": "453.78100", "2019-06-30": "535.76600", "2019-03-31": "440.08300", "2018-12-31": "267.38000", "2018-09-30": "431.04200", "2018-06-30": "448.92800", "2018-03-31": "330.08500", "2017-12-31": "284.11300", "2017-09-30": "367.64000", "2017-06-30": "305.17110", "2017-03-31": "238.27800", "2016-12-31": "275.16700", "2016-09-30": "323.88700", "2016-06-30": "215.66700", "2016-03-31": "217.13600", "2015-12-31": "272.39900", "2015-09-30": "244.42000", "2015-06-30": "73.02600", "2015-03-31": "176.95500", "2014-12-31": "157.97900", "2014-09-30": "278.81300", "2014-06-30": "254.17100", "2014-03-31": "180.93700", "2013-12-31": "210.83500", "2013-09-30": "285.59000", "2013-06-30": "283.04300", "2013-03-31": "201.41700", "2012-12-31": "221.36900", "2012-09-30": "286.59800", "2012-06-30": "309.26900", "2012-03-31": "259.55000", "2011-12-31": "250.11300", "2011-09-30": "302.65300", "2011-06-30": "336.31000", "2011-03-31": "258.47800", "2010-12-31": "258.17300", "2010-09-30": "299.06900", "2010-06-30": "337.78100", "2010-03-31": "247.64800", "2009-12-31": "268.34900", "2009-09-30": "326.20500", "2009-06-30": "315.31400", "2009-03-31": "226.16600", "2008-12-31": "237.65400", "2008-09-30": "276.81400", "2008-06-30": "334.11300", "2008-03-31": "240.90100", "2007-12-31": "264.14800", "2007-09-30": "266.98900", "2007-06-30": "303.39110", "2007-03-31": "220.99900", "2006-12-31": "246.53800", "2006-09-30": "230.14800", "2006-06-30": "254.10900", "2006-03-31": "188.53900", "2005-12-31": "204.18200", "2005-09-30": "208.49500", "2005-06-30": "284.67990", "2005-03-31": "218.22000"}, "EBITDA": {"2020-12-31": "431.11850", "2020-09-30": "634.03210", "2020-06-30": "-117.88100", "2020-03-31": "350.83440", "2019-12-31": "768.99220", "2019-09-30": "887.56840", "2019-06-30": "913.00820", "2019-03-31": "719.19800", "2018-12-31": "661.32450", "2018-09-30": "821.93760", "2018-06-30": "893.07860", "2018-03-31": "682.31910", "2017-12-31": "726.40970", "2017-09-30": "806.21920", "2017-06-30": "800.82020", "2017-03-31": "666.29090", "2016-12-31": "736.27310", "2016-09-30": "785.07800", "2016-06-30": "757.91730", "2016-03-31": "579.33320", "2015-12-31": "585.49800", "2015-09-30": "635.59660", "2015-06-30": "266.06590", "2015-03-31": "468.40760", "2014-12-31": "472.44630", "2014-09-30": "603.41130", "2014-06-30": "571.51150", "2014-03-31": "470.55000", "2013-12-31": "489.18040", "2013-09-30": "611.94130", "2013-06-30": "592.39280", "2013-03-31": "467.60710", "2012-12-31": "511.57940", "2012-09-30": "599.44620", "2012-06-30": "627.44180", "2012-03-31": "543.07210", "2011-12-31": "528.08010", "2011-09-30": "608.98080", "2011-06-30": "665.02910", "2011-03-31": "527.56430", "2010-12-31": "533.54040", "2010-09-30": "607.95420", "2010-06-30": "689.84890", "2010-03-31": "526.88760", "2009-12-31": "557.87350", "2009-09-30": "591.23410", "2009-06-30": "638.45940", "2009-03-31": "498.86630", "2008-12-31": "518.12130", "2008-09-30": "599.10300", "2008-06-30": "655.43820", "2008-03-31": "512.75050", "2007-12-31": "539.19570", "2007-09-30": "545.08880", "2007-06-30": "601.79960", "2007-03-31": "475.50760", "2006-12-31": "511.33350", "2006-09-30": "482.39400", "2006-06-30": "527.82090", "2006-03-31": "424.84090", "2005-12-31": "449.34140", "2005-09-30": "438.09070", "2005-06-30": "548.09100", "2005-03-31": "433.48100"}, "EBIT": {"2020-12-31": "212.06250", "2020-09-30": "419.57910", "2020-06-30": "-531.58200", "2020-03-31": "60.27440", "2019-12-31": "552.49320", "2019-09-30": "668.31840", "2019-06-30": "720.53220", "2019-03-31": "529.58500", "2018-12-31": "451.89450", "2018-09-30": "628.14060", "2018-06-30": "683.93360", "2018-03-31": "482.20310", "2017-12-31": "528.55270", "2017-09-30": "619.36520", "2017-06-30": "559.40630", "2017-03-31": "435.96190", "2016-12-31": "492.41600", "2016-09-30": "566.83300", "2016-06-30": "546.82420", "2016-03-31": "377.61820", "2015-12-31": "432.58300", "2015-09-30": "493.47460", "2015-06-30": "121.00100", "2015-03-31": "327.30760", "2014-12-31": "315.44630", "2014-09-30": "465.61230", "2014-06-30": "424.52150", "2014-03-31": "332.62500", "2013-12-31": "351.77730", "2013-09-30": "478.19730", "2013-06-30": "459.84570", "2013-03-31": "337.20210", "2012-12-31": "382.65040", "2012-09-30": "478.78220", "2012-06-30": "515.46580", "2012-03-31": "438.83010", "2011-12-31": "426.99710", "2011-09-30": "509.33980", "2011-06-30": "560.74800", "2011-03-31": "427.48730", "2010-12-31": "437.02440", "2010-09-30": "506.24020", "2010-06-30": "584.08890", "2010-03-31": "432.10250", "2009-12-31": "462.35160", "2009-09-30": "497.32810", "2009-06-30": "540.27340", "2009-03-31": "405.32230", "2008-12-31": "421.86330", "2008-09-30": "504.75200", "2008-06-30": "558.65720", "2008-03-31": "417.64360", "2007-12-31": "449.01170", "2007-09-30": "454.63280", "2007-06-30": "509.47750", "2007-03-31": "384.14260", "2006-12-31": "422.52250", "2006-09-30": "392.33400", "2006-06-30": "434.71340", "2006-03-31": "342.44380", "2005-12-31": "364.83940", "2005-09-30": "353.03470", "2005-06-30": "462.31200", "2005-03-31": "352.81100"}, "Basic Shares Outstanding": {"2020-12-31": "510.00670", "2020-09-30": "509.12700", "2020-06-30": "510.12100", "2020-03-31": "508.74500", "2019-12-31": "509.98470", "2019-09-30": "513.49600", "2019-06-30": "516.89100", "2019-03-31": "514.18500", "2018-12-31": "517.87100", "2018-09-30": "520.85700", "2018-06-30": "522.92700", "2018-03-31": "521.83300", "2017-12-31": "521.28400", "2017-09-30": "527.29000", "2017-06-30": "543.49700", "2017-03-31": "539.29160", "2016-12-31": "545.13300", "2016-09-30": "555.43800", "2016-06-30": "573.05700", "2016-03-31": "566.48800", "2015-12-31": "566.88200", "2015-09-30": "596.69900", "2015-06-30": "592.07200", "2015-03-31": "594.03000", "2014-12-31": "590.72300", "2014-09-30": "588.27700", "2014-06-30": "585.98800", "2014-03-31": "585.88500", "2013-12-31": "584.25400", "2013-09-30": "587.62200", "2013-06-30": "589.39800", "2013-03-31": "589.15000", "2012-12-31": "587.09200", "2012-09-30": "587.75800", "2012-06-30": "587.72600", "2012-03-31": "585.82300", "2011-12-31": "586.18800", "2011-09-30": "592.00400", "2011-06-30": "586.52600", "2011-03-31": "583.72200", "2010-12-31": "584.94400", "2010-09-30": "588.71100", "2010-06-30": "592.15700", "2010-03-31": "593.13000", "2009-12-31": "592.65200", "2009-09-30": "591.56800", "2009-06-30": "595.12800", "2009-03-31": "590.15300", "2008-12-31": "597.55000", "2008-09-30": "602.25700", "2008-06-30": "605.90600", "2008-03-31": "603.17000", "2007-12-31": "608.16900", "2007-09-30": "610.81100", "2007-06-30": "618.33300", "2007-03-31": "617.67900", "2006-12-31": "619.15890", "2006-09-30": "620.12700", "2006-06-30": "621.38300", "2006-03-31": "618.97310", "2005-12-31": "620.13800", "2005-09-30": "626.55490", "2005-06-30": "636.06800", "2005-03-31": "635.65450"}, "Shares Outstanding": {"2020-12-31": "512.74280", "2020-09-30": "510.73900", "2020-06-30": "514.02600", "2020-03-31": "512.65800", "2019-12-31": "515.51780", "2019-09-30": "518.76100", "2019-06-30": "523.38100", "2019-03-31": "519.82100", "2018-12-31": "524.60100", "2018-09-30": "529.03400", "2018-06-30": "529.09000", "2018-03-31": "527.99100", "2017-12-31": "527.25000", "2017-09-30": "533.06300", "2017-06-30": "548.54500", "2017-03-31": "544.06890", "2016-12-31": "550.37200", "2016-09-30": "560.95400", "2016-06-30": "577.39100", "2016-03-31": "570.81500", "2015-12-31": "571.45200", "2015-09-30": "600.79000", "2015-06-30": "596.84900", "2015-03-31": "598.92100", "2014-12-31": "595.91200", "2014-09-30": "593.31000", "2014-06-30": "590.21600", "2014-03-31": "590.47000", "2013-12-31": "587.92600", "2013-09-30": "591.45900", "2013-06-30": "592.67500", "2013-03-31": "592.90400", "2012-12-31": "589.75200", "2012-09-30": "589.83900", "2012-06-30": "588.99100", "2012-03-31": "587.21500", "2011-12-31": "587.03400", "2011-09-30": "593.44900", "2011-06-30": "588.69200", "2011-03-31": "585.42200", "2010-12-31": "587.11000", "2010-09-30": "591.10300", "2010-06-30": "593.59000", "2010-03-31": "594.83400", "2009-12-31": "593.37200", "2009-09-30": "591.98300", "2009-06-30": "596.06900", "2009-03-31": "590.66800", "2008-12-31": "598.23300", "2008-09-30": "605.70700", "2008-06-30": "610.97100", "2008-03-31": "605.77400", "2007-12-31": "614.62000", "2007-09-30": "617.10800", "2007-06-30": "626.36700", "2007-03-31": "625.75100", "2006-12-31": "628.42990", "2006-09-30": "625.48700", "2006-06-30": "628.80100", "2006-03-31": "625.10160", "2005-12-31": "627.14800", "2005-09-30": "634.95930", "2005-06-30": "653.15700", "2005-03-31": "650.75370"}, "Basic EPS": {"2020-12-31": "0.13000", "2020-09-30": "0.43000", "2020-06-30": "-1.20000", "2020-03-31": "-0.01000", "2019-12-31": "0.75000", "2019-09-30": "0.88000", "2019-06-30": "1.03000", "2019-03-31": "0.86000", "2018-12-31": "0.52000", "2018-09-30": "0.83000", "2018-06-30": "0.86000", "2018-03-31": "0.63000", "2017-12-31": "0.55000", "2017-09-30": "0.70000", "2017-06-30": "0.58000", "2017-03-31": "0.44000", "2016-12-31": "0.50000", "2016-09-30": "0.58000", "2016-06-30": "0.39000", "2016-03-31": "0.38000", "2015-12-31": "0.48000", "2015-09-30": "0.41000", "2015-06-30": "0.12000", "2015-03-31": "0.30000", "2014-12-31": "0.27000", "2014-09-30": "0.47000", "2014-06-30": "0.43000", "2014-03-31": "0.31000", "2013-12-31": "0.36000", "2013-09-30": "0.49000", "2013-06-30": "0.47000", "2013-03-31": "0.34000", "2012-12-31": "0.38000", "2012-09-30": "0.49000", "2012-06-30": "0.53000", "2012-03-31": "0.44000", "2011-12-31": "0.43000", "2011-09-30": "0.51000", "2011-06-30": "0.57000", "2011-03-31": "0.44000", "2010-12-31": "0.44000", "2010-09-30": "0.51000", "2010-06-30": "0.57000", "2010-03-31": "0.42000", "2009-12-31": "0.45000", "2009-09-30": "0.55000", "2009-06-30": "0.53000", "2009-03-31": "0.38000", "2008-12-31": "0.40000", "2008-09-30": "0.46000", "2008-06-30": "0.56000", "2008-03-31": "0.40000", "2007-12-31": "0.43000", "2007-09-30": "0.44000", "2007-06-30": "0.49000", "2007-03-31": "0.36000", "2006-12-31": "0.40000", "2006-09-30": "0.37000", "2006-06-30": "0.42000", "2006-03-31": "0.30000", "2005-12-31": "0.33000", "2005-09-30": "0.33000", "2005-06-30": "0.46000", "2005-03-31": "0.34000"}, "EPS - Earnings Per Share": {"2020-12-31": "0.13000", "2020-09-30": "0.42000", "2020-06-30": "-1.18000", "2020-03-31": "-0.01000", "2019-12-31": "0.74000", "2019-09-30": "0.87000", "2019-06-30": "1.03000", "2019-03-31": "0.85000", "2018-12-31": "0.51000", "2018-09-30": "0.81000", "2018-06-30": "0.84000", "2018-03-31": "0.63000", "2017-12-31": "0.54000", "2017-09-30": "0.69000", "2017-06-30": "0.56000", "2017-03-31": "0.44000", "2016-12-31": "0.50000", "2016-09-30": "0.58000", "2016-06-30": "0.37000", "2016-03-31": "0.38000", "2015-12-31": "0.48000", "2015-09-30": "0.41000", "2015-06-30": "0.11000", "2015-03-31": "0.30000", "2014-12-31": "0.27000", "2014-09-30": "0.47000", "2014-06-30": "0.43000", "2014-03-31": "0.31000", "2013-12-31": "0.36000", "2013-09-30": "0.48000", "2013-06-30": "0.46000", "2013-03-31": "0.34000", "2012-12-31": "0.38000", "2012-09-30": "0.49000", "2012-06-30": "0.52000", "2012-03-31": "0.44000", "2011-12-31": "0.43000", "2011-09-30": "0.51000", "2011-06-30": "0.57000", "2011-03-31": "0.44000", "2010-12-31": "0.44000", "2010-09-30": "0.51000", "2010-06-30": "0.57000", "2010-03-31": "0.42000", "2009-12-31": "0.45000", "2009-09-30": "0.55000", "2009-06-30": "0.53000", "2009-03-31": "0.38000", "2008-12-31": "0.40000", "2008-09-30": "0.46000", "2008-06-30": "0.55000", "2008-03-31": "0.40000", "2007-12-31": "0.43000", "2007-09-30": "0.43000", "2007-06-30": "0.49000", "2007-03-31": "0.35000", "2006-12-31": "0.39000", "2006-09-30": "0.37000", "2006-06-30": "0.40000", "2006-03-31": "0.30000", "2005-12-31": "0.33000", "2005-09-30": "0.33000", "2005-06-30": "0.42000", "2005-03-31": "0.34000"}}, "balance sheet": {"Cash On Hand": {"2020-06-30": "6059.42700", "2019-06-30": "513.46000", "2018-06-30": "552.32500", "2017-06-30": "869.50200", "2016-06-30": "3919.30000", "2015-06-30": "5130.04400", "2014-06-30": "413.04600", "2013-06-30": "412.28500", "2012-06-30": "688.86700", "2011-06-30": "639.76500", "2010-06-30": "608.95400", "2009-06-30": "1018.65100", "2008-06-30": "551.55200", "2007-06-30": "207.87200", "2006-06-30": "201.89700", "2005-06-30": "191.67800"}, "Receivables": {"2020-06-30": "3001.55700", "2019-06-30": "4201.42900", "2018-06-30": "4137.83500", "2017-06-30": "4029.15300", "2016-06-30": "3380.97100", "2015-06-30": "3353.38100", "2014-06-30": "3398.71300", "2013-06-30": "3183.11400", "2012-06-30": "2966.62400", "2011-06-30": "2898.28300", "2010-06-30": "2617.35200", "2009-06-30": "2468.51100", "2008-06-30": "2723.18900", "2007-06-30": "2610.88500", "2006-06-30": "2483.72000", "2005-06-30": "2284.03300"}, "Inventory": {"2020-06-30": "3095.08500", "2019-06-30": "3216.03400", "2018-06-30": "3125.41300", "2017-06-30": "2995.59800", "2016-06-30": "2639.17400", "2015-06-30": "2691.82300", "2014-06-30": "2602.01800", "2013-06-30": "2396.18800", "2012-06-30": "2178.83000", "2011-06-30": "2073.76600", "2010-06-30": "1771.53900", "2009-06-30": "1650.66600", "2008-06-30": "1836.47800", "2007-06-30": "1714.18700", "2006-06-30": "1608.23300", "2005-06-30": "1466.16100"}, "Pre-Paid Expenses": {"2020-06-30": "192.16300", "2019-06-30": "210.58200", "2018-06-30": "187.88000", "2017-06-30": "139.18500", "2016-06-30": "114.45400", "2015-06-30": "183.80200", "2014-06-30": "126.97000", "2013-06-30": "79.62900", "2012-06-30": "115.98400", "2011-06-30": "121.06800", "2010-06-30": "78.41300", "2009-06-30": "64.41800", "2008-06-30": "63.81400", "2007-06-30": "142.60200", "2006-06-30": "105.84400", "2005-06-30": "59.91400"}, "Other Current Assets": {"2020-06-30": "", "2019-06-30": "", "2018-06-30": "", "2017-06-30": "", "2016-06-30": "", "2015-06-30": "", "2014-06-30": "", "2013-06-30": "", "2012-06-30": "", "2011-06-30": "", "2010-06-30": "", "2009-06-30": "", "2008-06-30": "", "2007-06-30": "", "2006-06-30": "", "2005-06-30": ""}, "Total Current Assets": {"2020-06-30": "12348.23000", "2019-06-30": "8141.50500", "2018-06-30": "8003.45300", "2017-06-30": "8033.43800", "2016-06-30": "10053.90000", "2015-06-30": "11494.30000", "2014-06-30": "6681.97200", "2013-06-30": "6221.68800", "2012-06-30": "6084.80800", "2011-06-30": "5732.88200", "2010-06-30": "5076.25800", "2009-06-30": "5202.24600", "2008-06-30": "5175.03300", "2007-06-30": "4675.54600", "2006-06-30": "4399.69400", "2005-06-30": "4001.78600"}, "Property, Plant, And Equipment": {"2020-06-30": "4458.56700", "2019-06-30": "4501.70500", "2018-06-30": "4521.66000", "2017-06-30": "4377.30200", "2016-06-30": "3880.44200", "2015-06-30": "3982.14300", "2014-06-30": "3985.61800", "2013-06-30": "3978.07100", "2012-06-30": "3883.75000", "2011-06-30": "3512.38900", "2010-06-30": "3203.82300", "2009-06-30": "2979.20000", "2008-06-30": "2889.79000", "2007-06-30": "2721.23300", "2006-06-30": "2464.90000", "2005-06-30": "2268.30100"}, "Long-Term Investments": {"2020-06-30": "", "2019-06-30": "", "2018-06-30": "", "2017-06-30": "", "2016-06-30": "", "2015-06-30": "", "2014-06-30": "", "2013-06-30": "", "2012-06-30": "", "2011-06-30": "", "2010-06-30": "", "2009-06-30": "", "2008-06-30": "", "2007-06-30": "", "2006-06-30": "", "2005-06-30": ""}, "Goodwill And Intangible Assets": {"2020-06-30": "4512.64100", "2019-06-30": "4753.52700", "2018-06-30": "4935.29700", "2017-06-30": "4953.63900", "2016-06-30": "2329.12200", "2015-06-30": "2114.62600", "2014-06-30": "2127.89900", "2013-06-30": "2089.95400", "2012-06-30": "1779.18200", "2011-06-30": "1743.22700", "2010-06-30": "1656.21300", "2009-06-30": "1631.88400", "2008-06-30": "1500.75200", "2007-06-30": "1446.67900", "2006-06-30": "1398.24200", "2005-06-30": "1285.18400"}, "Other Long-Term Assets": {"2020-06-30": "511.09500", "2019-06-30": "489.02500", "2018-06-30": "526.32800", "2017-06-30": "249.80400", "2016-06-30": "251.02100", "2015-06-30": "398.20800", "2014-06-30": "345.62400", "2013-06-30": "388.49500", "2012-06-30": "389.46700", "2011-06-30": "397.05700", "2010-06-30": "377.40700", "2009-06-30": "308.11000", "2008-06-30": "301.55900", "2007-06-30": "323.08300", "2006-06-30": "340.53900", "2005-06-30": "322.86510"}, "Total Long-Term Assets": {"2020-06-30": "10280.03000", "2019-06-30": "9825.01800", "2018-06-30": "10066.95000", "2017-06-30": "9723.21600", "2016-06-30": "6667.90400", "2015-06-30": "6494.97700", "2014-06-30": "6459.14100", "2013-06-30": "6456.52100", "2012-06-30": "6052.39900", "2011-06-30": "5652.67300", "2010-06-30": "5237.44300", "2009-06-30": "4945.94000", "2008-06-30": "4907.26000", "2007-06-30": "4843.38500", "2006-06-30": "4592.33100", "2005-06-30": "4266.11600"}, "Total Assets": {"2020-06-30": "22628.27000", "2019-06-30": "17966.52000", "2018-06-30": "18070.40000", "2017-06-30": "17756.65000", "2016-06-30": "16721.80000", "2015-06-30": "17989.28000", "2014-06-30": "13141.11000", "2013-06-30": "12678.21000", "2012-06-30": "12137.21000", "2011-06-30": "11385.55000", "2010-06-30": "10313.70000", "2009-06-30": "10148.19000", "2008-06-30": "10082.29000", "2007-06-30": "9518.93100", "2006-06-30": "8992.02500", "2005-06-30": "8267.90200"}, "Total Current Liabilities": {"2020-06-30": "6717.85300", "2019-06-30": "6103.18300", "2018-06-30": "6588.74600", "2017-06-30": "6095.88600", "2016-06-30": "4434.45600", "2015-06-30": "9399.61500", "2014-06-30": "4367.63000", "2013-06-30": "3662.62400", "2012-06-30": "3423.57900", "2011-06-30": "3575.07500", "2010-06-30": "3009.19800", "2009-06-30": "3081.72100", "2008-06-30": "3499.34300", "2007-06-30": "3415.08900", "2006-06-30": "3226.40300", "2005-06-30": "3457.57000"}, "Long Term Debt": {"2020-06-30": "12902.49000", "2019-06-30": "8122.05800", "2018-06-30": "7540.76500", "2017-06-30": "7660.87700", "2016-06-30": "7336.93000", "2015-06-30": "2271.82500", "2014-06-30": "2357.33000", "2013-06-30": "2639.98600", "2012-06-30": "2763.68800", "2011-06-30": "2279.51700", "2010-06-30": "2472.66200", "2009-06-30": "2467.48600", "2008-06-30": "1975.43500", "2007-06-30": "1758.22700", "2006-06-30": "1627.12700", "2005-06-30": "956.17700"}, "Other Non-Current Liabilities": {"2020-06-30": "1204.95300", "2019-06-30": "1031.02000", "2018-06-30": "1077.16300", "2017-06-30": "1373.82200", "2016-06-30": "1368.48200", "2015-06-30": "934.72200", "2014-06-30": "1027.87800", "2013-06-30": "903.30500", "2012-06-30": "1149.73400", "2011-06-30": "621.49800", "2010-06-30": "732.80300", "2009-06-30": "622.90000", "2008-06-30": "658.19900", "2007-06-30": "440.52000", "2006-06-30": "362.86200", "2005-06-30": "370.38700"}, "Total Long Term Liabilities": {"2020-06-30": "14751.80000", "2019-06-30": "9360.73600", "2018-06-30": "8974.70100", "2017-06-30": "9279.25300", "2016-06-30": "8807.74000", "2015-06-30": "3329.44200", "2014-06-30": "3506.78800", "2013-06-30": "3823.77400", "2012-06-30": "4028.58800", "2011-06-30": "3105.23800", "2010-06-30": "3476.97700", "2009-06-30": "3616.76300", "2008-06-30": "3173.96400", "2007-06-30": "2825.44200", "2006-06-30": "2713.33800", "2005-06-30": "2051.49300"}, "Total Liabilities": {"2020-06-30": "21469.66000", "2019-06-30": "15463.92000", "2018-06-30": "15563.45000", "2017-06-30": "15375.14000", "2016-06-30": "13242.20000", "2015-06-30": "12729.06000", "2014-06-30": "7874.41800", "2013-06-30": "7486.40000", "2012-06-30": "7452.16700", "2011-06-30": "6680.30800", "2010-06-30": "6486.17500", "2009-06-30": "6698.48800", "2008-06-30": "6673.30700", "2007-06-30": "6240.53100", "2006-06-30": "5939.74100", "2005-06-30": "5509.06300"}, "Common Stock Net": {"2020-06-30": "765.17500", "2019-06-30": "765.17500", "2018-06-30": "765.17500", "2017-06-30": "765.17500", "2016-06-30": "765.17500", "2015-06-30": "765.17500", "2014-06-30": "765.17500", "2013-06-30": "765.17500", "2012-06-30": "765.17500", "2011-06-30": "765.17500", "2010-06-30": "765.17500", "2009-06-30": "765.17500", "2008-06-30": "765.17500", "2007-06-30": "765.17500", "2006-06-30": "765.17500", "2005-06-30": "765.17500"}, "Retained Earnings (Accumulated Deficit)": {"2020-06-30": "10563.01000", "2019-06-30": "11229.68000", "2018-06-30": "10348.63000", "2017-06-30": "9447.75500", "2016-06-30": "9006.13800", "2015-06-30": "8751.98500", "2014-06-30": "8770.75100", "2013-06-30": "8512.78600", "2012-06-30": "8175.23000", "2011-06-30": "7681.66900", "2010-06-30": "7134.13900", "2009-06-30": "6539.89000", "2008-06-30": "6041.42900", "2007-06-30": "5544.07800", "2006-06-30": "4999.44000", "2005-06-30": "4552.37900"}, "Comprehensive Income": {"2020-06-30": "-1710.88100", "2019-06-30": "-1599.72900", "2018-06-30": "-1409.26900", "2017-06-30": "-1262.73700", "2016-06-30": "-1358.11800", "2015-06-30": "-923.19700", "2014-06-30": "-642.66300", "2013-06-30": "-446.93700", "2012-06-30": "-662.86600", "2011-06-30": "-259.95800", "2010-06-30": "-480.25100", "2009-06-30": "-277.98600", "2008-06-30": "-68.76800", "2007-06-30": "-4.06100", "2006-06-30": "84.61800", "2005-06-30": "-13.67700"}, "Other Share Holders Equity": {"2020-06-30": "", "2019-06-30": "", "2018-06-30": "", "2017-06-30": "", "2016-06-30": "", "2015-06-30": "", "2014-06-30": "", "2013-06-30": "", "2012-06-30": "", "2011-06-30": "", "2010-06-30": "", "2009-06-30": "", "2008-06-30": "", "2007-06-30": "", "2006-06-30": "", "2005-06-30": ""}, "Share Holder Equity": {"2020-06-30": "1158.61300", "2019-06-30": "2502.60300", "2018-06-30": "2506.95700", "2017-06-30": "2381.51600", "2016-06-30": "3479.60800", "2015-06-30": "5260.22400", "2014-06-30": "5266.69500", "2013-06-30": "5191.81000", "2012-06-30": "4685.04000", "2011-06-30": "4705.24200", "2010-06-30": "3827.52600", "2009-06-30": "3449.70200", "2008-06-30": "3408.98600", "2007-06-30": "3278.40000", "2006-06-30": "3052.28400", "2005-06-30": "2758.83900"}, "Total Liabilities And Share Holders Equity": {"2020-06-30": "22628.27000", "2019-06-30": "17966.52000", "2018-06-30": "18070.40000", "2017-06-30": "17756.65000", "2016-06-30": "16721.80000", "2015-06-30": "17989.28000", "2014-06-30": "13141.11000", "2013-06-30": "12678.21000", "2012-06-30": "12137.21000", "2011-06-30": "11385.55000", "2010-06-30": "10313.70000", "2009-06-30": "10148.19000", "2008-06-30": "10082.29000", "2007-06-30": "9518.93100", "2006-06-30": "8992.02500", "2005-06-30": "8267.90200"}}, "balance sheet, quarterly": {"Cash On Hand": {"2020-12-31": "5767.03400", "2020-09-30": "5985.53200", "2020-06-30": "6059.42700", "2020-03-31": "2240.80700", "2019-12-31": "524.57800", "2019-09-30": "455.48200", "2019-06-30": "513.46000", "2019-03-31": "521.62100", "2018-12-31": "744.80800", "2018-09-30": "790.30400", "2018-06-30": "552.32500", "2018-03-31": "901.55100", "2017-12-31": "961.06700", "2017-09-30": "909.20300", "2017-06-30": "869.50200", "2017-03-31": "855.13300", "2016-12-31": "847.29200", "2016-09-30": "759.89800", "2016-06-30": "3919.30000", "2016-03-31": "610.83800", "2015-12-31": "595.60200", "2015-09-30": "388.25600", "2015-06-30": "5130.04400", "2015-03-31": "5084.70400", "2014-12-31": "4907.67700", "2014-09-30": "384.89800", "2014-06-30": "413.04600", "2014-03-31": "341.09000", "2013-12-31": "449.86300", "2013-09-30": "359.53200", "2013-06-30": "412.28500", "2013-03-31": "331.52000", "2012-12-31": "320.80500", "2012-09-30": "548.41500", "2012-06-30": "688.86700", "2012-03-31": "350.46400", "2011-12-31": "336.53100", "2011-09-30": "284.10100", "2011-06-30": "639.76500", "2011-03-31": "385.66800", "2010-12-31": "209.75500", "2010-09-30": "448.37400", "2010-06-30": "608.95400", "2010-03-31": "586.85400", "2009-12-31": "636.74500", "2009-09-30": "801.20800", "2009-06-30": "1018.65100", "2009-03-31": "899.11700", "2008-12-31": "373.07400", "2008-09-30": "345.62500", "2008-06-30": "551.55200", "2008-03-31": "243.91900", "2007-12-31": "168.78600", "2007-09-30": "190.15400", "2007-06-30": "207.87200", "2007-03-31": "180.94300", "2006-12-31": "185.86200", "2006-09-30": "180.72100", "2006-06-30": "201.89700", "2006-03-31": "205.60500", "2005-12-31": "253.93800", "2005-09-30": "177.91800", "2005-06-30": "191.67800", "2005-03-31": "199.51800"}, "Receivables": {"2020-12-31": "2900.04500", "2020-09-30": "3115.76000", "2020-06-30": "3001.55700", "2020-03-31": "3684.59600", "2019-12-31": "4383.29200", "2019-09-30": "4406.86000", "2019-06-30": "4201.42900", "2019-03-31": "4378.09000", "2018-12-31": "4170.37400", "2018-09-30": "4281.78000", "2018-06-30": "4137.83500", "2018-03-31": "4323.48500", "2017-12-31": "3953.64300", "2017-09-30": "4333.70400", "2017-06-30": "4029.15300", "2017-03-31": "4386.80300", "2016-12-31": "3990.04700", "2016-09-30": "4191.46000", "2016-06-30": "3380.97100", "2016-03-31": "3509.43800", "2015-12-31": "3353.45300", "2015-09-30": "3531.10500", "2015-06-30": "3353.38100", "2015-03-31": "3496.25400", "2014-12-31": "3529.99700", "2014-09-30": "3646.81700", "2014-06-30": "3398.71300", "2014-03-31": "3510.51800", "2013-12-31": "3289.93000", "2013-09-30": "3423.15200", "2013-06-30": "3183.11400", "2013-03-31": "3396.85000", "2012-12-31": "3168.12000", "2012-09-30": "3193.38900", "2012-06-30": "2966.62400", "2012-03-31": "3094.17500", "2011-12-31": "2882.73000", "2011-09-30": "3061.14500", "2011-06-30": "2898.28300", "2011-03-31": "2926.03300", "2010-12-31": "2623.30000", "2010-09-30": "2814.95800", "2010-06-30": "2617.35200", "2010-03-31": "2633.99500", "2009-12-31": "2526.04400", "2009-09-30": "2575.29300", "2009-06-30": "2468.51100", "2009-03-31": "2549.76900", "2008-12-31": "2623.50900", "2008-09-30": "2873.50200", "2008-06-30": "2723.18900", "2008-03-31": "2737.46400", "2007-12-31": "2754.33900", "2007-09-30": "2765.21300", "2007-06-30": "2610.88500", "2007-03-31": "2634.27300", "2006-12-31": "2551.11400", "2006-09-30": "2636.83400", "2006-06-30": "2483.72000", "2006-03-31": "2467.30800", "2005-12-31": "2360.13200", "2005-09-30": "2406.85500", "2005-06-30": "2284.03300", "2005-03-31": "2242.83700"}, "Inventory": {"2020-12-31": "3100.47800", "2020-09-30": "3134.73200", "2020-06-30": "3095.08500", "2020-03-31": "3697.51500", "2019-12-31": "3508.26000", "2019-09-30": "3386.80800", "2019-06-30": "3216.03400", "2019-03-31": "3344.68300", "2018-12-31": "3310.31200", "2018-09-30": "3354.45800", "2018-06-30": "3125.41300", "2018-03-31": "3259.77100", "2017-12-31": "3174.01200", "2017-09-30": "3180.63100", "2017-06-30": "2995.59800", "2017-03-31": "2944.32700", "2016-12-31": "3031.54800", "2016-09-30": "3025.81100", "2016-06-30": "2639.17400", "2016-03-31": "2703.63500", "2015-12-31": "2736.38200", "2015-09-30": "2841.36100", "2015-06-30": "2691.82300", "2015-03-31": "2649.75200", "2014-12-31": "2791.81300", "2014-09-30": "2845.64100", "2014-06-30": "2602.01800", "2014-03-31": "2527.90000", "2013-12-31": "2506.58100", "2013-09-30": "2540.64300", "2013-06-30": "2396.18800", "2013-03-31": "2413.19000", "2012-12-31": "2436.10900", "2012-09-30": "2370.86400", "2012-06-30": "2178.83000", "2012-03-31": "2250.46000", "2011-12-31": "2213.15300", "2011-09-30": "2137.45100", "2011-06-30": "2073.76600", "2011-03-31": "2047.37100", "2010-12-31": "1963.39700", "2010-09-30": "1875.24200", "2010-06-30": "1771.53900", "2010-03-31": "1751.23900", "2009-12-31": "1790.32700", "2009-09-30": "1747.77300", "2009-06-30": "1650.66600", "2009-03-31": "1710.25100", "2008-12-31": "1862.18700", "2008-09-30": "1933.70300", "2008-06-30": "1836.47800", "2008-03-31": "1836.68300", "2007-12-31": "1896.55700", "2007-09-30": "1865.35500", "2007-06-30": "1714.18700", "2007-03-31": "1693.08400", "2006-12-31": "1717.97800", "2006-09-30": "1715.60800", "2006-06-30": "1608.23300", "2006-03-31": "1601.25000", "2005-12-31": "1672.90800", "2005-09-30": "1568.54600", "2005-06-30": "1466.16100", "2005-03-31": "1490.30500"}, "Pre-Paid Expenses": {"2020-12-31": "223.87200", "2020-09-30": "197.07400", "2020-06-30": "192.16300", "2020-03-31": "234.85700", "2019-12-31": "245.48000", "2019-09-30": "235.01400", "2019-06-30": "210.58200", "2019-03-31": "211.15500", "2018-12-31": "212.28900", "2018-09-30": "215.71400", "2018-06-30": "187.88000", "2018-03-31": "231.06400", "2017-12-31": "183.44600", "2017-09-30": "173.46400", "2017-06-30": "139.18500", "2017-03-31": "139.29800", "2016-12-31": "142.31900", "2016-09-30": "158.30100", "2016-06-30": "114.45400", "2016-03-31": "136.12200", "2015-12-31": "93.58900", "2015-09-30": "181.82200", "2015-06-30": "183.80200", "2015-03-31": "150.31300", "2014-12-31": "86.96100", "2014-09-30": "90.49300", "2014-06-30": "126.97000", "2014-03-31": "138.93400", "2013-12-31": "153.38700", "2013-09-30": "74.68000", "2013-06-30": "79.62900", "2013-03-31": "101.54200", "2012-12-31": "117.86400", "2012-09-30": "86.39600", "2012-06-30": "115.98400", "2012-03-31": "85.71200", "2011-12-31": "73.56800", "2011-09-30": "77.57500", "2011-06-30": "121.06800", "2011-03-31": "79.48500", "2010-12-31": "70.43000", "2010-09-30": "76.41800", "2010-06-30": "78.41300", "2010-03-31": "93.76900", "2009-12-31": "63.67400", "2009-09-30": "69.01300", "2009-06-30": "64.41800", "2009-03-31": "67.13100", "2008-12-31": "60.93800", "2008-09-30": "69.06500", "2008-06-30": "63.81400", "2008-03-31": "62.43200", "2007-12-31": "64.79800", "2007-09-30": "117.66100", "2007-06-30": "142.60200", "2007-03-31": "66.93900", "2006-12-31": "69.78500", "2006-09-30": "74.73500", "2006-06-30": "105.84400", "2006-03-31": "72.04900", "2005-12-31": "65.27300", "2005-09-30": "67.34400", "2005-06-30": "59.91400", "2005-03-31": "63.48200"}, "Other Current Assets": {"2020-12-31": "", "2020-09-30": "", "2020-06-30": "", "2020-03-31": "", "2019-12-31": "", "2019-09-30": "", "2019-06-30": "", "2019-03-31": "", "2018-12-31": "", "2018-09-30": "", "2018-06-30": "", "2018-03-31": "", "2017-12-31": "", "2017-09-30": "", "2017-06-30": "", "2017-03-31": "", "2016-12-31": "", "2016-09-30": "", "2016-06-30": "", "2016-03-31": "", "2015-12-31": "", "2015-09-30": "", "2015-06-30": "", "2015-03-31": "", "2014-12-31": "", "2014-09-30": "", "2014-06-30": "", "2014-03-31": "", "2013-12-31": "", "2013-09-30": "", "2013-06-30": "", "2013-03-31": "", "2012-12-31": "", "2012-09-30": "", "2012-06-30": "", "2012-03-31": "", "2011-12-31": "", "2011-09-30": "", "2011-06-30": "", "2011-03-31": "", "2010-12-31": "", "2010-09-30": "", "2010-06-30": "", "2010-03-31": "", "2009-12-31": "", "2009-09-30": "", "2009-06-30": "", "2009-03-31": "", "2008-12-31": "", "2008-09-30": "", "2008-06-30": "", "2008-03-31": "", "2007-12-31": "", "2007-09-30": "", "2007-06-30": "", "2007-03-31": "", "2006-12-31": "", "2006-09-30": "", "2006-06-30": "", "2006-03-31": "", "2005-12-31": "", "2005-09-30": "", "2005-06-30": "", "2005-03-31": ""}, "Total Current Assets": {"2020-12-31": "11991.43000", "2020-09-30": "12433.10000", "2020-06-30": "12348.23000", "2020-03-31": "9857.77500", "2019-12-31": "8661.61000", "2019-09-30": "8484.16400", "2019-06-30": "8141.50500", "2019-03-31": "8455.54900", "2018-12-31": "8437.78300", "2018-09-30": "8642.25600", "2018-06-30": "8003.45300", "2018-03-31": "8715.87100", "2017-12-31": "8272.16800", "2017-09-30": "8597.00200", "2017-06-30": "8033.43800", "2017-03-31": "8325.56100", "2016-12-31": "8011.20600", "2016-09-30": "8135.47000", "2016-06-30": "10053.90000", "2016-03-31": "6960.03300", "2015-12-31": "6779.02600", "2015-09-30": "7027.96000", "2015-06-30": "11494.30000", "2015-03-31": "11521.31000", "2014-12-31": "11456.90000", "2014-09-30": "7108.40300", "2014-06-30": "6681.97200", "2014-03-31": "6657.86200", "2013-12-31": "6539.24300", "2013-09-30": "6548.52300", "2013-06-30": "6221.68800", "2013-03-31": "6375.58200", "2012-12-31": "6159.78500", "2012-09-30": "6333.65000", "2012-06-30": "6084.80800", "2012-03-31": "5924.94200", "2011-12-31": "5648.05000", "2011-09-30": "5696.23400", "2011-06-30": "5732.88200", "2011-03-31": "5438.55700", "2010-12-31": "4866.88200", "2010-09-30": "5289.41100", "2010-06-30": "5076.25800", "2010-03-31": "5065.85700", "2009-12-31": "5016.79000", "2009-09-30": "5284.54900", "2009-06-30": "5202.24600", "2009-03-31": "5226.26800", "2008-12-31": "4919.70800", "2008-09-30": "5323.70600", "2008-06-30": "5175.03300", "2008-03-31": "4880.49800", "2007-12-31": "4884.48000", "2007-09-30": "5029.82700", "2007-06-30": "4675.54600", "2007-03-31": "4575.23900", "2006-12-31": "4524.73900", "2006-09-30": "4695.19000", "2006-06-30": "4399.69400", "2006-03-31": "4346.21200", "2005-12-31": "4352.25100", "2005-09-30": "4285.84700", "2005-06-30": "4001.78600", "2005-03-31": "3996.14200"}, "Property, Plant, And Equipment": {"2020-12-31": "4382.73700", "2020-09-30": "4404.59700", "2020-06-30": "4458.56700", "2020-03-31": "4604.61800", "2019-12-31": "4593.89000", "2019-09-30": "4493.01600", "2019-06-30": "4501.70500", "2019-03-31": "4377.05900", "2018-12-31": "4375.55000", "2018-09-30": "4466.90300", "2018-06-30": "4521.66000", "2018-03-31": "4392.15800", "2017-12-31": "4366.29200", "2017-09-30": "4388.29900", "2017-06-30": "4377.30200", "2017-03-31": "4271.70700", "2016-12-31": "4331.12900", "2016-09-30": "4418.52400", "2016-06-30": "3880.44200", "2016-03-31": "3900.47000", "2015-12-31": "3936.61200", "2015-09-30": "3961.29900", "2015-06-30": "3982.14300", "2015-03-31": "3970.26100", "2014-12-31": "4002.93200", "2014-09-30": "3968.71300", "2014-06-30": "3985.61800", "2014-03-31": "3956.20900", "2013-12-31": "3967.17600", "2013-09-30": "3979.35100", "2013-06-30": "3978.07100", "2013-03-31": "3938.27700", "2012-12-31": "3960.63600", "2012-09-30": "3950.66800", "2012-06-30": "3883.75000", "2012-03-31": "3846.87000", "2011-12-31": "3736.13700", "2011-09-30": "3615.36100", "2011-06-30": "3512.38900", "2011-03-31": "3419.86200", "2010-12-31": "3370.55300", "2010-09-30": "3277.58300", "2010-06-30": "3203.82300", "2010-03-31": "3176.22000", "2009-12-31": "3072.72100", "2009-09-30": "3014.34100", "2009-06-30": "2979.20000", "2009-03-31": "2891.89300", "2008-12-31": "2890.64100", "2008-09-30": "2876.08100", "2008-06-30": "2889.79000", "2008-03-31": "2857.23000", "2007-12-31": "2841.22900", "2007-09-30": "2780.78000", "2007-06-30": "2721.23300", "2007-03-31": "2649.70800", "2006-12-31": "2593.87400", "2006-09-30": "2486.30100", "2006-06-30": "2464.90000", "2006-03-31": "2399.34500", "2005-12-31": "2344.42300", "2005-09-30": "2280.58000", "2005-06-30": "2268.30100", "2005-03-31": "2247.55500"}, "Long-Term Investments": {"2020-12-31": "", "2020-09-30": "", "2020-06-30": "", "2020-03-31": "", "2019-12-31": "", "2019-09-30": "", "2019-06-30": "", "2019-03-31": "", "2018-12-31": "", "2018-09-30": "", "2018-06-30": "", "2018-03-31": "", "2017-12-31": "", "2017-09-30": "", "2017-06-30": "", "2017-03-31": "", "2016-12-31": "", "2016-09-30": "", "2016-06-30": "", "2016-03-31": "", "2015-12-31": "", "2015-09-30": "", "2015-06-30": "", "2015-03-31": "", "2014-12-31": "", "2014-09-30": "", "2014-06-30": "", "2014-03-31": "", "2013-12-31": "", "2013-09-30": "", "2013-06-30": "", "2013-03-31": "", "2012-12-31": "", "2012-09-30": "", "2012-06-30": "", "2012-03-31": "", "2011-12-31": "", "2011-09-30": "", "2011-06-30": "", "2011-03-31": "", "2010-12-31": "", "2010-09-30": "", "2010-06-30": "", "2010-03-31": "", "2009-12-31": "", "2009-09-30": "", "2009-06-30": "", "2009-03-31": "", "2008-12-31": "", "2008-09-30": "", "2008-06-30": "", "2008-03-31": "", "2007-12-31": "", "2007-09-30": "", "2007-06-30": "", "2007-03-31": "", "2006-12-31": "", "2006-09-30": "", "2006-06-30": "", "2006-03-31": "", "2005-12-31": "", "2005-09-30": "", "2005-06-30": "", "2005-03-31": ""}, "Goodwill And Intangible Assets": {"2020-12-31": "4728.28500", "2020-09-30": "4570.75000", "2020-06-30": "4512.64100", "2020-03-31": "4665.31800", "2019-12-31": "4879.12800", "2019-09-30": "4697.00900", "2019-06-30": "4753.52700", "2019-03-31": "4812.48700", "2018-12-31": "4775.91200", "2018-09-30": "4881.48600", "2018-06-30": "4935.29700", "2018-03-31": "5122.25400", "2017-12-31": "5057.35500", "2017-09-30": "5023.32100", "2017-06-30": "4953.63900", "2017-03-31": "4853.85200", "2016-12-31": "4809.28200", "2016-09-30": "5019.56200", "2016-06-30": "2329.12200", "2016-03-31": "2273.20100", "2015-12-31": "2141.01000", "2015-09-30": "2149.93100", "2015-06-30": "2114.62600", "2015-03-31": "2087.66200", "2014-12-31": "2134.99300", "2014-09-30": "2160.84900", "2014-06-30": "2127.89900", "2014-03-31": "2118.11100", "2013-12-31": "2107.49000", "2013-09-30": "2108.61600", "2013-06-30": "2089.95400", "2013-03-31": "1953.21200", "2012-12-31": "1955.98800", "2012-09-30": "1851.87000", "2012-06-30": "1779.18200", "2012-03-31": "1775.82900", "2011-12-31": "1733.47300", "2011-09-30": "1729.86700", "2011-06-30": "1743.22700", "2011-03-31": "1698.24500", "2010-12-31": "1681.61900", "2010-09-30": "1688.66500", "2010-06-30": "1656.21300", "2010-03-31": "1673.54500", "2009-12-31": "1669.58200", "2009-09-30": "1645.79700", "2009-06-30": "1631.88400", "2009-03-31": "1492.00400", "2008-12-31": "1463.76600", "2008-09-30": "1505.16900", "2008-06-30": "1500.75200", "2008-03-31": "1496.94200", "2007-12-31": "1499.39000", "2007-09-30": "1485.20700", "2007-06-30": "1446.67900", "2007-03-31": "1419.72200", "2006-12-31": "1416.77300", "2006-09-30": "1425.91800", "2006-06-30": "1398.24200", "2006-03-31": "1390.26000", "2005-12-31": "1346.98400", "2005-09-30": "1325.09600", "2005-06-30": "1285.18400", "2005-03-31": "1268.62700"}, "Other Long-Term Assets": {"2020-12-31": "471.22500", "2020-09-30": "483.57200", "2020-06-30": "511.09500", "2020-03-31": "515.56900", "2019-12-31": "488.48600", "2019-09-30": "557.68790", "2019-06-30": "489.02500", "2019-03-31": "493.83100", "2018-12-31": "527.74000", "2018-09-30": "492.43400", "2018-06-30": "526.32800", "2018-03-31": "394.57000", "2017-12-31": "430.60500", "2017-09-30": "260.03600", "2017-06-30": "249.80400", "2017-03-31": "279.63500", "2016-12-31": "284.78600", "2016-09-30": "252.38700", "2016-06-30": "251.02100", "2016-03-31": "217.39000", "2015-12-31": "232.82000", "2015-09-30": "232.36100", "2015-06-30": "398.20800", "2015-03-31": "364.91500", "2014-12-31": "334.98000", "2014-09-30": "356.06800", "2014-06-30": "345.62400", "2014-03-31": "424.46900", "2013-12-31": "417.50300", "2013-09-30": "403.16600", "2013-06-30": "388.49500", "2013-03-31": "390.13900", "2012-12-31": "394.89300", "2012-09-30": "393.88000", "2012-06-30": "389.46700", "2012-03-31": "385.70700", "2011-12-31": "336.36700", "2011-09-30": "405.40100", "2011-06-30": "397.05700", "2011-03-31": "393.27000", "2010-12-31": "409.22900", "2010-09-30": "399.75100", "2010-06-30": "377.40700", "2010-03-31": "393.91000", "2009-12-31": "374.39900", "2009-09-30": "359.00200", "2009-06-30": "308.11000", "2009-03-31": "287.11400", "2008-12-31": "287.46700", "2008-09-30": "324.08200", "2008-06-30": "301.55900", "2008-03-31": "310.16400", "2007-12-31": "324.66400", "2007-09-30": "332.41000", "2007-06-30": "323.08300", "2007-03-31": "359.04500", "2006-12-31": "369.68400", "2006-09-30": "354.63200", "2006-06-30": "340.53900", "2006-03-31": "340.08800", "2005-12-31": "338.52400", "2005-09-30": "332.75300", "2005-06-30": "322.86510", "2005-03-31": "382.64600"}, "Total Long-Term Assets": {"2020-12-31": "10498.42000", "2020-09-30": "10308.46000", "2020-06-30": "10280.03000", "2020-03-31": "10574.56000", "2019-12-31": "10710.42000", "2019-09-30": "10472.41000", "2019-06-30": "9825.01800", "2019-03-31": "9745.25000", "2018-12-31": "9756.39400", "2018-09-30": "9899.82500", "2018-06-30": "10066.95000", "2018-03-31": "9913.27100", "2017-12-31": "9947.20200", "2017-09-30": "9821.58700", "2017-06-30": "9723.21600", "2017-03-31": "9595.33800", "2016-12-31": "9618.86000", "2016-09-30": "9889.34000", "2016-06-30": "6667.90400", "2016-03-31": "6391.06100", "2015-12-31": "6310.44200", "2015-09-30": "6343.59100", "2015-06-30": "6494.97700", "2015-03-31": "6422.83800", "2014-12-31": "6472.90500", "2014-09-30": "6485.63000", "2014-06-30": "6459.14100", "2014-03-31": "6498.78900", "2013-12-31": "6492.16900", "2013-09-30": "6491.13300", "2013-06-30": "6456.52100", "2013-03-31": "6281.62800", "2012-12-31": "6311.51700", "2012-09-30": "6196.41800", "2012-06-30": "6052.39900", "2012-03-31": "6008.40600", "2011-12-31": "5805.97700", "2011-09-30": "5750.62900", "2011-06-30": "5652.67300", "2011-03-31": "5511.37700", "2010-12-31": "5461.40100", "2010-09-30": "5365.99900", "2010-06-30": "5237.44300", "2010-03-31": "5336.43200", "2009-12-31": "5187.45500", "2009-09-30": "5067.89000", "2009-06-30": "4945.94000", "2009-03-31": "4910.78400", "2008-12-31": "4891.71400", "2008-09-30": "4961.34900", "2008-06-30": "4907.26000", "2008-03-31": "5080.48700", "2007-12-31": "5068.34700", "2007-09-30": "4988.11700", "2007-06-30": "4843.38500", "2007-03-31": "4852.08200", "2006-12-31": "4792.64100", "2006-09-30": "4666.90000", "2006-06-30": "4592.33100", "2006-03-31": "4537.87600", "2005-12-31": "4457.93600", "2005-09-30": "4319.93900", "2005-06-30": "4266.11600", "2005-03-31": "4171.09400"}, "Total Assets": {"2020-12-31": "22489.85000", "2020-09-30": "22741.56000", "2020-06-30": "22628.27000", "2020-03-31": "20432.33000", "2019-12-31": "19372.03000", "2019-09-30": "18956.57000", "2019-06-30": "17966.52000", "2019-03-31": "18200.80000", "2018-12-31": "18194.18000", "2018-09-30": "18542.08000", "2018-06-30": "18070.40000", "2018-03-31": "18629.14000", "2017-12-31": "18219.37000", "2017-09-30": "18418.59000", "2017-06-30": "17756.65000", "2017-03-31": "17920.90000", "2016-12-31": "17630.07000", "2016-09-30": "18024.81000", "2016-06-30": "16721.80000", "2016-03-31": "13351.09000", "2015-12-31": "13089.47000", "2015-09-30": "13371.55000", "2015-06-30": "17989.28000", "2015-03-31": "17944.14000", "2014-12-31": "17929.81000", "2014-09-30": "13594.03000", "2014-06-30": "13141.11000", "2014-03-31": "13156.65000", "2013-12-31": "13031.41000", "2013-09-30": "13039.66000", "2013-06-30": "12678.21000", "2013-03-31": "12657.21000", "2012-12-31": "12471.30000", "2012-09-30": "12530.07000", "2012-06-30": "12137.21000", "2012-03-31": "11933.35000", "2011-12-31": "11454.03000", "2011-09-30": "11446.86000", "2011-06-30": "11385.55000", "2011-03-31": "10949.93000", "2010-12-31": "10328.28000", "2010-09-30": "10655.41000", "2010-06-30": "10313.70000", "2010-03-31": "10402.29000", "2009-12-31": "10204.25000", "2009-09-30": "10352.44000", "2009-06-30": "10148.19000", "2009-03-31": "10137.05000", "2008-12-31": "9811.42200", "2008-09-30": "10285.05000", "2008-06-30": "10082.29000", "2008-03-31": "9960.98500", "2007-12-31": "9952.82700", "2007-09-30": "10017.94000", "2007-06-30": "9518.93100", "2007-03-31": "9427.32100", "2006-12-31": "9317.38000", "2006-09-30": "9362.09000", "2006-06-30": "8992.02500", "2006-03-31": "8884.08800", "2005-12-31": "8810.18700", "2005-09-30": "8605.78600", "2005-06-30": "8267.90200", "2005-03-31": "8167.23600"}, "Total Current Liabilities": {"2020-12-31": "6716.54300", "2020-09-30": "7168.06700", "2020-06-30": "6717.85300", "2020-03-31": "6625.00900", "2019-12-31": "6931.96800", "2019-09-30": "6101.47100", "2019-06-30": "6103.18300", "2019-03-31": "6500.15800", "2018-12-31": "6750.17000", "2018-09-30": "6640.95200", "2018-06-30": "6588.74600", "2018-03-31": "6046.19900", "2017-12-31": "5982.97000", "2017-09-30": "6140.28200", "2017-06-30": "6095.88600", "2017-03-31": "5729.81000", "2016-12-31": "5052.28600", "2016-09-30": "5366.55000", "2016-06-30": "4434.45600", "2016-03-31": "4112.07200", "2015-12-31": "3872.21400", "2015-09-30": "3970.81600", "2015-06-30": "9399.61500", "2015-03-31": "4339.85600", "2014-12-31": "4285.95300", "2014-09-30": "4536.48900", "2014-06-30": "4367.63000", "2014-03-31": "3829.02200", "2013-12-31": "3636.74400", "2013-09-30": "3797.41700", "2013-06-30": "3662.62400", "2013-03-31": "3656.90400", "2012-12-31": "3487.41700", "2012-09-30": "3602.87400", "2012-06-30": "3423.57900", "2012-03-31": "3703.75200", "2011-12-31": "3263.77000", "2011-09-30": "3578.69000", "2011-06-30": "3575.07500", "2011-03-31": "3136.45000", "2010-12-31": "2721.53400", "2010-09-30": "3146.02100", "2010-06-30": "3009.19800", "2010-03-31": "2851.29400", "2009-12-31": "2711.02200", "2009-09-30": "3004.99300", "2009-06-30": "3081.72100", "2009-03-31": "3116.09200", "2008-12-31": "3293.20900", "2008-09-30": "3398.44400", "2008-06-30": "3499.34300", "2008-03-31": "3430.19700", "2007-12-31": "3268.68300", "2007-09-30": "3374.74500", "2007-06-30": "3415.08900", "2007-03-31": "3385.27200", "2006-12-31": "3243.22700", "2006-09-30": "3201.46500", "2006-06-30": "3226.40300", "2006-03-31": "3191.47200", "2005-12-31": "3141.17300", "2005-09-30": "3189.15700", "2005-06-30": "3457.57000", "2005-03-31": "3333.83900"}, "Long Term Debt": {"2020-12-31": "12463.28000", "2020-09-30": "12422.78000", "2020-06-30": "12902.49000", "2020-03-31": "10023.25000", "2019-12-31": "8092.91500", "2019-09-30": "8637.70600", "2019-06-30": "8122.05800", "2019-03-31": "8134.46100", "2018-12-31": "8019.84600", "2018-09-30": "7914.34400", "2018-06-30": "7540.76500", "2018-03-31": "8835.15600", "2017-12-31": "8312.48900", "2017-09-30": "8426.35900", "2017-06-30": "7660.87700", "2017-03-31": "8026.61700", "2016-12-31": "8313.65100", "2016-09-30": "7843.51700", "2016-06-30": "7336.93000", "2016-03-31": "4274.88400", "2015-12-31": "4265.85700", "2015-09-30": "3004.61800", "2015-06-30": "2271.82500", "2015-03-31": "7235.94100", "2014-12-31": "7208.25200", "2014-09-30": "2626.61000", "2014-06-30": "2357.33000", "2014-03-31": "2986.16300", "2013-12-31": "2944.08300", "2013-09-30": "2878.39100", "2013-06-30": "2639.98600", "2013-03-31": "2557.31400", "2012-12-31": "2809.29000", "2012-09-30": "2764.85300", "2012-06-30": "2763.68800", "2012-03-31": "2412.47700", "2011-12-31": "2649.34600", "2011-09-30": "2384.98600", "2011-06-30": "2279.51700", "2011-03-31": "2663.47000", "2010-12-31": "2653.52900", "2010-09-30": "2486.64600", "2010-06-30": "2472.66200", "2010-03-31": "2468.51700", "2009-12-31": "2468.69000", "2009-09-30": "2468.78300", "2009-06-30": "2467.48600", "2009-03-31": "2463.24300", "2008-12-31": "1972.61200", "2008-09-30": "1974.05300", "2008-06-30": "1975.43500", "2008-03-31": "2040.54600", "2007-12-31": "2135.54700", "2007-09-30": "1969.80400", "2007-06-30": "1758.22700", "2007-03-31": "1633.09100", "2006-12-31": "1755.98200", "2006-09-30": "1738.85800", "2006-06-30": "1627.12700", "2006-03-31": "1787.15500", "2005-12-31": "1827.58600", "2005-09-30": "1451.69700", "2005-06-30": "956.17700", "2005-03-31": "1032.82200"}, "Other Non-Current Liabilities": {"2020-12-31": "1235.93900", "2020-09-30": "1217.22700", "2020-06-30": "1204.95300", "2020-03-31": "1051.65500", "2019-12-31": "1081.64500", "2019-09-30": "1005.33700", "2019-06-30": "1031.02000", "2019-03-31": "949.63600", "2018-12-31": "987.56600", "2018-09-30": "1034.28900", "2018-06-30": "1077.16300", "2018-03-31": "1199.47200", "2017-12-31": "1477.99100", "2017-09-30": "1367.96500", "2017-06-30": "1373.82200", "2017-03-31": "1568.52300", "2016-12-31": "1533.39000", "2016-09-30": "1498.68000", "2016-06-30": "1368.48200", "2016-03-31": "810.64200", "2015-12-31": "852.65500", "2015-09-30": "885.50100", "2015-06-30": "934.72200", "2015-03-31": "898.06200", "2014-12-31": "940.34900", "2014-09-30": "959.92000", "2014-06-30": "1027.87800", "2014-03-31": "895.82800", "2013-12-31": "897.49400", "2013-09-30": "893.78300", "2013-06-30": "903.30500", "2013-03-31": "1173.67100", "2012-12-31": "1178.03500", "2012-09-30": "1156.51100", "2012-06-30": "1149.73400", "2012-03-31": "693.60800", "2011-12-31": "634.98200", "2011-09-30": "616.34900", "2011-06-30": "621.49800", "2011-03-31": "812.35600", "2010-12-31": "773.49000", "2010-09-30": "758.91200", "2010-06-30": "732.80300", "2010-03-31": "541.22900", "2009-12-31": "548.38300", "2009-09-30": "548.16300", "2009-06-30": "622.90000", "2009-03-31": "696.44000", "2008-12-31": "712.05500", "2008-09-30": "689.74500", "2008-06-30": "658.19900", "2008-03-31": "655.15800", "2007-12-31": "651.29900", "2007-09-30": "641.77100", "2007-06-30": "440.52000", "2007-03-31": "385.19800", "2006-12-31": "381.34200", "2006-09-30": "372.14900", "2006-06-30": "362.86200", "2006-03-31": "413.45500", "2005-12-31": "403.08700", "2005-09-30": "389.65300", "2005-06-30": "370.38700", "2005-03-31": "278.87700"}, "Total Long Term Liabilities": {"2020-12-31": "14346.51000", "2020-09-30": "14273.48000", "2020-06-30": "14751.80000", "2020-03-31": "11778.43000", "2019-12-31": "9912.54100", "2019-09-30": "10400.36000", "2019-06-30": "9360.73600", "2019-03-31": "9338.74300", "2018-12-31": "9276.37100", "2018-09-30": "9262.55700", "2018-06-30": "8974.70100", "2018-03-31": "10231.73000", "2017-12-31": "9967.79900", "2017-09-30": "10043.05000", "2017-06-30": "9279.25300", "2017-03-31": "9860.56300", "2016-12-31": "10101.74000", "2016-09-30": "9637.47400", "2016-06-30": "8807.74000", "2016-03-31": "5269.59100", "2015-12-31": "5275.82700", "2015-09-30": "4095.05000", "2015-06-30": "3329.44200", "2015-03-31": "8291.40600", "2014-12-31": "8300.89600", "2014-09-30": "3736.12800", "2014-06-30": "3506.78800", "2014-03-31": "4096.25400", "2013-12-31": "4090.87800", "2013-09-30": "4043.09700", "2013-06-30": "3823.77400", "2013-03-31": "3847.94500", "2012-12-31": "4082.31200", "2012-09-30": "4033.01300", "2012-06-30": "4028.58800", "2012-03-31": "3351.58100", "2011-12-31": "3502.64200", "2011-09-30": "3213.91800", "2011-06-30": "3105.23800", "2011-03-31": "3606.27900", "2010-12-31": "3612.25800", "2010-09-30": "3528.39400", "2010-06-30": "3476.97700", "2010-03-31": "3522.95700", "2009-12-31": "3562.93600", "2009-09-30": "3633.08800", "2009-06-30": "3616.76300", "2009-03-31": "3689.78300", "2008-12-31": "3224.20100", "2008-09-30": "3381.38500", "2008-06-30": "3173.96400", "2008-03-31": "3249.84100", "2007-12-31": "3354.08100", "2007-09-30": "3345.74400", "2007-06-30": "2825.44200", "2007-03-31": "2706.52800", "2006-12-31": "2837.50600", "2006-09-30": "2972.78300", "2006-06-30": "2713.33800", "2006-03-31": "2892.78600", "2005-12-31": "2957.75700", "2005-09-30": "2696.23900", "2005-06-30": "2051.49300", "2005-03-31": "2017.61700"}, "Total Liabilities": {"2020-12-31": "21063.05000", "2020-09-30": "21441.55000", "2020-06-30": "21469.65000", "2020-03-31": "18403.44000", "2019-12-31": "16844.51000", "2019-09-30": "16501.83000", "2019-06-30": "15463.92000", "2019-03-31": "15838.90000", "2018-12-31": "16026.54000", "2018-09-30": "15903.51000", "2018-06-30": "15563.45000", "2018-03-31": "16277.93000", "2017-12-31": "15950.77000", "2017-09-30": "16183.34000", "2017-06-30": "15375.14000", "2017-03-31": "15590.37000", "2016-12-31": "15154.03000", "2016-09-30": "15004.02000", "2016-06-30": "13242.20000", "2016-03-31": "9381.66300", "2015-12-31": "9148.04300", "2015-09-30": "8065.86600", "2015-06-30": "12729.06000", "2015-03-31": "12631.26000", "2014-12-31": "12586.85000", "2014-09-30": "8272.61700", "2014-06-30": "7874.41800", "2014-03-31": "7925.27600", "2013-12-31": "7727.62200", "2013-09-30": "7840.51400", "2013-06-30": "7486.40000", "2013-03-31": "7504.84900", "2012-12-31": "7569.72900", "2012-09-30": "7635.88700", "2012-06-30": "7452.16700", "2012-03-31": "7055.33300", "2011-12-31": "6766.41200", "2011-09-30": "6792.60800", "2011-06-30": "6680.30800", "2011-03-31": "6742.72900", "2010-12-31": "6333.79200", "2010-09-30": "6674.41500", "2010-06-30": "6486.17500", "2010-03-31": "6374.25100", "2009-12-31": "6273.96300", "2009-09-30": "6638.08100", "2009-06-30": "6698.48800", "2009-03-31": "6805.87500", "2008-12-31": "6517.41000", "2008-09-30": "6779.82900", "2008-06-30": "6673.30700", "2008-03-31": "6680.03800", "2007-12-31": "6622.76400", "2007-09-30": "6720.48900", "2007-06-30": "6240.53100", "2007-03-31": "6091.80000", "2006-12-31": "6080.73300", "2006-09-30": "6174.24800", "2006-06-30": "5939.74100", "2006-03-31": "6084.25800", "2005-12-31": "6098.93000", "2005-09-30": "5885.39600", "2005-06-30": "5509.06300", "2005-03-31": "5351.45600"}, "Common Stock Net": {"2020-12-31": "765.17500", "2020-09-30": "765.17500", "2020-06-30": "765.17500", "2020-03-31": "765.17500", "2019-12-31": "765.17500", "2019-09-30": "765.17500", "2019-06-30": "765.17500", "2019-03-31": "765.17500", "2018-12-31": "765.17500", "2018-09-30": "765.17500", "2018-06-30": "765.17500", "2018-03-31": "765.17500", "2017-12-31": "765.17500", "2017-09-30": "765.17500", "2017-06-30": "765.17500", "2017-03-31": "765.17500", "2016-12-31": "765.17500", "2016-09-30": "765.17500", "2016-06-30": "765.17500", "2016-03-31": "765.17500", "2015-12-31": "765.17500", "2015-09-30": "765.17500", "2015-06-30": "765.17500", "2015-03-31": "765.17500", "2014-12-31": "765.17500", "2014-09-30": "765.17500", "2014-06-30": "765.17500", "2014-03-31": "765.17500", "2013-12-31": "765.17500", "2013-09-30": "765.17500", "2013-06-30": "765.17500", "2013-03-31": "765.17500", "2012-12-31": "765.17500", "2012-09-30": "765.17500", "2012-06-30": "765.17500", "2012-03-31": "765.17500", "2011-12-31": "765.17500", "2011-09-30": "765.17500", "2011-06-30": "765.17500", "2011-03-31": "765.17500", "2010-12-31": "765.17500", "2010-09-30": "765.17500", "2010-06-30": "765.17500", "2010-03-31": "765.17500", "2009-12-31": "765.17500", "2009-09-30": "765.17500", "2009-06-30": "765.17500", "2009-03-31": "765.17500", "2008-12-31": "765.17500", "2008-09-30": "765.17500", "2008-06-30": "765.17500", "2008-03-31": "765.17500", "2007-12-31": "765.17500", "2007-09-30": "765.17500", "2007-06-30": "765.17500", "2007-03-31": "765.17500", "2006-12-31": "765.17500", "2006-09-30": "765.17500", "2006-06-30": "765.17500", "2006-03-31": "765.17500", "2005-12-31": "765.17500", "2005-09-30": "765.17500", "2005-06-30": "765.17500", "2005-03-31": "765.17500"}, "Retained Earnings (Accumulated Deficit)": {"2020-12-31": "10383.49000", "2020-09-30": "10546.60000", "2020-06-30": "10563.01000", "2020-03-31": "11407.03000", "2019-12-31": "11639.73000", "2019-09-30": "11486.83000", "2019-06-30": "11229.68000", "2019-03-31": "10893.65000", "2018-12-31": "10654.71000", "2018-09-30": "10592.49000", "2018-06-30": "10348.63000", "2018-03-31": "9850.73900", "2017-12-31": "9708.26100", "2017-09-30": "9638.38600", "2017-06-30": "9447.75500", "2017-03-31": "9317.37700", "2016-12-31": "9256.13700", "2016-09-30": "9159.86600", "2016-06-30": "9006.13800", "2016-03-31": "8964.54200", "2015-12-31": "8922.49800", "2015-09-30": "8816.24500", "2015-06-30": "8751.98500", "2015-03-31": "8857.27700", "2014-12-31": "8858.83100", "2014-09-30": "8878.69300", "2014-06-30": "8770.75100", "2014-03-31": "8687.09800", "2013-12-31": "8676.01200", "2013-09-30": "8635.19000", "2013-06-30": "8512.78600", "2013-03-31": "8394.42600", "2012-12-31": "8359.76800", "2012-09-30": "8302.85900", "2012-06-30": "8175.23000", "2012-03-31": "8024.53600", "2011-12-31": "7923.41300", "2011-09-30": "7831.33000", "2011-06-30": "7681.66900", "2011-03-31": "7499.53200", "2010-12-31": "7392.99600", "2010-09-30": "7286.40900", "2010-06-30": "7134.13900", "2010-03-31": "6943.64000", "2009-12-31": "6844.09500", "2009-09-30": "6724.05800", "2009-06-30": "6539.89000", "2009-03-31": "6366.30400", "2008-12-31": "6281.57500", "2008-09-30": "6185.93500", "2008-06-30": "6041.42900", "2008-03-31": "5839.69800", "2007-12-31": "5731.02400", "2007-09-30": "5600.06500", "2007-06-30": "5544.07800", "2007-03-31": "5357.04500", "2006-12-31": "5253.48600", "2006-09-30": "5124.36200", "2006-06-30": "4999.44000", "2006-03-31": "4849.51800", "2005-12-31": "4766.13500", "2005-09-30": "4667.34800", "2005-06-30": "4552.37900", "2005-03-31": "4362.36000"}, "Comprehensive Income": {"2020-12-31": "-1388.16900", "2020-09-30": "-1612.38600", "2020-06-30": "-1710.88100", "2020-03-31": "-1665.52200", "2019-12-31": "-1566.32900", "2019-09-30": "-1675.43000", "2019-06-30": "-1599.72900", "2019-03-31": "-1483.46900", "2018-12-31": "-1524.40700", "2018-09-30": "-1450.84300", "2018-06-30": "-1409.26900", "2018-03-31": "-1075.48400", "2017-12-31": "-1116.02800", "2017-09-30": "-1142.57800", "2017-06-30": "-1262.73700", "2017-03-31": "-1505.43700", "2016-12-31": "-1582.59600", "2016-09-30": "-1434.94000", "2016-06-30": "-1358.11800", "2016-03-31": "-988.10100", "2015-12-31": "-1045.17700", "2015-09-30": "-1007.53900", "2015-06-30": "-923.19700", "2015-03-31": "-920.14000", "2014-12-31": "-828.65600", "2014-09-30": "-743.17200", "2014-06-30": "-642.66300", "2014-03-31": "-516.92200", "2013-12-31": "-446.41700", "2013-09-30": "-411.80100", "2013-06-30": "-446.93700", "2013-03-31": "-620.72000", "2012-12-31": "-605.70900", "2012-09-30": "-613.97500", "2012-06-30": "-662.86600", "2012-03-31": "-286.62300", "2011-12-31": "-323.56500", "2011-09-30": "-352.10700", "2011-06-30": "-259.95800", "2011-03-31": "-330.06000", "2010-12-31": "-387.42100", "2010-09-30": "-415.76500", "2010-06-30": "-480.25100", "2010-03-31": "-167.82700", "2009-12-31": "-180.09500", "2009-09-30": "-233.93200", "2009-06-30": "-277.98600", "2009-03-31": "-200.41300", "2008-12-31": "-197.28700", "2008-09-30": "-98.30800", "2008-06-30": "-68.76800", "2008-03-31": "47.42200", "2007-12-31": "71.76500", "2007-09-30": "61.21800", "2007-06-30": "-4.06100", "2007-03-31": "67.44100", "2006-12-31": "62.14300", "2006-09-30": "84.17100", "2006-06-30": "84.61800", "2006-03-31": "19.87000", "2005-12-31": "21.98000", "2005-09-30": "21.91000", "2005-06-30": "-13.67700", "2005-03-31": "45.92800"}, "Other Share Holders Equity": {"2020-12-31": "", "2020-09-30": "", "2020-06-30": "", "2020-03-31": "", "2019-12-31": "", "2019-09-30": "", "2019-06-30": "", "2019-03-31": "", "2018-12-31": "", "2018-09-30": "", "2018-06-30": "", "2018-03-31": "", "2017-12-31": "", "2017-09-30": "", "2017-06-30": "", "2017-03-31": "", "2016-12-31": "", "2016-09-30": "", "2016-06-30": "", "2016-03-31": "", "2015-12-31": "", "2015-09-30": "", "2015-06-30": "", "2015-03-31": "0.00000", "2014-12-31": "", "2014-09-30": "0.00000", "2014-06-30": "", "2014-03-31": "", "2013-12-31": "", "2013-09-30": "", "2013-06-30": "", "2013-03-31": "", "2012-12-31": "", "2012-09-30": "", "2012-06-30": "", "2012-03-31": "", "2011-12-31": "", "2011-09-30": "", "2011-06-30": "", "2011-03-31": "", "2010-12-31": "", "2010-09-30": "", "2010-06-30": "", "2010-03-31": "", "2009-12-31": "", "2009-09-30": "", "2009-06-30": "", "2009-03-31": "", "2008-12-31": "", "2008-09-30": "", "2008-06-30": "", "2008-03-31": "", "2007-12-31": "", "2007-09-30": "", "2007-06-30": "", "2007-03-31": "", "2006-12-31": "", "2006-09-30": "", "2006-06-30": "", "2006-03-31": "", "2005-12-31": "", "2005-09-30": "", "2005-06-30": "", "2005-03-31": ""}, "Share Holder Equity": {"2020-12-31": "1426.79900", "2020-09-30": "1300.01100", "2020-06-30": "1158.61300", "2020-03-31": "2028.89000", "2019-12-31": "2527.52600", "2019-09-30": "2454.74800", "2019-06-30": "2502.60300", "2019-03-31": "2361.89700", "2018-12-31": "2167.63600", "2018-09-30": "2638.57400", "2018-06-30": "2506.95700", "2018-03-31": "2351.21300", "2017-12-31": "2268.60200", "2017-09-30": "2235.25400", "2017-06-30": "2381.51600", "2017-03-31": "2330.52800", "2016-12-31": "2476.03900", "2016-09-30": "3020.78600", "2016-06-30": "3479.60800", "2016-03-31": "3969.43100", "2015-12-31": "3941.42700", "2015-09-30": "5305.68500", "2015-06-30": "5260.22400", "2015-03-31": "5312.88300", "2014-12-31": "5342.96000", "2014-09-30": "5321.41600", "2014-06-30": "5266.69500", "2014-03-31": "5231.37500", "2013-12-31": "5303.79000", "2013-09-30": "5199.14200", "2013-06-30": "5191.81000", "2013-03-31": "5152.36100", "2012-12-31": "4901.57300", "2012-09-30": "4894.18100", "2012-06-30": "4685.04000", "2012-03-31": "4878.01500", "2011-12-31": "4687.61500", "2011-09-30": "4654.25500", "2011-06-30": "4705.24200", "2011-03-31": "4207.20500", "2010-12-31": "3994.49100", "2010-09-30": "3980.99500", "2010-06-30": "3827.52600", "2010-03-31": "4028.03800", "2009-12-31": "3930.28700", "2009-09-30": "3714.35800", "2009-06-30": "3449.70200", "2009-03-31": "3331.17700", "2008-12-31": "3294.01200", "2008-09-30": "3505.22600", "2008-06-30": "3408.98600", "2008-03-31": "3280.94700", "2007-12-31": "3330.06300", "2007-09-30": "3297.45500", "2007-06-30": "3278.40000", "2007-03-31": "3335.52100", "2006-12-31": "3236.64700", "2006-09-30": "3187.84200", "2006-06-30": "3052.28400", "2006-03-31": "2799.83000", "2005-12-31": "2711.25700", "2005-09-30": "2720.39000", "2005-06-30": "2758.83900", "2005-03-31": "2815.78000"}, "Total Liabilities And Share Holders Equity": {"2020-12-31": "22489.85000", "2020-09-30": "22741.56000", "2020-06-30": "22628.27000", "2020-03-31": "20432.33000", "2019-12-31": "19372.03000", "2019-09-30": "18956.57000", "2019-06-30": "17966.52000", "2019-03-31": "18200.80000", "2018-12-31": "18194.18000", "2018-09-30": "18542.08000", "2018-06-30": "18070.40000", "2018-03-31": "18629.14000", "2017-12-31": "18219.37000", "2017-09-30": "18418.59000", "2017-06-30": "17756.65000", "2017-03-31": "17920.90000", "2016-12-31": "17630.07000", "2016-09-30": "18024.81000", "2016-06-30": "16721.80000", "2016-03-31": "13351.09000", "2015-12-31": "13089.47000", "2015-09-30": "13371.55000", "2015-06-30": "17989.28000", "2015-03-31": "17944.14000", "2014-12-31": "17929.81000", "2014-09-30": "13594.03000", "2014-06-30": "13141.11000", "2014-03-31": "13156.65000", "2013-12-31": "13031.41000", "2013-09-30": "13039.66000", "2013-06-30": "12678.21000", "2013-03-31": "12657.21000", "2012-12-31": "12471.30000", "2012-09-30": "12530.07000", "2012-06-30": "12137.21000", "2012-03-31": "11933.35000", "2011-12-31": "11454.03000", "2011-09-30": "11446.86000", "2011-06-30": "11385.55000", "2011-03-31": "10949.93000", "2010-12-31": "10328.28000", "2010-09-30": "10655.41000", "2010-06-30": "10313.70000", "2010-03-31": "10402.29000", "2009-12-31": "10204.25000", "2009-09-30": "10352.44000", "2009-06-30": "10148.19000", "2009-03-31": "10137.05000", "2008-12-31": "9811.42200", "2008-09-30": "10285.05000", "2008-06-30": "10082.29000", "2008-03-31": "9960.98500", "2007-12-31": "9952.82700", "2007-09-30": "10017.94000", "2007-06-30": "9518.93100", "2007-03-31": "9427.32100", "2006-12-31": "9317.38000", "2006-09-30": "9362.09000", "2006-06-30": "8992.02500", "2006-03-31": "8884.08800", "2005-12-31": "8810.18700", "2005-09-30": "8605.78600", "2005-06-30": "8267.90200", "2005-03-31": "8167.23600"}}, "cash flow statement": {"Net Income/Loss": {"2020-06-30": "215.47500", "2019-06-30": "1674.27100", "2018-06-30": "1430.76600", "2017-06-30": "1142.50300", "2016-06-30": "949.62200", "2015-06-30": "686.77300", "2014-06-30": "931.53300", "2013-06-30": "992.42700", "2012-06-30": "1121.58500", "2011-06-30": "1152.03000", "2010-06-30": "1179.98300", "2009-06-30": "1055.94800", "2008-06-30": "1106.15100", "2007-06-30": "1001.07600", "2006-06-30": "855.32500", "2005-06-30": "961.45700"}, "Total Depreciation And Amortization - Cash Flow": {"2020-06-30": "1140.01000", "2019-06-30": "785.31700", "2018-06-30": "793.97200", "2017-06-30": "933.84400", "2016-06-30": "707.84700", "2015-06-30": "580.96400", "2014-06-30": "556.06200", "2013-06-30": "512.54800", "2012-06-30": "416.94300", "2011-06-30": "402.58800", "2010-06-30": "389.97600", "2009-06-30": "382.33900", "2008-06-30": "372.52900", "2007-06-30": "362.55900", "2006-06-30": "345.06200", "2005-06-30": "316.74300"}, "Other Non-Cash Items": {"2020-06-30": "310.49200", "2019-06-30": "-28.35000", "2018-06-30": "360.28700", "2017-06-30": "59.41300", "2016-06-30": "404.74400", "2015-06-30": "62.85200", "2014-06-30": "80.96700", "2013-06-30": "79.74600", "2012-06-30": "-75.18600", "2011-06-30": "-72.83500", "2010-06-30": "-18.02600", "2009-06-30": "-167.08000", "2008-06-30": "753.56700", "2007-06-30": "665.83300", "2006-06-30": "620.35100", "2005-06-30": "592.23390"}, "Total Non-Cash Items": {"2020-06-30": "1450.50200", "2019-06-30": "756.96700", "2018-06-30": "1154.25900", "2017-06-30": "993.25700", "2016-06-30": "1112.59100", "2015-06-30": "643.81600", "2014-06-30": "637.02910", "2013-06-30": "592.29410", "2012-06-30": "341.75700", "2011-06-30": "329.75300", "2010-06-30": "371.95000", "2009-06-30": "215.25900", "2008-06-30": "1126.09600", "2007-06-30": "1028.39200", "2006-06-30": "965.41300", "2005-06-30": "908.97690"}, "Change In Accounts Receivable": {"2020-06-30": "915.71700", "2019-06-30": "-203.45800", "2018-06-30": "-37.45700", "2017-06-30": "20.45200", "2016-06-30": "-27.31100", "2015-06-30": "-11.74100", "2014-06-30": "-236.32000", "2013-06-30": "-193.75500", "2012-06-30": "-106.83400", "2011-06-30": "-252.64100", "2010-06-30": "-166.42600", "2009-06-30": "188.74800", "2008-06-30": "-128.01700", "2007-06-30": "-134.15300", "2006-06-30": "-162.58600", "2005-06-30": "-72.82900"}, "Change In Inventories": {"2020-06-30": "114.56300", "2019-06-30": "-114.66700", "2018-06-30": "-89.73700", "2017-06-30": "-113.64700", "2016-06-30": "66.93700", "2015-06-30": "-125.23200", "2014-06-30": "-195.84500", "2013-06-30": "-180.27700", "2012-06-30": "-99.21800", "2011-06-30": "-254.73800", "2010-06-30": "-106.17200", "2009-06-30": "177.59000", "2008-06-30": "-110.92500", "2007-06-30": "-95.93200", "2006-06-30": "-119.39200", "2005-06-30": "-35.01400"}, "Change In Accounts Payable": {"2020-06-30": "-834.11800", "2019-06-30": "246.42000", "2018-06-30": "76.89700", "2017-06-30": "322.77500", "2016-06-30": "23.86300", "2015-06-30": "72.51600", "2014-06-30": "392.72000", "2013-06-30": "204.86100", "2012-06-30": "32.89300", "2011-06-30": "187.41000", "2010-06-30": "154.81100", "2009-06-30": "-198.28400", "2008-06-30": "28.67100", "2007-06-30": "85.42200", "2006-06-30": "49.77500", "2005-06-30": "28.08000"}, "Change In Assets/Liabilities": {"2020-06-30": "-0.89000", "2019-06-30": "-90.77200", "2018-06-30": "-415.80100", "2017-06-30": "-53.70700", "2016-06-30": "-211.29700", "2015-06-30": "-142.20800", "2014-06-30": "-73.46800", "2013-06-30": "67.04600", "2012-06-30": "4.92500", "2011-06-30": "17.25400", "2010-06-30": "-310.24500", "2009-06-30": "-19.30000", "2008-06-30": "67.41800", "2007-06-30": "-108.00900", "2006-06-30": "-22.76500", "2005-06-30": "-21.92300"}, "Total Change In Assets/Liabilities": {"2020-06-30": "-47.29700", "2019-06-30": "-20.03100", "2018-06-30": "-429.64500", "2017-06-30": "96.80700", "2016-06-30": "-73.86600", "2015-06-30": "224.89500", "2014-06-30": "-75.74700", "2013-06-30": "-73.12700", "2012-06-30": "-59.16200", "2011-06-30": "-390.26500", "2010-06-30": "-666.50500", "2009-06-30": "305.54200", "2008-06-30": "-661.89790", "2007-06-30": "-626.54600", "2006-06-30": "-696.05900", "2005-06-30": "-679.22600"}, "Cash Flow From Operating Activities": {"2020-06-30": "1618.68000", "2019-06-30": "2411.20700", "2018-06-30": "2155.38000", "2017-06-30": "2232.56700", "2016-06-30": "1988.34700", "2015-06-30": "1555.48400", "2014-06-30": "1492.81500", "2013-06-30": "1511.59400", "2012-06-30": "1404.18000", "2011-06-30": "1091.51800", "2010-06-30": "885.42800", "2009-06-30": "1576.74900", "2008-06-30": "1570.34900", "2007-06-30": "1402.92200", "2006-06-30": "1124.67900", "2005-06-30": "1191.20800"}, "Net Change In Property, Plant, And Equipment": {"2020-06-30": "-691.70600", "2019-06-30": "-671.45000", "2018-06-30": "-665.56000", "2017-06-30": "-662.66300", "2016-06-30": "-503.83500", "2015-06-30": "-518.35800", "2014-06-30": "-497.41600", "2013-06-30": "-496.33500", "2012-06-30": "-776.31600", "2011-06-30": "-617.37300", "2010-06-30": "-572.89400", "2009-06-30": "-439.31700", "2008-06-30": "-502.64300", "2007-06-30": "-587.23400", "2006-06-30": "-492.89700", "2005-06-30": "-363.76900"}, "Net Change In Intangible Assets": {"2020-06-30": "", "2019-06-30": "", "2018-06-30": "", "2017-06-30": "", "2016-06-30": "", "2015-06-30": "", "2014-06-30": "", "2013-06-30": "", "2012-06-30": "", "2011-06-30": "", "2010-06-30": "", "2009-06-30": "", "2008-06-30": "", "2007-06-30": "", "2006-06-30": "", "2005-06-30": ""}, "Net Acquisitions/Divestitures": {"2020-06-30": "-142.78000", "2019-06-30": "43.26300", "2018-06-30": "-248.10500", "2017-06-30": "-2921.79800", "2016-06-30": "-219.21800", "2015-06-30": "-115.86200", "2014-06-30": "-79.33800", "2013-06-30": "-397.44700", "2012-06-30": "-110.60100", "2011-06-30": "-101.14800", "2010-06-30": "-29.29300", "2009-06-30": "-218.07500", "2008-06-30": "-55.25900", "2007-06-30": "-59.32200", "2006-06-30": "-114.37800", "2005-06-30": "-115.63700"}, "Net Change In Short-term Investments": {"2020-06-30": "9.10800", "2019-06-30": "-116.44000", "2018-06-30": "", "2017-06-30": "", "2016-06-30": "", "2015-06-30": "", "2014-06-30": "", "2013-06-30": "", "2012-06-30": "", "2011-06-30": "24.99300", "2010-06-30": "-23.50300", "2009-06-30": "0.00000", "2008-06-30": "", "2007-06-30": "", "2006-06-30": "", "2005-06-30": ""}, "Net Change In Long-Term Investments": {"2020-06-30": "", "2019-06-30": "", "2018-06-30": "", "2017-06-30": "", "2016-06-30": "57.45200", "2015-06-30": "", "2014-06-30": "", "2013-06-30": "", "2012-06-30": "", "2011-06-30": "", "2010-06-30": "", "2009-06-30": "", "2008-06-30": "", "2007-06-30": "", "2006-06-30": "", "2005-06-30": ""}, "Net Change In Investments - Total": {"2020-06-30": "9.10800", "2019-06-30": "-116.44000", "2018-06-30": "", "2017-06-30": "", "2016-06-30": "57.45200", "2015-06-30": "", "2014-06-30": "", "2013-06-30": "", "2012-06-30": "", "2011-06-30": "24.99300", "2010-06-30": "-23.50300", "2009-06-30": "", "2008-06-30": "", "2007-06-30": "", "2006-06-30": "", "2005-06-30": ""}, "Investing Activities - Other": {"2020-06-30": "69.07100", "2019-06-30": "1.77200", "2018-06-30": "3.25200", "2017-06-30": "6.78700", "2016-06-30": "-103.50100", "2015-06-30": "-20.12600", "2014-06-30": "-0.08400", "2013-06-30": "-18.10000", "2012-06-30": "-16.71200", "2011-06-30": "13.97200", "2010-06-30": "-30.63000", "2009-06-30": "-1.27100", "2008-06-30": "2.34200", "2007-06-30": "-2.15500", "2006-06-30": "-2.24300", "2005-06-30": "66.91800"}, "Cash Flow From Investing Activities": {"2020-06-30": "-756.30700", "2019-06-30": "-742.85500", "2018-06-30": "-910.41300", "2017-06-30": "-3577.67400", "2016-06-30": "-769.10200", "2015-06-30": "-654.34600", "2014-06-30": "-576.83800", "2013-06-30": "-911.88200", "2012-06-30": "-903.62900", "2011-06-30": "-679.55600", "2010-06-30": "-656.32000", "2009-06-30": "-658.66300", "2008-06-30": "-555.56000", "2007-06-30": "-648.71100", "2006-06-30": "-609.51800", "2005-06-30": "-412.48800"}, "Net Long-Term Debt": {"2020-06-30": "5664.33000", "2019-06-30": "-402.07000", "2018-06-30": "448.56300", "2017-06-30": "610.17000", "2016-06-30": "-42.08790", "2015-06-30": "4687.02500", "2014-06-30": "-192.67700", "2013-06-30": "-233.04700", "2012-06-30": "538.95900", "2011-06-30": "-4.32100", "2010-06-30": "-3.60400", "2009-06-30": "496.43800", "2008-06-30": "750.34400", "2007-06-30": "-104.36600", "2006-06-30": "87.60400", "2005-06-30": "-157.64900"}, "Net Current Debt": {"2020-06-30": "616.65700", "2019-06-30": "132.10000", "2018-06-30": "-119.70000", "2017-06-30": "119.70000", "2016-06-30": "", "2015-06-30": "-129.99900", "2014-06-30": "34.49900", "2013-06-30": "95.50000", "2012-06-30": "-181.97500", "2011-06-30": "181.97500", "2010-06-30": "", "2009-06-30": "", "2008-06-30": "-550.72600", "2007-06-30": "121.85800", "2006-06-30": "240.01700", "2005-06-30": "115.01700"}, "Debt Issuance/Retirement Net - Total": {"2020-06-30": "6280.98700", "2019-06-30": "-269.97000", "2018-06-30": "328.86300", "2017-06-30": "729.87000", "2016-06-30": "-42.08790", "2015-06-30": "4557.02600", "2014-06-30": "-158.17800", "2013-06-30": "-137.54700", "2012-06-30": "356.98400", "2011-06-30": "177.65400", "2010-06-30": "-3.60400", "2009-06-30": "496.43800", "2008-06-30": "199.61800", "2007-06-30": "17.49200", "2006-06-30": "327.62100", "2005-06-30": "-42.63200"}, "Net Common Equity Issued/Repurchased": {"2020-06-30": "-617.09700", "2019-06-30": "-768.89800", "2018-06-30": "-710.15000", "2017-06-30": "-1681.31600", "2016-06-30": "-1666.99000", "2015-06-30": "240.17600", "2014-06-30": "-76.76800", "2013-06-30": "-92.96410", "2012-06-30": "-172.86000", "2011-06-30": "41.08800", "2010-06-30": "-84.42400", "2009-06-30": "-327.06300", "2008-06-30": "-400.94100", "2007-06-30": "-329.12900", "2006-06-30": "-416.07600", "2005-06-30": "-389.65600"}, "Net Total Equity Issued/Repurchased": {"2020-06-30": "-617.09700", "2019-06-30": "-768.89800", "2018-06-30": "-710.15000", "2017-06-30": "-1681.31600", "2016-06-30": "-1666.99000", "2015-06-30": "240.17600", "2014-06-30": "-76.76800", "2013-06-30": "-92.96410", "2012-06-30": "-172.86000", "2011-06-30": "41.08800", "2010-06-30": "-84.42400", "2009-06-30": "-327.06300", "2008-06-30": "-400.94100", "2007-06-30": "-329.12900", "2006-06-30": "-416.07600", "2005-06-30": "-389.65600"}, "Total Common And Preferred Stock Dividends Paid": {"2020-06-30": "-856.31200", "2019-06-30": "-775.43000", "2018-06-30": "-722.15800", "2017-06-30": "-698.64700", "2016-06-30": "-698.86900", "2015-06-30": "-695.27400", "2014-06-30": "-667.21700", "2013-06-30": "-648.25300", "2012-06-30": "-622.86900", "2011-06-30": "-597.07100", "2010-06-30": "-579.76300", "2009-06-30": "-548.24600", "2008-06-30": "-497.46700", "2007-06-30": "-445.41600", "2006-06-30": "-397.53700", "2005-06-30": "-357.29800"}, "Financial Activities - Other": {"2020-06-30": "-87.77800", "2019-06-30": "-22.97600", "2018-06-30": "-307.02400", "2017-06-30": "-32.49400", "2016-06-30": "-51.98900", "2015-06-30": "-204.36600", "2014-06-30": "-13.69500", "2013-06-30": "4.55600", "2012-06-30": "-3.90400", "2011-06-30": "0.42200", "2010-06-30": "0.76100", "2009-06-30": "-0.77200", "2008-06-30": "0.21200", "2007-06-30": "8.80300", "2006-06-30": "-18.62500", "2005-06-30": "4.99600"}, "Cash Flow From Financial Activities": {"2020-06-30": "4719.80000", "2019-06-30": "-1837.27400", "2018-06-30": "-1410.46900", "2017-06-30": "-1682.58700", "2016-06-30": "-2459.93600", "2015-06-30": "3897.56200", "2014-06-30": "-915.85800", "2013-06-30": "-874.20800", "2012-06-30": "-442.64900", "2011-06-30": "-377.90700", "2010-06-30": "-667.03000", "2009-06-30": "-379.64300", "2008-06-30": "-698.57800", "2007-06-30": "-748.25000", "2006-06-30": "-504.61700", "2005-06-30": "-784.59000"}, "Net Cash Flow": {"2020-06-30": "5563.32500", "2019-06-30": "-183.59900", "2018-06-30": "-153.65800", "2017-06-30": "-3049.79800", "2016-06-30": "-1379.01800", "2015-06-30": "4716.99800", "2014-06-30": "0.76100", "2013-06-30": "-276.58200", "2012-06-30": "49.10200", "2011-06-30": "54.32200", "2010-06-30": "-433.20800", "2009-06-30": "538.77700", "2008-06-30": "315.56800", "2007-06-30": "5.97500", "2006-06-30": "10.21900", "2005-06-30": "-8.02800"}, "Stock-Based Compensation": {"2020-06-30": "42.23400", "2019-06-30": "104.90400", "2018-06-30": "93.84100", "2017-06-30": "83.88300", "2016-06-30": "79.46600", "2015-06-30": "73.76600", "2014-06-30": "74.32800", "2013-06-30": "70.14700", "2012-06-30": "70.31900", "2011-06-30": "59.23500", "2010-06-30": "66.35800", "2009-06-30": "56.03000", "2008-06-30": "80.65000", "2007-06-30": "97.98500", "2006-06-30": "126.83700", "2005-06-30": "19.74900"}, "Common Stock Dividends Paid": {"2020-06-30": "-856.31200", "2019-06-30": "-775.43000", "2018-06-30": "-722.15800", "2017-06-30": "-698.64700", "2016-06-30": "-698.86900", "2015-06-30": "-695.27400", "2014-06-30": "-667.21700", "2013-06-30": "-648.25300", "2012-06-30": "-622.86900", "2011-06-30": "-597.07100", "2010-06-30": "-579.76300", "2009-06-30": "-548.24600", "2008-06-30": "-497.46700", "2007-06-30": "-445.41600", "2006-06-30": "-397.53700", "2005-06-30": "-357.29800"}}, "cash flow statement, quarterly": {"Net Income/Loss": {"2020-12-31": 67.289, "2020-09-30": "216.90000", "2020-06-30": -618.419, "2020-03-31": -3.297, "2019-12-31": 383.41, "2019-09-30": "453.78100", "2019-06-30": 535.766, "2019-03-31": 440.083, "2018-12-31": 267.38, "2018-09-30": "431.04200", "2018-06-30": 448.928, "2018-03-31": 330.085, "2017-12-31": 284.113, "2017-09-30": "367.64000", "2017-06-30": 305.171, "2017-03-31": 238.278, "2016-12-31": 275.167, "2016-09-30": "323.88700", "2016-06-30": 215.667, "2016-03-31": 217.136, "2015-12-31": 272.399, "2015-09-30": "244.42000", "2015-06-30": 73.026, "2015-03-31": 176.955, "2014-12-31": 157.979, "2014-09-30": "278.81300", "2014-06-30": 254.171, "2014-03-31": 180.937, "2013-12-31": 210.835, "2013-09-30": "285.59000", "2013-06-30": 283.043, "2013-03-31": 201.417, "2012-12-31": 221.369, "2012-09-30": "286.59800", "2012-06-30": 309.269, "2012-03-31": 259.55, "2011-12-31": 250.113, "2011-09-30": "302.65300", "2011-06-30": 336.31, "2011-03-31": 258.478, "2010-12-31": 258.173, "2010-09-30": "299.06900", "2010-06-30": 337.781, "2010-03-31": 247.648, "2009-12-31": 268.349, "2009-09-30": "326.20500", "2009-06-30": 315.314, "2009-03-31": 226.166, "2008-12-31": 237.654, "2008-09-30": "276.81400", "2008-06-30": 334.113, "2008-03-31": 240.901, "2007-12-31": 264.148, "2007-09-30": "266.98900", "2007-06-30": 303.391, "2007-03-31": 220.999, "2006-12-31": 246.538, "2006-09-30": "230.14800", "2006-06-30": 254.109, "2006-03-31": 188.539, "2005-12-31": 204.182, "2005-09-30": "208.49500", "2005-06-30": 284.68, "2005-03-31": 676.777}, "Total Depreciation And Amortization - Cash Flow": {"2020-12-31": 219.056, "2020-09-30": "214.45300", "2020-06-30": 413.701, "2020-03-31": 290.56, "2019-12-31": 216.499, "2019-09-30": "219.25000", "2019-06-30": 192.477, "2019-03-31": 189.613, "2018-12-31": 209.43, "2018-09-30": "193.79700", "2018-06-30": 209.145, "2018-03-31": 200.116, "2017-12-31": 197.857, "2017-09-30": "186.85400", "2017-06-30": 241.413, "2017-03-31": 230.329, "2016-12-31": 243.857, "2016-09-30": "218.24500", "2016-06-30": 211.095, "2016-03-31": 201.715, "2015-12-31": 152.915, "2015-09-30": "142.12200", "2015-06-30": 145.065, "2015-03-31": 141.1, "2014-12-31": 157, "2014-09-30": "137.79900", "2014-06-30": 146.99, "2014-03-31": 137.925, "2013-12-31": 137.403, "2013-09-30": "133.74400", "2013-06-30": 132.55, "2013-03-31": 130.405, "2012-12-31": 128.929, "2012-09-30": "120.66400", "2012-06-30": 111.977, "2012-03-31": 104.242, "2011-12-31": 101.083, "2011-09-30": "99.64100", "2011-06-30": 104.281, "2011-03-31": 100.077, "2010-12-31": 96.516, "2010-09-30": "101.71400", "2010-06-30": 105.763, "2010-03-31": 94.785, "2009-12-31": 95.522, "2009-09-30": "93.90600", "2009-06-30": 98.186, "2009-03-31": 93.544, "2008-12-31": 96.258, "2008-09-30": "94.35100", "2008-06-30": 96.782, "2008-03-31": 95.107, "2007-12-31": 90.184, "2007-09-30": "90.45600", "2007-06-30": 92.323, "2007-03-31": 91.365, "2006-12-31": 88.811, "2006-09-30": "90.06000", "2006-06-30": 93.107, "2006-03-31": 82.397, "2005-12-31": 84.502, "2005-09-30": "85.05600", "2005-06-30": 85.779, "2005-03-31": 230.964}, "Other Non-Cash Items": {"2020-12-31": -52.077, "2020-09-30": "-100.13300", "2020-06-30": 171.149, "2020-03-31": 126.94, "2019-12-31": -4.496, "2019-09-30": "16.89900", "2019-06-30": -44.368, "2019-03-31": 22.859, "2018-12-31": -22.554, "2018-09-30": "15.71300", "2018-06-30": 56.487, "2018-03-31": 182.046, "2017-12-31": 81.657, "2017-09-30": "40.09700", "2017-06-30": 15.222, "2017-03-31": 11.147, "2016-12-31": -0.122, "2016-09-30": "33.16600", "2016-06-30": 129.746, "2016-03-31": -3.555, "2015-12-31": 58.791, "2015-09-30": "219.76200", "2015-06-30": -11.162, "2015-03-31": 15.695, "2014-12-31": 31.44, "2014-09-30": "26.87900", "2014-06-30": 33.853, "2014-03-31": 15.901, "2013-12-31": 22.591, "2013-09-30": "8.62200", "2013-06-30": 34.421, "2013-03-31": 29.329, "2012-12-31": 26.886, "2012-09-30": "-10.89000", "2012-06-30": 119.037, "2012-03-31": 42.499, "2011-12-31": 36.806, "2011-09-30": "-273.52800", "2011-06-30": 94.967, "2011-03-31": -42.158, "2010-12-31": 55.465, "2010-09-30": "-181.10900", "2010-06-30": 51.311, "2010-03-31": 43.155, "2009-12-31": 74.311, "2009-09-30": "-186.80300", "2009-06-30": -770.424, "2009-03-31": 200.222, "2008-12-31": 197.711, "2008-09-30": "205.41100", "2008-06-30": 218.414, "2008-03-31": 175.325, "2007-12-31": 182.392, "2007-09-30": "177.43600", "2007-06-30": 167.396, "2007-03-31": 163.22, "2006-12-31": 166.407, "2006-09-30": "168.81000", "2006-06-30": 138.728, "2006-03-31": 137.94, "2005-12-31": 191.618, "2005-09-30": "152.06500", "2005-06-30": 170.7299, "2005-03-31": 421.504}, "Total Non-Cash Items": {"2020-12-31": 166.979, "2020-09-30": "114.32000", "2020-06-30": 584.85, "2020-03-31": 417.5, "2019-12-31": 212.003, "2019-09-30": "236.14900", "2019-06-30": 148.109, "2019-03-31": 212.472, "2018-12-31": 186.876, "2018-09-30": "209.51000", "2018-06-30": 265.632, "2018-03-31": 382.162, "2017-12-31": 279.514, "2017-09-30": "226.95100", "2017-06-30": 256.635, "2017-03-31": 241.476, "2016-12-31": 243.735, "2016-09-30": "251.41100", "2016-06-30": 340.841, "2016-03-31": 198.16, "2015-12-31": 211.706, "2015-09-30": "361.88400", "2015-06-30": 133.903, "2015-03-31": 156.795, "2014-12-31": 188.44, "2014-09-30": "164.67800", "2014-06-30": 180.8431, "2014-03-31": 153.826, "2013-12-31": 159.994, "2013-09-30": "142.36600", "2013-06-30": 166.9711, "2013-03-31": 159.734, "2012-12-31": 155.815, "2012-09-30": "109.77400", "2012-06-30": 231.014, "2012-03-31": 146.741, "2011-12-31": 137.889, "2011-09-30": "-173.88700", "2011-06-30": 199.248, "2011-03-31": 57.919, "2010-12-31": 151.981, "2010-09-30": "-79.39500", "2010-06-30": 157.074, "2010-03-31": 137.94, "2009-12-31": 169.833, "2009-09-30": "-92.89700", "2009-06-30": -672.238, "2009-03-31": 293.766, "2008-12-31": 293.969, "2008-09-30": "299.76200", "2008-06-30": 315.196, "2008-03-31": 270.432, "2007-12-31": 272.576, "2007-09-30": "267.89200", "2007-06-30": 259.719, "2007-03-31": 254.585, "2006-12-31": 255.218, "2006-09-30": "258.87000", "2006-06-30": 231.8349, "2006-03-31": 220.3371, "2005-12-31": 276.12, "2005-09-30": "237.12100", "2005-06-30": 256.5089, "2005-03-31": 652.468}, "Change In Accounts Receivable": {"2020-12-31": 303.382, "2020-09-30": "-111.26100", "2020-06-30": 573.16, "2020-03-31": 503.715, "2019-12-31": 74.978, "2019-09-30": "-236.13600", "2019-06-30": 114.169, "2019-03-31": -180.313, "2018-12-31": 44.919, "2018-09-30": "-182.23300", "2018-06-30": 119.898, "2018-03-31": -257.068, "2017-12-31": 394.702, "2017-09-30": "-294.98900", "2017-06-30": 312.982, "2017-03-31": -317.039, "2016-12-31": 164.54, "2016-09-30": "-140.03100", "2016-06-30": 147.515, "2016-03-31": -123.973, "2015-12-31": 160.182, "2015-09-30": "-211.03500", "2015-06-30": 165.277, "2015-03-31": 4.859, "2014-12-31": 85.725, "2014-09-30": "-267.60200", "2014-06-30": 114.435, "2014-03-31": -237.039, "2013-12-31": 120.725, "2013-09-30": "-234.44100", "2013-06-30": 214.431, "2013-03-31": -251.113, "2012-12-31": 49.367, "2012-09-30": "-206.44000", "2012-06-30": 118.834, "2012-03-31": -202.342, "2011-12-31": 172.125, "2011-09-30": "-195.45100", "2011-06-30": 49.291, "2011-03-31": -306.819, "2010-12-31": 183.386, "2010-09-30": "-178.49900", "2010-06-30": 3.094, "2010-03-31": -115.923, "2009-12-31": 46.57, "2009-09-30": "-100.16700", "2009-06-30": 114.617, "2009-03-31": 47.362, "2008-12-31": 192.428, "2008-09-30": "-165.65900", "2008-06-30": 10.408, "2008-03-31": -1.881, "2007-12-31": 7.64, "2007-09-30": "-144.18400", "2007-06-30": 35.992, "2007-03-31": -88.774, "2006-12-31": 69.945, "2006-09-30": "-151.31600", "2006-06-30": -3.808, "2006-03-31": -101.146, "2005-12-31": 55.133, "2005-09-30": "-112.76500", "2005-06-30": -23.881, "2005-03-31": -48.948}, "Change In Inventories": {"2020-12-31": 60.665, "2020-09-30": "-23.32000", "2020-06-30": 611.954, "2020-03-31": -217.988, "2019-12-31": -93.072, "2019-09-30": "-186.33100", "2019-06-30": 117.065, "2019-03-31": -27.295, "2018-12-31": 24.663, "2018-09-30": "-229.10000", "2018-06-30": 113.042, "2018-03-31": -69.405, "2017-12-31": 33.618, "2017-09-30": "-166.99200", "2017-06-30": -32.987, "2017-03-31": 94.524, "2016-12-31": -25.425, "2016-09-30": "-149.75900", "2016-06-30": 73.762, "2016-03-31": 62.545, "2015-12-31": 93.497, "2015-09-30": "-162.86700", "2015-06-30": -27.843, "2015-03-31": 116.722, "2014-12-31": 37.887, "2014-09-30": "-251.99800", "2014-06-30": -61.052, "2014-03-31": -24.75, "2013-12-31": 24.806, "2013-09-30": "-134.84900", "2013-06-30": 25.967, "2013-03-31": 15.926, "2012-12-31": -45.562, "2012-09-30": "-176.60800", "2012-06-30": 68.746, "2012-03-31": -15.675, "2011-12-31": -69.967, "2011-09-30": "-82.32200", "2011-06-30": -10.102, "2011-03-31": -76.724, "2010-12-31": -82.263, "2010-09-30": "-85.64900", "2010-06-30": -27.162, "2010-03-31": 42.616, "2009-12-31": -35.459, "2009-09-30": "-86.16700", "2009-06-30": 80.973, "2009-03-31": 154.476, "2008-12-31": 42.791, "2008-09-30": "-100.65000", "2008-06-30": 1.942, "2008-03-31": 53.392, "2007-12-31": -28.022, "2007-09-30": "-138.23700", "2007-06-30": -9.21, "2007-03-31": 26.561, "2006-12-31": -8.941, "2006-09-30": "-104.34200", "2006-06-30": -0.857, "2006-03-31": 75.043, "2005-12-31": -100.007, "2005-09-30": "-93.57100", "2005-06-30": 34.564, "2005-03-31": -69.578}, "Change In Accounts Payable": {"2020-12-31": -492.305, "2020-09-30": "577.01300", "2020-06-30": -480.282, "2020-03-31": -162.556, "2019-12-31": -152.386, "2019-09-30": "-38.89400", "2019-06-30": 15.207, "2019-03-31": 99.498, "2018-12-31": 53.603, "2018-09-30": "78.11200", "2018-06-30": -34.991, "2018-03-31": 398.787, "2017-12-31": -229.531, "2017-09-30": "-57.36800", "2017-06-30": 4.015, "2017-03-31": 370.141, "2016-12-31": -162.295, "2016-09-30": "110.91400", "2016-06-30": 12.505, "2016-03-31": 151.857, "2015-12-31": -164.079, "2015-09-30": "23.58000", "2015-06-30": 35.277, "2015-03-31": 44.689, "2014-12-31": -107.194, "2014-09-30": "99.74400", "2014-06-30": 100.44, "2014-03-31": 283.751, "2013-12-31": -26.241, "2013-09-30": "34.77000", "2013-06-30": -6.447, "2013-03-31": 187.689, "2012-12-31": -87.251, "2012-09-30": "110.87000", "2012-06-30": -71.346, "2012-03-31": 198.475, "2011-12-31": -93.452, "2011-09-30": "-0.78400", "2011-06-30": 28.922, "2011-03-31": 330.705, "2010-12-31": -197.685, "2010-09-30": "25.46800", "2010-06-30": -12.627, "2010-03-31": 137.328, "2009-12-31": -54.688, "2009-09-30": "84.79800", "2009-06-30": -19.124, "2009-03-31": 121.858, "2008-12-31": -307.287, "2008-09-30": "6.26900", "2008-06-30": -12.411, "2008-03-31": 39.805, "2007-12-31": -82.594, "2007-09-30": "83.87100", "2007-06-30": -16.285, "2007-03-31": 91.667, "2006-12-31": -17.324, "2006-09-30": "27.36400", "2006-06-30": 38.323, "2006-03-31": 20.205, "2005-12-31": -6.283, "2005-09-30": "-2.47000", "2005-06-30": 20.113, "2005-03-31": 7.967}, "Change In Assets/Liabilities": {"2020-12-31": -28.985, "2020-09-30": "2.50800", "2020-06-30": 57.124, "2020-03-31": -26.29, "2019-12-31": 22.072, "2019-09-30": "-53.79600", "2019-06-30": -6.075, "2019-03-31": -36.732, "2018-12-31": -22.22, "2018-09-30": "-25.74500", "2018-06-30": -80.641, "2018-03-31": -332.111, "2017-12-31": 71.479, "2017-09-30": "-74.52800", "2017-06-30": -28.621, "2017-03-31": -21.251, "2016-12-31": 24.548, "2016-09-30": "-28.38300", "2016-06-30": -128.768, "2016-03-31": -17.752, "2015-12-31": -50.308, "2015-09-30": "-14.46900", "2015-06-30": -28.617, "2015-03-31": -128.337, "2014-12-31": 84.544, "2014-09-30": "-69.79800", "2014-06-30": -25.159, "2014-03-31": -29.068, "2013-12-31": 0.372, "2013-09-30": "-19.61300", "2013-06-30": 54.582, "2013-03-31": -0.332, "2012-12-31": -3.375, "2012-09-30": "16.17100", "2012-06-30": -123.797, "2012-03-31": 16.191, "2011-12-31": 111.435, "2011-09-30": "1.09600", "2011-06-30": -90.606, "2011-03-31": 44.08, "2010-12-31": 35.52, "2010-09-30": "28.26000", "2010-06-30": -263.54, "2010-03-31": 80.178, "2009-12-31": -14.497, "2009-09-30": "-112.38600", "2009-06-30": -18.571, "2009-03-31": -2.186, "2008-12-31": 70.36, "2008-09-30": "-68.90300", "2008-06-30": 5.113, "2008-03-31": 5.174, "2007-12-31": 53.894, "2007-09-30": "3.23700", "2007-06-30": -53.447, "2007-03-31": -14.325, "2006-12-31": -12.856, "2006-09-30": "-27.38100", "2006-06-30": 12.092, "2006-03-31": -13.015, "2005-12-31": -49.175, "2005-09-30": "27.33300", "2005-06-30": -21.341, "2005-03-31": -0.582}, "Total Change In Assets/Liabilities": {"2020-12-31": -228.504, "2020-09-30": "599.69400", "2020-06-30": 573.78, "2020-03-31": -90.2029, "2019-12-31": -12.5231, "2019-09-30": "-518.35100", "2019-06-30": 362.107, "2019-03-31": -205.12, "2018-12-31": 192.389, "2018-09-30": "-369.40700", "2018-06-30": 319.885, "2018-03-31": -524.516, "2017-12-31": 286.802, "2017-09-30": "-511.81600", "2017-06-30": 588.337, "2017-03-31": -36.731, "2016-12-31": -133.443, "2016-09-30": "-321.35600", "2016-06-30": 442.858, "2016-03-31": 104.804, "2015-12-31": 246.258, "2015-09-30": "-867.78600", "2015-06-30": 488.056, "2015-03-31": 74.311, "2014-12-31": 43.401, "2014-09-30": "-380.87300", "2014-06-30": 209.737, "2014-03-31": 55.137, "2013-12-31": -81.894, "2013-09-30": "-258.72700", "2013-06-30": 302.172, "2013-03-31": 11.472, "2012-12-31": -203.6, "2012-09-30": "-183.17100", "2012-06-30": -44.392, "2012-03-31": -36.517, "2011-12-31": -104.83, "2011-09-30": "126.57700", "2011-06-30": -109.799, "2011-03-31": 66.715, "2010-12-31": -354.289, "2010-09-30": "7.10800", "2010-06-30": -85.956, "2010-03-31": -55.48, "2009-12-31": -333.365, "2009-09-30": "-191.70400", "2009-06-30": 948.948, "2009-03-31": -96.956, "2008-12-31": -33.244, "2008-09-30": "-513.20600", "2008-06-30": -71.5819, "2008-03-31": 80.385, "2007-12-31": -327.586, "2007-09-30": "-343.11500", "2007-06-30": -112.353, "2007-03-31": -63.599, "2006-12-31": -134.759, "2006-09-30": "-315.83500", "2006-06-30": -0.476, "2006-03-31": -81.216, "2005-12-31": -369.091, "2005-09-30": "-245.27600", "2005-06-30": -171.25, "2005-03-31": -507.976}, "Cash Flow From Operating Activities": {"2020-12-31": 5.764, "2020-09-30": "930.91400", "2020-06-30": 540.211, "2020-03-31": 324, "2019-12-31": 582.89, "2019-09-30": "171.57900", "2019-06-30": 1045.982, "2019-03-31": 447.435, "2018-12-31": 646.645, "2018-09-30": "271.14500", "2018-06-30": 1034.445, "2018-03-31": 187.731, "2017-12-31": 850.429, "2017-09-30": "82.77500", "2017-06-30": 1150.143, "2017-03-31": 443.023, "2016-12-31": 385.459, "2016-09-30": "253.94200", "2016-06-30": 999.366, "2016-03-31": 520.1, "2015-12-31": 730.363, "2015-09-30": "-261.48200", "2015-06-30": 694.985, "2015-03-31": 408.061, "2014-12-31": 389.82, "2014-09-30": "62.61800", "2014-06-30": 644.751, "2014-03-31": 389.9, "2013-12-31": 288.935, "2013-09-30": "169.22900", "2013-06-30": 752.186, "2013-03-31": 372.623, "2012-12-31": 173.584, "2012-09-30": "213.20100", "2012-06-30": 495.891, "2012-03-31": 369.774, "2011-12-31": 283.172, "2011-09-30": "255.34300", "2011-06-30": 425.759, "2011-03-31": 383.112, "2010-12-31": 55.865, "2010-09-30": "226.78200", "2010-06-30": 408.899, "2010-03-31": 330.108, "2009-12-31": 104.817, "2009-09-30": "41.60400", "2009-06-30": 592.024, "2009-03-31": 422.976, "2008-12-31": 498.379, "2008-09-30": "63.37000", "2008-06-30": 577.727, "2008-03-31": 591.718, "2007-12-31": 209.138, "2007-09-30": "191.76600", "2007-06-30": 450.757, "2007-03-31": 411.985, "2006-12-31": 366.997, "2006-09-30": "173.18300", "2006-06-30": 485.468, "2006-03-31": 327.66, "2005-12-31": 111.211, "2005-09-30": "200.34000", "2005-06-30": 369.939, "2005-03-31": 821.269}, "Net Change In Property, Plant, And Equipment": {"2020-12-31": -79.959, "2020-09-30": "-68.47500", "2020-06-30": -101.086, "2020-03-31": -207.534, "2019-12-31": -212.26, "2019-09-30": "-170.82600", "2019-06-30": -304.928, "2019-03-31": -149.598, "2018-12-31": -116.441, "2018-09-30": "-100.48300", "2018-06-30": -309.858, "2018-03-31": -101.003, "2017-12-31": -120.16, "2017-09-30": "-134.53900", "2017-06-30": -267.978, "2017-03-31": -120.632, "2016-12-31": -136.059, "2016-09-30": "-137.99400", "2016-06-30": -155.575, "2016-03-31": -110.854, "2015-12-31": -117.669, "2015-09-30": "-119.73700", "2015-06-30": -96.476, "2015-03-31": -125.944, "2014-12-31": -178.243, "2014-09-30": "-117.69500", "2014-06-30": -133.66, "2014-03-31": -116.804, "2013-12-31": -121.776, "2013-09-30": "-125.17600", "2013-06-30": -135.402, "2013-03-31": -102.586, "2012-12-31": -104.067, "2012-09-30": "-154.28000", "2012-06-30": -148.972, "2012-03-31": -197.801, "2011-12-31": -205.088, "2011-09-30": "-224.45500", "2011-06-30": -178.605, "2011-03-31": -124.263, "2010-12-31": -171.935, "2010-09-30": "-142.57000", "2010-06-30": -138.929, "2010-03-31": -188.812, "2009-12-31": -137.094, "2009-09-30": "-108.05900", "2009-06-30": -127.683, "2009-03-31": -135.115, "2008-12-31": -97.496, "2008-09-30": "-79.02300", "2008-06-30": -121.365, "2008-03-31": -108.437, "2007-12-31": -142.369, "2007-09-30": "-130.47200", "2007-06-30": -144.179, "2007-03-31": -140.113, "2006-12-31": -197.315, "2006-09-30": "-105.62700", "2006-06-30": -142.481, "2006-03-31": -130.068, "2005-12-31": -135.974, "2005-09-30": "-84.37400", "2005-06-30": -76.428, "2005-03-31": -287.341}, "Net Change In Intangible Assets": {"2020-12-31": 0, "2020-09-30": "", "2020-06-30": 0, "2020-03-31": 0, "2019-12-31": 0, "2019-09-30": "", "2019-06-30": 0, "2019-03-31": 0, "2018-12-31": 0, "2018-09-30": "", "2018-06-30": 0, "2018-03-31": 0, "2017-12-31": 0, "2017-09-30": "", "2017-06-30": 0, "2017-03-31": 0, "2016-12-31": 0, "2016-09-30": "", "2016-06-30": 0, "2016-03-31": 0, "2015-12-31": 0, "2015-09-30": "", "2015-06-30": 0, "2015-03-31": 0, "2014-12-31": 0, "2014-09-30": "", "2014-06-30": 0, "2014-03-31": 0, "2013-12-31": 0, "2013-09-30": "", "2013-06-30": 0, "2013-03-31": 0, "2012-12-31": 0, "2012-09-30": "", "2012-06-30": 0, "2012-03-31": 0, "2011-12-31": 0, "2011-09-30": "", "2011-06-30": 0, "2011-03-31": 0, "2010-12-31": 0, "2010-09-30": "", "2010-06-30": 0, "2010-03-31": 0, "2009-12-31": 0, "2009-09-30": "", "2009-06-30": 0, "2009-03-31": 0, "2008-12-31": 0, "2008-09-30": "", "2008-06-30": 0, "2008-03-31": 0, "2007-12-31": 0, "2007-09-30": "", "2007-06-30": 0, "2007-03-31": 0, "2006-12-31": 0, "2006-09-30": "", "2006-06-30": 0, "2006-03-31": 0, "2005-12-31": 0, "2005-09-30": "", "2005-06-30": 0, "2005-03-31": 0}, "Net Acquisitions/Divestitures": {"2020-12-31": 0, "2020-09-30": "", "2020-06-30": 0, "2020-03-31": 0.003, "2019-12-31": -67.969, "2019-09-30": "-74.81400", "2019-06-30": 140.793, "2019-03-31": -97.53, "2018-12-31": 0, "2018-09-30": "", "2018-06-30": -44.497, "2018-03-31": -55.964, "2017-12-31": -147.644, "2017-09-30": "", "2017-06-30": -11.337, "2017-03-31": 0, "2016-12-31": 0, "2016-09-30": "-2910.46100", "2016-06-30": -51.517, "2016-03-31": -69.547, "2015-12-31": -14.556, "2015-09-30": "-83.59800", "2015-06-30": -86.685, "2015-03-31": 0, "2014-12-31": 2.897, "2014-09-30": "-32.07400", "2014-06-30": -38.876, "2014-03-31": -18.001, "2013-12-31": -21.12, "2013-09-30": "-1.34100", "2013-06-30": -187.411, "2013-03-31": -15.799, "2012-12-31": -134.076, "2012-09-30": "-60.16100", "2012-06-30": -27.247, "2012-03-31": -46.589, "2011-12-31": -0.647, "2011-09-30": "-36.11800", "2011-06-30": -65.662, "2011-03-31": -8.94, "2010-12-31": -2.655, "2010-09-30": "-23.89100", "2010-06-30": -8.413, "2010-03-31": -11.719, "2009-12-31": -0.827, "2009-09-30": "-8.33400", "2009-06-30": -164.207, "2009-03-31": -37.591, "2008-12-31": -2.743, "2008-09-30": "-13.53400", "2008-06-30": -4.795, "2008-03-31": -15.735, "2007-12-31": -8.979, "2007-09-30": "-25.75000", "2007-06-30": -10.788, "2007-03-31": -3.916, "2006-12-31": -1.175, "2006-09-30": "-43.44300", "2006-06-30": -4.955, "2006-03-31": -54.647, "2005-12-31": -26.419, "2005-09-30": "-28.35700", "2005-06-30": -66.152, "2005-03-31": -49.485}, "Net Change In Short-term Investments": {"2020-12-31": -0.933, "2020-09-30": "-14.39100", "2020-06-30": 3.067, "2020-03-31": 8.427, "2019-12-31": -1.402, "2019-09-30": "-0.98400", "2019-06-30": -0.633, "2019-03-31": -115.807, "2018-12-31": 0, "2018-09-30": "", "2018-06-30": 0, "2018-03-31": 0, "2017-12-31": 0, "2017-09-30": "", "2017-06-30": 0, "2017-03-31": 0, "2016-12-31": 0, "2016-09-30": "", "2016-06-30": 0, "2016-03-31": 0, "2015-12-31": 0, "2015-09-30": "", "2015-06-30": 0, "2015-03-31": 0, "2014-12-31": 0, "2014-09-30": "", "2014-06-30": 0, "2014-03-31": 0, "2013-12-31": 0, "2013-09-30": "", "2013-06-30": 0, "2013-03-31": 0, "2012-12-31": 0, "2012-09-30": "", "2012-06-30": 0, "2012-03-31": 0, "2011-12-31": 0, "2011-09-30": "", "2011-06-30": 0.28, "2011-03-31": 0.33, "2010-12-31": 0.308, "2010-09-30": "24.07500", "2010-06-30": -23.617, "2010-03-31": 60.276, "2009-12-31": -32.945, "2009-09-30": "-27.21700", "2009-06-30": 0, "2009-03-31": 0, "2008-12-31": 0, "2008-09-30": "", "2008-06-30": 0, "2008-03-31": 0, "2007-12-31": 0, "2007-09-30": "", "2007-06-30": 0, "2007-03-31": 0, "2006-12-31": 0, "2006-09-30": "", "2006-06-30": 0, "2006-03-31": 0, "2005-12-31": 0, "2005-09-30": "", "2005-06-30": 0, "2005-03-31": 0}, "Net Change In Long-Term Investments": {"2020-12-31": 0, "2020-09-30": "", "2020-06-30": 0, "2020-03-31": 0, "2019-12-31": 0, "2019-09-30": "", "2019-06-30": 0, "2019-03-31": 0, "2018-12-31": 0, "2018-09-30": "", "2018-06-30": 0, "2018-03-31": 0, "2017-12-31": 0, "2017-09-30": "", "2017-06-30": 0, "2017-03-31": 0, "2016-12-31": 0, "2016-09-30": "", "2016-06-30": 57.452, "2016-03-31": 0, "2015-12-31": 0, "2015-09-30": "", "2015-06-30": 0, "2015-03-31": 0, "2014-12-31": 0, "2014-09-30": "", "2014-06-30": 0, "2014-03-31": 0, "2013-12-31": 0, "2013-09-30": "", "2013-06-30": 0, "2013-03-31": 0, "2012-12-31": 0, "2012-09-30": "", "2012-06-30": 0, "2012-03-31": 0, "2011-12-31": 0, "2011-09-30": "", "2011-06-30": 0, "2011-03-31": 0, "2010-12-31": 0, "2010-09-30": "", "2010-06-30": 0, "2010-03-31": 0, "2009-12-31": 0, "2009-09-30": "", "2009-06-30": 0, "2009-03-31": 0, "2008-12-31": 0, "2008-09-30": "", "2008-06-30": 0, "2008-03-31": 0, "2007-12-31": 0, "2007-09-30": "", "2007-06-30": 0, "2007-03-31": 0, "2006-12-31": 0, "2006-09-30": "", "2006-06-30": 0, "2006-03-31": 0, "2005-12-31": 0, "2005-09-30": "", "2005-06-30": 0, "2005-03-31": 0}, "Net Change In Investments - Total": {"2020-12-31": -0.933, "2020-09-30": "-14.39100", "2020-06-30": 3.067, "2020-03-31": 8.427, "2019-12-31": -1.402, "2019-09-30": "-0.98400", "2019-06-30": -0.633, "2019-03-31": -115.807, "2018-12-31": 0, "2018-09-30": "", "2018-06-30": 0, "2018-03-31": 0, "2017-12-31": 0, "2017-09-30": "", "2017-06-30": 0, "2017-03-31": 0, "2016-12-31": 0, "2016-09-30": "", "2016-06-30": 57.452, "2016-03-31": 0, "2015-12-31": 0, "2015-09-30": "", "2015-06-30": 0, "2015-03-31": 0, "2014-12-31": 0, "2014-09-30": "", "2014-06-30": 0, "2014-03-31": 0, "2013-12-31": 0, "2013-09-30": "", "2013-06-30": 0, "2013-03-31": 0, "2012-12-31": 0, "2012-09-30": "", "2012-06-30": 0, "2012-03-31": 0, "2011-12-31": 0, "2011-09-30": "", "2011-06-30": 0.28, "2011-03-31": 0.33, "2010-12-31": 0.308, "2010-09-30": "24.07500", "2010-06-30": -23.617, "2010-03-31": 60.276, "2009-12-31": -32.945, "2009-09-30": "-27.21700", "2009-06-30": 0, "2009-03-31": 0, "2008-12-31": 0, "2008-09-30": "", "2008-06-30": 0, "2008-03-31": 0, "2007-12-31": 0, "2007-09-30": "", "2007-06-30": 0, "2007-03-31": 0, "2006-12-31": 0, "2006-09-30": "", "2006-06-30": 0, "2006-03-31": 0, "2005-12-31": 0, "2005-09-30": "", "2005-06-30": 0, "2005-03-31": 0}, "Investing Activities - Other": {"2020-12-31": 0, "2020-09-30": "", "2020-06-30": 1.7, "2020-03-31": 66.806, "2019-12-31": 0.565, "2019-09-30": "", "2019-06-30": 1.772, "2019-03-31": 0.088, "2018-12-31": -1, "2018-09-30": "0.91200", "2018-06-30": 0, "2018-03-31": 3.252, "2017-12-31": 0, "2017-09-30": "", "2017-06-30": 6.787, "2017-03-31": 0, "2016-12-31": 0, "2016-09-30": "", "2016-06-30": -237.127, "2016-03-31": -34.648, "2015-12-31": 0, "2015-09-30": "168.27400", "2015-06-30": 0.67, "2015-03-31": -0.743, "2014-12-31": -0.028, "2014-09-30": "-20.02500", "2014-06-30": 12.458, "2014-03-31": -0.029, "2013-12-31": -0.004, "2013-09-30": "-12.50900", "2013-06-30": -0.058, "2013-03-31": -0.023, "2012-12-31": -0.014, "2012-09-30": "-18.00500", "2012-06-30": 13.059, "2012-03-31": -8.256, "2011-12-31": -8.258, "2011-09-30": "-13.25700", "2011-06-30": -0.028, "2011-03-31": 24.091, "2010-12-31": -5.047, "2010-09-30": "-5.04400", "2010-06-30": 11.102, "2010-03-31": -6.907, "2009-12-31": -6.928, "2009-09-30": "-27.89700", "2009-06-30": -0.144, "2009-03-31": -0.173, "2008-12-31": -0.464, "2008-09-30": "-0.49000", "2008-06-30": -0.452, "2008-03-31": 1.376, "2007-12-31": -0.756, "2007-09-30": "2.17400", "2007-06-30": -0.824, "2007-03-31": 11.348, "2006-12-31": -0.78, "2006-09-30": "-11.89900", "2006-06-30": -0.673, "2006-03-31": -0.578, "2005-12-31": -0.545, "2005-09-30": "-0.44700", "2005-06-30": 83.502, "2005-03-31": -16.584}, "Cash Flow From Investing Activities": {"2020-12-31": -80.892, "2020-09-30": "-82.86600", "2020-06-30": -96.319, "2020-03-31": -132.298, "2019-12-31": -281.066, "2019-09-30": "-246.62400", "2019-06-30": -162.996, "2019-03-31": -362.847, "2018-12-31": -117.441, "2018-09-30": "-99.57100", "2018-06-30": -354.355, "2018-03-31": -153.715, "2017-12-31": -267.804, "2017-09-30": "-134.53900", "2017-06-30": -272.528, "2017-03-31": -120.632, "2016-12-31": -136.059, "2016-09-30": "-3048.45500", "2016-06-30": -386.767, "2016-03-31": -215.049, "2015-12-31": -132.225, "2015-09-30": "-35.06100", "2015-06-30": -182.491, "2015-03-31": -126.687, "2014-12-31": -175.374, "2014-09-30": "-169.79400", "2014-06-30": -160.078, "2014-03-31": -134.834, "2013-12-31": -142.9, "2013-09-30": "-139.02600", "2013-06-30": -322.871, "2013-03-31": -118.408, "2012-12-31": -238.157, "2012-09-30": "-232.44600", "2012-06-30": -163.16, "2012-03-31": -252.646, "2011-12-31": -213.993, "2011-09-30": "-273.83000", "2011-06-30": -244.015, "2011-03-31": -108.782, "2010-12-31": -179.329, "2010-09-30": "-147.43000", "2010-06-30": -159.857, "2010-03-31": -147.162, "2009-12-31": -177.794, "2009-09-30": "-171.50700", "2009-06-30": -292.034, "2009-03-31": -172.879, "2008-12-31": -100.703, "2008-09-30": "-93.04700", "2008-06-30": -126.612, "2008-03-31": -122.796, "2007-12-31": -152.104, "2007-09-30": "-154.04800", "2007-06-30": -155.791, "2007-03-31": -132.681, "2006-12-31": -199.27, "2006-09-30": "-160.96900", "2006-06-30": -148.109, "2006-03-31": -185.293, "2005-12-31": -162.938, "2005-09-30": "-113.17800", "2005-06-30": -59.078, "2005-03-31": -353.41}, "Net Long-Term Debt": {"2020-12-31": -12.87, "2020-09-30": "-756.69900", "2020-06-30": 3010.296, "2020-03-31": 2658.302, "2019-12-31": -19.918, "2019-09-30": "15.65000", "2019-06-30": -513.517, "2019-03-31": -255.099, "2018-12-31": -11.518, "2018-09-30": "378.06400", "2018-06-30": -17.96, "2018-03-31": 471.426, "2017-12-31": -1.229, "2017-09-30": "-3.67400", "2017-06-30": 754.94, "2017-03-31": -57.078, "2016-12-31": 6.042, "2016-09-30": "-93.73400", "2016-06-30": 3057.1151, "2016-03-31": -42.401, "2015-12-31": 1992.709, "2015-09-30": "-5049.51100", "2015-06-30": -324.136, "2015-03-31": 24.277, "2014-12-31": 4977.19, "2014-09-30": "9.69400", "2014-06-30": 3.285, "2014-03-31": -197.637, "2013-12-31": 5.304, "2013-09-30": "-3.62900", "2013-06-30": -6.337, "2013-03-31": -259.403, "2012-12-31": 33.01, "2012-09-30": "-0.31700", "2012-06-30": 542.293, "2012-03-31": -1.447, "2011-12-31": -0.706, "2011-09-30": "-1.18100", "2011-06-30": -0.397, "2011-03-31": -1.844, "2010-12-31": -0.433, "2010-09-30": "-1.64700", "2010-06-30": -0.827, "2010-03-31": -1.756, "2009-12-31": -0.845, "2009-09-30": "-0.17600", "2009-06-30": 1.756, "2009-03-31": 490.976, "2008-12-31": 4.134, "2008-09-30": "-0.42800", "2008-06-30": -0.051, "2008-03-31": 751.358, "2007-12-31": -0.854, "2007-09-30": "-0.10900", "2007-06-30": -101.428, "2007-03-31": -0.344, "2006-12-31": -1.273, "2006-09-30": "-1.32100", "2006-06-30": -203.207, "2006-03-31": -2.478, "2005-12-31": -3.943, "2005-09-30": "297.23200", "2005-06-30": -154.491, "2005-03-31": -3.158}, "Net Current Debt": {"2020-12-31": 3.353, "2020-09-30": "3.11000", "2020-06-30": 595.771, "2020-03-31": -700.529, "2019-12-31": 188.015, "2019-09-30": "533.40000", "2019-06-30": -67.9, "2019-03-31": 90.1, "2018-12-31": 109.9, "2018-09-30": "", "2018-06-30": -758, "2018-03-31": 8.035, "2017-12-31": -114.835, "2017-09-30": "745.10000", "2017-06-30": -1166.752, "2017-03-31": 286.873, "2016-12-31": 556.802, "2016-09-30": "442.77700", "2016-06-30": 0, "2016-03-31": 0, "2015-12-31": -717.6, "2015-09-30": "717.60000", "2015-06-30": 0, "2015-03-31": 0, "2014-12-31": -398.597, "2014-09-30": "268.59800", "2014-06-30": -311.097, "2014-03-31": 41.125, "2013-12-31": 68.664, "2013-09-30": "235.80700", "2013-06-30": 95.5, "2013-03-31": -48.1, "2012-12-31": 48.1, "2012-09-30": "", "2012-06-30": -393.242, "2012-03-31": 15.747, "2011-12-31": 264.145, "2011-09-30": "-68.62500", "2011-06-30": -6.274, "2011-03-31": 15.05, "2010-12-31": 173.199, "2010-09-30": "", "2010-06-30": 0, "2010-03-31": 0, "2009-12-31": 0, "2009-09-30": "", "2009-06-30": 0, "2009-03-31": 0, "2008-12-31": 0, "2008-09-30": "", "2008-06-30": -64.604, "2008-03-31": -848.076, "2007-12-31": 167.834, "2007-09-30": "194.12000", "2007-06-30": 132.093, "2007-03-31": -122.404, "2006-12-31": 21.625, "2006-09-30": "90.54400", "2006-06-30": -42.443, "2006-03-31": -59.564, "2005-12-31": 378.293, "2005-09-30": "-36.26900", "2005-06-30": 115.742, "2005-03-31": -0.725}, "Debt Issuance/Retirement Net - Total": {"2020-12-31": -9.517, "2020-09-30": "-753.58900", "2020-06-30": 3606.067, "2020-03-31": 1957.773, "2019-12-31": 168.097, "2019-09-30": "549.05000", "2019-06-30": -581.417, "2019-03-31": -164.999, "2018-12-31": 98.382, "2018-09-30": "378.06400", "2018-06-30": -775.96, "2018-03-31": 479.461, "2017-12-31": -116.064, "2017-09-30": "741.42600", "2017-06-30": -411.812, "2017-03-31": 229.795, "2016-12-31": 562.844, "2016-09-30": "349.04300", "2016-06-30": 3057.1151, "2016-03-31": -42.401, "2015-12-31": 1275.109, "2015-09-30": "-4331.91100", "2015-06-30": -324.136, "2015-03-31": 24.277, "2014-12-31": 4578.593, "2014-09-30": "278.29200", "2014-06-30": -307.812, "2014-03-31": -156.512, "2013-12-31": 73.968, "2013-09-30": "232.17800", "2013-06-30": 89.163, "2013-03-31": -307.503, "2012-12-31": 81.11, "2012-09-30": "-0.31700", "2012-06-30": 149.051, "2012-03-31": 14.3, "2011-12-31": 263.439, "2011-09-30": "-69.80600", "2011-06-30": -6.671, "2011-03-31": 13.206, "2010-12-31": 172.766, "2010-09-30": "-1.64700", "2010-06-30": -0.827, "2010-03-31": -1.756, "2009-12-31": -0.845, "2009-09-30": "-0.17600", "2009-06-30": 1.756, "2009-03-31": 490.976, "2008-12-31": 4.134, "2008-09-30": "-0.42800", "2008-06-30": -64.655, "2008-03-31": -96.718, "2007-12-31": 166.98, "2007-09-30": "194.01100", "2007-06-30": 30.665, "2007-03-31": -122.748, "2006-12-31": 20.352, "2006-09-30": "89.22300", "2006-06-30": -245.65, "2006-03-31": -62.042, "2005-12-31": 374.35, "2005-09-30": "260.96300", "2005-06-30": -38.749, "2005-03-31": -3.883}, "Net Common Equity Issued/Repurchased": {"2020-12-31": 34.702, "2020-09-30": "31.93300", "2020-06-30": 41.099, "2020-03-31": -169.51, "2019-12-31": -224.689, "2019-09-30": "-263.99700", "2019-06-30": -113.358, "2019-03-31": -54.231, "2018-12-31": -481.062, "2018-09-30": "-120.24700", "2018-06-30": -37.576, "2018-03-31": -94.34, "2017-12-31": -85.211, "2017-09-30": "-493.02300", "2017-06-30": -325.574, "2017-03-31": -289.35, "2016-12-31": -498.56, "2016-09-30": "-567.83200", "2016-06-30": -178.307, "2016-03-31": -99.014, "2015-12-31": -1444.437, "2015-09-30": "54.76800", "2015-06-30": 38.412, "2015-03-31": 79.272, "2014-12-31": 87.313, "2014-09-30": "35.17900", "2014-06-30": 61.621, "2014-03-31": -32.173, "2013-12-31": 47.794, "2013-09-30": "-154.01000", "2013-06-30": -269.6101, "2013-03-31": 229.319, "2012-12-31": -86.755, "2012-09-30": "34.08200", "2012-06-30": 16.894, "2012-03-31": 37.128, "2011-12-31": -124.728, "2011-09-30": "-102.15400", "2011-06-30": 229.36, "2011-03-31": 31.615, "2010-12-31": -144.022, "2010-09-30": "-75.86500", "2010-06-30": -97.472, "2010-03-31": -23.866, "2009-12-31": 15.007, "2009-09-30": "21.90700", "2009-06-30": 13.328, "2009-03-31": -67.268, "2008-12-31": -228.269, "2008-09-30": "-44.85400", "2008-06-30": 25.8, "2008-03-31": -158.261, "2007-12-31": -131.838, "2007-09-30": "-136.64200", "2007-06-30": -184.737, "2007-03-31": -46.737, "2006-12-31": -77.56, "2006-09-30": "-20.09500", "2006-06-30": 6.758, "2006-03-31": -25.868, "2005-12-31": -153.897, "2005-09-30": "-243.06900", "2005-06-30": -186.045, "2005-03-31": -203.611}, "Net Total Equity Issued/Repurchased": {"2020-12-31": 34.702, "2020-09-30": "31.93300", "2020-06-30": 41.099, "2020-03-31": -169.51, "2019-12-31": -224.689, "2019-09-30": "-263.99700", "2019-06-30": -113.358, "2019-03-31": -54.231, "2018-12-31": -481.062, "2018-09-30": "-120.24700", "2018-06-30": -37.576, "2018-03-31": -94.34, "2017-12-31": -85.211, "2017-09-30": "-493.02300", "2017-06-30": -325.574, "2017-03-31": -289.35, "2016-12-31": -498.56, "2016-09-30": "-567.83200", "2016-06-30": -178.307, "2016-03-31": -99.014, "2015-12-31": -1444.437, "2015-09-30": "54.76800", "2015-06-30": 38.412, "2015-03-31": 79.272, "2014-12-31": 87.313, "2014-09-30": "35.17900", "2014-06-30": 61.621, "2014-03-31": -32.173, "2013-12-31": 47.794, "2013-09-30": "-154.01000", "2013-06-30": -269.6101, "2013-03-31": 229.319, "2012-12-31": -86.755, "2012-09-30": "34.08200", "2012-06-30": 16.894, "2012-03-31": 37.128, "2011-12-31": -124.728, "2011-09-30": "-102.15400", "2011-06-30": 229.36, "2011-03-31": 31.615, "2010-12-31": -144.022, "2010-09-30": "-75.86500", "2010-06-30": -97.472, "2010-03-31": -23.866, "2009-12-31": 15.007, "2009-09-30": "21.90700", "2009-06-30": 13.328, "2009-03-31": -67.268, "2008-12-31": -228.269, "2008-09-30": "-44.85400", "2008-06-30": 25.8, "2008-03-31": -158.261, "2007-12-31": -131.838, "2007-09-30": "-136.64200", "2007-06-30": -184.737, "2007-03-31": -46.737, "2006-12-31": -77.56, "2006-09-30": "-20.09500", "2006-06-30": 6.758, "2006-03-31": -25.868, "2005-12-31": -153.897, "2005-09-30": "-243.06900", "2005-06-30": -186.045, "2005-03-31": -203.611}, "Total Common And Preferred Stock Dividends Paid": {"2020-12-31": -230.003, "2020-09-30": "-228.71400", "2020-06-30": -228.256, "2020-03-31": -228.963, "2019-12-31": -199.056, "2019-09-30": "-200.03700", "2019-06-30": -200.371, "2019-03-31": -195.843, "2018-12-31": -191.987, "2018-09-30": "-187.22900", "2018-06-30": -187.417, "2018-03-31": -187.821, "2017-12-31": -172.056, "2017-09-30": "-174.86400", "2017-06-30": -176.841, "2017-03-31": -178.421, "2016-12-31": -170.093, "2016-09-30": "-173.29200", "2016-06-30": -175.204, "2016-03-31": -175.229, "2015-12-31": -169.399, "2015-09-30": "-179.03700", "2015-06-30": -178.734, "2015-03-31": -175.886, "2014-12-31": -170.605, "2014-09-30": "-170.04900", "2014-06-30": -169.445, "2014-03-31": -169.493, "2013-12-31": -164.141, "2013-09-30": "-164.13800", "2013-06-30": -166.223, "2013-03-31": -166.126, "2012-12-31": -157.662, "2012-09-30": "-158.24200", "2012-06-30": -158.06, "2012-03-31": -157.668, "2011-12-31": -153.351, "2011-09-30": "-153.79000", "2011-06-30": -151.665, "2011-03-31": -151.317, "2010-12-31": -147.221, "2010-09-30": "-146.86800", "2010-06-30": -147.847, "2010-03-31": -148.15, "2009-12-31": -142.037, "2009-09-30": "-141.72900", "2009-06-30": -141.557, "2009-03-31": -142.002, "2008-12-31": -132.304, "2008-09-30": "-132.38300", "2008-06-30": -132.134, "2008-03-31": -133.203, "2007-12-31": -115.791, "2007-09-30": "-116.33900", "2007-06-30": -117.387, "2007-03-31": -117.501, "2006-12-31": -105.295, "2006-09-30": "-105.23300", "2006-06-30": -104.002, "2006-03-31": -105.376, "2005-12-31": -93.602, "2005-09-30": "-94.55700", "2005-06-30": -95.324, "2005-03-31": -261.974}, "Financial Activities - Other": {"2020-12-31": -0.416, "2020-09-30": "-0.45700", "2020-06-30": -41.788, "2020-03-31": -23.529, "2019-12-31": -0.15, "2019-09-30": "-22.31100", "2019-06-30": -2.313, "2019-03-31": -14.01, "2018-12-31": -4.453, "2018-09-30": "-2.20000", "2018-06-30": 2.483, "2018-03-31": -299.371, "2017-12-31": -9.492, "2017-09-30": "-0.64400", "2017-06-30": -3.748, "2017-03-31": -10.354, "2016-12-31": -15.546, "2016-09-30": "-2.84600", "2016-06-30": -63.797, "2016-03-31": 12.236, "2015-12-31": -19.204, "2015-09-30": "18.77600", "2015-06-30": 1.557, "2015-03-31": 6.034, "2014-12-31": -153.069, "2014-09-30": "-58.88800", "2014-06-30": 1.908, "2014-03-31": -4.561, "2013-12-31": -11.529, "2013-09-30": "0.48700", "2013-06-30": 2.722, "2013-03-31": 1.478, "2012-12-31": 0.348, "2012-09-30": "0.00800", "2012-06-30": -2.942, "2012-03-31": 0.002, "2011-12-31": -0.968, "2011-09-30": "0.00400", "2011-06-30": 0.144, "2011-03-31": 0.001, "2010-12-31": 0, "2010-09-30": "0.27700", "2010-06-30": 0.25, "2010-03-31": 0.036, "2009-12-31": 0.01, "2009-09-30": "0.46500", "2009-06-30": -0.583, "2009-03-31": -2.963, "2008-12-31": -0.226, "2008-09-30": "3.00000", "2008-06-30": 1.052, "2008-03-31": -3.862, "2007-12-31": 0.239, "2007-09-30": "2.78300", "2007-06-30": 1.778, "2007-03-31": 2.461, "2006-12-31": 1.788, "2006-09-30": "2.77600", "2006-06-30": 1.085, "2006-03-31": 2.361, "2005-12-31": 0.641, "2005-09-30": "-22.71200", "2005-06-30": -0.32, "2005-03-31": 5.316}, "Cash Flow From Financial Activities": {"2020-12-31": -205.234, "2020-09-30": "-950.82700", "2020-06-30": 3377.122, "2020-03-31": 1535.771, "2019-12-31": -255.798, "2019-09-30": "62.70500", "2019-06-30": -897.459, "2019-03-31": -429.083, "2018-12-31": -579.12, "2018-09-30": "68.38800", "2018-06-30": -998.47, "2018-03-31": -102.071, "2017-12-31": -382.823, "2017-09-30": "72.89500", "2017-06-30": -917.975, "2017-03-31": -248.33, "2016-12-31": -121.355, "2016-09-30": "-394.92700", "2016-06-30": 2639.807, "2016-03-31": -304.408, "2015-12-31": -357.931, "2015-09-30": "-4437.40400", "2015-06-30": -462.901, "2015-03-31": -66.303, "2014-12-31": 4342.232, "2014-09-30": "84.53400", "2014-06-30": -413.728, "2014-03-31": -362.739, "2013-12-31": -53.908, "2013-09-30": "-85.48300", "2013-06-30": -343.948, "2013-03-31": -242.832, "2012-12-31": -162.959, "2012-09-30": "-124.46900", "2012-06-30": 4.943, "2012-03-31": -106.238, "2011-12-31": -15.608, "2011-09-30": "-325.74600", "2011-06-30": 71.168, "2011-03-31": -106.495, "2010-12-31": -118.477, "2010-09-30": "-224.10300", "2010-06-30": -245.896, "2010-03-31": -173.736, "2009-12-31": -127.865, "2009-09-30": "-119.53300", "2009-06-30": -127.056, "2009-03-31": 278.743, "2008-12-31": -356.665, "2008-09-30": "-174.66500", "2008-06-30": -169.937, "2008-03-31": -392.044, "2007-12-31": -80.41, "2007-09-30": "-56.18700", "2007-06-30": -269.681, "2007-03-31": -284.525, "2006-12-31": -160.715, "2006-09-30": "-33.32900", "2006-06-30": -341.809, "2006-03-31": -190.925, "2005-12-31": 127.492, "2005-09-30": "-99.37500", "2005-06-30": -320.438, "2005-03-31": -464.152}, "Net Cash Flow": {"2020-12-31": -220.401, "2020-09-30": "-85.68400", "2020-06-30": 3811.023, "2020-03-31": 1713.051, "2019-12-31": 57.076, "2019-09-30": "-17.82500", "2019-06-30": -17.531, "2019-03-31": -347.21, "2018-12-31": -56.385, "2018-09-30": "237.52700", "2018-06-30": -331.281, "2018-03-31": -66.82, "2017-12-31": 204.742, "2017-09-30": "39.70100", "2017-06-30": 14.369, "2017-03-31": 7.841, "2016-12-31": 87.394, "2016-09-30": "-3159.40200", "2016-06-30": 3140.188, "2016-03-31": 15.236, "2015-12-31": 207.346, "2015-09-30": "-4741.78800", "2015-06-30": 45.34, "2015-03-31": 177.027, "2014-12-31": 4522.779, "2014-09-30": "-28.14800", "2014-06-30": 71.956, "2014-03-31": -108.773, "2013-12-31": 90.331, "2013-09-30": "-52.75300", "2013-06-30": 80.765, "2013-03-31": 10.715, "2012-12-31": -227.61, "2012-09-30": "-140.45200", "2012-06-30": 338.403, "2012-03-31": 13.933, "2011-12-31": 52.43, "2011-09-30": "-355.66400", "2011-06-30": 254.097, "2011-03-31": 175.913, "2010-12-31": -238.619, "2010-09-30": "-137.06900", "2010-06-30": -1.411, "2010-03-31": 11.969, "2009-12-31": -198.885, "2009-09-30": "-244.88100", "2009-06-30": 191.212, "2009-03-31": 526.043, "2008-12-31": 27.449, "2008-09-30": "-205.92700", "2008-06-30": 279.521, "2008-03-31": 75.133, "2007-12-31": -21.368, "2007-09-30": "-17.71800", "2007-06-30": 26.929, "2007-03-31": -4.919, "2006-12-31": 5.141, "2006-09-30": "-21.17600", "2006-06-30": -3.708, "2006-03-31": -48.333, "2005-12-31": 76.02, "2005-09-30": "-13.76000", "2005-06-30": -7.84, "2005-03-31": -0.188}, "Stock-Based Compensation": {"2020-12-31": 21.288, "2020-09-30": "25.83400", "2020-06-30": -21.708, "2020-03-31": 17.298, "2019-12-31": 25.258, "2019-09-30": "21.38600", "2019-06-30": 26.794, "2019-03-31": 23.911, "2018-12-31": 25.006, "2018-09-30": "29.19300", "2018-06-30": 21.099, "2018-03-31": 21.13, "2017-12-31": 23.657, "2017-09-30": "27.95500", "2017-06-30": 18.323, "2017-03-31": 22.802, "2016-12-31": 17.631, "2016-09-30": "25.12700", "2016-06-30": 13.133, "2016-03-31": 22.288, "2015-12-31": 32.409, "2015-09-30": "11.63600", "2015-06-30": 12.068, "2015-03-31": 17.238, "2014-12-31": 32.299, "2014-09-30": "12.16100", "2014-06-30": 13.459, "2014-03-31": 16.963, "2013-12-31": 30.441, "2013-09-30": "13.46500", "2013-06-30": 13.398, "2013-03-31": 17.326, "2012-12-31": 28.698, "2012-09-30": "10.72500", "2012-06-30": 15.991, "2012-03-31": 15.571, "2011-12-31": 28.915, "2011-09-30": "9.84200", "2011-06-30": 10.717, "2011-03-31": 10.839, "2010-12-31": 27.531, "2010-09-30": "10.14800", "2010-06-30": 14.377, "2010-03-31": 12.068, "2009-12-31": 27.165, "2009-09-30": "12.74800", "2009-06-30": 9.286, "2009-03-31": 11.615, "2008-12-31": 24.296, "2008-09-30": "10.83300", "2008-06-30": 19.496, "2008-03-31": 18.036, "2007-12-31": 27.925, "2007-09-30": "15.19300", "2007-06-30": 22.236, "2007-03-31": 22.096, "2006-12-31": 22.172, "2006-09-30": "31.48100", "2006-06-30": 24.893, "2006-03-31": 27.776, "2005-12-31": 32.888, "2005-09-30": "41.28000", "2005-06-30": 3.97, "2005-03-31": 15.779}, "Common Stock Dividends Paid": {"2020-12-31": -230.003, "2020-09-30": "-228.71400", "2020-06-30": -228.256, "2020-03-31": -228.963, "2019-12-31": -199.056, "2019-09-30": "-200.03700", "2019-06-30": -200.371, "2019-03-31": -195.843, "2018-12-31": -191.987, "2018-09-30": "-187.22900", "2018-06-30": -187.417, "2018-03-31": -187.821, "2017-12-31": -172.056, "2017-09-30": "-174.86400", "2017-06-30": -176.841, "2017-03-31": -178.421, "2016-12-31": -170.093, "2016-09-30": "-173.29200", "2016-06-30": -175.204, "2016-03-31": -175.229, "2015-12-31": -169.399, "2015-09-30": "-179.03700", "2015-06-30": -178.734, "2015-03-31": -175.886, "2014-12-31": -170.605, "2014-09-30": "-170.04900", "2014-06-30": -169.445, "2014-03-31": -169.493, "2013-12-31": -164.141, "2013-09-30": "-164.13800", "2013-06-30": -166.223, "2013-03-31": -166.126, "2012-12-31": -157.662, "2012-09-30": "-158.24200", "2012-06-30": -158.06, "2012-03-31": -157.668, "2011-12-31": -153.351, "2011-09-30": "-153.79000", "2011-06-30": -151.665, "2011-03-31": -151.317, "2010-12-31": -147.221, "2010-09-30": "-146.86800", "2010-06-30": -147.847, "2010-03-31": -148.15, "2009-12-31": -142.037, "2009-09-30": "-141.72900", "2009-06-30": -141.557, "2009-03-31": -142.002, "2008-12-31": -132.304, "2008-09-30": "-132.38300", "2008-06-30": -132.134, "2008-03-31": -133.203, "2007-12-31": -115.791, "2007-09-30": "-116.33900", "2007-06-30": -117.387, "2007-03-31": -117.501, "2006-12-31": -105.295, "2006-09-30": "-105.23300", "2006-06-30": -104.002, "2006-03-31": -105.376, "2005-12-31": -93.602, "2005-09-30": "-94.55700", "2005-06-30": -95.324, "2005-03-31": -261.974}}, "financial ratios": {"Current Ratio": {"2020-06-30": "1.83810", "2019-06-30": "1.33400", "2018-06-30": "1.21470", "2017-06-30": "1.31780", "2016-06-30": "2.26720", "2015-06-30": "1.22280", "2014-06-30": "1.52990", "2013-06-30": "1.69870", "2012-06-30": "1.77730", "2011-06-30": "1.60360", "2010-06-30": "1.68690", "2009-06-30": "1.68810", "2008-06-30": "1.47890", "2007-06-30": "1.36910", "2006-06-30": "1.36370", "2005-06-30": "1.15740"}, "Long-term Debt / Capital": {"2020-06-30": "0.91760", "2019-06-30": "0.76450", "2018-06-30": "0.75050", "2017-06-30": "0.76290", "2016-06-30": "0.67830", "2015-06-30": "0.30160", "2014-06-30": "0.30920", "2013-06-30": "0.33710", "2012-06-30": "0.37100", "2011-06-30": "0.32640", "2010-06-30": "0.39250", "2009-06-30": "0.41700", "2008-06-30": "0.36690", "2007-06-30": "0.34910", "2006-06-30": "0.34770", "2005-06-30": "0.25740"}, "Debt/Equity Ratio": {"2020-06-30": "12.46910", "2019-06-30": "3.26190", "2018-06-30": "3.32170", "2017-06-30": "3.44100", "2016-06-30": "2.13690", "2015-06-30": "1.39190", "2014-06-30": "0.51890", "2013-06-30": "0.55640", "2012-06-30": "0.64430", "2011-06-30": "0.56710", "2010-06-30": "0.64810", "2009-06-30": "0.71790", "2008-06-30": "0.58090", "2007-06-30": "0.54320", "2006-06-30": "0.57750", "2005-06-30": "0.51870"}, "Gross Margin": {"2020-06-30": "18.72010", "2019-06-30": "18.97890", "2018-06-30": "18.87600", "2017-06-30": "19.06680", "2016-06-30": "17.94920", "2015-06-30": "17.56650", "2014-06-30": "17.58730", "2013-06-30": "18.00580", "2012-06-30": "18.35560", "2011-06-30": "18.80480", "2010-06-30": "19.30080", "2009-06-30": "19.09280", "2008-06-30": "19.17500", "2007-06-30": "19.28390", "2006-06-30": "19.28170", "2005-06-30": "19.09960"}, "Operating Margin": {"2020-06-30": "1.41700", "2019-06-30": "3.87620", "2018-06-30": "3.94030", "2017-06-30": "3.71060", "2016-06-30": "3.67400", "2015-06-30": "2.52540", "2014-06-30": "3.41190", "2013-06-30": "3.73440", "2012-06-30": "4.46100", "2011-06-30": "4.91180", "2010-06-30": "5.30530", "2009-06-30": "5.08020", "2008-06-30": "5.01020", "2007-06-30": "4.87550", "2006-06-30": "4.58200", "2005-06-30": "5.24910"}, "EBIT Margin": {"2020-06-30": "1.41700", "2019-06-30": "3.87620", "2018-06-30": "3.94030", "2017-06-30": "3.71060", "2016-06-30": "3.67400", "2015-06-30": "2.52540", "2014-06-30": "3.41190", "2013-06-30": "3.73440", "2012-06-30": "4.46100", "2011-06-30": "4.91180", "2010-06-30": "5.30530", "2009-06-30": "5.08020", "2008-06-30": "5.01020", "2007-06-30": "4.87550", "2006-06-30": "4.58200", "2005-06-30": "5.24910"}, "EBITDA Margin": {"2020-06-30": "3.57230", "2019-06-30": "5.18260", "2018-06-30": "5.29230", "2017-06-30": "5.39710", "2016-06-30": "5.07940", "2015-06-30": "3.71880", "2014-06-30": "4.60730", "2013-06-30": "4.88850", "2012-06-30": "5.44480", "2011-06-30": "5.93560", "2010-06-30": "6.35240", "2009-06-30": "6.11760", "2008-06-30": "6.00310", "2007-06-30": "5.91010", "2006-06-30": "5.63950", "2005-06-30": "6.29510"}, "Pre-Tax Profit Margin": {"2020-06-30": "0.55470", "2019-06-30": "3.33670", "2018-06-30": "3.33100", "2017-06-30": "3.18980", "2016-06-30": "2.84510", "2015-06-30": "2.07090", "2014-06-30": "3.17220", "2013-06-30": "3.48440", "2012-06-30": "4.20940", "2011-06-30": "4.64720", "2010-06-30": "4.96620", "2009-06-30": "4.80510", "2008-06-30": "4.77410", "2007-06-30": "4.62650", "2006-06-30": "4.27520", "2005-06-30": "5.03750"}, "Net Profit Margin": {"2020-06-30": "0.40740", "2019-06-30": "2.78520", "2018-06-30": "2.43630", "2017-06-30": "2.06340", "2016-06-30": "1.88540", "2015-06-30": "1.41080", "2014-06-30": "2.00260", "2013-06-30": "2.23460", "2012-06-30": "2.64640", "2011-06-30": "2.92960", "2010-06-30": "3.16830", "2009-06-30": "2.86530", "2008-06-30": "2.94800", "2007-06-30": "2.85680", "2006-06-30": "2.62140", "2005-06-30": "3.17500"}, "Asset Turnover": {"2020-06-30": "2.33750", "2019-06-30": "3.34590", "2018-06-30": "3.24990", "2017-06-30": "3.11830", "2016-06-30": "3.01210", "2015-06-30": "2.70610", "2014-06-30": "3.53980", "2013-06-30": "3.50300", "2012-06-30": "3.49180", "2011-06-30": "3.45380", "2010-06-30": "3.61110", "2009-06-30": "3.63150", "2008-06-30": "3.72160", "2007-06-30": "3.68130", "2006-06-30": "3.62860", "2005-06-30": "3.66260"}, "Inventory Turnover Ratio": {"2020-06-30": "13.89030", "2019-06-30": "15.14440", "2018-06-30": "15.24340", "2017-06-30": "14.95980", "2016-06-30": "15.65890", "2015-06-30": "14.90780", "2014-06-30": "14.73310", "2013-06-30": "15.19690", "2012-06-30": "15.88090", "2011-06-30": "15.39650", "2010-06-30": "16.96560", "2009-06-30": "18.06360", "2008-06-30": "16.51380", "2007-06-30": "16.50030", "2006-06-30": "16.37640", "2005-06-30": "16.70910"}, "Receiveable Turnover": {"2020-06-30": "17.62200", "2019-06-30": "14.30800", "2018-06-30": "14.19280", "2017-06-30": "13.74260", "2016-06-30": "14.89720", "2015-06-30": "14.51690", "2014-06-30": "13.68660", "2013-06-30": "13.95210", "2012-06-30": "14.28590", "2011-06-30": "13.56790", "2010-06-30": "14.22950", "2009-06-30": "14.92940", "2008-06-30": "13.77870", "2007-06-30": "13.42150", "2006-06-30": "13.13690", "2005-06-30": "13.25810"}, "Days Sales In Receivables": {"2020-06-30": "20.71280", "2019-06-30": "25.51030", "2018-06-30": "25.71730", "2017-06-30": "26.55970", "2016-06-30": "24.50130", "2015-06-30": "25.14310", "2014-06-30": "26.66850", "2013-06-30": "26.16090", "2012-06-30": "25.54960", "2011-06-30": "26.90180", "2010-06-30": "25.65100", "2009-06-30": "24.44840", "2008-06-30": "26.49010", "2007-06-30": "27.19510", "2006-06-30": "27.78430", "2005-06-30": "27.53040"}, "ROE - Return On Equity": {"2020-06-30": "18.59770", "2019-06-30": "66.90120", "2018-06-30": "57.07180", "2017-06-30": "47.97380", "2016-06-30": "27.29110", "2015-06-30": "13.05600", "2014-06-30": "17.68720", "2013-06-30": "19.11520", "2012-06-30": "23.93970", "2011-06-30": "24.48400", "2010-06-30": "30.82890", "2009-06-30": "30.60980", "2008-06-30": "32.44810", "2007-06-30": "30.53550", "2006-06-30": "27.71830", "2005-06-30": "34.85010"}, "Return On Tangible Equity": {"2020-06-30": "-6.42440", "2019-06-30": "-74.38150", "2018-06-30": "-58.91950", "2017-06-30": "-44.41870", "2016-06-30": "82.54090", "2015-06-30": "21.83280", "2014-06-30": "29.67800", "2013-06-30": "31.99460", "2012-06-30": "38.59740", "2011-06-30": "38.89340", "2010-06-30": "54.34420", "2009-06-30": "58.08890", "2008-06-30": "57.96730", "2007-06-30": "54.65220", "2006-06-30": "51.14990", "2005-06-30": "65.24300"}, "ROA - Return On Assets": {"2020-06-30": "0.95220", "2019-06-30": "9.31880", "2018-06-30": "7.91770", "2017-06-30": "6.43420", "2016-06-30": "5.67890", "2015-06-30": "3.81770", "2014-06-30": "7.08870", "2013-06-30": "7.82780", "2012-06-30": "9.24090", "2011-06-30": "10.11840", "2010-06-30": "11.44090", "2009-06-30": "10.40530", "2008-06-30": "10.97120", "2007-06-30": "10.51670", "2006-06-30": "9.40880", "2005-06-30": "11.62880"}, "ROI - Return On Investment": {"2020-06-30": "1.53240", "2019-06-30": "15.75840", "2018-06-30": "14.23970", "2017-06-30": "11.37680", "2016-06-30": "8.77940", "2015-06-30": "9.11800", "2014-06-30": "12.21840", "2013-06-30": "12.67180", "2012-06-30": "15.05740", "2011-06-30": "16.49350", "2010-06-30": "18.72930", "2009-06-30": "17.84540", "2008-06-30": "20.54360", "2007-06-30": "19.87590", "2006-06-30": "18.08010", "2005-06-30": "25.88030"}, "Book Value Per Share": {"2020-06-30": "2.27960", "2019-06-30": "4.87950", "2018-06-30": "4.81510", "2017-06-30": "4.49310", "2016-06-30": "6.21810", "2015-06-30": "8.85090", "2014-06-30": "8.98560", "2013-06-30": "8.85810", "2012-06-30": "7.99570", "2011-06-30": "7.95370", "2010-06-30": "6.50490", "2009-06-30": "5.84670", "2008-06-30": "5.67000", "2007-06-30": "5.35830", "2006-06-30": "4.93180", "2005-06-30": "4.38910"}, "Operating Cash Flow Per Share": {"2020-06-30": -1.458, "2019-06-30": 0.5333, "2018-06-30": 0.0037, "2017-06-30": 0.6263, "2016-06-30": 0.8375, "2015-06-30": 0.0769, "2014-06-30": -0.0212, "2013-06-30": 0.1665, "2012-06-30": 0.5299, "2011-06-30": 0.3625, "2010-06-30": -1.1536, "2009-06-30": 0.0749, "2008-06-30": 0.3305, "2007-06-30": 0.4512, "2006-06-30": -0.0352, "2005-06-30": 1.8238}, "Free Cash Flow Per Share": {"2020-06-30": -1.5207, "2019-06-30": 0.5083, "2018-06-30": -0.0461, "2017-06-30": 0.2908, "2016-06-30": 0.8334, "2015-06-30": 0.0512, "2014-06-30": -0.0265, "2013-06-30": 0.647, "2012-06-30": 0.2606, "2011-06-30": 0.2789, "2010-06-30": -1.3817, "2009-06-30": 0.1606, "2008-06-30": 0.4453, "2007-06-30": 0.2976, "2006-06-30": -0.2621, "2005-06-30": 1.2668}}, "financial ratios, quarterly": {"Current Ratio": {"2020-12-31": "1.78540", "2020-09-30": "1.73450", "2020-06-30": "1.83810", "2020-03-31": "1.48800", "2019-12-31": "1.24950", "2019-09-30": "1.39050", "2019-06-30": "1.33400", "2019-03-31": "1.30080", "2018-12-31": "1.25000", "2018-09-30": "1.30140", "2018-06-30": "1.21470", "2018-03-31": "1.44150", "2017-12-31": "1.38260", "2017-09-30": "1.40010", "2017-06-30": "1.31780", "2017-03-31": "1.45300", "2016-12-31": "1.58570", "2016-09-30": "1.51600", "2016-06-30": "2.26720", "2016-03-31": "1.69260", "2015-12-31": "1.75070", "2015-09-30": "1.76990", "2015-06-30": "1.22280", "2015-03-31": "2.65480", "2014-12-31": "2.67310", "2014-09-30": "1.56690", "2014-06-30": "1.52990", "2014-03-31": "1.73880", "2013-12-31": "1.79810", "2013-09-30": "1.72450", "2013-06-30": "1.69870", "2013-03-31": "1.74340", "2012-12-31": "1.76630", "2012-09-30": "1.75790", "2012-06-30": "1.77730", "2012-03-31": "1.59970", "2011-12-31": "1.73050", "2011-09-30": "1.59170", "2011-06-30": "1.60360", "2011-03-31": "1.73400", "2010-12-31": "1.78830", "2010-09-30": "1.68130", "2010-06-30": "1.68690", "2010-03-31": "1.77670", "2009-12-31": "1.85050", "2009-09-30": "1.75860", "2009-06-30": "1.68810", "2009-03-31": "1.67720", "2008-12-31": "1.49390", "2008-09-30": "1.56650", "2008-06-30": "1.47890", "2008-03-31": "1.42280", "2007-12-31": "1.49430", "2007-09-30": "1.49040", "2007-06-30": "1.36910", "2007-03-31": "1.35150", "2006-12-31": "1.39510", "2006-09-30": "1.46660", "2006-06-30": "1.36370", "2006-03-31": "1.36180", "2005-12-31": "1.38560", "2005-09-30": "1.34390", "2005-06-30": "1.15740", "2005-03-31": "1.19870"}, "Long-term Debt / Capital": {"2020-12-31": "0.89730", "2020-09-30": "0.90530", "2020-06-30": "0.91760", "2020-03-31": "0.83170", "2019-12-31": "0.76200", "2019-09-30": "0.77870", "2019-06-30": "0.76450", "2019-03-31": "0.77500", "2018-12-31": "0.78720", "2018-09-30": "0.75000", "2018-06-30": "0.75050", "2018-03-31": "0.78980", "2017-12-31": "0.78560", "2017-09-30": "0.79030", "2017-06-30": "0.76290", "2017-03-31": "0.77500", "2016-12-31": "0.77050", "2016-09-30": "0.72200", "2016-06-30": "0.67830", "2016-03-31": "0.51850", "2015-12-31": "0.51980", "2015-09-30": "0.36160", "2015-06-30": "0.30160", "2015-03-31": "0.57660", "2014-12-31": "0.57430", "2014-09-30": "0.33050", "2014-06-30": "0.30920", "2014-03-31": "0.36340", "2013-12-31": "0.35700", "2013-09-30": "0.35630", "2013-06-30": "0.33710", "2013-03-31": "0.33170", "2012-12-31": "0.36430", "2012-09-30": "0.36100", "2012-06-30": "0.37100", "2012-03-31": "0.33090", "2011-12-31": "0.36110", "2011-09-30": "0.33880", "2011-06-30": "0.32640", "2011-03-31": "0.38770", "2010-12-31": "0.39910", "2010-09-30": "0.38450", "2010-06-30": "0.39250", "2010-03-31": "0.38000", "2009-12-31": "0.38580", "2009-09-30": "0.39930", "2009-06-30": "0.41700", "2009-03-31": "0.42510", "2008-12-31": "0.37450", "2008-09-30": "0.36030", "2008-06-30": "0.36690", "2008-03-31": "0.38350", "2007-12-31": "0.39070", "2007-09-30": "0.37400", "2007-06-30": "0.34910", "2007-03-31": "0.32870", "2006-12-31": "0.35170", "2006-09-30": "0.35290", "2006-06-30": "0.34770", "2006-03-31": "0.38960", "2005-12-31": "0.40270", "2005-09-30": "0.34800", "2005-06-30": "0.25740", "2005-03-31": "0.26840"}, "Debt/Equity Ratio": {"2020-12-31": "9.69870", "2020-09-30": "10.57590", "2020-06-30": "12.46910", "2020-03-31": "5.35030", "2019-12-31": "3.51590", "2019-09-30": "3.54230", "2019-06-30": "3.26190", "2019-03-31": "3.67390", "2018-12-31": "4.06530", "2018-09-30": "3.29790", "2018-06-30": "3.32170", "2018-03-31": "3.88300", "2017-12-31": "3.90280", "2017-09-30": "4.01050", "2017-06-30": "3.44100", "2017-03-31": "3.68070", "2016-12-31": "3.37040", "2016-09-30": "2.60180", "2016-06-30": "2.13690", "2016-03-31": "1.09890", "2015-12-31": "1.10520", "2015-09-30": "0.58210", "2015-06-30": "1.39190", "2015-03-31": "1.43600", "2014-12-31": "1.42170", "2014-09-30": "0.56600", "2014-06-30": "0.51890", "2014-03-31": "0.58530", "2013-12-31": "0.56600", "2013-09-30": "0.60200", "2013-06-30": "0.55640", "2013-03-31": "0.54310", "2012-12-31": "0.63350", "2012-09-30": "0.61690", "2012-06-30": "0.64430", "2012-03-31": "0.58870", "2011-12-31": "0.60960", "2011-09-30": "0.55790", "2011-06-30": "0.56710", "2011-03-31": "0.63530", "2010-12-31": "0.66630", "2010-09-30": "0.62660", "2010-06-30": "0.64810", "2010-03-31": "0.61480", "2009-12-31": "0.63030", "2009-09-30": "0.66700", "2009-06-30": "0.71790", "2009-03-31": "0.74140", "2008-12-31": "0.60090", "2008-09-30": "0.56470", "2008-06-30": "0.58090", "2008-03-31": "0.62330", "2007-12-31": "0.64360", "2007-09-30": "0.59930", "2007-06-30": "0.54320", "2007-03-31": "0.52420", "2006-12-31": "0.57810", "2006-09-30": "0.58090", "2006-06-30": "0.57750", "2006-03-31": "0.71710", "2005-12-31": "0.76300", "2005-09-30": "0.62260", "2005-06-30": "0.51870", "2005-03-31": "0.52260"}, "Gross Margin": {"2020-12-31": "18.15440", "2020-09-30": "18.84840", "2020-06-30": "17.65800", "2020-03-31": "18.71890", "2019-12-31": "18.82460", "2019-09-30": "19.23390", "2019-06-30": "19.25180", "2019-03-31": "18.79030", "2018-12-31": "18.77130", "2018-09-30": "19.08470", "2018-06-30": "19.04370", "2018-03-31": "18.64610", "2017-12-31": "18.73080", "2017-09-30": "19.06890", "2017-06-30": "19.13590", "2017-03-31": "18.73780", "2016-12-31": "19.11130", "2016-09-30": "19.27110", "2016-06-30": "18.33860", "2016-03-31": "17.85270", "2015-12-31": "17.74630", "2015-09-30": "17.81470", "2015-06-30": "17.90180", "2015-03-31": "17.51560", "2014-12-31": "17.25100", "2014-09-30": "17.58700", "2014-06-30": "17.54580", "2014-03-31": "17.68780", "2013-12-31": "17.48490", "2013-09-30": "17.63220", "2013-06-30": "17.86230", "2013-03-31": "17.77790", "2012-12-31": "18.08030", "2012-09-30": "18.30800", "2012-06-30": "19.14290", "2012-03-31": "17.81690", "2011-12-31": "18.01620", "2011-09-30": "18.39720", "2011-06-30": "18.74590", "2011-03-31": "18.77290", "2010-12-31": "18.77140", "2010-09-30": "18.93190", "2010-06-30": "19.93230", "2010-03-31": "18.81890", "2009-12-31": "19.11130", "2009-09-30": "19.24100", "2009-06-30": "19.39730", "2009-03-31": "18.73220", "2008-12-31": "19.12730", "2008-09-30": "19.09970", "2008-06-30": "19.54140", "2008-03-31": "18.96370", "2007-12-31": "19.13280", "2007-09-30": "19.04290", "2007-06-30": "19.51250", "2007-03-31": "19.06100", "2006-12-31": "19.29670", "2006-09-30": "19.24820", "2006-06-30": "19.85670", "2006-03-31": "18.87130", "2005-12-31": "19.27360", "2005-09-30": "19.09610", "2005-06-30": "19.34140", "2005-03-31": "18.89480"}, "Operating Margin": {"2020-12-31": "1.83460", "2020-09-30": "3.56260", "2020-06-30": "-5.99540", "2020-03-31": "0.44000", "2019-12-31": "3.67710", "2019-09-30": "4.36720", "2019-06-30": "4.65610", "2019-03-31": "3.61290", "2018-12-31": "3.06040", "2018-09-30": "4.12840", "2018-06-30": "4.46550", "2018-03-31": "3.36040", "2017-12-31": "3.66760", "2017-09-30": "4.22760", "2017-06-30": "3.87910", "2017-03-31": "3.22360", "2016-12-31": "3.65910", "2016-09-30": "4.05790", "2016-06-30": "4.00660", "2016-03-31": "3.14610", "2015-12-31": "3.55930", "2015-09-30": "3.92810", "2015-06-30": "0.97570", "2015-03-31": "2.78640", "2014-12-31": "2.60980", "2014-09-30": "3.74130", "2014-06-30": "3.45500", "2014-03-31": "2.94950", "2013-12-31": "3.13030", "2013-09-30": "4.08220", "2013-06-30": "3.96380", "2013-03-31": "3.08610", "2012-12-31": "3.54410", "2012-09-30": "4.31840", "2012-06-30": "4.66680", "2012-03-31": "4.17740", "2011-12-31": "4.16810", "2011-09-30": "4.81130", "2011-06-30": "5.37850", "2011-03-31": "4.37920", "2010-12-31": "4.65670", "2010-09-30": "5.19150", "2010-06-30": "5.64420", "2010-03-31": "4.83060", "2009-12-31": "5.21340", "2009-09-30": "5.47630", "2009-06-30": "5.94570", "2009-03-31": "4.63790", "2008-12-31": "4.61060", "2008-09-30": "5.11020", "2008-06-30": "5.74150", "2008-03-31": "4.56610", "2007-12-31": "4.85970", "2007-09-30": "4.83350", "2007-06-30": "5.52080", "2007-03-31": "4.48090", "2006-12-31": "4.93100", "2006-09-30": "4.52410", "2006-06-30": "5.10880", "2006-03-31": "4.20810", "2005-12-31": "4.57700", "2005-09-30": "4.40720", "2005-06-30": "5.79250", "2005-03-31": "4.74370"}, "EBIT Margin": {"2020-12-31": "1.83460", "2020-09-30": "3.56260", "2020-06-30": "-5.99540", "2020-03-31": "0.44000", "2019-12-31": "3.67710", "2019-09-30": "4.36720", "2019-06-30": "4.65610", "2019-03-31": "3.61290", "2018-12-31": "3.06040", "2018-09-30": "4.12840", "2018-06-30": "4.46550", "2018-03-31": "3.36040", "2017-12-31": "3.66760", "2017-09-30": "4.22760", "2017-06-30": "3.87910", "2017-03-31": "3.22360", "2016-12-31": "3.65910", "2016-09-30": "4.05790", "2016-06-30": "4.00670", "2016-03-31": "3.14610", "2015-12-31": "3.55930", "2015-09-30": "3.92810", "2015-06-30": "0.97570", "2015-03-31": "2.78640", "2014-12-31": "2.60980", "2014-09-30": "3.74130", "2014-06-30": "3.45500", "2014-03-31": "2.94950", "2013-12-31": "3.13030", "2013-09-30": "4.08220", "2013-06-30": "3.96380", "2013-03-31": "3.08610", "2012-12-31": "3.54410", "2012-09-30": "4.31840", "2012-06-30": "4.66680", "2012-03-31": "4.17740", "2011-12-31": "4.16810", "2011-09-30": "4.81130", "2011-06-30": "5.37850", "2011-03-31": "4.37920", "2010-12-31": "4.65670", "2010-09-30": "5.19150", "2010-06-30": "5.64420", "2010-03-31": "4.83060", "2009-12-31": "5.21340", "2009-09-30": "5.47630", "2009-06-30": "5.94570", "2009-03-31": "4.63790", "2008-12-31": "4.61060", "2008-09-30": "5.11020", "2008-06-30": "5.74150", "2008-03-31": "4.56610", "2007-12-31": "4.85970", "2007-09-30": "4.83350", "2007-06-30": "5.52080", "2007-03-31": "4.48090", "2006-12-31": "4.93100", "2006-09-30": "4.52410", "2006-06-30": "5.10880", "2006-03-31": "4.20810", "2005-12-31": "4.57700", "2005-09-30": "4.40720", "2005-06-30": "5.79250", "2005-03-31": "4.74370"}, "EBITDA Margin": {"2020-12-31": "", "2020-09-30": "", "2020-06-30": "", "2020-03-31": "", "2019-12-31": "", "2019-09-30": "", "2019-06-30": "", "2019-03-31": "", "2018-12-31": "", "2018-09-30": "", "2018-06-30": "", "2018-03-31": "", "2017-12-31": "", "2017-09-30": "", "2017-06-30": "", "2017-03-31": "", "2016-12-31": "", "2016-09-30": "", "2016-06-30": "", "2016-03-31": "", "2015-12-31": "", "2015-09-30": "", "2015-06-30": "", "2015-03-31": "", "2014-12-31": "", "2014-09-30": "", "2014-06-30": "", "2014-03-31": "", "2013-12-31": "", "2013-09-30": "", "2013-06-30": "", "2013-03-31": "", "2012-12-31": "", "2012-09-30": "", "2012-06-30": "", "2012-03-31": "", "2011-12-31": "", "2011-09-30": "", "2011-06-30": "", "2011-03-31": "", "2010-12-31": "", "2010-09-30": "", "2010-06-30": "", "2010-03-31": "", "2009-12-31": "", "2009-09-30": "", "2009-06-30": "", "2009-03-31": "", "2008-12-31": "", "2008-09-30": "", "2008-06-30": "", "2008-03-31": "", "2007-12-31": "", "2007-09-30": "", "2007-06-30": "", "2007-03-31": "", "2006-12-31": "", "2006-09-30": "", "2006-06-30": "", "2006-03-31": "", "2005-12-31": "", "2005-09-30": "", "2005-06-30": "", "2005-03-31": ""}, "Pre-Tax Profit Margin": {"2020-12-31": "0.70180", "2020-09-30": "2.19690", "2020-06-30": "-8.30360", "2020-03-31": "-0.21010", "2019-12-31": "3.17160", "2019-09-30": "3.80230", "2019-06-30": "4.40910", "2019-03-31": "2.94000", "2018-12-31": "2.40140", "2018-09-30": "3.53590", "2018-06-30": "3.87280", "2018-03-31": "2.54280", "2017-12-31": "3.13450", "2017-09-30": "3.73000", "2017-06-30": "3.35290", "2017-03-31": "2.66020", "2016-12-31": "3.13960", "2016-09-30": "3.58250", "2016-06-30": "2.42690", "2016-03-31": "2.72330", "2015-12-31": "3.23450", "2015-09-30": "3.03920", "2015-06-30": "0.55430", "2015-03-31": "2.26730", "2014-12-31": "1.95410", "2014-09-30": "3.51040", "2014-06-30": "3.25980", "2014-03-31": "2.63080", "2013-12-31": "2.90270", "2013-09-30": "3.86030", "2013-06-30": "3.77990", "2013-03-31": "2.80420", "2012-12-31": "3.26170", "2012-09-30": "4.06240", "2012-06-30": "4.43130", "2012-03-31": "3.92950", "2011-12-31": "3.92550", "2011-09-30": "4.53050", "2011-06-30": "5.13050", "2011-03-31": "4.15370", "2010-12-31": "4.37160", "2010-09-30": "4.88990", "2010-06-30": "5.30190", "2010-03-31": "4.51000", "2009-12-31": "4.87080", "2009-09-30": "5.12630", "2009-06-30": "5.61680", "2009-03-31": "4.35510", "2008-12-31": "4.35730", "2008-09-30": "4.87130", "2008-06-30": "5.50270", "2008-03-31": "4.33150", "2007-12-31": "4.63700", "2007-09-30": "4.58540", "2007-06-30": "5.27440", "2007-03-31": "4.21070", "2006-12-31": "4.64350", "2006-09-30": "4.33120", "2006-06-30": "4.81120", "2006-03-31": "3.85630", "2005-12-31": "4.23820", "2005-09-30": "4.16830", "2005-06-30": "5.60380", "2005-03-31": "4.51200"}, "Net Profit Margin": {"2020-12-31": "0.58210", "2020-09-30": "1.84170", "2020-06-30": "-6.97470", "2020-03-31": "-0.02410", "2019-12-31": "2.55180", "2019-09-30": "2.96530", "2019-06-30": "3.46220", "2019-03-31": "3.00230", "2018-12-31": "1.81080", "2018-09-30": "2.83300", "2018-06-30": "2.93110", "2018-03-31": "2.30030", "2017-12-31": "1.97140", "2017-09-30": "2.50940", "2017-06-30": "2.11620", "2017-03-31": "1.76190", "2016-12-31": "2.04470", "2016-09-30": "2.31870", "2016-06-30": "1.58020", "2016-03-31": "1.80900", "2015-12-31": "2.24130", "2015-09-30": "1.94560", "2015-06-30": "0.58880", "2015-03-31": "1.50640", "2014-12-31": "1.30700", "2014-09-30": "2.24030", "2014-06-30": "2.06860", "2014-03-31": "1.60440", "2013-12-31": "1.87610", "2013-09-30": "2.43800", "2013-06-30": "2.43980", "2013-03-31": "1.84340", "2012-12-31": "2.05030", "2012-09-30": "2.58500", "2012-06-30": "2.80000", "2012-03-31": "2.47080", "2011-12-31": "2.44150", "2011-09-30": "2.85890", "2011-06-30": "3.22580", "2011-03-31": "2.64790", "2010-12-31": "2.75100", "2010-09-30": "3.06700", "2010-06-30": "3.26410", "2010-03-31": "2.76850", "2009-12-31": "3.02590", "2009-09-30": "3.59200", "2009-06-30": "3.47000", "2009-03-31": "2.58790", "2008-12-31": "2.59740", "2008-09-30": "2.80250", "2008-06-30": "3.43380", "2008-03-31": "2.63380", "2007-12-31": "2.85890", "2007-09-30": "2.83850", "2007-06-30": "3.28760", "2007-03-31": "2.57790", "2006-12-31": "2.87720", "2006-09-30": "2.65390", "2006-06-30": "2.98630", "2006-03-31": "2.31680", "2005-12-31": "2.56150", "2005-09-30": "2.60280", "2005-06-30": "3.56680", "2005-03-31": "2.93410"}, "Asset Turnover": {"2020-12-31": "0.51400", "2020-09-30": "0.51790", "2020-06-30": "0.39180", "2020-03-31": "0.67040", "2019-12-31": "0.77560", "2019-09-30": "0.80730", "2019-06-30": "0.86130", "2019-03-31": "0.80540", "2018-12-31": "0.81160", "2018-09-30": "0.82060", "2018-06-30": "0.84760", "2018-03-31": "0.77030", "2017-12-31": "0.79100", "2017-09-30": "0.79540", "2017-06-30": "0.81210", "2017-03-31": "0.75470", "2016-12-31": "0.76330", "2016-09-30": "0.77500", "2016-06-30": "0.81620", "2016-03-31": "0.89900", "2015-12-31": "0.92850", "2015-09-30": "0.93950", "2015-06-30": "0.68940", "2015-03-31": "0.65460", "2014-12-31": "0.67410", "2014-09-30": "0.91550", "2014-06-30": "0.93500", "2014-03-31": "0.85720", "2013-12-31": "0.86240", "2013-09-30": "0.89840", "2013-06-30": "0.91500", "2013-03-31": "0.86330", "2012-12-31": "0.86570", "2012-09-30": "0.88480", "2012-06-30": "0.91000", "2012-03-31": "0.88030", "2011-12-31": "0.89440", "2011-09-30": "0.92480", "2011-06-30": "0.91570", "2011-03-31": "0.89150", "2010-12-31": "0.90870", "2010-09-30": "0.91510", "2010-06-30": "1.00340", "2010-03-31": "0.85990", "2009-12-31": "0.86910", "2009-09-30": "0.87720", "2009-06-30": "0.89540", "2009-03-31": "0.86210", "2008-12-31": "0.93260", "2008-09-30": "0.96040", "2008-06-30": "0.96510", "2008-03-31": "0.91820", "2007-12-31": "0.92830", "2007-09-30": "0.93890", "2007-06-30": "0.96950", "2007-03-31": "0.90940", "2006-12-31": "0.91970", "2006-09-30": "0.92630", "2006-06-30": "0.94630", "2006-03-31": "0.91600", "2005-12-31": "0.90480", "2005-09-30": "0.93080", "2005-06-30": "0.96530", "2005-03-31": "0.91060"}, "Inventory Turnover Ratio": {"2020-12-31": "3.05130", "2020-09-30": "3.04890", "2020-06-30": "2.35890", "2020-03-31": "3.01130", "2019-12-31": "3.47660", "2019-09-30": "3.64930", "2019-06-30": "3.88540", "2019-03-31": "3.55900", "2018-12-31": "3.62320", "2018-09-30": "3.67020", "2018-06-30": "3.96720", "2018-03-31": "3.58120", "2017-12-31": "3.69000", "2017-09-30": "3.72780", "2017-06-30": "3.89290", "2017-03-31": "3.73260", "2016-12-31": "3.59070", "2016-09-30": "3.72680", "2016-06-30": "4.22290", "2016-03-31": "3.64690", "2015-12-31": "3.65330", "2015-09-30": "3.63370", "2015-06-30": "3.78250", "2015-03-31": "3.65660", "2014-12-31": "3.58260", "2014-09-30": "3.60420", "2014-06-30": "3.89360", "2014-03-31": "3.67210", "2013-12-31": "3.69950", "2013-09-30": "3.79780", "2013-06-30": "3.97670", "2013-03-31": "3.72280", "2012-12-31": "3.63070", "2012-09-30": "3.82020", "2012-06-30": "4.09900", "2012-03-31": "3.83620", "2011-12-31": "3.79490", "2011-09-30": "4.04160", "2011-06-30": "4.08500", "2011-03-31": "3.87280", "2010-12-31": "3.88270", "2010-09-30": "4.21550", "2010-06-30": "4.67720", "2010-03-31": "4.14660", "2009-12-31": "4.00690", "2009-09-30": "4.19620", "2009-06-30": "4.43710", "2009-03-31": "4.15280", "2008-12-31": "3.97370", "2008-09-30": "4.13240", "2008-06-30": "4.26290", "2008-03-31": "4.03560", "2007-12-31": "3.93960", "2007-09-30": "4.08220", "2007-06-30": "4.33300", "2007-03-31": "4.09840", "2006-12-31": "4.02520", "2006-09-30": "4.08190", "2006-06-30": "4.24030", "2006-03-31": "4.12310", "2005-12-31": "3.84640", "2005-09-30": "4.13170", "2005-06-30": "4.39080", "2005-03-31": "4.04760"}, "Receiveable Turnover": {"2020-12-31": "3.98580", "2020-09-30": "3.77990", "2020-06-30": "2.95400", "2020-03-31": "3.71780", "2019-12-31": "3.42780", "2019-09-30": "3.47250", "2019-06-30": "3.68320", "2019-03-31": "3.34810", "2018-12-31": "3.54060", "2018-09-30": "3.55350", "2018-06-30": "3.70140", "2018-03-31": "3.31900", "2017-12-31": "3.64510", "2017-09-30": "3.38060", "2017-06-30": "3.57920", "2017-03-31": "3.08290", "2016-12-31": "3.37270", "2016-09-30": "3.33260", "2016-06-30": "4.03670", "2016-03-31": "3.42010", "2015-12-31": "3.62420", "2015-09-30": "3.55770", "2015-06-30": "3.69830", "2015-03-31": "3.35980", "2014-12-31": "3.42410", "2014-09-30": "3.41260", "2014-06-30": "3.61520", "2014-03-31": "3.21250", "2013-12-31": "3.41590", "2013-09-30": "3.42210", "2013-06-30": "3.64460", "2013-03-31": "3.21660", "2012-12-31": "3.40800", "2012-09-30": "3.47180", "2012-06-30": "3.72320", "2012-03-31": "3.39500", "2011-12-31": "3.55370", "2011-09-30": "3.45830", "2011-06-30": "3.59720", "2011-03-31": "3.33610", "2010-12-31": "3.57750", "2010-09-30": "3.46410", "2010-06-30": "3.95380", "2010-03-31": "3.39600", "2009-12-31": "3.51080", "2009-09-30": "3.52640", "2009-06-30": "3.68110", "2009-03-31": "3.42750", "2008-12-31": "3.48760", "2008-09-30": "3.43740", "2008-06-30": "3.57310", "2008-03-31": "3.34130", "2007-12-31": "3.35450", "2007-09-30": "3.40150", "2007-06-30": "3.53450", "2007-03-31": "3.25440", "2006-12-31": "3.35880", "2006-09-30": "3.28880", "2006-06-30": "3.42590", "2006-03-31": "3.29830", "2005-12-31": "3.37740", "2005-09-30": "3.32820", "2005-06-30": "3.49440", "2005-03-31": "3.31610"}, "Days Sales In Receivables": {"2020-12-31": "22.58020", "2020-09-30": "23.80990", "2020-06-30": "30.46730", "2020-03-31": "24.20770", "2019-12-31": "26.25590", "2019-09-30": "25.91760", "2019-06-30": "24.43500", "2019-03-31": "26.88130", "2018-12-31": "25.41930", "2018-09-30": "25.32720", "2018-06-30": "24.31490", "2018-03-31": "27.11690", "2017-12-31": "24.69060", "2017-09-30": "26.62270", "2017-06-30": "25.14550", "2017-03-31": "29.19310", "2016-12-31": "26.68480", "2016-09-30": "27.00560", "2016-06-30": "22.29560", "2016-03-31": "26.31470", "2015-12-31": "24.83300", "2015-09-30": "25.29730", "2015-06-30": "24.33530", "2015-03-31": "26.78740", "2014-12-31": "26.28430", "2014-09-30": "26.37300", "2014-06-30": "24.89500", "2014-03-31": "28.01570", "2013-12-31": "26.34760", "2013-09-30": "26.29990", "2013-06-30": "24.69430", "2013-03-31": "27.97970", "2012-12-31": "26.40860", "2012-09-30": "25.92290", "2012-06-30": "24.17270", "2012-03-31": "26.50950", "2011-12-31": "25.32560", "2011-09-30": "26.02430", "2011-06-30": "25.01950", "2011-03-31": "26.97730", "2010-12-31": "25.15720", "2010-09-30": "25.98080", "2010-06-30": "22.76290", "2010-03-31": "26.50160", "2009-12-31": "25.63500", "2009-09-30": "25.52200", "2009-06-30": "24.44950", "2009-03-31": "26.25820", "2008-12-31": "25.80560", "2008-09-30": "26.18240", "2008-06-30": "25.18830", "2008-03-31": "26.93600", "2007-12-31": "26.82940", "2007-09-30": "26.45900", "2007-06-30": "25.46300", "2007-03-31": "27.65490", "2006-12-31": "26.79510", "2006-09-30": "27.36540", "2006-06-30": "26.27020", "2006-03-31": "27.28710", "2005-12-31": "26.64790", "2005-09-30": "27.04170", "2005-06-30": "25.75570", "2005-03-31": "27.14040"}, "ROE - Return On Equity": {"2020-12-31": "4.71610", "2020-09-30": "16.68450", "2020-06-30": "-53.37580", "2020-03-31": "-0.16250", "2019-12-31": "15.16940", "2019-09-30": "18.48590", "2019-06-30": "21.40840", "2019-03-31": "18.63260", "2018-12-31": "12.33510", "2018-09-30": "16.33620", "2018-06-30": "17.90730", "2018-03-31": "14.03890", "2017-12-31": "12.52370", "2017-09-30": "16.44740", "2017-06-30": "12.81420", "2017-03-31": "10.22420", "2016-12-31": "11.11320", "2016-09-30": "10.72190", "2016-06-30": "6.19800", "2016-03-31": "5.47020", "2015-12-31": "6.91120", "2015-09-30": "4.60680", "2015-06-30": "1.38830", "2015-03-31": "3.33070", "2014-12-31": "2.95680", "2014-09-30": "5.23950", "2014-06-30": "4.82600", "2014-03-31": "3.45870", "2013-12-31": "3.97520", "2013-09-30": "5.49300", "2013-06-30": "5.45170", "2013-03-31": "3.90920", "2012-12-31": "4.51630", "2012-09-30": "5.85590", "2012-06-30": "6.60120", "2012-03-31": "5.32080", "2011-12-31": "5.33560", "2011-09-30": "6.50270", "2011-06-30": "7.14760", "2011-03-31": "6.14370", "2010-12-31": "6.46320", "2010-09-30": "7.51240", "2010-06-30": "8.82500", "2010-03-31": "6.14810", "2009-12-31": "6.82770", "2009-09-30": "8.78230", "2009-06-30": "9.14030", "2009-03-31": "6.78940", "2008-12-31": "7.21470", "2008-09-30": "7.89720", "2008-06-30": "9.80090", "2008-03-31": "7.34240", "2007-12-31": "7.93220", "2007-09-30": "8.09680", "2007-06-30": "9.25420", "2007-03-31": "6.62560", "2006-12-31": "7.61710", "2006-09-30": "7.21960", "2006-06-30": "8.32520", "2006-03-31": "6.73390", "2005-12-31": "7.53090", "2005-09-30": "7.32280", "2005-06-30": "10.31880", "2005-03-31": "7.74990"}, "Return On Tangible Equity": {"2020-12-31": "-2.03810", "2020-09-30": "-6.63150", "2020-06-30": "18.43810", "2020-03-31": "0.12510", "2019-12-31": "-16.30420", "2019-09-30": "-20.23770", "2019-06-30": "-23.80210", "2019-03-31": "-17.95820", "2018-12-31": "-10.25120", "2018-09-30": "-19.21800", "2018-06-30": "-18.48700", "2018-03-31": "-11.91200", "2017-12-31": "-10.18780", "2017-09-30": "-13.18620", "2017-06-30": "-11.86460", "2017-03-31": "-9.44300", "2016-12-31": "-11.79330", "2016-09-30": "-16.20430", "2016-06-30": "18.74570", "2016-03-31": "12.80110", "2015-12-31": "15.12980", "2015-09-30": "7.74520", "2015-06-30": "2.32150", "2015-03-31": "5.48660", "2014-12-31": "4.92460", "2014-09-30": "8.82160", "2014-06-30": "8.09770", "2014-03-31": "5.81180", "2013-12-31": "6.59620", "2013-09-30": "9.24080", "2013-06-30": "9.12500", "2013-03-31": "6.29600", "2012-12-31": "7.51530", "2012-09-30": "9.42040", "2012-06-30": "10.64300", "2012-03-31": "8.36670", "2011-12-31": "8.46650", "2011-09-30": "10.34930", "2011-06-30": "11.35410", "2011-03-31": "10.30220", "2010-12-31": "11.16240", "2010-09-30": "13.04650", "2010-06-30": "15.55650", "2010-03-31": "10.51810", "2009-12-31": "11.87020", "2009-09-30": "15.76970", "2009-06-30": "17.34580", "2009-03-31": "12.29720", "2008-12-31": "12.98480", "2008-09-30": "13.84030", "2008-06-30": "17.50900", "2008-03-31": "13.50340", "2007-12-31": "14.42900", "2007-09-30": "14.73250", "2007-06-30": "16.56320", "2007-03-31": "11.53560", "2006-12-31": "13.54700", "2006-09-30": "13.06230", "2006-06-30": "15.36290", "2006-03-31": "13.37560", "2005-12-31": "14.96640", "2005-09-30": "14.27730", "2005-06-30": "19.31800", "2005-03-31": "14.10460"}, "ROA - Return On Assets": {"2020-12-31": "0.29920", "2020-09-30": "0.95380", "2020-06-30": "-2.73290", "2020-03-31": "-0.01610", "2019-12-31": "1.97920", "2019-09-30": "2.39380", "2019-06-30": "2.98200", "2019-03-31": "2.41790", "2018-12-31": "1.46960", "2018-09-30": "2.32470", "2018-06-30": "2.48430", "2018-03-31": "1.77190", "2017-12-31": "1.55940", "2017-09-30": "1.99600", "2017-06-30": "1.71860", "2017-03-31": "1.32960", "2016-12-31": "1.56080", "2016-09-30": "1.79690", "2016-06-30": "1.28970", "2016-03-31": "1.62640", "2015-12-31": "2.08110", "2015-09-30": "1.82790", "2015-06-30": "0.40590", "2015-03-31": "0.98610", "2014-12-31": "0.88110", "2014-09-30": "2.05100", "2014-06-30": "1.93420", "2014-03-31": "1.37530", "2013-12-31": "1.61790", "2013-09-30": "2.19020", "2013-06-30": "2.23250", "2013-03-31": "1.59130", "2012-12-31": "1.77500", "2012-09-30": "2.28730", "2012-06-30": "2.54810", "2012-03-31": "2.17500", "2011-12-31": "2.18360", "2011-09-30": "2.64400", "2011-06-30": "2.95380", "2011-03-31": "2.36050", "2010-12-31": "2.49970", "2010-09-30": "2.80670", "2010-06-30": "3.27510", "2010-03-31": "2.38070", "2009-12-31": "2.62980", "2009-09-30": "3.15100", "2009-06-30": "3.10710", "2009-03-31": "2.23110", "2008-12-31": "2.42220", "2008-09-30": "2.69140", "2008-06-30": "3.31390", "2008-03-31": "2.41840", "2007-12-31": "2.65400", "2007-09-30": "2.66510", "2007-06-30": "3.18720", "2007-03-31": "2.34420", "2006-12-31": "2.64600", "2006-09-30": "2.45830", "2006-06-30": "2.82590", "2006-03-31": "2.12220", "2005-12-31": "2.31760", "2005-09-30": "2.31480", "2005-06-30": "3.44320", "2005-03-31": "2.67190"}, "ROI - Return On Investment": {"2020-12-31": "0.48440", "2020-09-30": "1.58060", "2020-06-30": "-4.39810", "2020-03-31": "-0.02740", "2019-12-31": "3.61010", "2019-09-30": "4.09090", "2019-06-30": "5.04270", "2019-03-31": "4.19270", "2018-12-31": "2.62460", "2018-09-30": "4.08460", "2018-06-30": "4.46800", "2018-03-31": "2.95080", "2017-12-31": "2.68510", "2017-09-30": "3.44830", "2017-06-30": "3.03880", "2017-03-31": "2.30060", "2016-12-31": "2.55030", "2016-09-30": "2.98120", "2016-06-30": "1.99390", "2016-03-31": "2.63380", "2015-12-31": "3.31900", "2015-09-30": "2.94120", "2015-06-30": "0.96950", "2015-03-31": "1.41010", "2014-12-31": "1.25870", "2014-09-30": "3.50800", "2014-06-30": "3.33380", "2014-03-31": "2.20180", "2013-12-31": "2.55620", "2013-09-30": "3.53560", "2013-06-30": "3.61400", "2013-03-31": "2.61250", "2012-12-31": "2.87090", "2012-09-30": "3.74200", "2012-06-30": "4.15200", "2012-03-31": "3.56010", "2011-12-31": "3.40890", "2011-09-30": "4.29950", "2011-06-30": "4.81490", "2011-03-31": "3.76200", "2010-12-31": "3.88350", "2010-09-30": "4.62410", "2010-06-30": "5.36140", "2010-03-31": "3.81200", "2009-12-31": "4.19360", "2009-09-30": "5.27570", "2009-06-30": "5.32880", "2009-03-31": "3.90320", "2008-12-31": "4.51250", "2008-09-30": "5.05200", "2008-06-30": "6.20520", "2008-03-31": "4.52690", "2007-12-31": "4.83290", "2007-09-30": "5.06880", "2007-06-30": "6.02370", "2007-03-31": "4.44790", "2006-12-31": "4.93800", "2006-09-30": "4.67140", "2006-06-30": "5.43040", "2006-03-31": "4.11030", "2005-12-31": "4.49850", "2005-09-30": "4.77480", "2005-06-30": "7.66300", "2005-03-31": "5.67010"}, "Book Value Per Share": {"2020-12-31": "2.79770", "2020-09-30": "2.55360", "2020-06-30": "2.27960", "2020-03-31": "4.00020", "2019-12-31": "4.96720", "2019-09-30": "4.80510", "2019-06-30": "4.87950", "2019-03-31": "4.59650", "2018-12-31": "4.22120", "2018-09-30": "5.07270", "2018-06-30": "4.81510", "2018-03-31": "4.51500", "2017-12-31": "4.35090", "2017-09-30": "4.28490", "2017-06-30": "4.49310", "2017-03-31": "4.34720", "2016-12-31": "4.58200", "2016-09-30": "5.50240", "2016-06-30": "6.21810", "2016-03-31": "7.02610", "2015-12-31": "6.95600", "2015-09-30": "8.90030", "2015-06-30": "8.85090", "2015-03-31": "8.95460", "2014-12-31": "9.03950", "2014-09-30": "9.06120", "2014-06-30": "8.98560", "2014-03-31": "8.95870", "2013-12-31": "9.07740", "2013-09-30": "8.94530", "2013-06-30": "8.85810", "2013-03-31": "8.68500", "2012-12-31": "8.37370", "2012-09-30": "8.33420", "2012-06-30": "7.99570", "2012-03-31": "8.33430", "2011-12-31": "8.02920", "2011-09-30": "7.92210", "2011-06-30": "7.95370", "2011-03-31": "7.21860", "2010-12-31": "6.87030", "2010-09-30": "6.79140", "2010-06-30": "6.50490", "2010-03-31": "6.81220", "2009-12-31": "6.63820", "2009-09-30": "6.28150", "2009-06-30": "5.84670", "2009-03-31": "5.65260", "2008-12-31": "5.56960", "2008-09-30": "5.83140", "2008-06-30": "5.67000", "2008-03-31": "5.46750", "2007-12-31": "5.50380", "2007-09-30": "5.41530", "2007-06-30": "5.35830", "2007-03-31": "5.40460", "2006-12-31": "5.24170", "2006-09-30": "5.14970", "2006-06-30": "4.93180", "2006-03-31": "4.52900", "2005-12-31": "4.38350", "2005-09-30": "4.36960", "2005-06-30": "4.38910", "2005-03-31": "4.44810"}, "Operating Cash Flow Per Share": {"2020-12-31": 0.0041, "2020-09-30": "1.82270", "2020-06-30": 1.0453, "2020-03-31": 0.6402, "2019-12-31": 1.1328, "2019-09-30": "0.33070", "2019-06-30": 1.9807, "2019-03-31": 0.8768, "2018-12-31": 1.237, "2018-09-30": "0.51250", "2018-06-30": 1.9507, "2018-03-31": 0.3531, "2017-12-31": 1.6146, "2017-09-30": "0.15530", "2017-06-30": 2.0805, "2017-03-31": 0.8277, "2016-12-31": 0.7091, "2016-09-30": "0.45270", "2016-06-30": 1.7111, "2016-03-31": 0.9121, "2015-12-31": 1.2557, "2015-09-30": "-0.43520", "2015-06-30": 1.1695, "2015-03-31": 0.6775, "2014-12-31": 0.6537, "2014-09-30": "0.10550", "2014-06-30": 1.093, "2014-03-31": 0.657, "2013-12-31": 0.4932, "2013-09-30": "0.28610", "2013-06-30": 1.2697, "2013-03-31": 0.625, "2012-12-31": 0.2943, "2012-09-30": "0.36150", "2012-06-30": 0.8372, "2012-03-31": 0.6295, "2011-12-31": 0.487, "2011-09-30": "0.43030", "2011-06-30": 0.7169, "2011-03-31": 0.6558, "2010-12-31": 0.0977, "2010-09-30": "0.38370", "2010-06-30": 0.6905, "2010-03-31": 0.5543, "2009-12-31": 0.1765, "2009-09-30": "0.07030", "2009-06-30": 0.9781, "2009-03-31": 0.7281, "2008-12-31": 0.8344, "2008-09-30": "0.10460", "2008-06-30": 0.9317, "2008-03-31": 0.9863, "2007-12-31": 0.3416, "2007-09-30": "0.31070", "2007-06-30": 0.7182, "2007-03-31": 0.662, "2006-12-31": 0.5827, "2006-09-30": "0.27690", "2006-06-30": 0.766, "2006-03-31": 0.5258, "2005-12-31": 0.1813, "2005-09-30": "0.31550", "2005-06-30": 0.5618, "2005-03-31": 1.262}, "Free Cash Flow Per Share": {"2020-12-31": -0.1513, "2020-09-30": "1.68860", "2020-06-30": 0.8518, "2020-03-31": 0.2312, "2019-12-31": 0.7189, "2019-09-30": "0.00150", "2019-06-30": 1.4029, "2019-03-31": 0.5852, "2018-12-31": 1.0134, "2018-09-30": "0.32260", "2018-06-30": 1.3665, "2018-03-31": 0.1624, "2017-12-31": 1.384, "2017-09-30": "-0.09710", "2017-06-30": 1.5978, "2017-03-31": 0.6003, "2016-12-31": 0.4571, "2016-09-30": "0.20670", "2016-06-30": 1.4486, "2016-03-31": 0.7174, "2015-12-31": 1.0396, "2015-09-30": "-0.63450", "2015-06-30": 1.0054, "2015-03-31": 0.4697, "2014-12-31": 0.3554, "2014-09-30": "-0.09280", "2014-06-30": 0.8663, "2014-03-31": 0.461, "2013-12-31": 0.2847, "2013-09-30": "0.07450", "2013-06-30": 1.0409, "2013-03-31": 0.4543, "2012-12-31": 0.1179, "2012-09-30": "0.09990", "2012-06-30": 0.5876, "2012-03-31": 0.2928, "2011-12-31": 0.1336, "2011-09-30": "0.05200", "2011-06-30": 0.4177, "2011-03-31": 0.442, "2010-12-31": -0.1968, "2010-09-30": "0.14250", "2010-06-30": 0.4549, "2010-03-31": 0.238, "2009-12-31": -0.0541, "2009-09-30": "-0.11230", "2009-06-30": 0.7687, "2009-03-31": 0.4956, "2008-12-31": 0.6697, "2008-09-30": "-0.02580", "2008-06-30": 0.7384, "2008-03-31": 0.8008, "2007-12-31": 0.1091, "2007-09-30": "0.09930", "2007-06-30": 0.4887, "2007-03-31": 0.4361, "2006-12-31": 0.2695, "2006-09-30": "0.10800", "2006-06-30": 0.5427, "2006-03-31": 0.3166, "2005-12-31": -0.0372, "2005-09-30": "0.18260", "2005-06-30": 0.4463, "2005-03-31": 0.8205}}, "revenue": {"Sysco Annual Revenue (Millions of US $)": {"2020": "$52,893", "2019": "$60,114", "2018": "$58,727", "2017": "$55,371", "2016": "$50,367", "2015": "$48,681", "2014": "$46,517", "2013": "$44,411", "2012": "$42,381", "2011": "$39,323", "2010": "$37,244", "2009": "$36,853", "2008": "$37,522", "2007": "$35,042", "2006": "$32,628", "2005": "$30,282"}, "Sysco Quarterly Revenue (Millions of US $)": {"2020-12-31": "$11,559", "2020-09-30": "$11,777", "2020-06-30": "$8,867", "2020-03-31": "$13,699", "2019-12-31": "$15,025", "2019-09-30": "$15,303", "2019-06-30": "$15,475", "2019-03-31": "$14,658", "2018-12-31": "$14,766", "2018-09-30": "$15,215", "2018-06-30": "$15,316", "2018-03-31": "$14,350", "2017-12-31": "$14,411", "2017-09-30": "$14,650", "2017-06-30": "$14,421", "2017-03-31": "$13,524", "2016-12-31": "$13,457", "2016-09-30": "$13,969", "2016-06-30": "$13,648", "2016-03-31": "$12,003", "2015-12-31": "$12,154", "2015-09-30": "$12,563", "2015-06-30": "$12,402", "2015-03-31": "$11,747", "2014-12-31": "$12,087", "2014-09-30": "$12,445", "2014-06-30": "$12,287", "2014-03-31": "$11,277", "2013-12-31": "$11,238", "2013-09-30": "$11,714", "2013-06-30": "$11,601", "2013-03-31": "$10,926", "2012-12-31": "$10,797", "2012-09-30": "$11,087", "2012-06-30": "$11,045", "2012-03-31": "$10,505", "2011-12-31": "$10,244", "2011-09-30": "$10,586", "2011-06-30": "$10,426", "2011-03-31": "$9,762", "2010-12-31": "$9,385", "2010-09-30": "$9,751", "2010-06-30": "$10,348", "2010-03-31": "$8,945", "2009-12-31": "$8,868", "2009-09-30": "$9,081", "2009-06-30": "$9,087", "2009-03-31": "$8,739", "2008-12-31": "$9,150", "2008-09-30": "$9,877", "2008-06-30": "$9,730", "2008-03-31": "$9,147", "2007-12-31": "$9,240", "2007-09-30": "$9,406", "2007-06-30": "$9,228", "2007-03-31": "$8,573", "2006-12-31": "$8,569", "2006-09-30": "$8,672", "2006-06-30": "$8,509", "2006-03-31": "$8,138", "2005-12-31": "$7,971", "2005-09-30": "$8,010", "2005-06-30": "$7,981", "2005-03-31": "$7,437"}}, "gross-profit": {"Sysco Annual Gross Profit (Millions of US $)": {"2020": "$9,902", "2019": "$11,409", "2018": "$11,085", "2017": "$10,558", "2016": "$9,040", "2015": "$8,552", "2014": "$8,181", "2013": "$7,997", "2012": "$7,779", "2011": "$7,395", "2010": "$7,188", "2009": "$7,036", "2008": "$7,195", "2007": "$6,757", "2006": "$6,291", "2005": "$5,784"}, "Sysco Quarterly Gross Profit (Millions of US $)": {"2020-12-31": "$2,098", "2020-09-30": "$2,220", "2020-06-30": "$1,566", "2020-03-31": "$2,564", "2019-12-31": "$2,828", "2019-09-30": "$2,943", "2019-06-30": "$2,979", "2019-03-31": "$2,754", "2018-12-31": "$2,772", "2018-09-30": "$2,904", "2018-06-30": "$2,917", "2018-03-31": "$2,676", "2017-12-31": "$2,699", "2017-09-30": "$2,794", "2017-06-30": "$2,760", "2017-03-31": "$2,534", "2016-12-31": "$2,572", "2016-09-30": "$2,692", "2016-06-30": "$2,503", "2016-03-31": "$2,143", "2015-12-31": "$2,157", "2015-09-30": "$2,238", "2015-06-30": "$2,220", "2015-03-31": "$2,057", "2014-12-31": "$2,085", "2014-09-30": "$2,189", "2014-06-30": "$2,156", "2014-03-31": "$1,995", "2013-12-31": "$1,965", "2013-09-30": "$2,065", "2013-06-30": "$2,072", "2013-03-31": "$1,942", "2012-12-31": "$1,952", "2012-09-30": "$2,030", "2012-06-30": "$2,114", "2012-03-31": "$1,872", "2011-12-31": "$1,846", "2011-09-30": "$1,948", "2011-06-30": "$1,954", "2011-03-31": "$1,833", "2010-12-31": "$1,762", "2010-09-30": "$1,846", "2010-06-30": "$2,063", "2010-03-31": "$1,683", "2009-12-31": "$1,695", "2009-09-30": "$1,747", "2009-06-30": "$1,763", "2009-03-31": "$1,637", "2008-12-31": "$1,750", "2008-09-30": "$1,887", "2008-06-30": "$1,901", "2008-03-31": "$1,735", "2007-12-31": "$1,768", "2007-09-30": "$1,791", "2007-06-30": "$1,801", "2007-03-31": "$1,634", "2006-12-31": "$1,653", "2006-09-30": "$1,669", "2006-06-30": "$1,690", "2006-03-31": "$1,536", "2005-12-31": "$1,536", "2005-09-30": "$1,530", "2005-06-30": "$1,544", "2005-03-31": "$1,405"}}, "operating-income": {"Sysco Annual Operating Income (Millions of US $)": {"2020": "$750", "2019": "$2,330", "2018": "$2,314", "2017": "$2,055", "2016": "$1,851", "2015": "$1,229", "2014": "$1,587", "2013": "$1,658", "2012": "$1,891", "2011": "$1,932", "2010": "$1,976", "2009": "$1,872", "2008": "$1,880", "2007": "$1,708", "2006": "$1,495", "2005": "$1,590"}, "Sysco Quarterly Operating Income (Millions of US $)": {"2020-12-31": "$212", "2020-09-30": "$420", "2020-06-30": "$-532", "2020-03-31": "$60", "2019-12-31": "$552", "2019-09-30": "$668", "2019-06-30": "$721", "2019-03-31": "$530", "2018-12-31": "$452", "2018-09-30": "$628", "2018-06-30": "$684", "2018-03-31": "$482", "2017-12-31": "$529", "2017-09-30": "$619", "2017-06-30": "$559", "2017-03-31": "$436", "2016-12-31": "$492", "2016-09-30": "$567", "2016-06-30": "$547", "2016-03-31": "$378", "2015-12-31": "$433", "2015-09-30": "$493", "2015-06-30": "$121", "2015-03-31": "$327", "2014-12-31": "$315", "2014-09-30": "$466", "2014-06-30": "$425", "2014-03-31": "$333", "2013-12-31": "$352", "2013-09-30": "$478", "2013-06-30": "$460", "2013-03-31": "$337", "2012-12-31": "$383", "2012-09-30": "$479", "2012-06-30": "$515", "2012-03-31": "$439", "2011-12-31": "$427", "2011-09-30": "$509", "2011-06-30": "$561", "2011-03-31": "$427", "2010-12-31": "$437", "2010-09-30": "$506", "2010-06-30": "$584", "2010-03-31": "$432", "2009-12-31": "$462", "2009-09-30": "$497", "2009-06-30": "$540", "2009-03-31": "$405", "2008-12-31": "$422", "2008-09-30": "$505", "2008-06-30": "$559", "2008-03-31": "$418", "2007-12-31": "$449", "2007-09-30": "$455", "2007-06-30": "$509", "2007-03-31": "$384", "2006-12-31": "$423", "2006-09-30": "$392", "2006-06-30": "$435", "2006-03-31": "$342", "2005-12-31": "$365", "2005-09-30": "$353", "2005-06-30": "$462", "2005-03-31": "$353"}}, "ebitda": {"Sysco Annual EBITDA (Millions of US $)": {"2020": "$1,890", "2019": "$3,115", "2018": "$3,108", "2017": "$2,988", "2016": "$2,558", "2015": "$1,810", "2014": "$2,143", "2013": "$2,171", "2012": "$2,308", "2011": "$2,334", "2010": "$2,366", "2009": "$2,255", "2008": "$2,252", "2007": "$2,071", "2006": "$1,840", "2005": "$1,906"}, "Sysco Quarterly EBITDA (Millions of US $)": {"2020-12-31": "$431", "2020-09-30": "$634", "2020-06-30": "$-118", "2020-03-31": "$351", "2019-12-31": "$769", "2019-09-30": "$888", "2019-06-30": "$913", "2019-03-31": "$719", "2018-12-31": "$661", "2018-09-30": "$822", "2018-06-30": "$893", "2018-03-31": "$682", "2017-12-31": "$726", "2017-09-30": "$806", "2017-06-30": "$801", "2017-03-31": "$666", "2016-12-31": "$736", "2016-09-30": "$785", "2016-06-30": "$758", "2016-03-31": "$579", "2015-12-31": "$585", "2015-09-30": "$636", "2015-06-30": "$266", "2015-03-31": "$468", "2014-12-31": "$472", "2014-09-30": "$603", "2014-06-30": "$572", "2014-03-31": "$471", "2013-12-31": "$489", "2013-09-30": "$612", "2013-06-30": "$592", "2013-03-31": "$468", "2012-12-31": "$512", "2012-09-30": "$599", "2012-06-30": "$627", "2012-03-31": "$543", "2011-12-31": "$528", "2011-09-30": "$609", "2011-06-30": "$665", "2011-03-31": "$528", "2010-12-31": "$534", "2010-09-30": "$608", "2010-06-30": "$690", "2010-03-31": "$527", "2009-12-31": "$558", "2009-09-30": "$591", "2009-06-30": "$638", "2009-03-31": "$499", "2008-12-31": "$518", "2008-09-30": "$599", "2008-06-30": "$655", "2008-03-31": "$513", "2007-12-31": "$539", "2007-09-30": "$545", "2007-06-30": "$602", "2007-03-31": "$476", "2006-12-31": "$511", "2006-09-30": "$482", "2006-06-30": "$528", "2006-03-31": "$425", "2005-12-31": "$449", "2005-09-30": "$438", "2005-06-30": "$548", "2005-03-31": "$433"}}, "net-income": {"Sysco Annual Net Income (Millions of US $)": {"2020": "$215", "2019": "$1,674", "2018": "$1,431", "2017": "$1,143", "2016": "$950", "2015": "$687", "2014": "$932", "2013": "$992", "2012": "$1,122", "2011": "$1,152", "2010": "$1,180", "2009": "$1,056", "2008": "$1,106", "2007": "$1,001", "2006": "$855", "2005": "$961"}, "Sysco Quarterly Net Income (Millions of US $)": {"2020-12-31": "$67", "2020-09-30": "$217", "2020-06-30": "$-618", "2020-03-31": "$-3", "2019-12-31": "$383", "2019-09-30": "$454", "2019-06-30": "$536", "2019-03-31": "$440", "2018-12-31": "$267", "2018-09-30": "$431", "2018-06-30": "$449", "2018-03-31": "$330", "2017-12-31": "$284", "2017-09-30": "$368", "2017-06-30": "$305", "2017-03-31": "$238", "2016-12-31": "$275", "2016-09-30": "$324", "2016-06-30": "$216", "2016-03-31": "$217", "2015-12-31": "$272", "2015-09-30": "$244", "2015-06-30": "$73", "2015-03-31": "$177", "2014-12-31": "$158", "2014-09-30": "$279", "2014-06-30": "$254", "2014-03-31": "$181", "2013-12-31": "$211", "2013-09-30": "$286", "2013-06-30": "$283", "2013-03-31": "$201", "2012-12-31": "$221", "2012-09-30": "$287", "2012-06-30": "$309", "2012-03-31": "$260", "2011-12-31": "$250", "2011-09-30": "$303", "2011-06-30": "$336", "2011-03-31": "$258", "2010-12-31": "$258", "2010-09-30": "$299", "2010-06-30": "$338", "2010-03-31": "$248", "2009-12-31": "$268", "2009-09-30": "$326", "2009-06-30": "$315", "2009-03-31": "$226", "2008-12-31": "$238", "2008-09-30": "$277", "2008-06-30": "$334", "2008-03-31": "$241", "2007-12-31": "$264", "2007-09-30": "$267", "2007-06-30": "$303", "2007-03-31": "$221", "2006-12-31": "$247", "2006-09-30": "$230", "2006-06-30": "$254", "2006-03-31": "$189", "2005-12-31": "$204", "2005-09-30": "$208", "2005-06-30": "$285", "2005-03-31": "$218"}}, "eps-earnings-per-share-diluted": {"Sysco Annual EPS": {"2020": "$0.42", "2019": "$3.20", "2018": "$2.70", "2017": "$2.08", "2016": "$1.64", "2015": "$1.15", "2014": "$1.58", "2013": "$1.67", "2012": "$1.90", "2011": "$1.96", "2010": "$1.99", "2009": "$1.77", "2008": "$1.81", "2007": "$1.60", "2006": "$1.36", "2005": "$1.47"}, "Sysco Quarterly EPS": {"2020-12-31": "$0.13", "2020-09-30": "$0.42", "2020-06-30": "$-1.18", "2020-03-31": "$-0.01", "2019-12-31": "$0.74", "2019-09-30": "$0.87", "2019-06-30": "$1.03", "2019-03-31": "$0.85", "2018-12-31": "$0.51", "2018-09-30": "$0.81", "2018-06-30": "$0.84", "2018-03-31": "$0.63", "2017-12-31": "$0.54", "2017-09-30": "$0.69", "2017-06-30": "$0.56", "2017-03-31": "$0.44", "2016-12-31": "$0.50", "2016-09-30": "$0.58", "2016-06-30": "$0.37", "2016-03-31": "$0.38", "2015-12-31": "$0.48", "2015-09-30": "$0.41", "2015-06-30": "$0.11", "2015-03-31": "$0.30", "2014-12-31": "$0.27", "2014-09-30": "$0.47", "2014-06-30": "$0.43", "2014-03-31": "$0.31", "2013-12-31": "$0.36", "2013-09-30": "$0.48", "2013-06-30": "$0.46", "2013-03-31": "$0.34", "2012-12-31": "$0.38", "2012-09-30": "$0.49", "2012-06-30": "$0.52", "2012-03-31": "$0.44", "2011-12-31": "$0.43", "2011-09-30": "$0.51", "2011-06-30": "$0.57", "2011-03-31": "$0.44", "2010-12-31": "$0.44", "2010-09-30": "$0.51", "2010-06-30": "$0.57", "2010-03-31": "$0.42", "2009-12-31": "$0.45", "2009-09-30": "$0.55", "2009-06-30": "$0.53", "2009-03-31": "$0.38", "2008-12-31": "$0.40", "2008-09-30": "$0.46", "2008-06-30": "$0.55", "2008-03-31": "$0.40", "2007-12-31": "$0.43", "2007-09-30": "$0.43", "2007-06-30": "$0.49", "2007-03-31": "$0.35", "2006-12-31": "$0.39", "2006-09-30": "$0.37", "2006-06-30": "$0.40", "2006-03-31": "$0.30", "2005-12-31": "$0.33", "2005-09-30": "$0.33", "2005-06-30": "$0.42", "2005-03-31": "$0.34"}}, "shares-outstanding": {"Sysco Annual Shares Outstanding (Millions of Shares)": {"2020": "514", "2019": "523", "2018": "529", "2017": "549", "2016": "577", "2015": "597", "2014": "590", "2013": "593", "2012": "589", "2011": "589", "2010": "594", "2009": "596", "2008": "611", "2007": "626", "2006": "629", "2005": "653"}, "Sysco Quarterly Shares Outstanding (Millions of Shares)": {"2020-12-31": "513", "2020-09-30": "511", "2020-06-30": "514", "2020-03-31": "513", "2019-12-31": "516", "2019-09-30": "519", "2019-06-30": "523", "2019-03-31": "520", "2018-12-31": "525", "2018-09-30": "529", "2018-06-30": "529", "2018-03-31": "528", "2017-12-31": "527", "2017-09-30": "533", "2017-06-30": "549", "2017-03-31": "544", "2016-12-31": "550", "2016-09-30": "561", "2016-06-30": "577", "2016-03-31": "571", "2015-12-31": "571", "2015-09-30": "601", "2015-06-30": "597", "2015-03-31": "599", "2014-12-31": "596", "2014-09-30": "593", "2014-06-30": "590", "2014-03-31": "590", "2013-12-31": "588", "2013-09-30": "591", "2013-06-30": "593", "2013-03-31": "593", "2012-12-31": "590", "2012-09-30": "590", "2012-06-30": "589", "2012-03-31": "587", "2011-12-31": "587", "2011-09-30": "593", "2011-06-30": "589", "2011-03-31": "585", "2010-12-31": "587", "2010-09-30": "591", "2010-06-30": "594", "2010-03-31": "595", "2009-12-31": "593", "2009-09-30": "592", "2009-06-30": "596", "2009-03-31": "591", "2008-12-31": "598", "2008-09-30": "606", "2008-06-30": "611", "2008-03-31": "606", "2007-12-31": "615", "2007-09-30": "617", "2007-06-30": "626", "2007-03-31": "626", "2006-12-31": "628", "2006-09-30": "625", "2006-06-30": "629", "2006-03-31": "625", "2005-12-31": "627", "2005-09-30": "635", "2005-06-30": "653", "2005-03-31": "651"}}, "total-assets": {"Sysco Annual Total Assets (Millions of US $)": {"2020": "$22,628", "2019": "$17,967", "2018": "$18,070", "2017": "$17,757", "2016": "$16,722", "2015": "$17,989", "2014": "$13,141", "2013": "$12,678", "2012": "$12,137", "2011": "$11,386", "2010": "$10,314", "2009": "$10,148", "2008": "$10,082", "2007": "$9,519", "2006": "$8,992", "2005": "$8,268"}, "Sysco Quarterly Total Assets (Millions of US $)": {"2020-12-31": "$22,490", "2020-09-30": "$22,742", "2020-06-30": "$22,628", "2020-03-31": "$20,432", "2019-12-31": "$19,372", "2019-09-30": "$18,957", "2019-06-30": "$17,967", "2019-03-31": "$18,201", "2018-12-31": "$18,194", "2018-09-30": "$18,542", "2018-06-30": "$18,070", "2018-03-31": "$18,629", "2017-12-31": "$18,219", "2017-09-30": "$18,419", "2017-06-30": "$17,757", "2017-03-31": "$17,921", "2016-12-31": "$17,630", "2016-09-30": "$18,025", "2016-06-30": "$16,722", "2016-03-31": "$13,351", "2015-12-31": "$13,089", "2015-09-30": "$13,372", "2015-06-30": "$17,989", "2015-03-31": "$17,944", "2014-12-31": "$17,930", "2014-09-30": "$13,594", "2014-06-30": "$13,141", "2014-03-31": "$13,157", "2013-12-31": "$13,031", "2013-09-30": "$13,040", "2013-06-30": "$12,678", "2013-03-31": "$12,657", "2012-12-31": "$12,471", "2012-09-30": "$12,530", "2012-06-30": "$12,137", "2012-03-31": "$11,933", "2011-12-31": "$11,454", "2011-09-30": "$11,447", "2011-06-30": "$11,386", "2011-03-31": "$10,950", "2010-12-31": "$10,328", "2010-09-30": "$10,655", "2010-06-30": "$10,314", "2010-03-31": "$10,402", "2009-12-31": "$10,204", "2009-09-30": "$10,352", "2009-06-30": "$10,148", "2009-03-31": "$10,137", "2008-12-31": "$9,811", "2008-09-30": "$10,285", "2008-06-30": "$10,082", "2008-03-31": "$9,961", "2007-12-31": "$9,953", "2007-09-30": "$10,018", "2007-06-30": "$9,519", "2007-03-31": "$9,427", "2006-12-31": "$9,317", "2006-09-30": "$9,362", "2006-06-30": "$8,992", "2006-03-31": "$8,884", "2005-12-31": "$8,810", "2005-09-30": "$8,606", "2005-06-30": "$8,268", "2005-03-31": "$8,167"}}, "cash-on-hand": {"Sysco Annual Cash on Hand (Millions of US $)": {"2020": "$6,059", "2019": "$513", "2018": "$552", "2017": "$870", "2016": "$3,919", "2015": "$5,130", "2014": "$413", "2013": "$412", "2012": "$689", "2011": "$640", "2010": "$609", "2009": "$1,019", "2008": "$552", "2007": "$208", "2006": "$202", "2005": "$192"}, "Sysco Quarterly Cash on Hand (Millions of US $)": {"2020-12-31": "$5,767", "2020-09-30": "$5,986", "2020-06-30": "$6,059", "2020-03-31": "$2,241", "2019-12-31": "$525", "2019-09-30": "$455", "2019-06-30": "$513", "2019-03-31": "$522", "2018-12-31": "$745", "2018-09-30": "$790", "2018-06-30": "$552", "2018-03-31": "$902", "2017-12-31": "$961", "2017-09-30": "$909", "2017-06-30": "$870", "2017-03-31": "$855", "2016-12-31": "$847", "2016-09-30": "$760", "2016-06-30": "$3,919", "2016-03-31": "$611", "2015-12-31": "$596", "2015-09-30": "$388", "2015-06-30": "$5,130", "2015-03-31": "$5,085", "2014-12-31": "$4,908", "2014-09-30": "$385", "2014-06-30": "$413", "2014-03-31": "$341", "2013-12-31": "$450", "2013-09-30": "$360", "2013-06-30": "$412", "2013-03-31": "$332", "2012-12-31": "$321", "2012-09-30": "$548", "2012-06-30": "$689", "2012-03-31": "$350", "2011-12-31": "$337", "2011-09-30": "$284", "2011-06-30": "$640", "2011-03-31": "$386", "2010-12-31": "$210", "2010-09-30": "$448", "2010-06-30": "$609", "2010-03-31": "$587", "2009-12-31": "$637", "2009-09-30": "$801", "2009-06-30": "$1,019", "2009-03-31": "$899", "2008-12-31": "$373", "2008-09-30": "$346", "2008-06-30": "$552", "2008-03-31": "$244", "2007-12-31": "$169", "2007-09-30": "$190", "2007-06-30": "$208", "2007-03-31": "$181", "2006-12-31": "$186", "2006-09-30": "$181", "2006-06-30": "$202", "2006-03-31": "$206", "2005-12-31": "$254", "2005-09-30": "$178", "2005-06-30": "$192", "2005-03-31": "$200"}}, "long-term-debt": {"Sysco Annual Long Term Debt (Millions of US $)": {"2020": "$12,902", "2019": "$8,122", "2018": "$7,541", "2017": "$7,661", "2016": "$7,337", "2015": "$2,272", "2014": "$2,357", "2013": "$2,640", "2012": "$2,764", "2011": "$2,280", "2010": "$2,473", "2009": "$2,467", "2008": "$1,975", "2007": "$1,758", "2006": "$1,627", "2005": "$956"}, "Sysco Quarterly Long Term Debt (Millions of US $)": {"2020-12-31": "$12,463", "2020-09-30": "$12,423", "2020-06-30": "$12,902", "2020-03-31": "$10,023", "2019-12-31": "$8,093", "2019-09-30": "$8,638", "2019-06-30": "$8,122", "2019-03-31": "$8,134", "2018-12-31": "$8,020", "2018-09-30": "$7,914", "2018-06-30": "$7,541", "2018-03-31": "$8,835", "2017-12-31": "$8,312", "2017-09-30": "$8,426", "2017-06-30": "$7,661", "2017-03-31": "$8,027", "2016-12-31": "$8,314", "2016-09-30": "$7,844", "2016-06-30": "$7,337", "2016-03-31": "$4,275", "2015-12-31": "$4,266", "2015-09-30": "$3,005", "2015-06-30": "$2,272", "2015-03-31": "$7,236", "2014-12-31": "$7,208", "2014-09-30": "$2,627", "2014-06-30": "$2,357", "2014-03-31": "$2,986", "2013-12-31": "$2,944", "2013-09-30": "$2,878", "2013-06-30": "$2,640", "2013-03-31": "$2,557", "2012-12-31": "$2,809", "2012-09-30": "$2,765", "2012-06-30": "$2,764", "2012-03-31": "$2,412", "2011-12-31": "$2,649", "2011-09-30": "$2,385", "2011-06-30": "$2,280", "2011-03-31": "$2,663", "2010-12-31": "$2,654", "2010-09-30": "$2,487", "2010-06-30": "$2,473", "2010-03-31": "$2,469", "2009-12-31": "$2,469", "2009-09-30": "$2,469", "2009-06-30": "$2,467", "2009-03-31": "$2,463", "2008-12-31": "$1,973", "2008-09-30": "$1,974", "2008-06-30": "$1,975", "2008-03-31": "$2,041", "2007-12-31": "$2,136", "2007-09-30": "$1,970", "2007-06-30": "$1,758", "2007-03-31": "$1,633", "2006-12-31": "$1,756", "2006-09-30": "$1,739", "2006-06-30": "$1,627", "2006-03-31": "$1,787", "2005-12-31": "$1,828", "2005-09-30": "$1,452", "2005-06-30": "$956", "2005-03-31": "$1,033"}}, "total-liabilities": {"Sysco Annual Total Liabilities (Millions of US $)": {"2020": "$21,470", "2019": "$15,464", "2018": "$15,563", "2017": "$15,375", "2016": "$13,242", "2015": "$12,729", "2014": "$7,874", "2013": "$7,486", "2012": "$7,452", "2011": "$6,680", "2010": "$6,486", "2009": "$6,698", "2008": "$6,673", "2007": "$6,241", "2006": "$5,940", "2005": "$5,509"}, "Sysco Quarterly Total Liabilities (Millions of US $)": {"2020-12-31": "$21,063", "2020-09-30": "$21,442", "2020-06-30": "$21,470", "2020-03-31": "$18,403", "2019-12-31": "$16,845", "2019-09-30": "$16,502", "2019-06-30": "$15,464", "2019-03-31": "$15,839", "2018-12-31": "$16,027", "2018-09-30": "$15,904", "2018-06-30": "$15,563", "2018-03-31": "$16,278", "2017-12-31": "$15,951", "2017-09-30": "$16,183", "2017-06-30": "$15,375", "2017-03-31": "$15,590", "2016-12-31": "$15,154", "2016-09-30": "$15,004", "2016-06-30": "$13,242", "2016-03-31": "$9,382", "2015-12-31": "$9,148", "2015-09-30": "$8,066", "2015-06-30": "$12,729", "2015-03-31": "$12,631", "2014-12-31": "$12,587", "2014-09-30": "$8,273", "2014-06-30": "$7,874", "2014-03-31": "$7,925", "2013-12-31": "$7,728", "2013-09-30": "$7,841", "2013-06-30": "$7,486", "2013-03-31": "$7,505", "2012-12-31": "$7,570", "2012-09-30": "$7,636", "2012-06-30": "$7,452", "2012-03-31": "$7,055", "2011-12-31": "$6,766", "2011-09-30": "$6,793", "2011-06-30": "$6,680", "2011-03-31": "$6,743", "2010-12-31": "$6,334", "2010-09-30": "$6,674", "2010-06-30": "$6,486", "2010-03-31": "$6,374", "2009-12-31": "$6,274", "2009-09-30": "$6,638", "2009-06-30": "$6,698", "2009-03-31": "$6,806", "2008-12-31": "$6,517", "2008-09-30": "$6,780", "2008-06-30": "$6,673", "2008-03-31": "$6,680", "2007-12-31": "$6,623", "2007-09-30": "$6,720", "2007-06-30": "$6,241", "2007-03-31": "$6,092", "2006-12-31": "$6,081", "2006-09-30": "$6,174", "2006-06-30": "$5,940", "2006-03-31": "$6,084", "2005-12-31": "$6,099", "2005-09-30": "$5,885", "2005-06-30": "$5,509", "2005-03-31": "$5,351"}}, "total-share-holder-equity": {"Sysco Annual Share Holder Equity (Millions of US $)": {"2020": "$1,159", "2019": "$2,503", "2018": "$2,507", "2017": "$2,382", "2016": "$3,480", "2015": "$5,260", "2014": "$5,267", "2013": "$5,192", "2012": "$4,685", "2011": "$4,705", "2010": "$3,828", "2009": "$3,450", "2008": "$3,409", "2007": "$3,278", "2006": "$3,052", "2005": "$2,759"}, "Sysco Quarterly Share Holder Equity (Millions of US $)": {"2020-12-31": "$1,427", "2020-09-30": "$1,300", "2020-06-30": "$1,159", "2020-03-31": "$2,029", "2019-12-31": "$2,528", "2019-09-30": "$2,455", "2019-06-30": "$2,503", "2019-03-31": "$2,362", "2018-12-31": "$2,168", "2018-09-30": "$2,639", "2018-06-30": "$2,507", "2018-03-31": "$2,351", "2017-12-31": "$2,269", "2017-09-30": "$2,235", "2017-06-30": "$2,382", "2017-03-31": "$2,331", "2016-12-31": "$2,476", "2016-09-30": "$3,021", "2016-06-30": "$3,480", "2016-03-31": "$3,969", "2015-12-31": "$3,941", "2015-09-30": "$5,306", "2015-06-30": "$5,260", "2015-03-31": "$5,313", "2014-12-31": "$5,343", "2014-09-30": "$5,321", "2014-06-30": "$5,267", "2014-03-31": "$5,231", "2013-12-31": "$5,304", "2013-09-30": "$5,199", "2013-06-30": "$5,192", "2013-03-31": "$5,152", "2012-12-31": "$4,902", "2012-09-30": "$4,894", "2012-06-30": "$4,685", "2012-03-31": "$4,878", "2011-12-31": "$4,688", "2011-09-30": "$4,654", "2011-06-30": "$4,705", "2011-03-31": "$4,207", "2010-12-31": "$3,994", "2010-09-30": "$3,981", "2010-06-30": "$3,828", "2010-03-31": "$4,028", "2009-12-31": "$3,930", "2009-09-30": "$3,714", "2009-06-30": "$3,450", "2009-03-31": "$3,331", "2008-12-31": "$3,294", "2008-09-30": "$3,505", "2008-06-30": "$3,409", "2008-03-31": "$3,281", "2007-12-31": "$3,330", "2007-09-30": "$3,297", "2007-06-30": "$3,278", "2007-03-31": "$3,336", "2006-12-31": "$3,237", "2006-09-30": "$3,188", "2006-06-30": "$3,052", "2006-03-31": "$2,800", "2005-12-31": "$2,711", "2005-09-30": "$2,720", "2005-06-30": "$2,759", "2005-03-31": "$2,816"}}, "profit-margins": {"current": "-0.74%"}, "gross margin": {"2020-12-31": "18.40%", "2020-09-30": "18.59%", "2020-06-30": "18.72%", "2020-03-31": "19.01%", "2019-12-31": "19.03%", "2019-09-30": "19.02%", "2019-06-30": "18.98%", "2019-03-31": "18.93%", "2018-12-31": "18.89%", "2018-09-30": "18.88%", "2018-06-30": "18.88%", "2018-03-31": "18.90%", "2017-12-31": "18.92%", "2017-09-30": "19.02%", "2017-06-30": "19.07%", "2017-03-31": "18.87%", "2016-12-31": "18.67%", "2016-09-30": "18.34%", "2016-06-30": "17.95%", "2016-03-31": "17.83%", "2015-12-31": "17.75%", "2015-09-30": "17.62%", "2015-06-30": "17.57%", "2015-03-31": "17.48%", "2014-12-31": "17.52%", "2014-09-30": "17.58%", "2014-06-30": "17.59%", "2014-03-31": "17.67%", "2013-12-31": "17.69%", "2013-09-30": "17.83%", "2013-06-30": "18.00%", "2013-03-31": "18.33%", "2012-12-31": "18.35%", "2012-09-30": "18.33%", "2012-06-30": "18.36%", "2012-03-31": "18.25%", "2011-12-31": "18.48%", "2011-09-30": "18.67%", "2011-06-30": "18.81%", "2011-03-31": "19.12%", "2010-12-31": "19.14%", "2010-09-30": "19.22%", "2010-06-30": "19.30%", "2010-03-31": "19.14%", "2009-12-31": "19.13%", "2009-09-30": "19.13%", "2009-06-30": "19.09%", "2009-03-31": "19.14%", "2008-12-31": "19.19%", "2008-09-30": "19.19%", "2008-06-30": "19.17%", "2008-03-31": "19.16%", "2007-12-31": "19.19%", "2007-09-30": "19.23%", "2007-06-30": "19.28%", "2007-03-31": "19.36%", "2006-12-31": "19.32%", "2006-09-30": "19.32%", "2006-06-30": "19.28%", "2006-03-31": "19.15%", "2005-12-31": "19.16%"}, "operating margin": {"2020-12-31": "0.35%", "2020-09-30": "1.01%", "2020-06-30": "1.41%", "2020-03-31": "3.36%", "2019-12-31": "4.09%", "2019-09-30": "3.94%", "2019-06-30": "3.88%", "2019-03-31": "3.83%", "2018-12-31": "3.77%", "2018-09-30": "3.92%", "2018-06-30": "3.94%", "2018-03-31": "3.79%", "2017-12-31": "3.76%", "2017-09-30": "3.76%", "2017-06-30": "3.71%", "2017-03-31": "3.74%", "2016-12-31": "3.74%", "2016-09-30": "3.72%", "2016-06-30": "3.67%", "2016-03-31": "2.90%", "2015-12-31": "2.81%", "2015-09-30": "2.57%", "2015-06-30": "2.52%", "2015-03-31": "3.16%", "2014-12-31": "3.20%", "2014-09-30": "3.34%", "2014-06-30": "3.41%", "2014-03-31": "3.54%", "2013-12-31": "3.58%", "2013-09-30": "3.68%", "2013-06-30": "3.74%", "2013-03-31": "3.91%", "2012-12-31": "4.18%", "2012-09-30": "4.34%", "2012-06-30": "4.46%", "2012-03-31": "4.64%", "2011-12-31": "4.69%", "2011-09-30": "4.82%", "2011-06-30": "4.91%", "2011-03-31": "4.98%", "2010-12-31": "5.10%", "2010-09-30": "5.23%", "2010-06-30": "5.30%", "2010-03-31": "5.37%", "2009-12-31": "5.32%", "2009-09-30": "5.17%", "2009-06-30": "5.08%", "2009-03-31": "5.04%", "2008-12-31": "5.02%", "2008-09-30": "5.08%", "2008-06-30": "5.01%", "2008-03-31": "4.95%", "2007-12-31": "4.93%", "2007-09-30": "4.95%", "2007-06-30": "4.87%", "2007-03-31": "4.76%", "2006-12-31": "4.70%", "2006-09-30": "4.61%", "2006-06-30": "4.58%", "2006-03-31": "4.74%", "2005-12-31": "4.88%"}, "ebitda margin": {"2020-12-31": "2.83%", "2020-09-30": "3.31%", "2020-06-30": "3.57%", "2020-03-31": "4.91%", "2019-12-31": "5.44%", "2019-09-30": "5.28%", "2019-06-30": "5.18%", "2019-03-31": "5.16%", "2018-12-31": "5.13%", "2018-09-30": "5.27%", "2018-06-30": "5.29%", "2018-03-31": "5.21%", "2017-12-31": "5.26%", "2017-09-30": "5.37%", "2017-06-30": "5.40%", "2017-03-31": "5.39%", "2016-12-31": "5.38%", "2016-09-30": "5.23%", "2016-06-30": "5.08%", "2016-03-31": "4.21%", "2015-12-31": "4.00%", "2015-09-30": "3.77%", "2015-06-30": "3.72%", "2015-03-31": "4.35%", "2014-12-31": "4.40%", "2014-09-30": "4.52%", "2014-06-30": "4.61%", "2014-03-31": "4.72%", "2013-12-31": "4.75%", "2013-09-30": "4.85%", "2013-06-30": "4.89%", "2013-03-31": "5.03%", "2012-12-31": "5.25%", "2012-09-30": "5.36%", "2012-06-30": "5.44%", "2012-03-31": "5.62%", "2011-12-31": "5.68%", "2011-09-30": "5.82%", "2011-06-30": "5.94%", "2011-03-31": "6.01%", "2010-12-31": "6.14%", "2010-09-30": "6.29%", "2010-06-30": "6.35%", "2010-03-31": "6.43%", "2009-12-31": "6.39%", "2009-09-30": "6.23%", "2009-06-30": "6.12%", "2009-03-31": "6.06%", "2008-12-31": "6.03%", "2008-09-30": "6.07%", "2008-06-30": "6.00%", "2008-03-31": "5.94%", "2007-12-31": "5.93%", "2007-09-30": "5.96%", "2007-06-30": "5.91%", "2007-03-31": "5.82%", "2006-12-31": "5.74%", "2006-09-30": "5.66%", "2006-06-30": "5.64%", "2006-03-31": "5.79%", "2005-12-31": "5.95%"}, "pre tax profit margin": {"2020-12-31": "-0.93%", "2020-09-30": "-0.06%", "2020-06-30": "0.56%", "2020-03-31": "2.88%", "2019-12-31": "3.59%", "2019-09-30": "3.41%", "2019-06-30": "3.34%", "2019-03-31": "3.20%", "2018-12-31": "3.10%", "2018-09-30": "3.29%", "2018-06-30": "3.33%", "2018-03-31": "3.19%", "2017-12-31": "3.23%", "2017-09-30": "3.23%", "2017-06-30": "3.19%", "2017-03-31": "2.96%", "2016-12-31": "2.98%", "2016-09-30": "3.00%", "2016-06-30": "2.85%", "2016-03-31": "2.38%", "2015-12-31": "2.27%", "2015-09-30": "1.95%", "2015-06-30": "2.07%", "2015-03-31": "2.76%", "2014-12-31": "2.85%", "2014-09-30": "3.09%", "2014-06-30": "3.17%", "2014-03-31": "3.30%", "2013-12-31": "3.35%", "2013-09-30": "3.44%", "2013-06-30": "3.48%", "2013-03-31": "3.64%", "2012-12-31": "3.92%", "2012-09-30": "4.09%", "2012-06-30": "4.21%", "2012-03-31": "4.38%", "2011-12-31": "4.44%", "2011-09-30": "4.56%", "2011-06-30": "4.65%", "2011-03-31": "4.69%", "2010-12-31": "4.79%", "2010-09-30": "4.91%", "2010-06-30": "4.97%", "2010-03-31": "5.03%", "2009-12-31": "5.00%", "2009-09-30": "4.87%", "2009-06-30": "4.81%", "2009-03-31": "4.79%", "2008-12-31": "4.78%", "2008-09-30": "4.84%", "2008-06-30": "4.77%", "2008-03-31": "4.71%", "2007-12-31": "4.68%", "2007-09-30": "4.69%", "2007-06-30": "4.63%", "2007-03-31": "4.50%", "2006-12-31": "4.42%", "2006-09-30": "4.32%", "2006-06-30": "4.28%", "2006-03-31": "4.46%", "2005-12-31": "4.63%"}, "net profit margin": {"2020-12-31": "-0.73%", "2020-09-30": "-0.04%", "2020-06-30": "0.41%", "2020-03-31": "2.30%", "2019-12-31": "3.00%", "2019-09-30": "2.82%", "2019-06-30": "2.78%", "2019-03-31": "2.65%", "2018-12-31": "2.48%", "2018-09-30": "2.52%", "2018-06-30": "2.44%", "2018-03-31": "2.23%", "2017-12-31": "2.10%", "2017-09-30": "2.12%", "2017-06-30": "2.06%", "2017-03-31": "1.93%", "2016-12-31": "1.94%", "2016-09-30": "1.99%", "2016-06-30": "1.88%", "2016-03-31": "1.64%", "2015-12-31": "1.57%", "2015-09-30": "1.34%", "2015-06-30": "1.41%", "2015-03-31": "1.79%", "2014-12-31": "1.81%", "2014-09-30": "1.96%", "2014-06-30": "2.00%", "2014-03-31": "2.10%", "2013-12-31": "2.16%", "2013-09-30": "2.20%", "2013-06-30": "2.23%", "2013-03-31": "2.32%", "2012-12-31": "2.48%", "2012-09-30": "2.58%", "2012-06-30": "2.65%", "2012-03-31": "2.75%", "2011-12-31": "2.80%", "2011-09-30": "2.88%", "2011-06-30": "2.93%", "2011-03-31": "2.94%", "2010-12-31": "2.97%", "2010-09-30": "3.04%", "2010-06-30": "3.17%", "2010-03-31": "3.22%", "2009-12-31": "3.17%", "2009-09-30": "3.06%", "2009-06-30": "2.87%", "2009-03-31": "2.87%", "2008-12-31": "2.88%", "2008-09-30": "2.94%", "2008-06-30": "2.95%", "2008-03-31": "2.90%", "2007-12-31": "2.89%", "2007-09-30": "2.90%", "2007-06-30": "2.86%", "2007-03-31": "2.77%", "2006-12-31": "2.71%", "2006-09-30": "2.63%", "2006-06-30": "2.62%", "2006-03-31": "2.76%", "2005-12-31": "2.91%"}, "pe ratio": {"current": "115.04", "2021-02-05": "0.00", "2020-12-31": "0.00", "2020-09-30": "0.00", "2020-06-30": "140.79", "2020-03-31": "16.80", "2019-12-31": "23.61", "2019-09-30": "23.34", "2019-06-30": "21.06", "2019-03-31": "20.95", "2018-12-31": "21.07", "2018-09-30": "24.25", "2018-06-30": "23.49", "2018-03-31": "22.86", "2017-12-31": "24.97", "2017-09-30": "22.45", "2017-06-30": "21.90", "2017-03-31": "24.69", "2016-12-31": "27.03", "2016-09-30": "24.03", "2016-06-30": "27.45", "2016-03-31": "29.82", "2015-12-31": "27.37", "2015-09-30": "30.98", "2015-06-30": "27.01", "2015-03-31": "22.09", "2014-12-31": "22.90", "2014-09-30": "20.33", "2014-06-30": "19.78", "2014-03-31": "18.46", "2013-12-31": "18.11", "2013-09-30": "15.51", "2013-06-30": "16.41", "2013-03-31": "16.19", "2012-12-31": "13.66", "2012-09-30": "13.02", "2012-06-30": "12.17", "2012-03-31": "11.84", "2011-12-31": "11.52", "2011-09-30": "10.02", "2011-06-30": "12.06", "2011-03-31": "10.62", "2010-12-31": "11.19", "2010-09-30": "10.80", "2010-06-30": "10.51", "2010-03-31": "10.98", "2009-12-31": "10.53", "2009-09-30": "9.44", "2009-06-30": "8.97", "2009-03-31": "8.81", "2008-12-31": "8.77", "2008-09-30": "11.39", "2008-06-30": "10.25", "2008-03-31": "11.10", "2007-12-31": "12.20", "2007-09-30": "14.25", "2007-06-30": "14.26", "2007-03-31": "15.35", "2006-12-31": "17.19"}, "price sales": {"2021-02-05": "0.86", "2020-12-31": "0.82", "2020-09-30": "0.64", "2020-06-30": "0.52", "2020-03-31": "0.38", "2019-12-31": "0.71", "2019-09-30": "0.66", "2019-06-30": "0.59", "2019-03-31": "0.55", "2018-12-31": "0.52", "2018-09-30": "0.61", "2018-06-30": "0.57", "2018-03-31": "0.51", "2017-12-31": "0.53", "2017-09-30": "0.48", "2017-06-30": "0.46", "2017-03-31": "0.48", "2016-12-31": "0.53", "2016-09-30": "0.48", "2016-06-30": "0.52", "2016-03-31": "0.49", "2015-12-31": "0.43", "2015-09-30": "0.42", "2015-06-30": "0.38", "2015-03-31": "0.40", "2014-12-31": "0.42", "2014-09-30": "0.40", "2014-06-30": "0.40", "2014-03-31": "0.39", "2013-12-31": "0.39", "2013-09-30": "0.34", "2013-06-30": "0.37", "2013-03-31": "0.38", "2012-12-31": "0.34", "2012-09-30": "0.34", "2012-06-30": "0.32", "2012-03-31": "0.33", "2011-12-31": "0.32", "2011-09-30": "0.29", "2011-06-30": "0.35", "2011-03-31": "0.31", "2010-12-31": "0.33", "2010-09-30": "0.33", "2010-06-30": "0.33", "2010-03-31": "0.35", "2009-12-31": "0.33", "2009-09-30": "0.29", "2009-06-30": "0.26", "2009-03-31": "0.25", "2008-12-31": "0.25", "2008-09-30": "0.34", "2008-06-30": "0.30", "2008-03-31": "0.32", "2007-12-31": "0.35", "2007-09-30": "0.41", "2007-06-30": "0.39", "2007-03-31": "0.40", "2006-12-31": "0.44"}, "price book": {"current": "27.57", "2021-02-05": "27.55", "2020-12-31": "26.39", "2020-09-30": "24.05", "2020-06-30": "23.47", "2020-03-31": "11.04", "2019-12-31": "16.59", "2019-09-30": "15.84", "2019-06-30": "13.81", "2019-03-31": "13.76", "2018-12-31": "13.98", "2018-09-30": "13.53", "2018-06-30": "13.22", "2018-03-31": "12.31", "2017-12-31": "12.86", "2017-09-30": "11.53", "2017-06-30": "10.19", "2017-03-31": "10.79", "2016-12-31": "10.86", "2016-09-30": "7.95", "2016-06-30": "7.28", "2016-03-31": "5.90", "2015-12-31": "5.15", "2015-09-30": "3.83", "2015-06-30": "3.54", "2015-03-31": "3.63", "2014-12-31": "3.75", "2014-09-30": "3.52", "2014-06-30": "3.48", "2014-03-31": "3.34", "2013-12-31": "3.29", "2013-09-30": "2.90", "2013-06-30": "3.11", "2013-03-31": "3.24", "2012-12-31": "3.00", "2012-09-30": "2.95", "2012-06-30": "2.91", "2012-03-31": "2.77", "2011-12-31": "2.80", "2011-09-30": "2.48", "2011-06-30": "2.97", "2011-03-31": "2.88", "2010-12-31": "3.16", "2010-09-30": "3.10", "2010-06-30": "3.21", "2010-03-31": "3.14", "2009-12-31": "3.03", "2009-09-30": "2.79", "2009-06-30": "2.72", "2009-03-31": "2.79", "2008-12-31": "2.85", "2008-09-30": "3.59", "2008-06-30": "3.27", "2008-03-31": "3.55", "2007-12-31": "3.77", "2007-09-30": "4.34", "2007-06-30": "4.04", "2007-03-31": "4.09", "2006-12-31": "4.56", "2006-09-30": "4.20", "2006-06-30": "3.98", "2006-03-31": "4.53"}, "price fcf": {"2021-02-05": "", "2020-12-31": "$2.62", "2020-09-30": "$3.49", "2020-06-30": "$1.80", "2020-03-31": "$2.35", "2019-12-31": "$2.71", "2019-09-30": "$3.00", "2019-06-30": "$3.32", "2019-03-31": "$3.29", "2018-12-31": "$2.86", "2018-09-30": "$3.24", "2018-06-30": "$2.82", "2018-03-31": "$3.05", "2017-12-31": "$3.49", "2017-09-30": "$2.56", "2017-06-30": "$2.86", "2017-03-31": "$2.71", "2016-12-31": "$2.83", "2016-09-30": "$3.41", "2016-06-30": "$2.57", "2016-03-31": "$2.13", "2015-12-31": "$1.88", "2015-09-30": "$1.20", "2015-06-30": "$1.74", "2015-03-31": "$1.60", "2014-12-31": "$1.59", "2014-09-30": "$1.52", "2014-06-30": "$1.69", "2014-03-31": "$1.86", "2013-12-31": "$1.85", "2013-09-30": "$1.69", "2013-06-30": "$1.71", "2013-03-31": "$1.26", "2012-12-31": "$1.10", "2012-09-30": "$1.11", "2012-06-30": "$1.07", "2012-03-31": "$0.90", "2011-12-31": "$1.05", "2011-09-30": "$0.71", "2011-06-30": "$0.81", "2011-03-31": "$0.84", "2010-12-31": "$0.64", "2010-09-30": "$0.78", "2010-06-30": "$0.53", "2010-03-31": "$0.84", "2009-12-31": "$1.10", "2009-09-30": "$1.82", "2009-06-30": "$1.91", "2009-03-31": "$1.88", "2008-12-31": "$2.18", "2008-09-30": "$1.62", "2008-06-30": "$1.75", "2008-03-31": "$1.50", "2007-12-31": "$1.13", "2007-09-30": "$1.29", "2007-06-30": "$1.30", "2007-03-31": "$1.36", "2006-12-31": "$1.38"}, "net worth": {"value": "$39.34B"}, "current ratio": {"current": "1.79", "2020-12-31": "1.79", "2020-09-30": "1.74", "2020-06-30": "1.84", "2020-03-31": "1.49", "2019-12-31": "1.25", "2019-09-30": "1.39", "2019-06-30": "1.33", "2019-03-31": "1.30", "2018-12-31": "1.25", "2018-09-30": "1.30", "2018-06-30": "1.22", "2018-03-31": "1.44", "2017-12-31": "1.38", "2017-09-30": "1.40", "2017-06-30": "1.32", "2017-03-31": "1.45", "2016-12-31": "1.59", "2016-09-30": "1.52", "2016-06-30": "2.27", "2016-03-31": "1.69", "2015-12-31": "1.75", "2015-09-30": "1.77", "2015-06-30": "1.22", "2015-03-31": "2.66", "2014-12-31": "2.67", "2014-09-30": "1.57", "2014-06-30": "1.53", "2014-03-31": "1.74", "2013-12-31": "1.80", "2013-09-30": "1.72", "2013-06-30": "1.70", "2013-03-31": "1.74", "2012-12-31": "1.77", "2012-09-30": "1.76", "2012-06-30": "1.78", "2012-03-31": "1.60", "2011-12-31": "1.73", "2011-09-30": "1.59", "2011-06-30": "1.60", "2011-03-31": "1.73", "2010-12-31": "1.79", "2010-09-30": "1.68", "2010-06-30": "1.69", "2010-03-31": "1.78", "2009-12-31": "1.85", "2009-09-30": "1.76", "2009-06-30": "1.69", "2009-03-31": "1.68", "2008-12-31": "1.49", "2008-09-30": "1.57", "2008-06-30": "1.48", "2008-03-31": "1.42", "2007-12-31": "1.49", "2007-09-30": "1.49", "2007-06-30": "1.37", "2007-03-31": "1.35", "2006-12-31": "1.40", "2006-09-30": "1.47", "2006-06-30": "1.36", "2006-03-31": "1.36", "2005-12-31": "1.39", "2005-09-30": "1.34", "2005-06-30": "1.16", "2005-03-31": "1.20"}, "quick ratio": {"2020-12-31": "1.32", "2020-09-30": "1.30", "2020-06-30": "1.38", "2020-03-31": "0.93", "2019-12-31": "0.74", "2019-09-30": "0.84", "2019-06-30": "0.81", "2019-03-31": "0.79", "2018-12-31": "0.76", "2018-09-30": "0.80", "2018-06-30": "0.74", "2018-03-31": "0.90", "2017-12-31": "0.85", "2017-09-30": "0.88", "2017-06-30": "0.83", "2017-03-31": "0.94", "2016-12-31": "0.99", "2016-09-30": "0.95", "2016-06-30": "1.67", "2016-03-31": "1.04", "2015-12-31": "1.04", "2015-09-30": "1.05", "2015-06-30": "0.94", "2015-03-31": "2.04", "2014-12-31": "2.02", "2014-09-30": "0.94", "2014-06-30": "0.93", "2014-03-31": "1.08", "2013-12-31": "1.11", "2013-09-30": "1.06", "2013-06-30": "1.04", "2013-03-31": "1.08", "2012-12-31": "1.07", "2012-09-30": "1.10", "2012-06-30": "1.14", "2012-03-31": "0.99", "2011-12-31": "1.05", "2011-09-30": "0.99", "2011-06-30": "1.02", "2011-03-31": "1.08", "2010-12-31": "1.07", "2010-09-30": "1.09", "2010-06-30": "1.10", "2010-03-31": "1.16", "2009-12-31": "1.19", "2009-09-30": "1.18", "2009-06-30": "1.15", "2009-03-31": "1.13", "2008-12-31": "0.93", "2008-09-30": "1.00", "2008-06-30": "0.95", "2008-03-31": "0.89", "2007-12-31": "0.91", "2007-09-30": "0.94", "2007-06-30": "0.87", "2007-03-31": "0.85", "2006-12-31": "0.87", "2006-09-30": "0.93", "2006-06-30": "0.87", "2006-03-31": "0.86", "2005-12-31": "0.85", "2005-09-30": "0.85", "2005-06-30": "0.73", "2005-03-31": "0.75"}, "debt equity ratio": {"current": "8.74", "2020-12-31": "14.76", "2020-09-30": "16.49", "2020-06-30": "18.53", "2020-03-31": "9.07", "2019-12-31": "6.66", "2019-09-30": "6.72", "2019-06-30": "6.18", "2019-03-31": "6.71", "2018-12-31": "7.39", "2018-09-30": "6.03", "2018-06-30": "6.21", "2018-03-31": "6.92", "2017-12-31": "7.03", "2017-09-30": "7.24", "2017-06-30": "6.46", "2017-03-31": "6.69", "2016-12-31": "6.12", "2016-09-30": "4.97", "2016-06-30": "3.81", "2016-03-31": "2.36", "2015-12-31": "2.32", "2015-09-30": "1.52", "2015-06-30": "2.42", "2015-03-31": "2.38", "2014-12-31": "2.36", "2014-09-30": "1.56", "2014-06-30": "1.50", "2014-03-31": "1.52", "2013-12-31": "1.46", "2013-09-30": "1.51", "2013-06-30": "1.44", "2013-03-31": "1.46", "2012-12-31": "1.54", "2012-09-30": "1.56", "2012-06-30": "1.59", "2012-03-31": "1.45", "2011-12-31": "1.44", "2011-09-30": "1.46", "2011-06-30": "1.42", "2011-03-31": "1.60", "2010-12-31": "1.59", "2010-09-30": "1.68", "2010-06-30": "1.70", "2010-03-31": "1.58", "2009-12-31": "1.60", "2009-09-30": "1.79", "2009-06-30": "1.94", "2009-03-31": "2.04", "2008-12-31": "1.98", "2008-09-30": "1.93", "2008-06-30": "1.96", "2008-03-31": "2.04", "2007-12-31": "1.99", "2007-09-30": "2.04", "2007-06-30": "1.90", "2007-03-31": "1.83", "2006-12-31": "1.88", "2006-09-30": "1.94", "2006-06-30": "1.95", "2006-03-31": "2.17", "2005-12-31": "2.25", "2005-09-30": "2.16", "2005-06-30": "2.00", "2005-03-31": "1.90"}, "return on equity": {"2020-12-31": "-22.79%", "2020-09-30": "-1.20%", "2020-06-30": "10.57%", "2020-03-31": "57.59%", "2019-12-31": "73.64%", "2019-09-30": "71.54%", "2019-06-30": "69.23%", "2019-03-31": "65.61%", "2018-12-31": "61.13%", "2018-09-30": "61.19%", "2018-06-30": "61.14%", "2018-03-31": "55.73%", "2017-12-31": "51.86%", "2017-09-30": "50.34%", "2017-06-30": "44.74%", "2017-03-31": "37.25%", "2016-12-31": "31.89%", "2016-09-30": "28.56%", "2016-06-30": "22.74%", "2016-03-31": "17.45%", "2015-12-31": "15.46%", "2015-09-30": "12.29%", "2015-06-30": "12.94%", "2015-03-31": "16.34%", "2014-12-31": "16.48%", "2014-09-30": "17.52%", "2014-06-30": "17.75%", "2014-03-31": "18.37%", "2013-12-31": "18.82%", "2013-09-30": "19.39%", "2013-06-30": "19.70%", "2013-03-31": "20.74%", "2012-12-31": "22.25%", "2012-09-30": "23.11%", "2012-06-30": "23.74%", "2012-03-31": "24.29%", "2011-12-31": "25.13%", "2011-09-30": "26.31%", "2011-06-30": "27.26%", "2011-03-31": "28.81%", "2010-12-31": "28.88%", "2010-09-30": "29.25%", "2010-06-30": "30.45%", "2010-03-31": "30.60%", "2009-12-31": "31.47%", "2009-09-30": "32.05%", "2009-06-30": "31.10%", "2009-03-31": "31.76%", "2008-12-31": "32.32%", "2008-09-30": "33.01%", "2008-06-30": "33.22%", "2008-03-31": "32.61%", "2007-12-31": "31.87%", "2007-09-30": "31.58%", "2007-06-30": "30.71%", "2007-03-31": "29.72%", "2006-12-31": "29.97%", "2006-09-30": "29.85%", "2006-06-30": "30.31%", "2006-03-31": "32.25%", "2005-12-31": "33.25%"}, "return on assets": {"2020-12-31": "-1.53%", "2020-09-30": "-0.10%", "2020-06-30": "1.06%", "2020-03-31": "7.14%", "2019-12-31": "9.73%", "2019-09-30": "9.26%", "2019-06-30": "9.18%", "2019-03-31": "8.70%", "2018-12-31": "8.05%", "2018-09-30": "8.14%", "2018-06-30": "7.81%", "2018-03-31": "7.05%", "2017-12-31": "6.61%", "2017-09-30": "6.61%", "2017-06-30": "6.40%", "2017-03-31": "5.99%", "2016-12-31": "6.28%", "2016-09-30": "6.73%", "2016-06-30": "6.71%", "2016-03-31": "5.58%", "2015-12-31": "4.91%", "2015-09-30": "3.88%", "2015-06-30": "4.07%", "2015-03-31": "5.55%", "2014-12-31": "6.03%", "2014-09-30": "6.99%", "2014-06-30": "7.12%", "2014-03-31": "7.41%", "2013-12-31": "7.63%", "2013-09-30": "7.80%", "2013-06-30": "7.88%", "2013-03-31": "8.18%", "2012-12-31": "8.78%", "2012-09-30": "9.21%", "2012-06-30": "9.55%", "2012-03-31": "9.94%", "2011-12-31": "10.14%", "2011-09-30": "10.47%", "2011-06-30": "10.63%", "2011-03-31": "10.92%", "2010-12-31": "10.96%", "2010-09-30": "11.09%", "2010-06-30": "11.44%", "2010-03-31": "11.26%", "2009-12-31": "11.12%", "2009-09-30": "10.93%", "2009-06-30": "10.46%", "2009-03-31": "10.67%", "2008-12-31": "10.86%", "2008-09-30": "11.08%", "2008-06-30": "11.06%", "2008-03-31": "10.90%", "2007-12-31": "10.84%", "2007-09-30": "10.85%", "2007-06-30": "10.64%", "2007-03-31": "10.26%", "2006-12-31": "10.07%", "2006-09-30": "9.73%", "2006-06-30": "9.69%", "2006-03-31": "10.25%", "2005-12-31": "10.81%"}, "return on investments": {"2020-12-31": "1.19%", "2020-09-30": "3.96%", "2020-06-30": "6.26%", "2020-03-31": "18.03%", "2019-12-31": "23.08%", "2019-09-30": "22.37%", "2019-06-30": "22.27%", "2019-03-31": "22.23%", "2018-12-31": "21.40%", "2018-09-30": "21.93%", "2018-06-30": "21.79%", "2018-03-31": "20.62%", "2017-12-31": "20.58%", "2017-09-30": "20.13%", "2017-06-30": "19.54%", "2017-03-31": "19.07%", "2016-12-31": "19.49%", "2016-09-30": "20.19%", "2016-06-30": "20.81%", "2016-03-31": "17.65%", "2015-12-31": "15.02%", "2015-09-30": "12.27%", "2015-06-30": "12.11%", "2015-03-31": "15.08%", "2014-12-31": "16.94%", "2014-09-30": "19.68%", "2014-06-30": "19.75%", "2014-03-31": "20.05%", "2013-12-31": "20.42%", "2013-09-30": "21.17%", "2013-06-30": "21.47%", "2013-03-31": "22.46%", "2012-12-31": "24.13%", "2012-09-30": "25.02%", "2012-06-30": "25.97%", "2012-03-31": "27.03%", "2011-12-31": "27.26%", "2011-09-30": "28.09%", "2011-06-30": "28.64%", "2011-03-31": "29.73%", "2010-12-31": "30.24%", "2010-09-30": "30.92%", "2010-06-30": "31.13%", "2010-03-31": "30.90%", "2009-12-31": "31.35%", "2009-09-30": "32.19%", "2009-06-30": "33.34%", "2009-03-31": "34.50%", "2008-12-31": "35.50%", "2008-09-30": "35.68%", "2008-06-30": "35.10%", "2008-03-31": "34.73%", "2007-12-31": "34.66%", "2007-09-30": "34.96%", "2007-06-30": "34.29%", "2007-03-31": "33.40%", "2006-12-31": "33.19%", "2006-09-30": "32.76%", "2006-06-30": "33.26%", "2006-03-31": "35.78%", "2005-12-31": "37.68%"}, "return on tangible equity": {"2020-12-31": "10.73%", "2020-09-30": "0.72%", "2020-06-30": "-8.16%", "2020-03-31": "-57.80%", "2019-12-31": "-78.01%", "2019-09-30": "-71.06%", "2019-06-30": "-70.09%", "2019-03-31": "-65.24%", "2018-12-31": "-58.79%", "2018-09-30": "-58.41%", "2018-06-30": "-53.12%", "2018-03-31": "-47.14%", "2017-12-31": "-44.79%", "2017-09-30": "-46.44%", "2017-06-30": "-48.46%", "2017-03-31": "-73.83%", "2016-12-31": "-277.79%", "2016-09-30": "155.50%", "2016-06-30": "48.65%", "2016-03-31": "32.90%", "2015-12-31": "27.05%", "2015-09-30": "20.48%", "2015-06-30": "21.57%", "2015-03-31": "27.27%", "2014-12-31": "27.64%", "2014-09-30": "29.34%", "2014-06-30": "29.73%", "2014-03-31": "30.75%", "2013-12-31": "31.17%", "2013-09-30": "32.13%", "2013-06-30": "32.29%", "2013-03-31": "33.67%", "2012-12-31": "35.91%", "2012-09-30": "36.85%", "2012-06-30": "37.76%", "2012-03-31": "38.49%", "2011-12-31": "40.43%", "2011-09-30": "43.15%", "2011-06-30": "45.69%", "2011-03-31": "49.67%", "2010-12-31": "50.08%", "2010-09-30": "50.80%", "2010-06-30": "53.30%", "2010-03-31": "54.43%", "2009-12-31": "56.84%", "2009-09-30": "58.50%", "2009-06-30": "56.42%", "2009-03-31": "56.75%", "2008-12-31": "57.96%", "2008-09-30": "59.34%", "2008-06-30": "60.31%", "2008-03-31": "59.24%", "2007-12-31": "57.10%", "2007-09-30": "56.26%", "2007-06-30": "54.62%", "2007-03-31": "53.24%", "2006-12-31": "55.37%", "2006-09-30": "56.67%", "2006-06-30": "58.73%", "2006-03-31": "62.80%", "2005-12-31": "63.32%"}, "dividend yield history": {"last payout": "$1.80", "last yield": "2.34%"}}