{"ticker": "TMUS", "price": {"title": "T-Mobile US Historical Annual Stock Price Data", "value": 125.28, "historical": {"2020": {"Average Stock Price": "103.8947", "Year Open": "78.5900", "Year High": "134.8500", "Year Low": "74.3200", "Year Close": "134.8500", "Annual % Change": "71.96%"}, "2019": {"Average Stock Price": "75.3865", "Year Open": "65.2600", "Year High": "84.2500", "Year Low": "65.0200", "Year Close": "78.4200", "Annual % Change": "23.28%"}, "2018": {"Average Stock Price": "63.2728", "Year Open": "64.0400", "Year High": "70.4900", "Year Low": "55.5800", "Year Close": "63.6100", "Annual % Change": "0.16%"}, "2017": {"Average Stock Price": "62.5912", "Year Open": "58.3200", "Year High": "68.3200", "Year Low": "55.3600", "Year Close": "63.5100", "Annual % Change": "10.43%"}, "2016": {"Average Stock Price": "44.2935", "Year Open": "38.9500", "Year High": "58.5500", "Year Low": "33.8900", "Year Close": "57.5100", "Annual % Change": "47.01%"}, "2015": {"Average Stock Price": "36.4472", "Year Open": "27.3000", "Year High": "43.0300", "Year Low": "26.8700", "Year Close": "39.1200", "Annual % Change": "45.21%"}, "2014": {"Average Stock Price": "30.5869", "Year Open": "33.3700", "Year High": "34.8600", "Year Low": "24.5700", "Year Close": "26.9400", "Annual % Change": "-19.92%"}, "2013": {"Average Stock Price": "23.3608", "Year Open": "19.4000", "Year High": "33.6400", "Year Low": "16.5200", "Year Close": "33.6400", "Annual % Change": "69.22%"}, "2012": {"Average Stock Price": "18.0401", "Year Open": "18.7800", "Year High": "27.1400", "Year Low": "11.1800", "Year Close": "19.8800", "Annual % Change": "14.52%"}, "2011": {"Average Stock Price": "25.9341", "Year Open": "26.1400", "Year High": "37.3800", "Year Low": "15.0200", "Year Close": "17.3600", "Annual % Change": "-31.27%"}, "2010": {"Average Stock Price": "17.8520", "Year Open": "15.9400", "Year High": "25.4800", "Year Low": "11.0600", "Year Close": "25.2600", "Annual % Change": "65.53%"}, "2009": {"Average Stock Price": "24.1134", "Year Open": "29.7200", "Year High": "37.5000", "Year Low": "11.7000", "Year Close": "15.2600", "Annual % Change": "-48.62%"}, "2008": {"Average Stock Price": "33.3022", "Year Open": "37.3000", "Year High": "43.6600", "Year Low": "21.4200", "Year Close": "29.7000", "Annual % Change": "-23.65%"}, "2007": {"Average Stock Price": "54.8499", "Year Open": "54.8000", "Year High": "80.6600", "Year Low": "30.2000", "Year Close": "38.9000", "Annual % Change": "0.00%"}}}, "market cap": {"value": "$155.5B"}, "income statement": {"Revenue": {"2020-12-31": "68397.00000", "2019-12-31": "44998.00000", "2018-12-31": "43310.00000", "2017-12-31": "40604.00000", "2016-12-31": "37490.00000", "2015-12-31": "32467.00000", "2014-12-31": "29564.00000", "2013-12-31": "24420.00000", "2012-12-31": "19719.00000", "2011-12-31": "20618.00000", "2010-12-31": "4069.35300", "2009-12-31": "3480.51500", "2008-12-31": "2751.51600", "2007-12-31": "2235.73400", "2006-12-31": "1546.86300", "2005-12-31": "1038.42800"}, "Cost Of Goods Sold": {"2020-12-31": "28266.00000", "2019-12-31": "18521.00000", "2018-12-31": "18354.00000", "2017-12-31": "17708.00000", "2016-12-31": "16550.00000", "2015-12-31": "14898.00000", "2014-12-31": "15409.00000", "2013-12-31": "12255.00000", "2012-12-31": "8098.00000", "2011-12-31": "8598.00000", "2010-12-31": "2317.87500", "2009-12-31": "2004.32400", "2008-12-31": "1561.94300", "2007-12-31": "1244.74300", "2006-12-31": "922.15800", "2005-12-31": "584.08300"}, "Gross Profit": {"2020-12-31": "40131.00000", "2019-12-31": "26477.00000", "2018-12-31": "24956.00000", "2017-12-31": "22896.00000", "2016-12-31": "20940.00000", "2015-12-31": "17569.00000", "2014-12-31": "14155.00000", "2013-12-31": "12165.00000", "2012-12-31": "11621.00000", "2011-12-31": "12020.00000", "2010-12-31": "1751.47800", "2009-12-31": "1476.19100", "2008-12-31": "1189.57300", "2007-12-31": "990.99080", "2006-12-31": "624.70500", "2005-12-31": "454.34500"}, "Research And Development Expenses": {"2020-12-31": "", "2019-12-31": "", "2018-12-31": "", "2017-12-31": "", "2016-12-31": "", "2015-12-31": "", "2014-12-31": "", "2013-12-31": "", "2012-12-31": "", "2011-12-31": "", "2010-12-31": "", "2009-12-31": "", "2008-12-31": "", "2007-12-31": "", "2006-12-31": "", "2005-12-31": ""}, "SG&A Expenses": {"2020-12-31": "18926.00000", "2019-12-31": "14139.00000", "2018-12-31": "13161.00000", "2017-12-31": "12259.00000", "2016-12-31": "11378.00000", "2015-12-31": "10189.00000", "2014-12-31": "8863.00000", "2013-12-31": "7382.00000", "2012-12-31": "6796.00000", "2011-12-31": "6728.00000", "2010-12-31": "621.66000", "2009-12-31": "567.73000", "2008-12-31": "447.58200", "2007-12-31": "352.02000", "2006-12-31": "243.61800", "2005-12-31": "162.47600"}, "Other Operating Income Or Expenses": {"2020-12-31": "-418.00000", "2019-12-31": "", "2018-12-31": "", "2017-12-31": "235.00000", "2016-12-31": "731.00000", "2015-12-31": "-213.00000", "2014-12-31": "536.00000", "2013-12-31": "-160.00000", "2012-12-31": "-8035.00000", "2011-12-31": "-6589.00000", "2010-12-31": "38.81200", "2009-12-31": "4.68300", "2008-12-31": "-18.90500", "2007-12-31": "-0.65500", "2006-12-31": "-8.80600", "2005-12-31": "218.20300"}, "Operating Expenses": {"2020-12-31": "61761.00000", "2019-12-31": "39276.00000", "2018-12-31": "38001.00000", "2017-12-31": "35716.00000", "2016-12-31": "33440.00000", "2015-12-31": "29988.00000", "2014-12-31": "28148.00000", "2013-12-31": "23424.00000", "2012-12-31": "26116.00000", "2011-12-31": "24897.00000", "2010-12-31": "3350.45500", "2009-12-31": "2945.22700", "2008-12-31": "2283.74900", "2007-12-31": "1775.62000", "2006-12-31": "1309.61000", "2005-12-31": "616.25100"}, "Operating Income": {"2020-12-31": "6636.00000", "2019-12-31": "5722.00000", "2018-12-31": "5309.00000", "2017-12-31": "4888.00000", "2016-12-31": "4050.00000", "2015-12-31": "2479.00000", "2014-12-31": "1416.00000", "2013-12-31": "996.00000", "2012-12-31": "-6397.00000", "2011-12-31": "-4279.00000", "2010-12-31": "718.89820", "2009-12-31": "535.28810", "2008-12-31": "467.76710", "2007-12-31": "460.11380", "2006-12-31": "237.25290", "2005-12-31": "422.17690"}, "Total Non-Operating Income/Expense": {"2020-12-31": "-3106.00000", "2019-12-31": "-1119.00000", "2018-12-31": "-1392.00000", "2017-12-31": "-1727.00000", "2016-12-31": "-1723.00000", "2015-12-31": "-1501.00000", "2014-12-31": "-1003.00000", "2013-12-31": "-945.00000", "2012-12-31": "-589.00000", "2011-12-31": "-655.00000", "2010-12-31": "-406.60400", "2009-12-31": "-271.60900", "2008-12-31": "-188.34300", "2007-12-31": "-236.61300", "2006-12-31": "-146.73000", "2005-12-31": "-96.07500"}, "Pre-Tax Income": {"2020-12-31": "3530.00000", "2019-12-31": "4603.00000", "2018-12-31": "3917.00000", "2017-12-31": "3161.00000", "2016-12-31": "2327.00000", "2015-12-31": "978.00000", "2014-12-31": "413.00000", "2013-12-31": "51.00000", "2012-12-31": "-6986.00000", "2011-12-31": "-4934.00000", "2010-12-31": "312.29400", "2009-12-31": "263.67900", "2008-12-31": "279.42400", "2007-12-31": "223.50100", "2006-12-31": "90.52300", "2005-12-31": "326.10200"}, "Income Taxes": {"2020-12-31": "786.00000", "2019-12-31": "1135.00000", "2018-12-31": "1029.00000", "2017-12-31": "-1375.00000", "2016-12-31": "867.00000", "2015-12-31": "245.00000", "2014-12-31": "166.00000", "2013-12-31": "16.00000", "2012-12-31": "350.00000", "2011-12-31": "-216.00000", "2010-12-31": "118.87900", "2009-12-31": "86.83500", "2008-12-31": "129.98600", "2007-12-31": "123.09800", "2006-12-31": "36.71700", "2005-12-31": "127.42500"}, "Income After Taxes": {"2020-12-31": "2744.00000", "2019-12-31": "3468.00000", "2018-12-31": "2888.00000", "2017-12-31": "4536.00000", "2016-12-31": "1460.00000", "2015-12-31": "733.00000", "2014-12-31": "247.00000", "2013-12-31": "35.00000", "2012-12-31": "-7336.00000", "2011-12-31": "-4718.00000", "2010-12-31": "193.41500", "2009-12-31": "176.84400", "2008-12-31": "149.43800", "2007-12-31": "100.40300", "2006-12-31": "53.80600", "2005-12-31": "198.67700"}, "Other Income": {"2020-12-31": "", "2019-12-31": "", "2018-12-31": "", "2017-12-31": "", "2016-12-31": "", "2015-12-31": "", "2014-12-31": "", "2013-12-31": "", "2012-12-31": "", "2011-12-31": "", "2010-12-31": "", "2009-12-31": "", "2008-12-31": "", "2007-12-31": "", "2006-12-31": "", "2005-12-31": ""}, "Income From Continuous Operations": {"2020-12-31": "2744.00000", "2019-12-31": "3468.00000", "2018-12-31": "2888.00000", "2017-12-31": "4536.00000", "2016-12-31": "1460.00000", "2015-12-31": "733.00000", "2014-12-31": "247.00000", "2013-12-31": "35.00000", "2012-12-31": "-7336.00000", "2011-12-31": "-4718.00000", "2010-12-31": "193.41500", "2009-12-31": "176.84400", "2008-12-31": "149.43800", "2007-12-31": "100.40300", "2006-12-31": "53.80600", "2005-12-31": "198.67700"}, "Income From Discontinued Operations": {"2020-12-31": "320.00000", "2019-12-31": "", "2018-12-31": "", "2017-12-31": "", "2016-12-31": "", "2015-12-31": "", "2014-12-31": "", "2013-12-31": "", "2012-12-31": "", "2011-12-31": "", "2010-12-31": "", "2009-12-31": "", "2008-12-31": "", "2007-12-31": "", "2006-12-31": "", "2005-12-31": ""}, "Net Income": {"2020-12-31": "3064.00000", "2019-12-31": "3468.00000", "2018-12-31": "2888.00000", "2017-12-31": "4481.00000", "2016-12-31": "1405.00000", "2015-12-31": "678.00000", "2014-12-31": "247.00000", "2013-12-31": "35.00000", "2012-12-31": "-7336.00000", "2011-12-31": "-4718.00000", "2010-12-31": "193.41500", "2009-12-31": "176.84400", "2008-12-31": "149.43800", "2007-12-31": "92.72100", "2006-12-31": "28.98800", "2005-12-31": "176.06500"}, "EBITDA": {"2020-12-31": "20787.00000", "2019-12-31": "12338.00000", "2018-12-31": "11795.00000", "2017-12-31": "10872.00000", "2016-12-31": "10293.00000", "2015-12-31": "7167.00000", "2014-12-31": "5828.00000", "2013-12-31": "4623.00000", "2012-12-31": "-3291.00000", "2011-12-31": "-1381.00000", "2010-12-31": "1168.63000", "2009-12-31": "913.14400", "2008-12-31": "723.08610", "2007-12-31": "638.31580", "2006-12-31": "372.28090", "2005-12-31": "510.07190"}, "EBIT": {"2020-12-31": "6636.00000", "2019-12-31": "5722.00000", "2018-12-31": "5309.00000", "2017-12-31": "4888.00000", "2016-12-31": "4050.00000", "2015-12-31": "2479.00000", "2014-12-31": "1416.00000", "2013-12-31": "996.00000", "2012-12-31": "-6397.00000", "2011-12-31": "-4279.00000", "2010-12-31": "718.89820", "2009-12-31": "535.28810", "2008-12-31": "467.76710", "2007-12-31": "460.11380", "2006-12-31": "237.25290", "2005-12-31": "422.17690"}, "Basic Shares Outstanding": {"2020-12-31": "1144.20600", "2019-12-31": "854.14400", "2018-12-31": "849.74400", "2017-12-31": "831.85000", "2016-12-31": "822.47000", "2015-12-31": "812.99400", "2014-12-31": "805.28500", "2013-12-31": "672.95600", "2012-12-31": "535.28600", "2011-12-31": "535.28600", "2010-12-31": "176.85550", "2009-12-31": "175.94950", "2008-12-31": "174.69750", "2007-12-31": "143.84600", "2006-12-31": "77.91000", "2005-12-31": "67.67600"}, "Shares Outstanding": {"2020-12-31": "1154.74900", "2019-12-31": "863.43400", "2018-12-31": "858.29000", "2017-12-31": "871.78700", "2016-12-31": "833.05500", "2015-12-31": "822.61800", "2014-12-31": "815.92200", "2013-12-31": "676.88500", "2012-12-31": "535.28600", "2011-12-31": "535.28600", "2010-12-31": "178.06750", "2009-12-31": "177.97150", "2008-12-31": "177.69000", "2007-12-31": "148.16900", "2006-12-31": "79.84850", "2005-12-31": "76.80550"}, "Basic EPS": {"2020-12-31": "2.68000", "2019-12-31": "4.06000", "2018-12-31": "3.40000", "2017-12-31": "5.39000", "2016-12-31": "1.71000", "2015-12-31": "0.83000", "2014-12-31": "0.31000", "2013-12-31": "0.05000", "2012-12-31": "-13.70000", "2011-12-31": "-8.81000", "2010-12-31": "1.08000", "2009-12-31": "1.00000", "2008-12-31": "0.86000", "2007-12-31": "0.58000", "2006-12-31": "0.22000", "2005-12-31": "1.42000"}, "EPS - Earnings Per Share": {"2020-12-31": "2.65000", "2019-12-31": "4.02000", "2018-12-31": "3.36000", "2017-12-31": "5.20000", "2016-12-31": "1.69000", "2015-12-31": "0.82000", "2014-12-31": "0.30000", "2013-12-31": "0.05000", "2012-12-31": "-13.70000", "2011-12-31": "-8.81000", "2010-12-31": "1.08000", "2009-12-31": "0.98000", "2008-12-31": "0.84000", "2007-12-31": "0.56000", "2006-12-31": "0.20000", "2005-12-31": "1.24000"}}, "income statement, quarterly": {"Revenue": {"2020-12-31": "20341.00000", "2020-09-30": "19272.00000", "2020-06-30": "17671.00000", "2020-03-31": "11113.00000", "2019-12-31": "11878.00000", "2019-09-30": "11061.00000", "2019-06-30": "10979.00000", "2019-03-31": "11080.00000", "2018-12-31": "11445.00000", "2018-09-30": "10839.00000", "2018-06-30": "10571.00000", "2018-03-31": "10455.00000", "2017-12-31": "10759.00000", "2017-09-30": "10019.00000", "2017-06-30": "10213.00000", "2017-03-31": "9613.00000", "2016-12-31": "10234.00000", "2016-09-30": "9305.00000", "2016-06-30": "9287.00000", "2016-03-31": "8664.00000", "2015-12-31": "8661.00000", "2015-09-30": "7849.00000", "2015-06-30": "8179.00000", "2015-03-31": "7778.00000", "2014-12-31": "8154.00000", "2014-09-30": "7350.00000", "2014-06-30": "7185.00000", "2014-03-31": "6875.00000", "2013-12-31": "6827.00000", "2013-09-30": "6688.00000", "2013-06-30": "6228.00000", "2013-03-31": "4677.00000", "2012-12-31": "4909.00000", "2012-09-30": "4893.00000", "2012-06-30": "4883.00000", "2012-03-31": "1276.59000", "2011-12-31": "1238.16400", "2011-09-30": "1205.38800", "2011-06-30": "1209.45300", "2011-03-31": "1194.37700", "2010-12-31": "1065.52500", "2010-09-30": "1020.78900", "2010-06-30": "1012.53600", "2010-03-31": "970.50300", "2009-12-31": "929.98080", "2009-09-30": "895.59300", "2009-06-30": "859.61200", "2009-03-31": "795.32900", "2008-12-31": "723.63420", "2008-09-30": "686.72100", "2008-06-30": "678.80700", "2008-03-31": "662.35400", "2007-12-31": "591.13390", "2007-09-30": "556.73800", "2007-06-30": "551.17600", "2007-03-31": "536.68600", "2006-12-31": "453.09210", "2006-09-30": "396.11600", "2006-06-30": "368.19400", "2006-03-31": "329.46100", "2005-09-30": "263.55500", "2005-06-30": "250.68900"}, "Cost Of Goods Sold": {"2020-12-31": "9652.00000", "2020-09-30": "7681.00000", "2020-06-30": "6765.00000", "2020-03-31": "4168.00000", "2019-12-31": "5212.00000", "2019-09-30": "4437.00000", "2019-06-30": "4310.00000", "2019-03-31": "4562.00000", "2018-12-31": "5170.00000", "2018-09-30": "4448.00000", "2018-06-30": "4302.00000", "2018-03-31": "4434.00000", "2017-12-31": "5039.00000", "2017-09-30": "4211.00000", "2017-06-30": "4364.00000", "2017-03-31": "4094.00000", "2016-12-31": "4732.00000", "2016-09-30": "3975.00000", "2016-06-30": "4048.00000", "2016-03-31": "3795.00000", "2015-12-31": "3403.00000", "2015-09-30": "3363.00000", "2015-06-30": "4058.00000", "2015-03-31": "4074.00000", "2014-12-31": "4195.00000", "2014-09-30": "3796.00000", "2014-06-30": "3668.00000", "2014-03-31": "3750.00000", "2013-12-31": "3538.00000", "2013-09-30": "3459.00000", "2013-06-30": "3263.00000", "2013-03-31": "1995.00000", "2012-12-31": "2127.00000", "2012-09-30": "2007.00000", "2012-06-30": "1923.00000", "2012-03-31": "847.79100", "2011-12-31": "728.68200", "2011-09-30": "725.50600", "2011-06-30": "708.56400", "2011-03-31": "750.67900", "2010-12-31": "606.01000", "2010-09-30": "569.95300", "2010-06-30": "543.52200", "2010-03-31": "598.39000", "2009-12-31": "540.21800", "2009-09-30": "497.38000", "2009-06-30": "496.13300", "2009-03-31": "470.59300", "2008-12-31": "427.12290", "2008-09-30": "379.96100", "2008-06-30": "366.22800", "2008-03-31": "388.63100", "2007-12-31": "335.58400", "2007-09-30": "294.85000", "2007-06-30": "295.66600", "2007-03-31": "318.64300", "2006-12-31": "277.75000", "2006-09-30": "231.50600", "2006-06-30": "219.50200", "2006-03-31": "193.40000", "2005-09-30": "149.40100", "2005-06-30": "131.23100"}, "Gross Profit": {"2020-12-31": "10689.00000", "2020-09-30": "11591.00000", "2020-06-30": "10906.00000", "2020-03-31": "6945.00000", "2019-12-31": "6666.00000", "2019-09-30": "6624.00000", "2019-06-30": "6669.00000", "2019-03-31": "6518.00000", "2018-12-31": "6275.00000", "2018-09-30": "6391.00000", "2018-06-30": "6269.00000", "2018-03-31": "6021.00000", "2017-12-31": "5720.00000", "2017-09-30": "5808.00000", "2017-06-30": "5849.00000", "2017-03-31": "5519.00000", "2016-12-31": "5502.00000", "2016-09-30": "5330.00000", "2016-06-30": "5239.00000", "2016-03-31": "4869.00000", "2015-12-31": "5258.00000", "2015-09-30": "4486.00000", "2015-06-30": "4121.00000", "2015-03-31": "3704.00000", "2014-12-31": "3959.00000", "2014-09-30": "3554.00000", "2014-06-30": "3517.00000", "2014-03-31": "3125.00000", "2013-12-31": "3289.00000", "2013-09-30": "3229.00000", "2013-06-30": "2965.00000", "2013-03-31": "2682.00000", "2012-12-31": "2782.00000", "2012-09-30": "2886.00000", "2012-06-30": "2960.00000", "2012-03-31": "428.79900", "2011-12-31": "509.48190", "2011-09-30": "479.88200", "2011-06-30": "500.88900", "2011-03-31": "443.69790", "2010-12-31": "459.51490", "2010-09-30": "450.83600", "2010-06-30": "469.01400", "2010-03-31": "372.11300", "2009-12-31": "389.76280", "2009-09-30": "398.21300", "2009-06-30": "363.47900", "2009-03-31": "324.73600", "2008-12-31": "296.51130", "2008-09-30": "306.76000", "2008-06-30": "312.57900", "2008-03-31": "273.72300", "2007-12-31": "255.54980", "2007-09-30": "261.88800", "2007-06-30": "255.51000", "2007-03-31": "218.04300", "2006-12-31": "175.34210", "2006-09-30": "164.61000", "2006-06-30": "148.69200", "2006-03-31": "136.06100", "2005-09-30": "114.15400", "2005-06-30": "119.45800"}, "Research And Development Expenses": {"2020-12-31": "", "2020-09-30": "", "2020-06-30": "", "2020-03-31": "", "2019-12-31": "", "2019-09-30": "", "2019-06-30": "", "2019-03-31": "", "2018-12-31": "", "2018-09-30": "", "2018-06-30": "", "2018-03-31": "", "2017-12-31": "", "2017-09-30": "", "2017-06-30": "", "2017-03-31": "", "2016-12-31": "", "2016-09-30": "", "2016-06-30": "", "2016-03-31": "", "2015-12-31": "", "2015-09-30": "", "2015-06-30": "", "2015-03-31": "", "2014-12-31": "", "2014-09-30": "", "2014-06-30": "", "2014-03-31": "", "2013-12-31": "", "2013-09-30": "", "2013-06-30": "", "2013-03-31": "", "2012-12-31": "", "2012-09-30": "", "2012-06-30": "", "2012-03-31": "", "2011-12-31": "", "2011-09-30": "", "2011-06-30": "", "2011-03-31": "", "2010-12-31": "", "2010-09-30": "", "2010-06-30": "", "2010-03-31": "", "2009-12-31": "", "2009-09-30": "", "2009-06-30": "", "2009-03-31": "", "2008-12-31": "", "2008-09-30": "", "2008-06-30": "", "2008-03-31": "", "2007-12-31": "", "2007-09-30": "", "2007-06-30": "", "2007-03-31": "", "2006-12-31": "", "2006-09-30": "", "2006-06-30": "", "2006-03-31": "", "2005-09-30": "", "2005-06-30": ""}, "SG&A Expenses": {"2020-12-31": "4758.00000", "2020-09-30": "4876.00000", "2020-06-30": "5604.00000", "2020-03-31": "3688.00000", "2019-12-31": "3656.00000", "2019-09-30": "3498.00000", "2019-06-30": "3543.00000", "2019-03-31": "3442.00000", "2018-12-31": "3498.00000", "2018-09-30": "3314.00000", "2018-06-30": "3185.00000", "2018-03-31": "3164.00000", "2017-12-31": "3291.00000", "2017-09-30": "3098.00000", "2017-06-30": "2915.00000", "2017-03-31": "2955.00000", "2016-12-31": "2959.00000", "2016-09-30": "2898.00000", "2016-06-30": "2772.00000", "2016-03-31": "2749.00000", "2015-12-31": "2755.00000", "2015-09-30": "2624.00000", "2015-06-30": "2438.00000", "2015-03-31": "2372.00000", "2014-12-31": "2333.00000", "2014-09-30": "2283.00000", "2014-06-30": "2151.00000", "2014-03-31": "2096.00000", "2013-12-31": "2096.00000", "2013-09-30": "1933.00000", "2013-06-30": "1847.00000", "2013-03-31": "1506.00000", "2012-12-31": "1792.00000", "2012-09-30": "840.00000", "2012-06-30": "871.00000", "2012-03-31": "176.59300", "2011-12-31": "157.17300", "2011-09-30": "162.45900", "2011-06-30": "154.55600", "2011-03-31": "169.77100", "2010-12-31": "155.72000", "2010-09-30": "147.43100", "2010-06-30": "158.60000", "2010-03-31": "159.90900", "2009-12-31": "150.53800", "2009-09-30": "138.46000", "2009-06-30": "142.32100", "2009-03-31": "136.41100", "2008-12-31": "113.13500", "2008-09-30": "116.65400", "2008-06-30": "113.41900", "2008-03-31": "104.37400", "2007-12-31": "111.87000", "2007-09-30": "84.49600", "2007-06-30": "82.71700", "2007-03-31": "72.93700", "2006-12-31": "71.69700", "2006-09-30": "60.22000", "2006-06-30": "60.26400", "2006-03-31": "51.43700", "2005-09-30": "39.01600", "2005-06-30": "39.34200"}, "Other Operating Income Or Expenses": {"2020-12-31": "", "2020-09-30": "", "2020-06-30": "-418.00000", "2020-03-31": "", "2019-12-31": "", "2019-09-30": "", "2019-06-30": "", "2019-03-31": "", "2018-12-31": "", "2018-09-30": "", "2018-06-30": "", "2018-03-31": "", "2017-12-31": "168.00000", "2017-09-30": "29.00000", "2017-06-30": "1.00000", "2017-03-31": "37.00000", "2016-12-31": "6.00000", "2016-09-30": "184.00000", "2016-06-30": "-59.00000", "2016-03-31": "600.00000", "2015-12-31": "118.00000", "2015-09-30": "-192.00000", "2015-06-30": "-11.00000", "2015-03-31": "-128.00000", "2014-12-31": "-103.00000", "2014-09-30": "-84.00000", "2014-06-30": "725.00000", "2014-03-31": "-2.00000", "2013-12-31": "-111.00000", "2013-09-30": "-12.00000", "2013-06-30": "-26.00000", "2013-03-31": "-11.00000", "2012-12-31": "48.00000", "2012-09-30": "-7955.00000", "2012-06-30": "-19.00000", "2012-03-31": "-1.12000", "2011-12-31": "-0.88800", "2011-09-30": "-1.28300", "2011-06-30": "-1.55300", "2011-03-31": "0.10500", "2010-12-31": "22.35100", "2010-09-30": "18.33300", "2010-06-30": "-2.70000", "2010-03-31": "0.82800", "2009-12-31": "-3.64600", "2009-09-30": "-2.56900", "2009-06-30": "-14.01000", "2009-03-31": "24.90800", "2008-12-31": "-14.43400", "2008-09-30": "-1.82200", "2008-06-30": "-2.62800", "2008-03-31": "-0.02100", "2007-12-31": "0.76300", "2007-09-30": "1.23900", "2007-06-30": "0.39300", "2007-03-31": "-3.05000", "2006-12-31": "1.95700", "2006-09-30": "1.61500", "2006-06-30": "-2.01300", "2006-03-31": "-10.36500", "2005-09-30": "-5.44900", "2005-06-30": "224.90100"}, "Operating Expenses": {"2020-12-31": "18629.00000", "2020-09-30": "16707.00000", "2020-06-30": "16851.00000", "2020-03-31": "9574.00000", "2019-12-31": "10644.00000", "2019-09-30": "9590.00000", "2019-06-30": "9438.00000", "2019-03-31": "9604.00000", "2018-12-31": "10308.00000", "2018-09-30": "9399.00000", "2018-06-30": "9121.00000", "2018-03-31": "9173.00000", "2017-12-31": "9647.00000", "2017-09-30": "8696.00000", "2017-06-30": "8797.00000", "2017-03-31": "8576.00000", "2016-12-31": "9233.00000", "2016-09-30": "8257.00000", "2016-06-30": "8454.00000", "2016-03-31": "7496.00000", "2015-12-31": "7409.00000", "2015-09-30": "7336.00000", "2015-06-30": "7582.00000", "2015-03-31": "7661.00000", "2014-12-31": "7721.00000", "2014-09-30": "7301.00000", "2014-06-30": "6223.00000", "2014-03-31": "6903.00000", "2013-12-31": "6688.00000", "2013-09-30": "6391.00000", "2013-06-30": "6047.00000", "2013-03-31": "4298.00000", "2012-12-31": "4662.00000", "2012-09-30": "12486.00000", "2012-06-30": "4431.00000", "2012-03-31": "1178.32300", "2011-12-31": "1023.04900", "2011-09-30": "1028.55700", "2011-06-30": "999.19800", "2011-03-31": "1049.04000", "2010-12-31": "858.20380", "2010-09-30": "812.85500", "2010-06-30": "814.12400", "2010-03-31": "865.27200", "2009-12-31": "800.15990", "2009-09-30": "737.38600", "2009-06-30": "743.83900", "2009-03-31": "663.84200", "2008-12-31": "624.19210", "2008-09-30": "566.06800", "2008-06-30": "543.16300", "2008-03-31": "550.32600", "2007-12-31": "498.89610", "2007-09-30": "423.60000", "2007-06-30": "419.11400", "2007-03-31": "434.01000", "2006-12-31": "386.33110", "2006-09-30": "326.72200", "2006-06-30": "314.09500", "2006-03-31": "282.46200", "2005-09-30": "215.77700", "2005-06-30": "-33.61400"}, "Operating Income": {"2020-12-31": "1712.00000", "2020-09-30": "2565.00000", "2020-06-30": "820.00000", "2020-03-31": "1539.00000", "2019-12-31": "1234.00000", "2019-09-30": "1471.00000", "2019-06-30": "1541.00000", "2019-03-31": "1476.00000", "2018-12-31": "1137.00000", "2018-09-30": "1440.00000", "2018-06-30": "1450.00000", "2018-03-31": "1282.00000", "2017-12-31": "1112.00000", "2017-09-30": "1323.00000", "2017-06-30": "1416.00000", "2017-03-31": "1037.00000", "2016-12-31": "1001.00000", "2016-09-30": "1048.00000", "2016-06-30": "833.00000", "2016-03-31": "1168.00000", "2015-12-31": "1252.00000", "2015-09-30": "513.00000", "2015-06-30": "597.00000", "2015-03-31": "117.00000", "2014-12-31": "433.00000", "2014-09-30": "49.00000", "2014-06-30": "962.00000", "2014-03-31": "-28.00000", "2013-12-31": "139.00000", "2013-09-30": "297.00000", "2013-06-30": "181.00000", "2013-03-31": "379.00000", "2012-12-31": "247.00000", "2012-09-30": "-7593.00000", "2012-06-30": "452.00000", "2012-03-31": "98.26700", "2011-12-31": "215.11490", "2011-09-30": "176.83090", "2011-06-30": "210.25500", "2011-03-31": "145.33690", "2010-12-31": "207.32110", "2010-09-30": "207.93400", "2010-06-30": "198.41200", "2010-03-31": "105.23100", "2009-12-31": "129.82100", "2009-09-30": "158.20700", "2009-06-30": "115.77300", "2009-03-31": "131.48700", "2008-12-31": "99.44210", "2008-09-30": "120.65300", "2008-06-30": "135.64400", "2008-03-31": "112.02800", "2007-12-31": "92.23770", "2007-09-30": "133.13800", "2007-06-30": "132.06200", "2007-03-31": "102.67600", "2006-12-31": "66.76100", "2006-09-30": "69.39400", "2006-06-30": "54.09900", "2006-03-31": "46.99900", "2005-09-30": "47.77800", "2005-06-30": "284.30300"}, "Total Non-Operating Income/Expense": {"2020-12-31": "-891.00000", "2020-09-30": "-905.00000", "2020-06-30": "-1028.00000", "2020-03-31": "-282.00000", "2019-12-31": "-269.00000", "2019-09-30": "-276.00000", "2019-06-30": "-301.00000", "2019-03-31": "-273.00000", "2018-12-31": "-299.00000", "2018-09-30": "-310.00000", "2018-06-30": "-382.00000", "2018-03-31": "-401.00000", "2017-12-31": "-398.00000", "2017-09-30": "-417.00000", "2017-06-30": "-482.00000", "2017-03-31": "-430.00000", "2016-12-31": "-395.00000", "2016-09-30": "-450.00000", "2016-06-30": "-461.00000", "2016-03-31": "-417.00000", "2015-12-31": "-771.00000", "2015-09-30": "-275.00000", "2015-06-30": "-234.00000", "2015-03-31": "-221.00000", "2014-12-31": "-233.00000", "2014-09-30": "-260.00000", "2014-06-30": "-285.00000", "2014-03-31": "-225.00000", "2013-12-31": "-278.00000", "2013-09-30": "-291.00000", "2013-06-30": "-176.00000", "2013-03-31": "-200.00000", "2012-12-31": "-177.00000", "2012-09-30": "-130.00000", "2012-06-30": "-110.00000", "2012-03-31": "-69.60500", "2011-12-31": "-67.38600", "2011-09-30": "-68.88700", "2011-06-30": "-75.81900", "2011-03-31": "-55.79100", "2010-12-31": "-192.26000", "2010-09-30": "-81.28100", "2010-06-30": "-65.59000", "2010-03-31": "-67.47300", "2009-12-31": "-71.13700", "2009-09-30": "-70.30700", "2009-06-30": "-70.98700", "2009-03-31": "-59.17800", "2008-12-31": "-51.75500", "2008-09-30": "-41.05900", "2008-06-30": "-49.68800", "2008-03-31": "-45.84100", "2007-12-31": "-113.11000", "2007-09-30": "-46.51800", "2007-06-30": "-34.92800", "2007-03-31": "-42.05700", "2006-12-31": "-94.10800", "2006-09-30": "-20.62800", "2006-06-30": "-15.74200", "2006-03-31": "-16.25200", "2005-09-30": "-14.02600", "2005-06-30": "-60.18900"}, "Pre-Tax Income": {"2020-12-31": "821.00000", "2020-09-30": "1660.00000", "2020-06-30": "-208.00000", "2020-03-31": "1257.00000", "2019-12-31": "965.00000", "2019-09-30": "1195.00000", "2019-06-30": "1240.00000", "2019-03-31": "1203.00000", "2018-12-31": "838.00000", "2018-09-30": "1130.00000", "2018-06-30": "1068.00000", "2018-03-31": "881.00000", "2017-12-31": "714.00000", "2017-09-30": "906.00000", "2017-06-30": "934.00000", "2017-03-31": "607.00000", "2016-12-31": "606.00000", "2016-09-30": "598.00000", "2016-06-30": "372.00000", "2016-03-31": "751.00000", "2015-12-31": "481.00000", "2015-09-30": "238.00000", "2015-06-30": "363.00000", "2015-03-31": "-104.00000", "2014-12-31": "200.00000", "2014-09-30": "-211.00000", "2014-06-30": "677.00000", "2014-03-31": "-253.00000", "2013-12-31": "-139.00000", "2013-09-30": "6.00000", "2013-06-30": "5.00000", "2013-03-31": "179.00000", "2012-12-31": "70.00000", "2012-09-30": "-7723.00000", "2012-06-30": "342.00000", "2012-03-31": "28.66200", "2011-12-31": "147.72900", "2011-09-30": "107.94400", "2011-06-30": "134.43600", "2011-03-31": "89.54600", "2010-12-31": "15.06100", "2010-09-30": "126.65300", "2010-06-30": "132.82200", "2010-03-31": "37.75800", "2009-12-31": "58.68400", "2009-09-30": "87.90000", "2009-06-30": "44.78600", "2009-03-31": "72.30900", "2008-12-31": "47.68700", "2008-09-30": "79.59400", "2008-06-30": "85.95600", "2008-03-31": "66.18700", "2007-12-31": "-20.87200", "2007-09-30": "86.62000", "2007-06-30": "97.13400", "2007-03-31": "60.61900", "2006-12-31": "-27.34700", "2006-09-30": "48.76600", "2006-06-30": "38.35700", "2006-03-31": "30.74700", "2005-09-30": "33.75200", "2005-06-30": "224.11400"}, "Income Taxes": {"2020-12-31": "71.00000", "2020-09-30": "407.00000", "2020-06-30": "2.00000", "2020-03-31": "306.00000", "2019-12-31": "214.00000", "2019-09-30": "325.00000", "2019-06-30": "301.00000", "2019-03-31": "295.00000", "2018-12-31": "198.00000", "2018-09-30": "335.00000", "2018-06-30": "286.00000", "2018-03-31": "210.00000", "2017-12-31": "-1993.00000", "2017-09-30": "356.00000", "2017-06-30": "353.00000", "2017-03-31": "-91.00000", "2016-12-31": "216.00000", "2016-09-30": "232.00000", "2016-06-30": "147.00000", "2016-03-31": "272.00000", "2015-12-31": "184.00000", "2015-09-30": "100.00000", "2015-06-30": "2.00000", "2015-03-31": "-41.00000", "2014-12-31": "99.00000", "2014-09-30": "-117.00000", "2014-06-30": "286.00000", "2014-03-31": "-102.00000", "2013-12-31": "-119.00000", "2013-09-30": "42.00000", "2013-06-30": "21.00000", "2013-03-31": "72.00000", "2012-12-31": "78.00000", "2012-09-30": "12.00000", "2012-06-30": "135.00000", "2012-03-31": "7.65800", "2011-12-31": "56.45800", "2011-09-30": "38.61800", "2011-06-30": "50.10100", "2011-03-31": "33.16800", "2010-12-31": "1.50900", "2010-09-30": "49.36600", "2010-06-30": "52.90700", "2010-03-31": "15.09700", "2009-12-31": "25.55900", "2009-09-30": "14.35000", "2009-06-30": "18.59000", "2009-03-31": "28.33600", "2008-12-31": "33.11300", "2008-09-30": "34.71400", "2008-06-30": "35.49100", "2008-03-31": "26.66800", "2007-12-31": "26.27900", "2007-09-30": "33.51200", "2007-06-30": "39.04000", "2007-03-31": "24.26700", "2006-12-31": "-10.52800", "2006-09-30": "19.50000", "2006-06-30": "15.36800", "2006-03-31": "12.37700", "2005-09-30": "13.19600", "2005-06-30": "87.63200"}, "Income After Taxes": {"2020-12-31": "750.00000", "2020-09-30": "1253.00000", "2020-06-30": "-210.00000", "2020-03-31": "951.00000", "2019-12-31": "751.00000", "2019-09-30": "870.00000", "2019-06-30": "939.00000", "2019-03-31": "908.00000", "2018-12-31": "640.00000", "2018-09-30": "795.00000", "2018-06-30": "782.00000", "2018-03-31": "671.00000", "2017-12-31": "2707.00000", "2017-09-30": "550.00000", "2017-06-30": "581.00000", "2017-03-31": "698.00000", "2016-12-31": "390.00000", "2016-09-30": "366.00000", "2016-06-30": "225.00000", "2016-03-31": "479.00000", "2015-12-31": "297.00000", "2015-09-30": "138.00000", "2015-06-30": "361.00000", "2015-03-31": "-63.00000", "2014-12-31": "101.00000", "2014-09-30": "-94.00000", "2014-06-30": "391.00000", "2014-03-31": "-151.00000", "2013-12-31": "-20.00000", "2013-09-30": "-36.00000", "2013-06-30": "-16.00000", "2013-03-31": "107.00000", "2012-12-31": "-8.00000", "2012-09-30": "-7735.00000", "2012-06-30": "207.00000", "2012-03-31": "21.00400", "2011-12-31": "91.27100", "2011-09-30": "69.32600", "2011-06-30": "84.33500", "2011-03-31": "56.37800", "2010-12-31": "13.55200", "2010-09-30": "77.28700", "2010-06-30": "79.91500", "2010-03-31": "22.66100", "2009-12-31": "33.12500", "2009-09-30": "73.55000", "2009-06-30": "26.19600", "2009-03-31": "43.97300", "2008-12-31": "14.57400", "2008-09-30": "44.88000", "2008-06-30": "50.46500", "2008-03-31": "39.51900", "2007-12-31": "-47.15100", "2007-09-30": "53.10800", "2007-06-30": "58.09400", "2007-03-31": "36.35200", "2006-12-31": "-16.81900", "2006-09-30": "29.26600", "2006-06-30": "22.98900", "2006-03-31": "18.37000", "2005-09-30": "20.55600", "2005-06-30": "136.48200"}, "Other Income": {"2020-12-31": "", "2020-09-30": "", "2020-06-30": "", "2020-03-31": "", "2019-12-31": "", "2019-09-30": "", "2019-06-30": "", "2019-03-31": "", "2018-12-31": "", "2018-09-30": "", "2018-06-30": "", "2018-03-31": "", "2017-12-31": "", "2017-09-30": "", "2017-06-30": "", "2017-03-31": "", "2016-12-31": "", "2016-09-30": "", "2016-06-30": "", "2016-03-31": "", "2015-12-31": "", "2015-09-30": "", "2015-06-30": "", "2015-03-31": "", "2014-12-31": "", "2014-09-30": "", "2014-06-30": "", "2014-03-31": "", "2013-12-31": "", "2013-09-30": "", "2013-06-30": "", "2013-03-31": "", "2012-12-31": "", "2012-09-30": "", "2012-06-30": "", "2012-03-31": "", "2011-12-31": "", "2011-09-30": "", "2011-06-30": "", "2011-03-31": "", "2010-12-31": "", "2010-09-30": "", "2010-06-30": "", "2010-03-31": "", "2009-12-31": "", "2009-09-30": "", "2009-06-30": "", "2009-03-31": "", "2008-12-31": "", "2008-09-30": "", "2008-06-30": "", "2008-03-31": "", "2007-12-31": "", "2007-09-30": "", "2007-06-30": "", "2007-03-31": "", "2006-12-31": "", "2006-09-30": "", "2006-06-30": "", "2006-03-31": "", "2005-09-30": "", "2005-06-30": ""}, "Income From Continuous Operations": {"2020-12-31": "750.00000", "2020-09-30": "1253.00000", "2020-06-30": "-210.00000", "2020-03-31": "951.00000", "2019-12-31": "751.00000", "2019-09-30": "870.00000", "2019-06-30": "939.00000", "2019-03-31": "908.00000", "2018-12-31": "640.00000", "2018-09-30": "795.00000", "2018-06-30": "782.00000", "2018-03-31": "671.00000", "2017-12-31": "2707.00000", "2017-09-30": "550.00000", "2017-06-30": "581.00000", "2017-03-31": "698.00000", "2016-12-31": "390.00000", "2016-09-30": "366.00000", "2016-06-30": "225.00000", "2016-03-31": "479.00000", "2015-12-31": "297.00000", "2015-09-30": "138.00000", "2015-06-30": "361.00000", "2015-03-31": "-63.00000", "2014-12-31": "101.00000", "2014-09-30": "-94.00000", "2014-06-30": "391.00000", "2014-03-31": "-151.00000", "2013-12-31": "-20.00000", "2013-09-30": "-36.00000", "2013-06-30": "-16.00000", "2013-03-31": "107.00000", "2012-12-31": "-8.00000", "2012-09-30": "-7735.00000", "2012-06-30": "207.00000", "2012-03-31": "21.00400", "2011-12-31": "91.27100", "2011-09-30": "69.32600", "2011-06-30": "84.33500", "2011-03-31": "56.37800", "2010-12-31": "13.55200", "2010-09-30": "77.28700", "2010-06-30": "79.91500", "2010-03-31": "22.66100", "2009-12-31": "33.12500", "2009-09-30": "73.55000", "2009-06-30": "26.19600", "2009-03-31": "43.97300", "2008-12-31": "14.57400", "2008-09-30": "44.88000", "2008-06-30": "50.46500", "2008-03-31": "39.51900", "2007-12-31": "-47.15100", "2007-09-30": "53.10800", "2007-06-30": "58.09400", "2007-03-31": "36.35200", "2006-12-31": "-16.81900", "2006-09-30": "29.26600", "2006-06-30": "22.98900", "2006-03-31": "18.37000", "2005-09-30": "20.55600", "2005-06-30": "136.48200"}, "Income From Discontinued Operations": {"2020-12-31": "", "2020-09-30": "", "2020-06-30": "320.00000", "2020-03-31": "", "2019-12-31": "", "2019-09-30": "", "2019-06-30": "", "2019-03-31": "", "2018-12-31": "", "2018-09-30": "", "2018-06-30": "", "2018-03-31": "", "2017-12-31": "", "2017-09-30": "", "2017-06-30": "", "2017-03-31": "", "2016-12-31": "", "2016-09-30": "", "2016-06-30": "", "2016-03-31": "", "2015-12-31": "", "2015-09-30": "", "2015-06-30": "", "2015-03-31": "", "2014-12-31": "", "2014-09-30": "", "2014-06-30": "", "2014-03-31": "", "2013-12-31": "", "2013-09-30": "", "2013-06-30": "", "2013-03-31": "", "2012-12-31": "", "2012-09-30": "", "2012-06-30": "", "2012-03-31": "", "2011-12-31": "", "2011-09-30": "", "2011-06-30": "", "2011-03-31": "", "2010-12-31": "", "2010-09-30": "", "2010-06-30": "", "2010-03-31": "", "2009-12-31": "", "2009-09-30": "", "2009-06-30": "", "2009-03-31": "", "2008-12-31": "", "2008-09-30": "", "2008-06-30": "", "2008-03-31": "", "2007-12-31": "", "2007-09-30": "", "2007-06-30": "", "2007-03-31": "", "2006-12-31": "", "2006-09-30": "", "2006-06-30": "", "2006-03-31": "", "2005-09-30": "", "2005-06-30": ""}, "Net Income": {"2020-12-31": "750.00000", "2020-09-30": "1253.00000", "2020-06-30": "110.00000", "2020-03-31": "951.00000", "2019-12-31": "751.00000", "2019-09-30": "870.00000", "2019-06-30": "939.00000", "2019-03-31": "908.00000", "2018-12-31": "640.00000", "2018-09-30": "795.00000", "2018-06-30": "782.00000", "2018-03-31": "671.00000", "2017-12-31": "2693.00000", "2017-09-30": "537.00000", "2017-06-30": "567.00000", "2017-03-31": "684.00000", "2016-12-31": "376.00000", "2016-09-30": "353.00000", "2016-06-30": "211.00000", "2016-03-31": "465.00000", "2015-12-31": "283.00000", "2015-09-30": "125.00000", "2015-06-30": "347.00000", "2015-03-31": "-77.00000", "2014-12-31": "101.00000", "2014-09-30": "-94.00000", "2014-06-30": "391.00000", "2014-03-31": "-151.00000", "2013-12-31": "-20.00000", "2013-09-30": "-36.00000", "2013-06-30": "-16.00000", "2013-03-31": "107.00000", "2012-12-31": "-8.00000", "2012-09-30": "-7735.00000", "2012-06-30": "207.00000", "2012-03-31": "21.00400", "2011-12-31": "91.27100", "2011-09-30": "69.32600", "2011-06-30": "84.33500", "2011-03-31": "56.37800", "2010-12-31": "13.55200", "2010-09-30": "77.28700", "2010-06-30": "79.91500", "2010-03-31": "22.66100", "2009-12-31": "33.12500", "2009-09-30": "73.55000", "2009-06-30": "26.19600", "2009-03-31": "43.97300", "2008-12-31": "14.57400", "2008-09-30": "44.88000", "2008-06-30": "50.46500", "2008-03-31": "39.51900", "2007-12-31": "-47.15000", "2007-09-30": "53.10800", "2007-06-30": "56.53400", "2007-03-31": "30.22900", "2006-12-31": "-23.07200", "2006-09-30": "23.01200", "2006-06-30": "16.80100", "2006-03-31": "12.24700", "2005-09-30": "14.85000", "2005-06-30": "131.12700"}, "EBITDA": {"2020-12-31": "", "2020-09-30": "6715.00000", "2020-06-30": "4884.00000", "2020-03-31": "3257.00000", "2019-12-31": "3010.00000", "2019-09-30": "3126.00000", "2019-06-30": "3126.00000", "2019-03-31": "3076.00000", "2018-12-31": "2777.00000", "2018-09-30": "3077.00000", "2018-06-30": "3084.00000", "2018-03-31": "2857.00000", "2017-12-31": "2597.00000", "2017-09-30": "2739.00000", "2017-06-30": "2935.00000", "2017-03-31": "2601.00000", "2016-12-31": "2549.00000", "2016-09-30": "2616.00000", "2016-06-30": "2408.00000", "2016-03-31": "2720.00000", "2015-12-31": "2621.00000", "2015-09-30": "1670.00000", "2015-06-30": "1672.00000", "2015-03-31": "1204.00000", "2014-12-31": "433.00000", "2014-09-30": "49.00000", "2014-06-30": "962.00000", "2014-03-31": "-28.00000", "2013-12-31": "139.00000", "2013-09-30": "297.00000", "2013-06-30": "181.00000", "2013-03-31": "379.00000", "2012-12-31": "247.00000", "2012-09-30": "-7593.00000", "2012-06-30": "452.00000", "2012-03-31": "251.08600", "2011-12-31": "2710.58700", "2011-09-30": "316.14000", "2011-06-30": "344.77900", "2011-03-31": "274.03190", "2010-12-31": "326.14710", "2010-09-30": "321.73800", "2010-06-30": "307.71300", "2010-03-31": "213.03200", "2009-12-31": "235.58000", "2009-09-30": "257.18300", "2009-06-30": "207.14800", "2009-03-31": "213.23300", "2008-12-31": "168.94210", "2008-09-30": "188.28400", "2008-06-30": "196.53200", "2008-03-31": "169.32800", "2007-12-31": "144.44370", "2007-09-30": "178.63000", "2007-06-30": "173.18600", "2007-03-31": "142.05600", "2006-12-31": "105.60200", "2006-09-30": "106.00500", "2006-06-30": "86.41500", "2006-03-31": "74.25900", "2005-09-30": "69.68900", "2005-06-30": "284.30300"}, "EBIT": {"2020-12-31": "1712.00000", "2020-09-30": "2565.00000", "2020-06-30": "820.00000", "2020-03-31": "1539.00000", "2019-12-31": "1234.00000", "2019-09-30": "1471.00000", "2019-06-30": "1541.00000", "2019-03-31": "1476.00000", "2018-12-31": "1137.00000", "2018-09-30": "1440.00000", "2018-06-30": "1450.00000", "2018-03-31": "1282.00000", "2017-12-31": "1112.00000", "2017-09-30": "1323.00000", "2017-06-30": "1416.00000", "2017-03-31": "1037.00000", "2016-12-31": "1001.00000", "2016-09-30": "1048.00000", "2016-06-30": "833.00000", "2016-03-31": "1168.00000", "2015-12-31": "1252.00000", "2015-09-30": "513.00000", "2015-06-30": "597.00000", "2015-03-31": "117.00000", "2014-12-31": "433.00000", "2014-09-30": "49.00000", "2014-06-30": "962.00000", "2014-03-31": "-28.00000", "2013-12-31": "139.00000", "2013-09-30": "297.00000", "2013-06-30": "181.00000", "2013-03-31": "379.00000", "2012-12-31": "247.00000", "2012-09-30": "-7593.00000", "2012-06-30": "452.00000", "2012-03-31": "98.26700", "2011-12-31": "215.11490", "2011-09-30": "176.83090", "2011-06-30": "210.25500", "2011-03-31": "145.33690", "2010-12-31": "207.32120", "2010-09-30": "207.93400", "2010-06-30": "198.41200", "2010-03-31": "105.23100", "2009-12-31": "129.82100", "2009-09-30": "158.20700", "2009-06-30": "115.77300", "2009-03-31": "131.48700", "2008-12-31": "99.44200", "2008-09-30": "120.65300", "2008-06-30": "135.64400", "2008-03-31": "112.02800", "2007-12-31": "92.23780", "2007-09-30": "133.13800", "2007-06-30": "132.06200", "2007-03-31": "102.67600", "2006-12-31": "66.76090", "2006-09-30": "69.39400", "2006-06-30": "54.09900", "2006-03-31": "46.99900", "2005-09-30": "47.77800", "2005-06-30": "284.30300"}, "Basic Shares Outstanding": {"2020-12-31": "1241.57900", "2020-09-30": "1238.45100", "2020-06-30": "1236.52800", "2020-03-31": "858.14800", "2019-12-31": "854.14400", "2019-09-30": "854.57800", "2019-06-30": "854.36800", "2019-03-31": "851.22300", "2018-12-31": "849.74400", "2018-09-30": "847.08700", "2018-06-30": "847.66000", "2018-03-31": "855.22300", "2017-12-31": "831.85000", "2017-09-30": "831.19000", "2017-06-30": "830.97200", "2017-03-31": "827.72300", "2016-12-31": "822.47000", "2016-09-30": "822.99900", "2016-06-30": "822.43400", "2016-03-31": "819.43200", "2015-12-31": "812.99400", "2015-09-30": "815.06900", "2015-06-30": "811.60500", "2015-03-31": "808.60600", "2014-12-31": "805.28500", "2014-09-30": "807.22200", "2014-06-30": "803.92400", "2014-03-31": "802.52100", "2013-12-31": "672.95600", "2013-09-30": "726.87700", "2013-06-30": "664.60400", "2013-03-31": "535.28600", "2012-12-31": "535.28600", "2012-09-30": "535.28600", "2012-06-30": "535.28600", "2012-03-31": "181.35950", "2011-12-31": "181.16500", "2011-09-30": "181.00950", "2011-06-30": "180.11300", "2011-03-31": "178.49400", "2010-12-31": "176.85550", "2010-09-30": "176.97750", "2010-06-30": "176.63900", "2010-03-31": "176.39150", "2009-12-31": "175.94950", "2009-09-30": "176.09150", "2009-06-30": "175.95600", "2009-03-31": "175.54550", "2008-12-31": "174.69750", "2008-09-30": "174.99200", "2008-06-30": "174.52600", "2008-03-31": "174.08200", "2007-12-31": "143.84600", "2007-09-30": "173.42200", "2007-06-30": "148.33550", "2007-03-31": "78.51750", "2006-12-31": "77.91000", "2006-09-30": "78.00150", "2006-06-30": "77.91500", "2006-03-31": "77.58700", "2005-09-30": "65.49100", "2005-06-30": "65.16950"}, "Shares Outstanding": {"2020-12-31": "1251.56700", "2020-09-30": "1249.79900", "2020-06-30": "1236.52800", "2020-03-31": "865.99900", "2019-12-31": "863.43400", "2019-09-30": "862.69100", "2019-06-30": "860.13600", "2019-03-31": "858.64300", "2018-12-31": "858.29000", "2018-09-30": "853.85300", "2018-06-30": "852.04100", "2018-03-31": "862.24400", "2017-12-31": "871.78700", "2017-09-30": "871.42000", "2017-06-30": "870.45700", "2017-03-31": "869.39600", "2016-12-31": "833.05500", "2016-09-30": "832.25800", "2016-06-30": "829.75300", "2016-03-31": "859.38300", "2015-12-31": "822.61800", "2015-09-30": "822.01700", "2015-06-30": "821.12300", "2015-03-31": "808.60600", "2014-12-31": "815.92200", "2014-09-30": "807.22200", "2014-06-30": "813.55600", "2014-03-31": "802.52100", "2013-12-31": "676.88500", "2013-09-30": "726.87700", "2013-06-30": "664.60400", "2013-03-31": "535.28600", "2012-12-31": "535.28600", "2012-09-30": "535.28600", "2012-06-30": "535.28600", "2012-03-31": "182.14150", "2011-12-31": "181.76800", "2011-09-30": "182.43250", "2011-06-30": "182.69500", "2011-03-31": "180.70300", "2010-12-31": "178.06750", "2010-09-30": "178.21150", "2010-06-30": "177.84250", "2010-03-31": "177.00150", "2009-12-31": "177.97150", "2009-09-30": "177.67950", "2009-06-30": "178.54350", "2009-03-31": "178.21450", "2008-12-31": "177.69000", "2008-09-30": "177.94200", "2008-06-30": "178.08900", "2008-03-31": "177.28400", "2007-12-31": "148.16900", "2007-09-30": "178.31900", "2007-06-30": "153.24200", "2007-03-31": "81.72400", "2006-12-31": "79.84850", "2006-09-30": "79.82250", "2006-06-30": "79.67500", "2006-03-31": "79.64350", "2005-09-30": "76.13000", "2005-06-30": "75.97900"}, "Basic EPS": {"2020-12-31": "0.60000", "2020-09-30": "1.01000", "2020-06-30": "0.09000", "2020-03-31": "1.11000", "2019-12-31": "0.87000", "2019-09-30": "1.02000", "2019-06-30": "1.10000", "2019-03-31": "1.07000", "2018-12-31": "0.76000", "2018-09-30": "0.94000", "2018-06-30": "0.92000", "2018-03-31": "0.78000", "2017-12-31": "3.23000", "2017-09-30": "0.65000", "2017-06-30": "0.68000", "2017-03-31": "0.83000", "2016-12-31": "0.45000", "2016-09-30": "0.43000", "2016-06-30": "0.26000", "2016-03-31": "0.57000", "2015-12-31": "0.34000", "2015-09-30": "0.15000", "2015-06-30": "0.43000", "2015-03-31": "-0.09000", "2014-12-31": "0.13000", "2014-09-30": "-0.12000", "2014-06-30": "0.49000", "2014-03-31": "-0.19000", "2013-12-31": "-0.08000", "2013-09-30": "-0.05000", "2013-06-30": "-0.02000", "2013-03-31": "0.20000", "2012-12-31": "-0.01000", "2012-09-30": "-14.45000", "2012-06-30": "0.39000", "2012-03-31": "0.12000", "2011-12-31": "0.50000", "2011-09-30": "0.38000", "2011-06-30": "0.46000", "2011-03-31": "0.32000", "2010-12-31": "0.08000", "2010-09-30": "0.44000", "2010-06-30": "0.44000", "2010-03-31": "0.12000", "2009-12-31": "0.20000", "2009-09-30": "0.42000", "2009-06-30": "0.14000", "2009-03-31": "0.24000", "2008-12-31": "0.10000", "2008-09-30": "0.26000", "2008-06-30": "0.28000", "2008-03-31": "0.22000", "2007-12-31": "-0.28000", "2007-09-30": "0.30000", "2007-06-30": "0.34000", "2007-03-31": "0.22000", "2006-12-31": "-0.14000", "2006-09-30": "0.16000", "2006-06-30": "0.12000", "2006-03-31": "0.08000", "2005-09-30": "0.12000", "2005-06-30": "1.08000"}, "EPS - Earnings Per Share": {"2020-12-31": "0.60000", "2020-09-30": "1.00000", "2020-06-30": "0.09000", "2020-03-31": "1.10000", "2019-12-31": "0.86000", "2019-09-30": "1.01000", "2019-06-30": "1.09000", "2019-03-31": "1.06000", "2018-12-31": "0.73000", "2018-09-30": "0.93000", "2018-06-30": "0.92000", "2018-03-31": "0.78000", "2017-12-31": "3.10000", "2017-09-30": "0.63000", "2017-06-30": "0.67000", "2017-03-31": "0.80000", "2016-12-31": "0.46000", "2016-09-30": "0.42000", "2016-06-30": "0.25000", "2016-03-31": "0.56000", "2015-12-31": "0.34000", "2015-09-30": "0.15000", "2015-06-30": "0.42000", "2015-03-31": "-0.09000", "2014-12-31": "0.13000", "2014-09-30": "-0.12000", "2014-06-30": "0.48000", "2014-03-31": "-0.19000", "2013-12-31": "-0.08000", "2013-09-30": "-0.05000", "2013-06-30": "-0.02000", "2013-03-31": "0.20000", "2012-12-31": "-0.01000", "2012-09-30": "-14.45000", "2012-06-30": "0.39000", "2012-03-31": "0.12000", "2011-12-31": "0.50000", "2011-09-30": "0.38000", "2011-06-30": "0.46000", "2011-03-31": "0.30000", "2010-12-31": "0.08000", "2010-09-30": "0.44000", "2010-06-30": "0.44000", "2010-03-31": "0.12000", "2009-12-31": "0.18000", "2009-09-30": "0.42000", "2009-06-30": "0.14000", "2009-03-31": "0.24000", "2008-12-31": "0.08000", "2008-09-30": "0.26000", "2008-06-30": "0.28000", "2008-03-31": "0.22000", "2007-12-31": "-0.30000", "2007-09-30": "0.30000", "2007-06-30": "0.34000", "2007-03-31": "0.22000", "2006-12-31": "-0.16000", "2006-09-30": "0.16000", "2006-06-30": "0.12000", "2006-03-31": "0.08000", "2005-09-30": "0.10000", "2005-06-30": "0.92000"}}, "balance sheet": {"Cash On Hand": {"2020-12-31": "10385.00000", "2019-12-31": "1528.00000", "2018-12-31": "1203.00000", "2017-12-31": "1219.00000", "2016-12-31": "5500.00000", "2015-12-31": "7580.00000", "2014-12-31": "5315.00000", "2013-12-31": "5891.00000", "2012-12-31": "394.00000", "2011-12-31": "2243.25400", "2010-12-31": "1171.39300", "2009-12-31": "1154.31300", "2008-12-31": "697.95100", "2007-12-31": "1470.20800", "2006-12-31": "552.75600", "2005-12-31": "503.18100"}, "Receivables": {"2020-12-31": "7853.00000", "2019-12-31": "4508.00000", "2018-12-31": "4318.00000", "2017-12-31": "4227.00000", "2016-12-31": "3866.00000", "2015-12-31": "4202.00000", "2014-12-31": "5003.00000", "2013-12-31": "3660.00000", "2012-12-31": "3360.00000", "2011-12-31": "78.02300", "2010-12-31": "58.05600", "2009-12-31": "51.53600", "2008-12-31": "34.66600", "2007-12-31": "31.80900", "2006-12-31": "28.14000", "2005-12-31": "16.02800"}, "Inventory": {"2020-12-31": "2527.00000", "2019-12-31": "964.00000", "2018-12-31": "1084.00000", "2017-12-31": "1566.00000", "2016-12-31": "1111.00000", "2015-12-31": "1295.00000", "2014-12-31": "1085.00000", "2013-12-31": "586.00000", "2012-12-31": "457.00000", "2011-12-31": "239.64800", "2010-12-31": "161.04900", "2009-12-31": "147.40100", "2008-12-31": "155.95500", "2007-12-31": "109.13900", "2006-12-31": "92.91500", "2005-12-31": "39.43100"}, "Pre-Paid Expenses": {"2020-12-31": "624.00000", "2019-12-31": "", "2018-12-31": "", "2017-12-31": "", "2016-12-31": "", "2015-12-31": "", "2014-12-31": "", "2013-12-31": "", "2012-12-31": "", "2011-12-31": "55.71200", "2010-12-31": "50.47700", "2009-12-31": "48.35300", "2008-12-31": "56.34700", "2007-12-31": "60.46900", "2006-12-31": "33.10900", "2005-12-31": "21.43000"}, "Other Current Assets": {"2020-12-31": "2496.00000", "2019-12-31": "2305.00000", "2018-12-31": "1676.00000", "2017-12-31": "1903.00000", "2016-12-31": "3740.00000", "2015-12-31": "1813.00000", "2014-12-31": "1593.00000", "2013-12-31": "1252.00000", "2012-12-31": "675.00000", "2011-12-31": "44.77200", "2010-12-31": "63.13500", "2009-12-31": "28.42600", "2008-12-31": "47.41700", "2007-12-31": "21.70400", "2006-12-31": "24.28300", "2005-12-31": "16.64000"}, "Total Current Assets": {"2020-12-31": "23885.00000", "2019-12-31": "9305.00000", "2018-12-31": "8281.00000", "2017-12-31": "8915.00000", "2016-12-31": "14217.00000", "2015-12-31": "14890.00000", "2014-12-31": "13984.00000", "2013-12-31": "12228.00000", "2012-12-31": "5541.00000", "2011-12-31": "2743.59300", "2010-12-31": "1593.88500", "2009-12-31": "1491.39100", "2008-12-31": "1043.88400", "2007-12-31": "1732.88400", "2006-12-31": "758.52700", "2005-12-31": "612.10200"}, "Property, Plant, And Equipment": {"2020-12-31": "41175.00000", "2019-12-31": "21984.00000", "2018-12-31": "23359.00000", "2017-12-31": "22196.00000", "2016-12-31": "20943.00000", "2015-12-31": "20000.00000", "2014-12-31": "16245.00000", "2013-12-31": "15349.00000", "2012-12-31": "12807.00000", "2011-12-31": "4017.99900", "2010-12-31": "3659.44500", "2009-12-31": "3252.21300", "2008-12-31": "2847.75100", "2007-12-31": "1891.41100", "2006-12-31": "1256.16200", "2005-12-31": "831.49000"}, "Long-Term Investments": {"2020-12-31": "", "2019-12-31": "", "2018-12-31": "", "2017-12-31": "", "2016-12-31": "", "2015-12-31": "", "2014-12-31": "", "2013-12-31": "", "2012-12-31": "", "2011-12-31": "6.31900", "2010-12-31": "16.70000", "2009-12-31": "6.31900", "2008-12-31": "5.98600", "2007-12-31": "36.05000", "2006-12-31": "1.86500", "2005-12-31": "5.05200"}, "Goodwill And Intangible Assets": {"2020-12-31": "16415.00000", "2019-12-31": "2045.00000", "2018-12-31": "2099.00000", "2017-12-31": "1900.00000", "2016-12-31": "2059.00000", "2015-12-31": "2277.00000", "2014-12-31": "2553.00000", "2013-12-31": "2887.00000", "2012-12-31": "79.00000", "2011-12-31": "2539.04100", "2010-12-31": "2522.24100", "2009-12-31": "2470.18100", "2008-12-31": "2423.07400", "2007-12-31": "2072.89500", "2006-12-31": "2072.88500", "2005-12-31": "681.29900"}, "Other Long-Term Assets": {"2020-12-31": "85607.00000", "2019-12-31": "38356.00000", "2018-12-31": "37182.00000", "2017-12-31": "36278.00000", "2016-12-31": "27688.00000", "2015-12-31": "24399.00000", "2014-12-31": "22243.00000", "2013-12-31": "18414.00000", "2012-12-31": "15195.00000", "2011-12-31": "175.97900", "2010-12-31": "126.30900", "2009-12-31": "165.91300", "2008-12-31": "101.45300", "2007-12-31": "72.89000", "2006-12-31": "63.68300", "2005-12-31": "29.03800"}, "Total Long-Term Assets": {"2020-12-31": "176277.00000", "2019-12-31": "77616.00000", "2018-12-31": "64187.00000", "2017-12-31": "61648.00000", "2016-12-31": "51674.00000", "2015-12-31": "47523.00000", "2014-12-31": "42669.00000", "2013-12-31": "37725.00000", "2012-12-31": "28081.00000", "2011-12-31": "6739.33800", "2010-12-31": "6324.69500", "2009-12-31": "5894.62600", "2008-12-31": "5378.26400", "2007-12-31": "4073.24600", "2006-12-31": "3394.59500", "2005-12-31": "1546.87900"}, "Total Assets": {"2020-12-31": "200162.00000", "2019-12-31": "86921.00000", "2018-12-31": "72468.00000", "2017-12-31": "70563.00000", "2016-12-31": "65891.00000", "2015-12-31": "62413.00000", "2014-12-31": "56653.00000", "2013-12-31": "49953.00000", "2012-12-31": "33622.00000", "2011-12-31": "9482.93100", "2010-12-31": "7918.58000", "2009-12-31": "7386.01700", "2008-12-31": "6422.14800", "2007-12-31": "5806.13000", "2006-12-31": "4153.12200", "2005-12-31": "2158.98100"}, "Total Current Liabilities": {"2020-12-31": "21703.00000", "2019-12-31": "12506.00000", "2018-12-31": "10267.00000", "2017-12-31": "11515.00000", "2016-12-31": "9022.00000", "2015-12-31": "9528.00000", "2014-12-31": "8776.00000", "2013-12-31": "5808.00000", "2012-12-31": "5592.00000", "2011-12-31": "816.72300", "2010-12-31": "802.42000", "2009-12-31": "797.46900", "2008-12-31": "742.35600", "2007-12-31": "580.49000", "2006-12-31": "435.62900", "2005-12-31": "235.61700"}, "Long Term Debt": {"2020-12-31": "71018.00000", "2019-12-31": "28526.00000", "2018-12-31": "29263.00000", "2017-12-31": "29297.00000", "2016-12-31": "30053.00000", "2015-12-31": "28719.00000", "2014-12-31": "24394.00000", "2013-12-31": "22441.00000", "2012-12-31": "16116.00000", "2011-12-31": "4711.02100", "2010-12-31": "3757.28700", "2009-12-31": "3625.94900", "2008-12-31": "3057.98300", "2007-12-31": "2986.17700", "2006-12-31": "2580.00000", "2005-12-31": "902.86400"}, "Other Non-Current Liabilities": {"2020-12-31": "5412.00000", "2019-12-31": "954.00000", "2018-12-31": "967.00000", "2017-12-31": "935.00000", "2016-12-31": "1026.00000", "2015-12-31": "1067.00000", "2014-12-31": "616.00000", "2013-12-31": "701.00000", "2012-12-31": "297.00000", "2011-12-31": "90.45300", "2010-12-31": "72.82800", "2009-12-31": "81.66400", "2008-12-31": "135.26200", "2007-12-31": "59.77800", "2006-12-31": "26.31600", "2005-12-31": "20.85800"}, "Total Long Term Liabilities": {"2020-12-31": "113115.00000", "2019-12-31": "45626.00000", "2018-12-31": "37483.00000", "2017-12-31": "36489.00000", "2016-12-31": "38633.00000", "2015-12-31": "36328.00000", "2014-12-31": "32214.00000", "2013-12-31": "29900.00000", "2012-12-31": "21915.00000", "2011-12-31": "5738.60800", "2010-12-31": "4574.58400", "2009-12-31": "4300.40600", "2008-12-31": "3645.46900", "2007-12-31": "3376.89400", "2006-12-31": "3304.24800", "2005-12-31": "1555.45800"}, "Total Liabilities": {"2020-12-31": "134818.00000", "2019-12-31": "58132.00000", "2018-12-31": "47750.00000", "2017-12-31": "48004.00000", "2016-12-31": "47655.00000", "2015-12-31": "45856.00000", "2014-12-31": "40990.00000", "2013-12-31": "35708.00000", "2012-12-31": "27507.00000", "2011-12-31": "6555.33100", "2010-12-31": "5377.00400", "2009-12-31": "5097.87500", "2008-12-31": "4387.82500", "2007-12-31": "3957.38400", "2006-12-31": "3739.87700", "2005-12-31": "1791.07500"}, "Common Stock Net": {"2020-12-31": "", "2019-12-31": "", "2018-12-31": "", "2017-12-31": "", "2016-12-31": "", "2015-12-31": "", "2014-12-31": "", "2013-12-31": "", "2012-12-31": "", "2011-12-31": "0.03600", "2010-12-31": "0.03600", "2009-12-31": "0.03500", "2008-12-31": "0.03500", "2007-12-31": "0.03500", "2006-12-31": "0.01600", "2005-12-31": "0.01500"}, "Retained Earnings (Accumulated Deficit)": {"2020-12-31": "-5836.00000", "2019-12-31": "-8833.00000", "2018-12-31": "-12954.00000", "2017-12-31": "-16074.00000", "2016-12-31": "-20610.00000", "2015-12-31": "-22108.00000", "2014-12-31": "-22841.00000", "2013-12-31": "-23088.00000", "2012-12-31": "-23123.00000", "2011-12-31": "1159.41800", "2010-12-31": "858.10800", "2009-12-31": "664.69300", "2008-12-31": "487.84900", "2007-12-31": "338.41100", "2006-12-31": "245.69000", "2005-12-31": "216.70200"}, "Comprehensive Income": {"2020-12-31": "-1581.00000", "2019-12-31": "-868.00000", "2018-12-31": "-332.00000", "2017-12-31": "8.00000", "2016-12-31": "1.00000", "2015-12-31": "-1.00000", "2014-12-31": "1.00000", "2013-12-31": "3.00000", "2012-12-31": "41.00000", "2011-12-31": "-9.29500", "2010-12-31": "-1.41500", "2009-12-31": "-11.34000", "2008-12-31": "-32.53300", "2007-12-31": "-14.46900", "2006-12-31": "1.22400", "2005-12-31": "1.78300"}, "Other Share Holders Equity": {"2020-12-31": "", "2019-12-31": "", "2018-12-31": "", "2017-12-31": "", "2016-12-31": "", "2015-12-31": "", "2014-12-31": "", "2013-12-31": "", "2012-12-31": "", "2011-12-31": "", "2010-12-31": "", "2009-12-31": "", "2008-12-31": "", "2007-12-31": "", "2006-12-31": "", "2005-12-31": ""}, "Share Holder Equity": {"2020-12-31": "65344.00000", "2019-12-31": "28789.00000", "2018-12-31": "24718.00000", "2017-12-31": "22559.00000", "2016-12-31": "18236.00000", "2015-12-31": "16557.00000", "2014-12-31": "15663.00000", "2013-12-31": "14245.00000", "2012-12-31": "6115.00000", "2011-12-31": "2927.60000", "2010-12-31": "2541.57600", "2009-12-31": "2288.14200", "2008-12-31": "2034.32300", "2007-12-31": "1848.74600", "2006-12-31": "413.24500", "2005-12-31": "367.90600"}, "Total Liabilities And Share Holders Equity": {"2020-12-31": "200162.00000", "2019-12-31": "86921.00000", "2018-12-31": "72468.00000", "2017-12-31": "70563.00000", "2016-12-31": "65891.00000", "2015-12-31": "62413.00000", "2014-12-31": "56653.00000", "2013-12-31": "49953.00000", "2012-12-31": "33622.00000", "2011-12-31": "9482.93100", "2010-12-31": "7918.58000", "2009-12-31": "7386.01700", "2008-12-31": "6422.14800", "2007-12-31": "5806.13000", "2006-12-31": "4153.12200", "2005-12-31": "2158.98100"}}, "balance sheet, quarterly": {"Cash On Hand": {"2020-12-31": "10385.00000", "2020-09-30": "6571.00000", "2020-06-30": "11076.00000", "2020-03-31": "1112.00000", "2019-12-31": "1528.00000", "2019-09-30": "1653.00000", "2019-06-30": "1105.00000", "2019-03-31": "1439.00000", "2018-12-31": "1203.00000", "2018-09-30": "329.00000", "2018-06-30": "215.00000", "2018-03-31": "2527.00000", "2017-12-31": "1219.00000", "2017-09-30": "739.00000", "2017-06-30": "181.00000", "2017-03-31": "7501.00000", "2016-12-31": "5500.00000", "2016-09-30": "5352.00000", "2016-06-30": "5538.00000", "2016-03-31": "6572.00000", "2015-12-31": "7580.00000", "2015-09-30": "2633.00000", "2015-06-30": "2642.00000", "2015-03-31": "3032.00000", "2014-12-31": "5315.00000", "2014-09-30": "5787.00000", "2014-06-30": "3080.00000", "2014-03-31": "5471.00000", "2013-12-31": "5891.00000", "2013-09-30": "2365.00000", "2013-06-30": "2362.00000", "2013-03-31": "6176.69800", "2012-12-31": "394.00000", "2012-09-30": "2565.28200", "2012-06-30": "2348.55400", "2012-03-31": "2216.14900", "2011-12-31": "2243.25400", "2011-09-30": "2140.74200", "2011-06-30": "2155.94800", "2011-03-31": "1658.95100", "2010-12-31": "1171.39300", "2010-09-30": "1902.41600", "2010-06-30": "1076.39900", "2010-03-31": "1189.43100", "2009-12-31": "1154.31300", "2009-09-30": "1180.50600", "2009-06-30": "1094.64300", "2009-03-31": "1075.33700", "2008-12-31": "697.95100", "2008-09-30": "1020.39200", "2008-06-30": "1128.93700", "2008-03-31": "1310.72900", "2007-12-31": "1470.20800", "2007-09-30": "1706.43900", "2007-06-30": "1767.27400", "2007-03-31": "539.67100", "2006-12-31": "552.75600", "2006-09-30": "345.81100", "2006-06-30": "420.53900", "2006-03-31": "", "2005-09-30": "", "2005-06-30": ""}, "Receivables": {"2020-12-31": "7853.00000", "2020-09-30": "7415.00000", "2020-06-30": "6573.00000", "2020-03-31": "4268.00000", "2019-12-31": "4508.00000", "2019-09-30": "4267.00000", "2019-06-30": "4281.00000", "2019-03-31": "4231.00000", "2018-12-31": "4318.00000", "2018-09-30": "4030.00000", "2018-06-30": "3949.00000", "2018-03-31": "3983.00000", "2017-12-31": "4227.00000", "2017-09-30": "3894.00000", "2017-06-30": "3811.00000", "2017-03-31": "3768.00000", "2016-12-31": "3866.00000", "2016-09-30": "3600.00000", "2016-06-30": "3736.00000", "2016-03-31": "4066.00000", "2015-12-31": "4202.00000", "2015-09-30": "5239.00000", "2015-06-30": "5382.00000", "2015-03-31": "5277.00000", "2014-12-31": "5003.00000", "2014-09-30": "4515.00000", "2014-06-30": "4026.00000", "2014-03-31": "3620.00000", "2013-12-31": "3660.00000", "2013-09-30": "3389.00000", "2013-06-30": "3033.00000", "2013-03-31": "87.81000", "2012-12-31": "3360.00000", "2012-09-30": "95.26300", "2012-06-30": "87.86000", "2012-03-31": "80.97300", "2011-12-31": "78.02300", "2011-09-30": "65.04800", "2011-06-30": "62.50600", "2011-03-31": "56.64000", "2010-12-31": "58.05600", "2010-09-30": "46.73700", "2010-06-30": "47.78600", "2010-03-31": "52.83800", "2009-12-31": "51.53600", "2009-09-30": "47.78000", "2009-06-30": "54.15900", "2009-03-31": "45.25100", "2008-12-31": "34.66600", "2008-09-30": "39.30600", "2008-06-30": "38.44500", "2008-03-31": "32.82700", "2007-12-31": "31.80900", "2007-09-30": "34.36200", "2007-06-30": "29.53300", "2007-03-31": "25.53100", "2006-12-31": "28.14000", "2006-09-30": "23.50600", "2006-06-30": "19.72100", "2006-03-31": "", "2005-09-30": "", "2005-06-30": ""}, "Inventory": {"2020-12-31": "2527.00000", "2020-09-30": "1931.00000", "2020-06-30": "1549.00000", "2020-03-31": "1225.00000", "2019-12-31": "964.00000", "2019-09-30": "801.00000", "2019-06-30": "998.00000", "2019-03-31": "1261.00000", "2018-12-31": "1084.00000", "2018-09-30": "958.00000", "2018-06-30": "998.00000", "2018-03-31": "1311.00000", "2017-12-31": "1566.00000", "2017-09-30": "999.00000", "2017-06-30": "1208.00000", "2017-03-31": "1021.00000", "2016-12-31": "1111.00000", "2016-09-30": "1039.00000", "2016-06-30": "1388.00000", "2016-03-31": "1443.00000", "2015-12-31": "1295.00000", "2015-09-30": "1236.00000", "2015-06-30": "1135.00000", "2015-03-31": "1230.00000", "2014-12-31": "1085.00000", "2014-09-30": "674.00000", "2014-06-30": "791.00000", "2014-03-31": "676.00000", "2013-12-31": "586.00000", "2013-09-30": "761.00000", "2013-06-30": "819.00000", "2013-03-31": "254.87100", "2012-12-31": "457.00000", "2012-09-30": "312.63200", "2012-06-30": "259.01100", "2012-03-31": "252.15800", "2011-12-31": "239.64800", "2011-09-30": "147.00200", "2011-06-30": "140.04800", "2011-03-31": "285.84900", "2010-12-31": "161.04900", "2010-09-30": "126.20100", "2010-06-30": "195.36300", "2010-03-31": "117.59400", "2009-12-31": "147.40100", "2009-09-30": "88.12400", "2009-06-30": "99.87700", "2009-03-31": "103.15400", "2008-12-31": "155.95500", "2008-09-30": "82.49500", "2008-06-30": "43.14600", "2008-03-31": "65.47500", "2007-12-31": "109.13900", "2007-09-30": "96.09000", "2007-06-30": "90.00000", "2007-03-31": "106.72100", "2006-12-31": "92.91500", "2006-09-30": "39.64800", "2006-06-30": "29.10800", "2006-03-31": "", "2005-09-30": "", "2005-06-30": ""}, "Pre-Paid Expenses": {"2020-12-31": "624.00000", "2020-09-30": "659.00000", "2020-06-30": "627.00000", "2020-03-31": "", "2019-12-31": "333.00000", "2019-09-30": "", "2019-06-30": "", "2019-03-31": "", "2018-12-31": "", "2018-09-30": "", "2018-06-30": "", "2018-03-31": "", "2017-12-31": "", "2017-09-30": "", "2017-06-30": "", "2017-03-31": "", "2016-12-31": "", "2016-09-30": "", "2016-06-30": "", "2016-03-31": "", "2015-12-31": "", "2015-09-30": "", "2015-06-30": "", "2015-03-31": "", "2014-12-31": "", "2014-09-30": "", "2014-06-30": "", "2014-03-31": "", "2013-12-31": "", "2013-09-30": "", "2013-06-30": "", "2013-03-31": "97.36100", "2012-12-31": "", "2012-09-30": "80.04000", "2012-06-30": "88.08700", "2012-03-31": "70.64400", "2011-12-31": "55.71200", "2011-09-30": "66.76300", "2011-06-30": "64.98200", "2011-03-31": "60.76900", "2010-12-31": "50.47700", "2010-09-30": "60.04300", "2010-06-30": "65.40700", "2010-03-31": "69.55700", "2009-12-31": "48.35300", "2009-09-30": "88.79200", "2009-06-30": "61.13900", "2009-03-31": "69.15000", "2008-12-31": "56.34700", "2008-09-30": "67.79800", "2008-06-30": "53.94400", "2008-03-31": "51.33600", "2007-12-31": "60.46900", "2007-09-30": "53.38200", "2007-06-30": "44.66700", "2007-03-31": "40.20300", "2006-12-31": "33.10900", "2006-09-30": "25.85400", "2006-06-30": "25.25200", "2006-03-31": "", "2005-09-30": "", "2005-06-30": ""}, "Other Current Assets": {"2020-12-31": "2496.00000", "2020-09-30": "2889.00000", "2020-06-30": "4496.00000", "2020-03-31": "2882.00000", "2019-12-31": "1972.00000", "2019-09-30": "1737.00000", "2019-06-30": "1730.00000", "2019-03-31": "1814.00000", "2018-12-31": "1676.00000", "2018-09-30": "1969.00000", "2018-06-30": "1929.00000", "2018-03-31": "1788.00000", "2017-12-31": "1903.00000", "2017-09-30": "1817.00000", "2017-06-30": "1580.00000", "2017-03-31": "3609.00000", "2016-12-31": "3740.00000", "2016-09-30": "3539.00000", "2016-06-30": "3618.00000", "2016-03-31": "1263.00000", "2015-12-31": "1813.00000", "2015-09-30": "1890.00000", "2015-06-30": "1019.00000", "2015-03-31": "1063.00000", "2014-12-31": "1593.00000", "2014-09-30": "1369.00000", "2014-06-30": "1179.00000", "2014-03-31": "2267.00000", "2013-12-31": "1252.00000", "2013-09-30": "676.00000", "2013-06-30": "598.00000", "2013-03-31": "70.23800", "2012-12-31": "675.00000", "2012-09-30": "52.34900", "2012-06-30": "22.70900", "2012-03-31": "35.43400", "2011-12-31": "44.77200", "2011-09-30": "42.79500", "2011-06-30": "49.88700", "2011-03-31": "58.84800", "2010-12-31": "63.13500", "2010-09-30": "40.72100", "2010-06-30": "31.82400", "2010-03-31": "35.34000", "2009-12-31": "28.42600", "2009-09-30": "23.64200", "2009-06-30": "33.79000", "2009-03-31": "60.35200", "2008-12-31": "47.41700", "2008-09-30": "23.67500", "2008-06-30": "20.77800", "2008-03-31": "21.65700", "2007-12-31": "21.70400", "2007-09-30": "27.83700", "2007-06-30": "20.99800", "2007-03-31": "26.84400", "2006-12-31": "24.28300", "2006-09-30": "22.87000", "2006-06-30": "16.27800", "2006-03-31": "", "2005-09-30": "", "2005-06-30": ""}, "Total Current Assets": {"2020-12-31": "23885.00000", "2020-09-30": "19465.00000", "2020-06-30": "24321.00000", "2020-03-31": "9487.00000", "2019-12-31": "9305.00000", "2019-09-30": "8458.00000", "2019-06-30": "8114.00000", "2019-03-31": "8745.00000", "2018-12-31": "8281.00000", "2018-09-30": "7286.00000", "2018-06-30": "7091.00000", "2018-03-31": "9609.00000", "2017-12-31": "8915.00000", "2017-09-30": "7449.00000", "2017-06-30": "6780.00000", "2017-03-31": "15899.00000", "2016-12-31": "14217.00000", "2016-09-30": "13530.00000", "2016-06-30": "14280.00000", "2016-03-31": "13344.00000", "2015-12-31": "14890.00000", "2015-09-30": "12656.00000", "2015-06-30": "11657.00000", "2015-03-31": "11635.00000", "2014-12-31": "13984.00000", "2014-09-30": "13295.00000", "2014-06-30": "9896.00000", "2014-03-31": "12957.00000", "2013-12-31": "12228.00000", "2013-09-30": "7964.00000", "2013-06-30": "7313.00000", "2013-03-31": "6772.70400", "2012-12-31": "5541.00000", "2012-09-30": "3184.82200", "2012-06-30": "2895.80000", "2012-03-31": "2767.35000", "2011-12-31": "2743.59300", "2011-09-30": "2549.81800", "2011-06-30": "2568.30200", "2011-03-31": "2229.51000", "2010-12-31": "1593.88500", "2010-09-30": "2245.75400", "2010-06-30": "1487.52500", "2010-03-31": "1538.03100", "2009-12-31": "1491.39100", "2009-09-30": "1469.27100", "2009-06-30": "1394.36100", "2009-03-31": "1409.33000", "2008-12-31": "1043.88400", "2008-09-30": "1276.92500", "2008-06-30": "1321.50500", "2008-03-31": "1524.27500", "2007-12-31": "1732.88400", "2007-09-30": "1949.37400", "2007-06-30": "1978.71000", "2007-03-31": "767.73800", "2006-12-31": "758.52700", "2006-09-30": "489.49600", "2006-06-30": "534.92000", "2006-03-31": "", "2005-09-30": "", "2005-06-30": ""}, "Property, Plant, And Equipment": {"2020-12-31": "41175.00000", "2020-09-30": "38567.00000", "2020-06-30": "38801.00000", "2020-03-31": "22149.00000", "2019-12-31": "21984.00000", "2019-09-30": "22098.00000", "2019-06-30": "21847.00000", "2019-03-31": "21464.00000", "2018-12-31": "23359.00000", "2018-09-30": "22502.00000", "2018-06-30": "22375.00000", "2018-03-31": "22308.00000", "2017-12-31": "22196.00000", "2017-09-30": "21570.00000", "2017-06-30": "21423.00000", "2017-03-31": "21235.00000", "2016-12-31": "20943.00000", "2016-09-30": "20574.00000", "2016-06-30": "20570.00000", "2016-03-31": "20625.00000", "2015-12-31": "20000.00000", "2015-09-30": "18101.00000", "2015-06-30": "16910.00000", "2015-03-31": "16483.00000", "2014-12-31": "16245.00000", "2014-09-30": "15798.00000", "2014-06-30": "15537.00000", "2014-03-31": "15427.00000", "2013-12-31": "15349.00000", "2013-09-30": "15370.00000", "2013-06-30": "15185.00000", "2013-03-31": "4177.50000", "2012-12-31": "12807.00000", "2012-09-30": "4197.39900", "2012-06-30": "4069.34000", "2012-03-31": "4007.17700", "2011-12-31": "4017.99900", "2011-09-30": "4009.26500", "2011-06-30": "3856.86900", "2011-03-31": "3738.73300", "2010-12-31": "3659.44500", "2010-09-30": "3423.53300", "2010-06-30": "3306.44300", "2010-03-31": "3263.51100", "2009-12-31": "3252.21300", "2009-09-30": "3097.62500", "2009-06-30": "3038.98400", "2009-03-31": "2993.10800", "2008-12-31": "2847.75100", "2008-09-30": "2514.43500", "2008-06-30": "2263.22300", "2008-03-31": "2038.19400", "2007-12-31": "1891.41100", "2007-09-30": "1669.17500", "2007-06-30": "1534.40200", "2007-03-31": "1363.78600", "2006-12-31": "1256.16200", "2006-09-30": "1207.98200", "2006-06-30": "1091.41200", "2006-03-31": "", "2005-09-30": "", "2005-06-30": ""}, "Long-Term Investments": {"2020-12-31": "", "2020-09-30": "", "2020-06-30": "", "2020-03-31": "", "2019-12-31": "", "2019-09-30": "", "2019-06-30": "", "2019-03-31": "", "2018-12-31": "", "2018-09-30": "", "2018-06-30": "", "2018-03-31": "", "2017-12-31": "", "2017-09-30": "", "2017-06-30": "", "2017-03-31": "", "2016-12-31": "", "2016-09-30": "", "2016-06-30": "", "2016-03-31": "", "2015-12-31": "", "2015-09-30": "", "2015-06-30": "", "2015-03-31": "", "2014-12-31": "", "2014-09-30": "", "2014-06-30": "", "2014-03-31": "", "2013-12-31": "", "2013-09-30": "91.00000", "2013-06-30": "87.00000", "2013-03-31": "1.67900", "2012-12-31": "", "2012-09-30": "1.67900", "2012-06-30": "6.31900", "2012-03-31": "6.31900", "2011-12-31": "6.31900", "2011-09-30": "6.31900", "2011-06-30": "8.03500", "2011-03-31": "19.31400", "2010-12-31": "16.70000", "2010-09-30": "6.31900", "2010-06-30": "6.31900", "2010-03-31": "6.31900", "2009-12-31": "6.31900", "2009-09-30": "3.84600", "2009-06-30": "4.42200", "2009-03-31": "4.61200", "2008-12-31": "5.98600", "2008-09-30": "16.94500", "2008-06-30": "21.34800", "2008-03-31": "28.04900", "2007-12-31": "36.05000", "2007-09-30": "", "2007-06-30": "8.57300", "2007-03-31": "", "2006-12-31": "1.86500", "2006-09-30": "2.27200", "2006-06-30": "7.10200", "2006-03-31": "", "2005-09-30": "", "2005-06-30": ""}, "Goodwill And Intangible Assets": {"2020-12-31": "16415.00000", "2020-09-30": "16566.00000", "2020-06-30": "16948.00000", "2020-03-31": "2021.00000", "2019-12-31": "2045.00000", "2019-09-30": "2074.00000", "2019-06-30": "2058.00000", "2019-03-31": "2075.00000", "2018-12-31": "2099.00000", "2018-09-30": "2130.00000", "2018-06-30": "2161.00000", "2018-03-31": "2192.00000", "2017-12-31": "1900.00000", "2017-09-30": "1939.00000", "2017-06-30": "1979.00000", "2017-03-31": "2021.00000", "2016-12-31": "2059.00000", "2016-09-30": "2114.00000", "2016-06-30": "2169.00000", "2016-03-31": "2224.00000", "2015-12-31": "2277.00000", "2015-09-30": "2345.00000", "2015-06-30": "2418.00000", "2015-03-31": "2488.00000", "2014-12-31": "2553.00000", "2014-09-30": "2639.00000", "2014-06-30": "2723.00000", "2014-03-31": "2806.00000", "2013-12-31": "2887.00000", "2013-09-30": "2980.00000", "2013-06-30": "3073.00000", "2013-03-31": "2564.49500", "2012-12-31": "79.00000", "2012-09-30": "2562.31500", "2012-06-30": "2561.90400", "2012-03-31": "2541.65700", "2011-12-31": "2539.04100", "2011-09-30": "2538.60000", "2011-06-30": "2538.36000", "2011-03-31": "2537.13500", "2010-12-31": "2522.24100", "2010-09-30": "2490.62900", "2010-06-30": "2471.93000", "2010-03-31": "2470.56800", "2009-12-31": "2470.18100", "2009-09-30": "2451.54400", "2009-06-30": "2447.26900", "2009-03-31": "2439.65700", "2008-12-31": "2423.07400", "2008-09-30": "2391.34300", "2008-06-30": "2390.95900", "2008-03-31": "2072.89500", "2007-12-31": "2072.89500", "2007-09-30": "2072.89500", "2007-06-30": "2072.89500", "2007-03-31": "2072.88500", "2006-12-31": "2072.88500", "2006-09-30": "681.47500", "2006-06-30": "681.29900", "2006-03-31": "", "2005-09-30": "", "2005-06-30": ""}, "Other Long-Term Assets": {"2020-12-31": "85607.00000", "2020-09-30": "85410.00000", "2020-06-30": "85196.00000", "2020-03-31": "38497.00000", "2019-12-31": "38356.00000", "2019-09-30": "38241.00000", "2019-06-30": "38137.00000", "2019-03-31": "37279.00000", "2018-12-31": "37182.00000", "2018-09-30": "37041.00000", "2018-06-30": "36843.00000", "2018-03-31": "36661.00000", "2017-12-31": "36278.00000", "2017-09-30": "35865.00000", "2017-06-30": "35875.00000", "2017-03-31": "27918.00000", "2016-12-31": "27688.00000", "2016-09-30": "27215.00000", "2016-06-30": "26118.00000", "2016-03-31": "25966.00000", "2015-12-31": "24399.00000", "2015-09-30": "23997.00000", "2015-06-30": "24592.00000", "2015-03-31": "24369.00000", "2014-12-31": "22243.00000", "2014-09-30": "23383.00000", "2014-06-30": "23508.00000", "2014-03-31": "18979.00000", "2013-12-31": "18414.00000", "2013-09-30": "19362.00000", "2013-06-30": "19076.00000", "2013-03-31": "146.16800", "2012-12-31": "15195.00000", "2012-09-30": "125.69400", "2012-06-30": "196.26900", "2012-03-31": "186.70400", "2011-12-31": "175.97900", "2011-09-30": "175.59900", "2011-06-30": "129.46100", "2011-03-31": "123.61500", "2010-12-31": "126.30900", "2010-09-30": "154.37800", "2010-06-30": "206.90500", "2010-03-31": "178.12100", "2009-12-31": "165.91300", "2009-09-30": "140.60300", "2009-06-30": "125.50300", "2009-03-31": "124.50200", "2008-12-31": "101.45300", "2008-09-30": "78.32700", "2008-06-30": "81.74400", "2008-03-31": "237.17800", "2007-12-31": "72.89000", "2007-09-30": "73.73600", "2007-06-30": "71.76500", "2007-03-31": "67.80300", "2006-12-31": "63.68300", "2006-09-30": "244.94900", "2006-06-30": "31.55900", "2006-03-31": "", "2005-09-30": "", "2005-06-30": ""}, "Total Long-Term Assets": {"2020-12-31": "176277.00000", "2020-09-30": "172978.00000", "2020-06-30": "162878.00000", "2020-03-31": "77739.00000", "2019-12-31": "77616.00000", "2019-09-30": "77651.00000", "2019-06-30": "76674.00000", "2019-03-31": "74328.00000", "2018-12-31": "64187.00000", "2018-09-30": "62896.00000", "2018-06-30": "62601.00000", "2018-03-31": "62395.00000", "2017-12-31": "61648.00000", "2017-09-30": "60474.00000", "2017-06-30": "60379.00000", "2017-03-31": "52149.00000", "2016-12-31": "51674.00000", "2016-09-30": "50742.00000", "2016-06-30": "49688.00000", "2016-03-31": "49719.00000", "2015-12-31": "47523.00000", "2015-09-30": "45817.00000", "2015-06-30": "45531.00000", "2015-03-31": "44923.00000", "2014-12-31": "42669.00000", "2014-09-30": "41820.00000", "2014-06-30": "41768.00000", "2014-03-31": "37212.00000", "2013-12-31": "37725.00000", "2013-09-30": "37803.00000", "2013-06-30": "37421.00000", "2013-03-31": "6889.84200", "2012-12-31": "28081.00000", "2012-09-30": "6887.08700", "2012-06-30": "6833.83300", "2012-03-31": "6741.85700", "2011-12-31": "6739.33800", "2011-09-30": "6729.78300", "2011-06-30": "6532.72500", "2011-03-31": "6418.79700", "2010-12-31": "6324.69500", "2010-09-30": "6074.85900", "2010-06-30": "5991.59700", "2010-03-31": "5918.52000", "2009-12-31": "5894.62600", "2009-09-30": "5693.61800", "2009-06-30": "5616.17800", "2009-03-31": "5561.87900", "2008-12-31": "5378.26400", "2008-09-30": "5001.05000", "2008-06-30": "4757.27400", "2008-03-31": "4376.31600", "2007-12-31": "4073.24600", "2007-09-30": "3815.80600", "2007-06-30": "3687.63500", "2007-03-31": "3504.47400", "2006-12-31": "3394.59500", "2006-09-30": "2136.67800", "2006-06-30": "1811.37200", "2006-03-31": "", "2005-09-30": "", "2005-06-30": ""}, "Total Assets": {"2020-12-31": "200162.00000", "2020-09-30": "192443.00000", "2020-06-30": "187199.00000", "2020-03-31": "87226.00000", "2019-12-31": "86921.00000", "2019-09-30": "86109.00000", "2019-06-30": "84788.00000", "2019-03-31": "83073.00000", "2018-12-31": "72468.00000", "2018-09-30": "70182.00000", "2018-06-30": "69692.00000", "2018-03-31": "72004.00000", "2017-12-31": "70563.00000", "2017-09-30": "67923.00000", "2017-06-30": "67159.00000", "2017-03-31": "68048.00000", "2016-12-31": "65891.00000", "2016-09-30": "64272.00000", "2016-06-30": "63968.00000", "2016-03-31": "63063.00000", "2015-12-31": "62413.00000", "2015-09-30": "58473.00000", "2015-06-30": "57188.00000", "2015-03-31": "56558.00000", "2014-12-31": "56653.00000", "2014-09-30": "55115.00000", "2014-06-30": "51664.00000", "2014-03-31": "50169.00000", "2013-12-31": "49953.00000", "2013-09-30": "45767.00000", "2013-06-30": "44734.00000", "2013-03-31": "13662.55000", "2012-12-31": "33622.00000", "2012-09-30": "10071.91000", "2012-06-30": "9729.63200", "2012-03-31": "9509.20700", "2011-12-31": "9482.93100", "2011-09-30": "9279.60100", "2011-06-30": "9101.02700", "2011-03-31": "8648.30700", "2010-12-31": "7918.58000", "2010-09-30": "8320.61300", "2010-06-30": "7479.12200", "2010-03-31": "7456.55000", "2009-12-31": "7386.01700", "2009-09-30": "7162.88900", "2009-06-30": "7010.53900", "2009-03-31": "6971.20900", "2008-12-31": "6422.14800", "2008-09-30": "6277.97500", "2008-06-30": "6078.77900", "2008-03-31": "5900.59100", "2007-12-31": "5806.13000", "2007-09-30": "5765.18000", "2007-06-30": "5666.34500", "2007-03-31": "4272.21200", "2006-12-31": "4153.12200", "2006-09-30": "2626.17400", "2006-06-30": "2346.29200", "2006-03-31": "0.00000", "2005-09-30": "0.00000", "2005-06-30": "0.00000"}, "Total Current Liabilities": {"2020-12-31": "21703.00000", "2020-09-30": "19840.00000", "2020-06-30": "23191.00000", "2020-03-31": "14756.00000", "2019-12-31": "12506.00000", "2019-09-30": "12869.00000", "2019-06-30": "13173.00000", "2019-03-31": "13327.00000", "2018-12-31": "10267.00000", "2018-09-30": "8572.00000", "2018-06-30": "9281.00000", "2018-03-31": "12357.00000", "2017-12-31": "11515.00000", "2017-09-30": "8103.00000", "2017-06-30": "8828.00000", "2017-03-31": "15285.00000", "2016-12-31": "9022.00000", "2016-09-30": "8119.00000", "2016-06-30": "8752.00000", "2016-03-31": "9369.00000", "2015-12-31": "9528.00000", "2015-09-30": "8843.00000", "2015-06-30": "8264.00000", "2015-03-31": "8649.00000", "2014-12-31": "8776.00000", "2014-09-30": "8605.00000", "2014-06-30": "7131.00000", "2014-03-31": "6110.00000", "2013-12-31": "5808.00000", "2013-09-30": "5514.00000", "2013-06-30": "5398.00000", "2013-03-31": "3189.12500", "2012-12-31": "5592.00000", "2012-09-30": "784.65000", "2012-06-30": "741.87800", "2012-03-31": "778.03300", "2011-12-31": "816.72300", "2011-09-30": "779.33800", "2011-06-30": "725.67300", "2011-03-31": "903.72400", "2010-12-31": "802.42000", "2010-09-30": "689.00800", "2010-06-30": "677.57400", "2010-03-31": "804.32400", "2009-12-31": "797.46900", "2009-09-30": "671.29400", "2009-06-30": "629.80800", "2009-03-31": "661.01900", "2008-12-31": "742.35600", "2008-09-30": "731.18500", "2008-06-30": "627.88000", "2008-03-31": "592.04200", "2007-12-31": "580.49000", "2007-09-30": "538.64500", "2007-06-30": "525.63500", "2007-03-31": "490.29300", "2006-12-31": "435.62900", "2006-09-30": "563.37800", "2006-06-30": "342.23700", "2006-03-31": "", "2005-09-30": "", "2005-06-30": ""}, "Long Term Debt": {"2020-12-31": "71018.00000", "2020-09-30": "67508.00000", "2020-06-30": "72035.00000", "2020-03-31": "26452.00000", "2019-12-31": "28526.00000", "2019-09-30": "28623.00000", "2019-06-30": "28500.00000", "2019-03-31": "28405.00000", "2018-12-31": "29263.00000", "2018-09-30": "29139.00000", "2018-06-30": "29220.00000", "2018-03-31": "29295.00000", "2017-12-31": "29297.00000", "2017-09-30": "30348.00000", "2017-06-30": "29898.00000", "2017-03-31": "25319.00000", "2016-12-31": "30053.00000", "2016-09-30": "30054.00000", "2016-06-30": "29808.00000", "2016-03-31": "28745.00000", "2015-12-31": "28719.00000", "2015-09-30": "24570.00000", "2015-06-30": "24512.00000", "2015-03-31": "24384.00000", "2014-12-31": "24394.00000", "2014-09-30": "24394.00000", "2014-06-30": "22471.00000", "2014-03-31": "22435.00000", "2013-12-31": "22441.00000", "2013-09-30": "20449.00000", "2013-06-30": "19955.00000", "2013-03-31": "5807.17000", "2012-12-31": "16116.00000", "2012-09-30": "4731.17400", "2012-06-30": "4726.43400", "2012-03-31": "4726.07700", "2011-12-31": "4711.02100", "2011-09-30": "4710.99200", "2011-06-30": "4714.51200", "2011-03-31": "4255.06400", "2010-12-31": "3757.28700", "2010-09-30": "4314.10500", "2010-06-30": "3628.54400", "2010-03-31": "3630.87200", "2009-12-31": "3625.94900", "2009-09-30": "3590.68800", "2009-06-30": "3589.41000", "2009-03-31": "3591.10500", "2008-12-31": "3057.98300", "2008-09-30": "3001.26500", "2008-06-30": "3003.52100", "2008-03-31": "2981.57200", "2007-12-31": "2986.17700", "2007-09-30": "2990.77800", "2007-06-30": "2995.35500", "2007-03-31": "2576.00000", "2006-12-31": "2580.00000", "2006-09-30": "902.59400", "2006-06-30": "902.68700", "2006-03-31": "", "2005-09-30": "", "2005-06-30": ""}, "Other Non-Current Liabilities": {"2020-12-31": "5412.00000", "2020-09-30": "3577.00000", "2020-06-30": "3494.00000", "2020-03-31": "959.00000", "2019-12-31": "954.00000", "2019-09-30": "936.00000", "2019-06-30": "913.00000", "2019-03-31": "896.00000", "2018-12-31": "967.00000", "2018-09-30": "985.00000", "2018-06-30": "968.00000", "2018-03-31": "933.00000", "2017-12-31": "935.00000", "2017-09-30": "967.00000", "2017-06-30": "971.00000", "2017-03-31": "1004.00000", "2016-12-31": "1026.00000", "2016-09-30": "1007.00000", "2016-06-30": "1038.00000", "2016-03-31": "1047.00000", "2015-12-31": "1067.00000", "2015-09-30": "795.00000", "2015-06-30": "642.00000", "2015-03-31": "654.00000", "2014-12-31": "616.00000", "2014-09-30": "558.00000", "2014-06-30": "505.00000", "2014-03-31": "671.00000", "2013-12-31": "701.00000", "2013-09-30": "632.00000", "2013-06-30": "636.00000", "2013-03-31": "90.51600", "2012-12-31": "297.00000", "2012-09-30": "91.49600", "2012-06-30": "91.12800", "2012-03-31": "90.79200", "2011-12-31": "90.45300", "2011-09-30": "92.67300", "2011-06-30": "80.74400", "2011-03-31": "73.66700", "2010-12-31": "72.82800", "2010-09-30": "82.91600", "2010-06-30": "81.38900", "2010-03-31": "73.95500", "2009-12-31": "81.66400", "2009-09-30": "103.64400", "2009-06-30": "127.97200", "2009-03-31": "140.76700", "2008-12-31": "135.26200", "2008-09-30": "80.16900", "2008-06-30": "74.99500", "2008-03-31": "89.39900", "2007-12-31": "59.77800", "2007-09-30": "40.31100", "2007-06-30": "32.22400", "2007-03-31": "31.75500", "2006-12-31": "26.31600", "2006-09-30": "24.02300", "2006-06-30": "23.02500", "2006-03-31": "", "2005-09-30": "", "2005-06-30": ""}, "Total Long Term Liabilities": {"2020-12-31": "113115.00000", "2020-09-30": "108116.00000", "2020-06-30": "101012.00000", "2020-03-31": "43493.00000", "2019-12-31": "45626.00000", "2019-09-30": "45469.00000", "2019-06-30": "44648.00000", "2019-03-31": "43565.00000", "2018-12-31": "37483.00000", "2018-09-30": "37255.00000", "2018-06-30": "37021.00000", "2018-03-31": "36771.00000", "2017-12-31": "36489.00000", "2017-09-30": "39543.00000", "2017-06-30": "38717.00000", "2017-03-31": "33800.00000", "2016-12-31": "38633.00000", "2016-09-30": "38300.00000", "2016-06-30": "37821.00000", "2016-03-31": "36590.00000", "2015-12-31": "36328.00000", "2015-09-30": "33378.00000", "2015-06-30": "32871.00000", "2015-03-31": "32259.00000", "2014-12-31": "32214.00000", "2014-09-30": "31985.00000", "2014-06-30": "29970.00000", "2014-03-31": "29903.00000", "2013-12-31": "29900.00000", "2013-09-30": "27838.00000", "2013-06-30": "26977.00000", "2013-03-31": "7081.48000", "2012-12-31": "21915.00000", "2012-09-30": "5964.81200", "2012-06-30": "5871.46400", "2012-03-31": "5773.39800", "2011-12-31": "5738.60800", "2011-09-30": "5674.79300", "2011-06-30": "5625.63600", "2011-03-31": "5112.03000", "2010-12-31": "4574.58400", "2010-09-30": "5124.94000", "2010-06-30": "4385.00400", "2010-03-31": "4330.17200", "2009-12-31": "4300.40600", "2009-09-30": "4257.96400", "2009-06-30": "4234.69500", "2009-03-31": "4218.73100", "2008-12-31": "3645.46900", "2008-09-30": "3521.86000", "2008-06-30": "3482.86600", "2008-03-31": "3425.03100", "2007-12-31": "3376.89400", "2007-09-30": "3333.48500", "2007-06-30": "3299.70500", "2007-03-31": "3335.99600", "2006-12-31": "3304.24800", "2006-09-30": "1635.10700", "2006-06-30": "1602.00100", "2006-03-31": "", "2005-09-30": "", "2005-06-30": ""}, "Total Liabilities": {"2020-12-31": "134818.00000", "2020-09-30": "127956.00000", "2020-06-30": "124203.00000", "2020-03-31": "58249.00000", "2019-12-31": "58132.00000", "2019-09-30": "58338.00000", "2019-06-30": "57821.00000", "2019-03-31": "56892.00000", "2018-12-31": "47750.00000", "2018-09-30": "45827.00000", "2018-06-30": "46302.00000", "2018-03-31": "49128.00000", "2017-12-31": "48004.00000", "2017-09-30": "47646.00000", "2017-06-30": "47545.00000", "2017-03-31": "49085.00000", "2016-12-31": "47655.00000", "2016-09-30": "46419.00000", "2016-06-30": "46573.00000", "2016-03-31": "45959.00000", "2015-12-31": "45856.00000", "2015-09-30": "42221.00000", "2015-06-30": "41135.00000", "2015-03-31": "40908.00000", "2014-12-31": "40990.00000", "2014-09-30": "40590.00000", "2014-06-30": "37101.00000", "2014-03-31": "36013.00000", "2013-12-31": "35708.00000", "2013-09-30": "33352.00000", "2013-06-30": "32375.00000", "2013-03-31": "10270.61000", "2012-12-31": "27507.00000", "2012-09-30": "6749.46200", "2012-06-30": "6613.34200", "2012-03-31": "6551.43100", "2011-12-31": "6555.33100", "2011-09-30": "6454.13100", "2011-06-30": "6351.30900", "2011-03-31": "6015.75400", "2010-12-31": "5377.00400", "2010-09-30": "5813.94800", "2010-06-30": "5062.57800", "2010-03-31": "5134.49600", "2009-12-31": "5097.87500", "2009-09-30": "4929.25800", "2009-06-30": "4864.50300", "2009-03-31": "4879.75000", "2008-12-31": "4387.82500", "2008-09-30": "4253.04500", "2008-06-30": "4110.74600", "2008-03-31": "4017.07300", "2007-12-31": "3957.38400", "2007-09-30": "3872.13000", "2007-06-30": "3825.34000", "2007-03-31": "3826.28900", "2006-12-31": "3739.87700", "2006-09-30": "2198.48500", "2006-06-30": "1944.23800", "2006-03-31": "", "2005-09-30": "", "2005-06-30": ""}, "Common Stock Net": {"2020-12-31": "", "2020-09-30": "", "2020-06-30": "", "2020-03-31": "", "2019-12-31": "", "2019-09-30": "", "2019-06-30": "", "2019-03-31": "", "2018-12-31": "", "2018-09-30": "", "2018-06-30": "", "2018-03-31": "", "2017-12-31": "", "2017-09-30": "", "2017-06-30": "", "2017-03-31": "", "2016-12-31": "", "2016-09-30": "", "2016-06-30": "", "2016-03-31": "", "2015-12-31": "", "2015-09-30": "", "2015-06-30": "", "2015-03-31": "", "2014-12-31": "", "2014-09-30": "", "2014-06-30": "", "2014-03-31": "", "2013-12-31": "", "2013-09-30": "", "2013-06-30": "", "2013-03-31": "0.03700", "2012-12-31": "", "2012-09-30": "0.03600", "2012-06-30": "0.03600", "2012-03-31": "0.03600", "2011-12-31": "0.03600", "2011-09-30": "0.03600", "2011-06-30": "0.03600", "2011-03-31": "0.03600", "2010-12-31": "0.03600", "2010-09-30": "0.03500", "2010-06-30": "0.03500", "2010-03-31": "0.03500", "2009-12-31": "0.03500", "2009-09-30": "0.03500", "2009-06-30": "0.03500", "2009-03-31": "0.03500", "2008-12-31": "0.03500", "2008-09-30": "0.03500", "2008-06-30": "0.03500", "2008-03-31": "0.03500", "2007-12-31": "0.03500", "2007-09-30": "0.03500", "2007-06-30": "0.03500", "2007-03-31": "0.01600", "2006-12-31": "0.01600", "2006-09-30": "0.01600", "2006-06-30": "0.01500", "2006-03-31": "", "2005-09-30": "", "2005-06-30": ""}, "Retained Earnings (Accumulated Deficit)": {"2020-12-31": "-5836.00000", "2020-09-30": "-6586.00000", "2020-06-30": "-7839.00000", "2020-03-31": "-7949.00000", "2019-12-31": "-8833.00000", "2019-09-30": "-9584.00000", "2019-06-30": "-10454.00000", "2019-03-31": "-11393.00000", "2018-12-31": "-12954.00000", "2018-09-30": "-13594.00000", "2018-06-30": "-14389.00000", "2018-03-31": "-15179.00000", "2017-12-31": "-16074.00000", "2017-09-30": "-18781.00000", "2017-06-30": "-19331.00000", "2017-03-31": "-19912.00000", "2016-12-31": "-20610.00000", "2016-09-30": "-21000.00000", "2016-06-30": "-21366.00000", "2016-03-31": "-21591.00000", "2015-12-31": "-22108.00000", "2015-09-30": "-22405.00000", "2015-06-30": "-22543.00000", "2015-03-31": "-22904.00000", "2014-12-31": "-22841.00000", "2014-09-30": "-22942.00000", "2014-06-30": "-22848.00000", "2014-03-31": "-23239.00000", "2013-12-31": "-23088.00000", "2013-09-30": "-23068.00000", "2013-06-30": "-23032.00000", "2013-03-31": "1572.98600", "2012-12-31": "-23123.00000", "2012-09-30": "1521.92500", "2012-06-30": "1329.25700", "2012-03-31": "1180.42200", "2011-12-31": "1159.41800", "2011-09-30": "1068.14800", "2011-06-30": "998.82200", "2011-03-31": "914.48600", "2010-12-31": "858.10800", "2010-09-30": "844.55700", "2010-06-30": "767.26900", "2010-03-31": "687.35400", "2009-12-31": "664.69300", "2009-09-30": "631.56800", "2009-06-30": "558.01800", "2009-03-31": "531.82200", "2008-12-31": "487.84900", "2008-09-30": "473.27500", "2008-06-30": "428.39500", "2008-03-31": "377.93000", "2007-12-31": "338.41100", "2007-09-30": "385.56100", "2007-06-30": "332.45300", "2007-03-31": "275.91900", "2006-12-31": "245.69000", "2006-09-30": "268.76200", "2006-06-30": "245.75000", "2006-03-31": "", "2005-09-30": "", "2005-06-30": ""}, "Comprehensive Income": {"2020-12-31": "-1581.00000", "2020-09-30": "-1621.00000", "2020-06-30": "-1658.00000", "2020-03-31": "-1660.00000", "2019-12-31": "-868.00000", "2019-09-30": "-1070.00000", "2019-06-30": "-813.00000", "2019-03-31": "-521.00000", "2018-12-31": "-332.00000", "2018-09-30": "", "2018-06-30": "", "2018-03-31": "5.00000", "2017-12-31": "8.00000", "2017-09-30": "4.00000", "2017-06-30": "3.00000", "2017-03-31": "2.00000", "2016-12-31": "1.00000", "2016-09-30": "1.00000", "2016-06-30": "-1.00000", "2016-03-31": "-4.00000", "2015-12-31": "-1.00000", "2015-09-30": "-1.00000", "2015-06-30": "1.00000", "2015-03-31": "1.00000", "2014-12-31": "1.00000", "2014-09-30": "1.00000", "2014-06-30": "", "2014-03-31": "", "2013-12-31": "3.00000", "2013-09-30": "2.00000", "2013-06-30": "2.00000", "2013-03-31": "-7.57100", "2012-12-31": "41.00000", "2012-09-30": "-4.62500", "2012-06-30": "-8.58600", "2012-03-31": "-9.54900", "2011-12-31": "-9.29500", "2011-09-30": "-12.94700", "2011-06-30": "-7.58200", "2011-03-31": "2.05800", "2010-12-31": "-1.41500", "2010-09-30": "-10.27500", "2010-06-30": "-9.76200", "2010-03-31": "-10.68000", "2009-12-31": "-11.34000", "2009-09-30": "-20.45500", "2009-06-30": "-21.45300", "2009-03-31": "-32.91500", "2008-12-31": "-32.53300", "2008-09-30": "-13.26300", "2008-06-30": "-13.63100", "2008-03-31": "-28.37800", "2007-12-31": "-14.46900", "2007-09-30": "-4.11500", "2007-06-30": "6.22700", "2007-03-31": "-0.99200", "2006-12-31": "1.22400", "2006-09-30": "1.21000", "2006-06-30": "1.98200", "2006-03-31": "", "2005-09-30": "", "2005-06-30": ""}, "Other Share Holders Equity": {"2020-12-31": "", "2020-09-30": "", "2020-06-30": "", "2020-03-31": "", "2019-12-31": "", "2019-09-30": "", "2019-06-30": "", "2019-03-31": "", "2018-12-31": "", "2018-09-30": "", "2018-06-30": "", "2018-03-31": "", "2017-12-31": "", "2017-09-30": "", "2017-06-30": "", "2017-03-31": "", "2016-12-31": "", "2016-09-30": "", "2016-06-30": "", "2016-03-31": "", "2015-12-31": "", "2015-09-30": "", "2015-06-30": "", "2015-03-31": "", "2014-12-31": "", "2014-09-30": "", "2014-06-30": "", "2014-03-31": "", "2013-12-31": "", "2013-09-30": "", "2013-06-30": "", "2013-03-31": "", "2012-12-31": "", "2012-09-30": "", "2012-06-30": "", "2012-03-31": "", "2011-12-31": "", "2011-09-30": "", "2011-06-30": "", "2011-03-31": "", "2010-12-31": "", "2010-09-30": "", "2010-06-30": "", "2010-03-31": "", "2009-12-31": "", "2009-09-30": "", "2009-06-30": "", "2009-03-31": "", "2008-12-31": "", "2008-09-30": "", "2008-06-30": "", "2008-03-31": "", "2007-12-31": "", "2007-09-30": "", "2007-06-30": "", "2007-03-31": "", "2006-12-31": "", "2006-09-30": "", "2006-06-30": "", "2006-03-31": "", "2005-09-30": "", "2005-06-30": ""}, "Share Holder Equity": {"2020-12-31": "65344.00000", "2020-09-30": "64487.00000", "2020-06-30": "62996.00000", "2020-03-31": "28977.00000", "2019-12-31": "28789.00000", "2019-09-30": "27771.00000", "2019-06-30": "26967.00000", "2019-03-31": "26181.00000", "2018-12-31": "24718.00000", "2018-09-30": "24355.00000", "2018-06-30": "23390.00000", "2018-03-31": "22876.00000", "2017-12-31": "22559.00000", "2017-09-30": "20277.00000", "2017-06-30": "19614.00000", "2017-03-31": "18963.00000", "2016-12-31": "18236.00000", "2016-09-30": "17853.00000", "2016-06-30": "17395.00000", "2016-03-31": "17104.00000", "2015-12-31": "16557.00000", "2015-09-30": "16252.00000", "2015-06-30": "16053.00000", "2015-03-31": "15650.00000", "2014-12-31": "15663.00000", "2014-09-30": "14525.00000", "2014-06-30": "14563.00000", "2014-03-31": "14156.00000", "2013-12-31": "14245.00000", "2013-09-30": "12415.00000", "2013-06-30": "12359.00000", "2013-03-31": "3391.94100", "2012-12-31": "6115.00000", "2012-09-30": "3322.44700", "2012-06-30": "3116.29000", "2012-03-31": "2957.77600", "2011-12-31": "2927.60000", "2011-09-30": "2825.47000", "2011-06-30": "2749.71800", "2011-03-31": "2632.55300", "2010-12-31": "2541.57600", "2010-09-30": "2506.66500", "2010-06-30": "2416.54400", "2010-03-31": "2322.05400", "2009-12-31": "2288.14200", "2009-09-30": "2233.63100", "2009-06-30": "2146.03600", "2009-03-31": "2091.45900", "2008-12-31": "2034.32300", "2008-09-30": "2024.93000", "2008-06-30": "1968.03300", "2008-03-31": "1883.51800", "2007-12-31": "1848.74600", "2007-09-30": "1893.05000", "2007-06-30": "1841.00500", "2007-03-31": "445.92300", "2006-12-31": "413.24500", "2006-09-30": "427.68900", "2006-06-30": "402.05400", "2006-03-31": "", "2005-09-30": "", "2005-06-30": ""}, "Total Liabilities And Share Holders Equity": {"2020-12-31": "200162.00000", "2020-09-30": "192443.00000", "2020-06-30": "187199.00000", "2020-03-31": "87226.00000", "2019-12-31": "86921.00000", "2019-09-30": "86109.00000", "2019-06-30": "84788.00000", "2019-03-31": "83073.00000", "2018-12-31": "72468.00000", "2018-09-30": "70182.00000", "2018-06-30": "69692.00000", "2018-03-31": "72004.00000", "2017-12-31": "70563.00000", "2017-09-30": "67923.00000", "2017-06-30": "67159.00000", "2017-03-31": "68048.00000", "2016-12-31": "65891.00000", "2016-09-30": "64272.00000", "2016-06-30": "63968.00000", "2016-03-31": "63063.00000", "2015-12-31": "62413.00000", "2015-09-30": "58473.00000", "2015-06-30": "57188.00000", "2015-03-31": "56558.00000", "2014-12-31": "56653.00000", "2014-09-30": "55115.00000", "2014-06-30": "51664.00000", "2014-03-31": "50169.00000", "2013-12-31": "49953.00000", "2013-09-30": "45767.00000", "2013-06-30": "44734.00000", "2013-03-31": "13662.55000", "2012-12-31": "33622.00000", "2012-09-30": "10071.91000", "2012-06-30": "9729.63200", "2012-03-31": "9509.20700", "2011-12-31": "9482.93100", "2011-09-30": "9279.60100", "2011-06-30": "9101.02700", "2011-03-31": "8648.30700", "2010-12-31": "7918.58000", "2010-09-30": "8320.61300", "2010-06-30": "7479.12200", "2010-03-31": "7456.55000", "2009-12-31": "7386.01700", "2009-09-30": "7162.88900", "2009-06-30": "7010.53900", "2009-03-31": "6971.20900", "2008-12-31": "6422.14800", "2008-09-30": "6277.97500", "2008-06-30": "6078.77900", "2008-03-31": "5900.59100", "2007-12-31": "5806.13000", "2007-09-30": "5765.18000", "2007-06-30": "5666.34500", "2007-03-31": "4272.21200", "2006-12-31": "4153.12200", "2006-09-30": "2626.17400", "2006-06-30": "2346.29200", "2006-03-31": "", "2005-09-30": "", "2005-06-30": ""}}, "cash flow statement": {"Net Income/Loss": {"2020-12-31": "3064.00000", "2019-12-31": "3468.00000", "2018-12-31": "2888.00000", "2017-12-31": "4536.00000", "2016-12-31": "1460.00000", "2015-12-31": "733.00000", "2014-12-31": "247.00000", "2013-12-31": "35.00000", "2012-12-31": "-7336.00000", "2011-12-31": "-4718.00000", "2010-12-31": "193.41500", "2009-12-31": "176.84400", "2008-12-31": "149.43800", "2007-12-31": "100.40300", "2006-12-31": "53.80600", "2005-12-31": "198.67700"}, "Total Depreciation And Amortization - Cash Flow": {"2020-12-31": "14151.00000", "2019-12-31": "6616.00000", "2018-12-31": "6486.00000", "2017-12-31": "5984.00000", "2016-12-31": "6243.00000", "2015-12-31": "4688.00000", "2014-12-31": "4412.00000", "2013-12-31": "3627.00000", "2012-12-31": "3106.00000", "2011-12-31": "2898.00000", "2010-12-31": "449.73200", "2009-12-31": "377.85600", "2008-12-31": "255.31900", "2007-12-31": "178.20200", "2006-12-31": "135.02800", "2005-12-31": "87.89500"}, "Other Non-Cash Items": {"2020-12-31": "2943.00000", "2019-12-31": "2042.00000", "2018-12-31": "1980.00000", "2017-12-31": "-560.00000", "2016-12-31": "1140.00000", "2015-12-31": "1360.00000", "2014-12-31": "308.00000", "2013-12-31": "813.00000", "2012-12-31": "8886.00000", "2011-12-31": "7075.00000", "2010-12-31": "287.15400", "2009-12-31": "181.47500", "2008-12-31": "231.20100", "2007-12-31": "247.03100", "2006-12-31": "117.06900", "2005-12-31": "-38.48000"}, "Total Non-Cash Items": {"2020-12-31": "17094.00000", "2019-12-31": "8658.00000", "2018-12-31": "8466.00000", "2017-12-31": "5424.00000", "2016-12-31": "7383.00000", "2015-12-31": "6048.00000", "2014-12-31": "4720.00000", "2013-12-31": "4440.00000", "2012-12-31": "11992.00000", "2011-12-31": "9973.00000", "2010-12-31": "736.88600", "2009-12-31": "559.33100", "2008-12-31": "486.52000", "2007-12-31": "425.23300", "2006-12-31": "252.09700", "2005-12-31": "49.41500"}, "Change In Accounts Receivable": {"2020-12-31": "-3273.00000", "2019-12-31": "-3709.00000", "2018-12-31": "-4617.00000", "2017-12-31": "-3931.00000", "2016-12-31": "-3459.00000", "2015-12-31": "-259.00000", "2014-12-31": "-90.00000", "2013-12-31": "-158.00000", "2012-12-31": "-299.00000", "2011-12-31": "-558.00000", "2010-12-31": "-6.52300", "2009-12-31": "-17.05600", "2008-12-31": "-2.86500", "2007-12-31": "-3.79700", "2006-12-31": "-12.14300", "2005-12-31": "-7.05600"}, "Change In Inventories": {"2020-12-31": "-2222.00000", "2019-12-31": "-617.00000", "2018-12-31": "-201.00000", "2017-12-31": "-844.00000", "2016-12-31": "-802.00000", "2015-12-31": "-2495.00000", "2014-12-31": "-499.00000", "2013-12-31": "42.00000", "2012-12-31": "-2.00000", "2011-12-31": "166.00000", "2010-12-31": "-13.64800", "2009-12-31": "8.55400", "2008-12-31": "-46.81600", "2007-12-31": "-16.27500", "2006-12-31": "-53.32000", "2005-12-31": "-5.71700"}, "Change In Accounts Payable": {"2020-12-31": "", "2019-12-31": "", "2018-12-31": "", "2017-12-31": "", "2016-12-31": "", "2015-12-31": "", "2014-12-31": "", "2013-12-31": "", "2012-12-31": "", "2011-12-31": "", "2010-12-31": "", "2009-12-31": "", "2008-12-31": "", "2007-12-31": "", "2006-12-31": "", "2005-12-31": ""}, "Change In Assets/Liabilities": {"2020-12-31": "-4267.00000", "2019-12-31": "-1250.00000", "2018-12-31": "-1822.00000", "2017-12-31": "-2544.00000", "2016-12-31": "-648.00000", "2015-12-31": "709.00000", "2014-12-31": "-2649.00000", "2013-12-31": "-1561.00000", "2012-12-31": "-461.00000", "2011-12-31": "14.00000", "2010-12-31": "53.42400", "2009-12-31": "43.50900", "2008-12-31": "-19.62100", "2007-12-31": "19.85800", "2006-12-31": "15.82900", "2005-12-31": "6.69300"}, "Total Change In Assets/Liabilities": {"2020-12-31": "-11885.00000", "2019-12-31": "-5559.00000", "2018-12-31": "-7507.00000", "2017-12-31": "-6240.00000", "2016-12-31": "-6110.00000", "2015-12-31": "-1352.00000", "2014-12-31": "-843.00000", "2013-12-31": "-1066.00000", "2012-12-31": "-794.00000", "2011-12-31": "-275.00000", "2010-12-31": "64.19900", "2009-12-31": "163.17400", "2008-12-31": "-188.46800", "2007-12-31": "63.67000", "2006-12-31": "58.85800", "2005-12-31": "35.12400"}, "Cash Flow From Operating Activities": {"2020-12-31": "8640.00000", "2019-12-31": "6824.00000", "2018-12-31": "3899.00000", "2017-12-31": "3831.00000", "2016-12-31": "2779.00000", "2015-12-31": "5414.00000", "2014-12-31": "4146.00000", "2013-12-31": "3545.00000", "2012-12-31": "3862.00000", "2011-12-31": "4980.00000", "2010-12-31": "994.50000", "2009-12-31": "899.34900", "2008-12-31": "447.49000", "2007-12-31": "589.30600", "2006-12-31": "364.76100", "2005-12-31": "283.21600"}, "Net Change In Property, Plant, And Equipment": {"2020-12-31": "-11034.00000", "2019-12-31": "-6353.00000", "2018-12-31": "-5541.00000", "2017-12-31": "-5237.00000", "2016-12-31": "-4702.00000", "2015-12-31": "-4724.00000", "2014-12-31": "-4317.00000", "2013-12-31": "-4025.00000", "2012-12-31": "-2850.00000", "2011-12-31": "-2727.00000", "2010-12-31": "-753.39200", "2009-12-31": "-859.45900", "2008-12-31": "-938.11100", "2007-12-31": "-783.94200", "2006-12-31": "-552.99010", "2005-12-31": "-278.15300"}, "Net Change In Intangible Assets": {"2020-12-31": "-1333.00000", "2019-12-31": "-967.00000", "2018-12-31": "-127.00000", "2017-12-31": "-5828.00000", "2016-12-31": "-3968.00000", "2015-12-31": "-1935.00000", "2014-12-31": "-2900.00000", "2013-12-31": "-381.00000", "2012-12-31": "-387.00000", "2011-12-31": "-23.00000", "2010-12-31": "", "2009-12-31": "0.94900", "2008-12-31": "0.00000", "2007-12-31": "", "2006-12-31": "-1391.58600", "2005-12-31": "-273.93000"}, "Net Acquisitions/Divestitures": {"2020-12-31": "-3776.00000", "2019-12-31": "-31.00000", "2018-12-31": "-338.00000", "2017-12-31": "", "2016-12-31": "", "2015-12-31": "", "2014-12-31": "", "2013-12-31": "2144.00000", "2012-12-31": "-5.00000", "2011-12-31": "73.00000", "2010-12-31": "-49.93200", "2009-12-31": "-19.18600", "2008-12-31": "-356.20100", "2007-12-31": "", "2006-12-31": "", "2005-12-31": ""}, "Net Change In Short-term Investments": {"2020-12-31": "", "2019-12-31": "", "2018-12-31": "", "2017-12-31": "", "2016-12-31": "2998.00000", "2015-12-31": "-2997.00000", "2014-12-31": "", "2013-12-31": "300.00000", "2012-12-31": "-651.00000", "2011-12-31": "-2005.00000", "2010-12-31": "", "2009-12-31": "", "2008-12-31": "", "2007-12-31": "", "2006-12-31": "", "2005-12-31": ""}, "Net Change In Long-Term Investments": {"2020-12-31": "", "2019-12-31": "", "2018-12-31": "", "2017-12-31": "", "2016-12-31": "", "2015-12-31": "", "2014-12-31": "", "2013-12-31": "", "2012-12-31": "-22.00000", "2011-12-31": "-17.00000", "2010-12-31": "-149.32700", "2009-12-31": "-224.14500", "2008-12-31": "0.03700", "2007-12-31": "267.22090", "2006-12-31": "2.50500", "2005-12-31": "-353.03800"}, "Net Change In Investments - Total": {"2020-12-31": "", "2019-12-31": "", "2018-12-31": "", "2017-12-31": "", "2016-12-31": "2998.00000", "2015-12-31": "-2997.00000", "2014-12-31": "", "2013-12-31": "300.00000", "2012-12-31": "-673.00000", "2011-12-31": "-2022.00000", "2010-12-31": "-149.32700", "2009-12-31": "-224.14500", "2008-12-31": "0.03700", "2007-12-31": "267.22090", "2006-12-31": "2.50500", "2005-12-31": "-353.03800"}, "Investing Activities - Other": {"2020-12-31": "3428.00000", "2019-12-31": "3226.00000", "2018-12-31": "5427.00000", "2017-12-31": "4320.00000", "2016-12-31": "3348.00000", "2015-12-31": "96.00000", "2014-12-31": "-29.00000", "2013-12-31": "-130.00000", "2012-12-31": "", "2011-12-31": "", "2010-12-31": "2.23300", "2009-12-31": "-15.11300", "2008-12-31": "", "2007-12-31": "-0.36700", "2006-12-31": "2.40600", "2005-12-31": "-0.10700"}, "Cash Flow From Investing Activities": {"2020-12-31": "-12715.00000", "2019-12-31": "-4125.00000", "2018-12-31": "-579.00000", "2017-12-31": "-6745.00000", "2016-12-31": "-2324.00000", "2015-12-31": "-9560.00000", "2014-12-31": "-7246.00000", "2013-12-31": "-2092.00000", "2012-12-31": "-3915.00000", "2011-12-31": "-4699.00000", "2010-12-31": "-950.41800", "2009-12-31": "-1116.95400", "2008-12-31": "-1294.27500", "2007-12-31": "-517.08800", "2006-12-31": "-1939.66500", "2005-12-31": "-905.22800"}, "Net Long-Term Debt": {"2020-12-31": "13900.00000", "2019-12-31": "-1426.00000", "2018-12-31": "-1767.00000", "2017-12-31": "-424.00000", "2016-12-31": "772.00000", "2015-12-31": "4062.00000", "2014-12-31": "1974.00000", "2013-12-31": "2485.00000", "2012-12-31": "57.00000", "2011-12-31": "", "2010-12-31": "-67.07590", "2009-12-31": "472.65100", "2008-12-31": "-17.41000", "2007-12-31": "407.50000", "2006-12-31": "1662.01500", "2005-12-31": "688.21300"}, "Net Current Debt": {"2020-12-31": "-667.00000", "2019-12-31": "-775.00000", "2018-12-31": "-300.00000", "2017-12-31": "-300.00000", "2016-12-31": "-150.00000", "2015-12-31": "-564.00000", "2014-12-31": "-418.00000", "2013-12-31": "-244.00000", "2012-12-31": "", "2011-12-31": "", "2010-12-31": "-82.71200", "2009-12-31": "-20.31400", "2008-12-31": "79.35300", "2007-12-31": "4.11100", "2006-12-31": "11.36800", "2005-12-31": "-0.56500"}, "Debt Issuance/Retirement Net - Total": {"2020-12-31": "13233.00000", "2019-12-31": "-2201.00000", "2018-12-31": "-2067.00000", "2017-12-31": "-724.00000", "2016-12-31": "622.00000", "2015-12-31": "3498.00000", "2014-12-31": "1556.00000", "2013-12-31": "2241.00000", "2012-12-31": "57.00000", "2011-12-31": "", "2010-12-31": "-149.78790", "2009-12-31": "452.33700", "2008-12-31": "61.94300", "2007-12-31": "411.61100", "2006-12-31": "1673.38300", "2005-12-31": "687.64800"}, "Net Common Equity Issued/Repurchased": {"2020-12-31": "304.00000", "2019-12-31": "", "2018-12-31": "-1071.00000", "2017-12-31": "-427.00000", "2016-12-31": "", "2015-12-31": "47.00000", "2014-12-31": "27.00000", "2013-12-31": "1924.00000", "2012-12-31": "", "2011-12-31": "", "2010-12-31": "8.20900", "2009-12-31": "8.62600", "2008-12-31": "12.58200", "2007-12-31": "872.20600", "2006-12-31": "2.74400", "2005-12-31": "9.31300"}, "Net Total Equity Issued/Repurchased": {"2020-12-31": "304.00000", "2019-12-31": "", "2018-12-31": "-1071.00000", "2017-12-31": "-427.00000", "2016-12-31": "", "2015-12-31": "47.00000", "2014-12-31": "1009.00000", "2013-12-31": "1924.00000", "2012-12-31": "", "2011-12-31": "", "2010-12-31": "8.20900", "2009-12-31": "8.62600", "2008-12-31": "12.58200", "2007-12-31": "872.20600", "2006-12-31": "2.74400", "2005-12-31": "55.97500"}, "Total Common And Preferred Stock Dividends Paid": {"2020-12-31": "", "2019-12-31": "", "2018-12-31": "", "2017-12-31": "-55.00000", "2016-12-31": "-55.00000", "2015-12-31": "-55.00000", "2014-12-31": "", "2013-12-31": "", "2012-12-31": "", "2011-12-31": "", "2010-12-31": "", "2009-12-31": "", "2008-12-31": "", "2007-12-31": "", "2006-12-31": "", "2005-12-31": ""}, "Financial Activities - Other": {"2020-12-31": "-527.00000", "2019-12-31": "-173.00000", "2018-12-31": "-198.00000", "2017-12-31": "-161.00000", "2016-12-31": "-104.00000", "2015-12-31": "-77.00000", "2014-12-31": "-41.00000", "2013-12-31": "-121.00000", "2012-12-31": "", "2011-12-31": "", "2010-12-31": "-35.35300", "2009-12-31": "-11.92500", "2008-12-31": "", "2007-12-31": "-47.32500", "2006-12-31": "-52.43400", "2005-12-31": "-31.37900"}, "Cash Flow From Financial Activities": {"2020-12-31": "13010.00000", "2019-12-31": "-2374.00000", "2018-12-31": "-3336.00000", "2017-12-31": "-1367.00000", "2016-12-31": "463.00000", "2015-12-31": "3413.00000", "2014-12-31": "2524.00000", "2013-12-31": "4044.00000", "2012-12-31": "57.00000", "2011-12-31": "", "2010-12-31": "-176.93200", "2009-12-31": "449.03800", "2008-12-31": "74.52500", "2007-12-31": "1236.49200", "2006-12-31": "1623.69300", "2005-12-31": "712.24400"}, "Net Cash Flow": {"2020-12-31": "8935.00000", "2019-12-31": "325.00000", "2018-12-31": "-16.00000", "2017-12-31": "-4281.00000", "2016-12-31": "918.00000", "2015-12-31": "-733.00000", "2014-12-31": "-576.00000", "2013-12-31": "5497.00000", "2012-12-31": "4.00000", "2011-12-31": "281.00000", "2010-12-31": "-132.85000", "2009-12-31": "231.43300", "2008-12-31": "-772.26000", "2007-12-31": "1308.71000", "2006-12-31": "48.78900", "2005-12-31": "90.23200"}, "Stock-Based Compensation": {"2020-12-31": "694.00000", "2019-12-31": "495.00000", "2018-12-31": "424.00000", "2017-12-31": "306.00000", "2016-12-31": "235.00000", "2015-12-31": "201.00000", "2014-12-31": "196.00000", "2013-12-31": "100.00000", "2012-12-31": "", "2011-12-31": "", "2010-12-31": "46.53700", "2009-12-31": "47.78300", "2008-12-31": "41.14200", "2007-12-31": "28.02400", "2006-12-31": "14.47200", "2005-12-31": "2.59600"}, "Common Stock Dividends Paid": {"2020-12-31": "", "2019-12-31": "", "2018-12-31": "", "2017-12-31": "", "2016-12-31": "", "2015-12-31": "", "2014-12-31": "", "2013-12-31": "", "2012-12-31": "", "2011-12-31": "", "2010-12-31": "", "2009-12-31": "", "2008-12-31": "", "2007-12-31": "", "2006-12-31": "", "2005-12-31": ""}}, "cash flow statement, quarterly": {"Net Income/Loss": {"2020-12-31": 750, "2020-09-30": 1253, "2020-06-30": 110, "2020-03-31": "951.00000", "2019-12-31": 751, "2019-09-30": 870, "2019-06-30": 939, "2019-03-31": "908.00000", "2018-12-31": 640, "2018-09-30": 795, "2018-06-30": 782, "2018-03-31": "671.00000", "2017-12-31": 2707, "2017-09-30": 550, "2017-06-30": 581, "2017-03-31": "698.00000", "2016-12-31": 390, "2016-09-30": 366, "2016-06-30": 225, "2016-03-31": "479.00000", "2015-12-31": 297, "2015-09-30": 138, "2015-06-30": 361, "2015-03-31": "-63.00000", "2014-12-31": 247, "2014-09-30": -1729, "2014-06-30": 1729, "2014-03-31": "0.00000", "2013-12-31": 35, "2013-09-30": -1715, "2013-06-30": 1715, "2013-03-31": "0.00000", "2012-12-31": -7336, "2012-09-30": 0, "2012-06-30": -21.004, "2012-03-31": "21.00400", "2011-12-31": -4928.04, "2011-09-30": 69.326, "2011-06-30": 84.336, "2011-03-31": "56.37800", "2010-12-31": 13.551, "2010-09-30": 77.288, "2010-06-30": 79.915, "2010-03-31": "22.66100", "2009-12-31": 33.125, "2009-09-30": 73.55, "2009-06-30": 26.196, "2009-03-31": "43.97300", "2008-12-31": 14.574, "2008-09-30": 44.88, "2008-06-30": 50.465, "2008-03-31": "39.51900", "2007-12-31": -47.151, "2007-09-30": 53.108, "2007-06-30": 58.094, "2007-03-31": "36.35200", "2006-12-31": -16.819, "2006-09-30": 29.266, "2006-06-30": 22.989, "2006-03-31": "18.37000", "2005-09-30": 20.554, "2005-06-30": 159.281}, "Total Depreciation And Amortization - Cash Flow": {"2020-12-31": 4219, "2020-09-30": 4150, "2020-06-30": 4064, "2020-03-31": "1718.00000", "2019-12-31": 1776, "2019-09-30": 1655, "2019-06-30": 1585, "2019-03-31": "1600.00000", "2018-12-31": 1640, "2018-09-30": 1637, "2018-06-30": 1634, "2018-03-31": "1575.00000", "2017-12-31": 1485, "2017-09-30": 1416, "2017-06-30": 1519, "2017-03-31": "1564.00000", "2016-12-31": 1548, "2016-09-30": 1568, "2016-06-30": 1575, "2016-03-31": "1552.00000", "2015-12-31": 1369, "2015-09-30": 1157, "2015-06-30": 1075, "2015-03-31": "1087.00000", "2014-12-31": 4412, "2014-09-30": 0, "2014-06-30": 0, "2014-03-31": "", "2013-12-31": 3627, "2013-09-30": 0, "2013-06-30": 0, "2013-03-31": "", "2012-12-31": 3106, "2012-09-30": 0, "2012-06-30": -152.819, "2012-03-31": "152.81900", "2011-12-31": 2495.472, "2011-09-30": 139.309, "2011-06-30": 134.524, "2011-03-31": "128.69500", "2010-12-31": 118.826, "2010-09-30": 113.804, "2010-06-30": 109.301, "2010-03-31": "107.80100", "2009-12-31": 105.759, "2009-09-30": 98.976, "2009-06-30": 91.375, "2009-03-31": "81.74600", "2008-12-31": 69.5, "2008-09-30": 67.631, "2008-06-30": 60.888, "2008-03-31": "57.30000", "2007-12-31": 52.206, "2007-09-30": 45.492, "2007-06-30": 41.124, "2007-03-31": "39.38000", "2006-12-31": 38.841, "2006-09-30": 36.611, "2006-06-30": 32.316, "2006-03-31": "27.26000", "2005-09-30": 21.911, "2005-06-30": 39.984}, "Other Non-Cash Items": {"2020-12-31": 427, "2020-09-30": 729, "2020-06-30": 1201, "2020-03-31": "586.00000", "2019-12-31": 499, "2019-09-30": 522, "2019-06-30": 515, "2019-03-31": "506.00000", "2018-12-31": 436, "2018-09-30": 516, "2018-06-30": 583, "2018-03-31": "445.00000", "2017-12-31": -1996, "2017-09-30": 611, "2017-06-30": 684, "2017-03-31": "141.00000", "2016-12-31": 569, "2016-09-30": 288, "2016-06-30": 398, "2016-03-31": "-115.00000", "2015-12-31": 495, "2015-09-30": 416, "2015-06-30": 234, "2015-03-31": "215.00000", "2014-12-31": 308, "2014-09-30": 0, "2014-06-30": 0, "2014-03-31": "", "2013-12-31": 813, "2013-09-30": 0, "2013-06-30": 0, "2013-03-31": "", "2012-12-31": 8886, "2012-09-30": 0, "2012-06-30": -29.331, "2012-03-31": "29.33100", "2011-12-31": 6900.371, "2011-09-30": 52.907, "2011-06-30": 74.926, "2011-03-31": "46.79600", "2010-12-31": 123.393, "2010-09-30": 63.452, "2010-06-30": 71.675, "2010-03-31": "28.63400", "2009-12-31": 48.012, "2009-09-30": 61.525, "2009-06-30": 52.221, "2009-03-31": "19.71700", "2008-12-31": 74.282, "2008-09-30": 52.408, "2008-06-30": 59.346, "2008-03-31": "45.16500", "2007-12-31": 115.692, "2007-09-30": 49.934, "2007-06-30": 47.953, "2007-03-31": "33.45200", "2006-12-31": 52.015, "2006-09-30": 21.541, "2006-06-30": 19.339, "2006-03-31": "24.17400", "2005-09-30": 18.751, "2005-06-30": -69.395}, "Total Non-Cash Items": {"2020-12-31": 4646, "2020-09-30": 4879, "2020-06-30": 5265, "2020-03-31": "2304.00000", "2019-12-31": 2275, "2019-09-30": 2177, "2019-06-30": 2100, "2019-03-31": "2106.00000", "2018-12-31": 2076, "2018-09-30": 2153, "2018-06-30": 2217, "2018-03-31": "2020.00000", "2017-12-31": -511, "2017-09-30": 2027, "2017-06-30": 2203, "2017-03-31": "1705.00000", "2016-12-31": 2117, "2016-09-30": 1856, "2016-06-30": 1973, "2016-03-31": "1437.00000", "2015-12-31": 1864, "2015-09-30": 1573, "2015-06-30": 1309, "2015-03-31": "1302.00000", "2014-12-31": 4720, "2014-09-30": 0, "2014-06-30": 0, "2014-03-31": "", "2013-12-31": 4440, "2013-09-30": 0, "2013-06-30": 0, "2013-03-31": "", "2012-12-31": 11992, "2012-09-30": 0, "2012-06-30": -182.15, "2012-03-31": "182.15000", "2011-12-31": 9395.843, "2011-09-30": 192.216, "2011-06-30": 209.45, "2011-03-31": "175.49100", "2010-12-31": 242.219, "2010-09-30": 177.256, "2010-06-30": 180.976, "2010-03-31": "136.43500", "2009-12-31": 153.771, "2009-09-30": 160.501, "2009-06-30": 143.596, "2009-03-31": "101.46300", "2008-12-31": 143.782, "2008-09-30": 120.039, "2008-06-30": 120.234, "2008-03-31": "102.46500", "2007-12-31": 167.898, "2007-09-30": 95.426, "2007-06-30": 89.077, "2007-03-31": "72.83200", "2006-12-31": 90.856, "2006-09-30": 58.152, "2006-06-30": 51.655, "2006-03-31": "51.43400", "2005-09-30": 40.662, "2005-06-30": -29.411}, "Change In Accounts Receivable": {"2020-12-31": -489, "2020-09-30": -1538, "2020-06-30": -498, "2020-03-31": "-748.00000", "2019-12-31": -1016, "2019-09-30": -745, "2019-06-30": -805, "2019-03-31": "-1143.00000", "2018-12-31": -1370, "2018-09-30": -1238, "2018-06-30": -1136, "2018-03-31": "-873.00000", "2017-12-31": -1255, "2017-09-30": -1022, "2017-06-30": -629, "2017-03-31": "-1025.00000", "2016-12-31": -2997, "2016-09-30": -155, "2016-06-30": -105, "2016-03-31": "-202.00000", "2015-12-31": -103, "2015-09-30": -48, "2015-06-30": 62, "2015-03-31": "-170.00000", "2014-12-31": -90, "2014-09-30": 0, "2014-06-30": 0, "2014-03-31": "", "2013-12-31": -158, "2013-09-30": 0, "2013-06-30": 0, "2013-03-31": "", "2012-12-31": -299, "2012-09-30": 0, "2012-06-30": 2.844, "2012-03-31": "-2.84400", "2011-12-31": -550.627, "2011-09-30": -2.663, "2011-06-30": -5.96, "2011-03-31": "1.25000", "2010-12-31": -11.284, "2010-09-30": 1.069, "2010-06-30": 4.966, "2010-03-31": "-1.27400", "2009-12-31": -3.751, "2009-09-30": 6.299, "2009-06-30": -8.953, "2009-03-31": "-10.65100", "2008-12-31": 4.646, "2008-09-30": -0.754, "2008-06-30": -5.695, "2008-03-31": "-1.06200", "2007-12-31": 2.455, "2007-09-30": -4.837, "2007-06-30": -3.897, "2007-03-31": "2.48200", "2006-12-31": -4.601, "2006-09-30": -3.738, "2006-06-30": -4.804, "2006-03-31": "1.00000", "2005-09-30": -2.416, "2005-06-30": -1.305}, "Change In Inventories": {"2020-12-31": -609, "2020-09-30": -549, "2020-06-30": -553, "2020-03-31": "-511.00000", "2019-12-31": -478, "2019-09-30": -36, "2019-06-30": 162, "2019-03-31": "-265.00000", "2018-12-31": -244, "2018-09-30": -115, "2018-06-30": 125, "2018-03-31": "33.00000", "2017-12-31": -816, "2017-09-30": 113, "2017-06-30": -185, "2017-03-31": "44.00000", "2016-12-31": -305, "2016-09-30": 301, "2016-06-30": 3, "2016-03-31": "-801.00000", "2015-12-31": -1522, "2015-09-30": -915, "2015-06-30": 87, "2015-03-31": "-145.00000", "2014-12-31": -499, "2014-09-30": 0, "2014-06-30": 0, "2014-03-31": "", "2013-12-31": 42, "2013-09-30": 0, "2013-06-30": 0, "2013-03-31": "", "2012-12-31": -2, "2012-09-30": 0, "2012-06-30": 12.51, "2012-03-31": "-12.51000", "2011-12-31": 151.953, "2011-09-30": -6.954, "2011-06-30": 145.801, "2011-03-31": "-124.80000", "2010-12-31": -34.847, "2010-09-30": 69.161, "2010-06-30": -77.769, "2010-03-31": "29.80700", "2009-12-31": -59.277, "2009-09-30": 11.753, "2009-06-30": 3.277, "2009-03-31": "52.80100", "2008-12-31": -73.46, "2008-09-30": -39.349, "2008-06-30": 22.33, "2008-03-31": "43.66300", "2007-12-31": -12.927, "2007-09-30": -6.089, "2007-06-30": 16.717, "2007-03-31": "-13.97600", "2006-12-31": -53.1, "2006-09-30": -10.515, "2006-06-30": 21.327, "2006-03-31": "-11.03200", "2005-09-30": -0.133, "2005-06-30": 14.958}, "Change In Accounts Payable": {"2020-12-31": 0, "2020-09-30": 0, "2020-06-30": 0, "2020-03-31": "", "2019-12-31": 0, "2019-09-30": 0, "2019-06-30": 0, "2019-03-31": "", "2018-12-31": 0, "2018-09-30": 0, "2018-06-30": 0, "2018-03-31": "", "2017-12-31": 0, "2017-09-30": 0, "2017-06-30": 0, "2017-03-31": "", "2016-12-31": 0, "2016-09-30": 0, "2016-06-30": 0, "2016-03-31": "", "2015-12-31": 0, "2015-09-30": 0, "2015-06-30": 0, "2015-03-31": "", "2014-12-31": 0, "2014-09-30": 0, "2014-06-30": 0, "2014-03-31": "", "2013-12-31": 0, "2013-09-30": 0, "2013-06-30": 0, "2013-03-31": "", "2012-12-31": 0, "2012-09-30": 0, "2012-06-30": 0, "2012-03-31": "", "2011-12-31": 0, "2011-09-30": 0, "2011-06-30": 0, "2011-03-31": "", "2010-12-31": 0, "2010-09-30": 0, "2010-06-30": 0, "2010-03-31": "", "2009-12-31": 0, "2009-09-30": 0, "2009-06-30": 0, "2009-03-31": "", "2008-12-31": 0, "2008-09-30": 0, "2008-06-30": 0, "2008-03-31": "", "2007-12-31": 0, "2007-09-30": 0, "2007-06-30": 0, "2007-03-31": "", "2006-12-31": 0, "2006-09-30": 0, "2006-06-30": 0, "2006-03-31": "", "2005-09-30": 0, "2005-06-30": 0}, "Change In Assets/Liabilities": {"2020-12-31": -1468, "2020-09-30": -448, "2020-06-30": -2307, "2020-03-31": "-44.00000", "2019-12-31": -423, "2019-09-30": -212, "2019-06-30": -312, "2019-03-31": "-303.00000", "2018-12-31": -670, "2018-09-30": -468, "2018-06-30": -639, "2018-03-31": "-45.00000", "2017-12-31": -982, "2017-09-30": -479, "2017-06-30": -908, "2017-03-31": "-175.00000", "2016-12-31": -1362, "2016-09-30": 102, "2016-06-30": 9, "2016-03-31": "603.00000", "2015-12-31": 1161, "2015-09-30": 103, "2015-06-30": -514, "2015-03-31": "-41.00000", "2014-12-31": -2649, "2014-09-30": 0, "2014-06-30": 0, "2014-03-31": "", "2013-12-31": -1561, "2013-09-30": 0, "2013-06-30": 0, "2013-03-31": "", "2012-12-31": -461, "2012-09-30": 0, "2012-06-30": 11.093, "2012-03-31": "-11.09300", "2011-12-31": -35.876, "2011-09-30": 24.376, "2011-06-30": 23.589, "2011-03-31": "1.91100", "2010-12-31": 23.603, "2010-09-30": 16.151, "2010-06-30": 19.991, "2010-03-31": "-6.32100", "2009-12-31": 39.342, "2009-09-30": -23.017, "2009-06-30": 26.382, "2009-03-31": "0.80200", "2008-12-31": -29.412, "2008-09-30": 3.42, "2008-06-30": 5.813, "2008-03-31": "0.55800", "2007-12-31": 24.281, "2007-09-30": -6.839, "2007-06-30": -3.347, "2007-03-31": "5.76300", "2006-12-31": 4.366, "2006-09-30": 1.4, "2006-06-30": 6.889, "2006-03-31": "3.17400", "2005-09-30": 1.853, "2005-06-30": 2.912}, "Total Change In Assets/Liabilities": {"2020-12-31": -2059, "2020-09-30": -3499, "2020-06-30": -4619, "2020-03-31": "-1708.00000", "2019-12-31": -1561, "2019-09-30": -1388, "2019-06-30": -912, "2019-03-31": "-1698.00000", "2018-12-31": -1779, "2018-09-30": -2086, "2018-06-30": -1729, "2018-03-31": "-1913.00000", "2017-12-31": -1367, "2017-09-30": -1400, "2017-06-30": -1666, "2017-03-31": "-1807.00000", "2016-12-31": -4297, "2016-09-30": -483, "2016-06-30": -438, "2016-03-31": "-892.00000", "2015-12-31": 193, "2015-09-30": -278, "2015-06-30": -518, "2015-03-31": "-749.00000", "2014-12-31": -843, "2014-09-30": 0, "2014-06-30": 0, "2014-03-31": "", "2013-12-31": -1066, "2013-09-30": 0, "2013-06-30": 0, "2013-03-31": "", "2012-12-31": -794, "2012-09-30": 0, "2012-06-30": 66.25, "2012-03-31": "-66.25000", "2011-12-31": -241.463, "2011-09-30": 10.018, "2011-06-30": 50.001, "2011-03-31": "-93.55600", "2010-12-31": 59.339, "2010-09-30": 87.396, "2010-06-30": -148.472, "2010-03-31": "65.93600", "2009-12-31": -66.961, "2009-09-30": 79.37, "2009-06-30": -10.398, "2009-03-31": "161.16300", "2008-12-31": -238.773, "2008-09-30": 31.57, "2008-06-30": 53.27, "2008-03-31": "-34.53500", "2007-12-31": 28.109, "2007-09-30": 24.607, "2007-06-30": 8.566, "2007-03-31": "2.38800", "2006-12-31": 6.036, "2006-09-30": -1.798, "2006-06-30": 58.796, "2006-03-31": "-4.17600", "2005-09-30": 33.778, "2005-06-30": 22.151}, "Cash Flow From Operating Activities": {"2020-12-31": 3474, "2020-09-30": 2772, "2020-06-30": 777, "2020-03-31": "1617.00000", "2019-12-31": 1537, "2019-09-30": 1748, "2019-06-30": 2147, "2019-03-31": "1392.00000", "2018-12-31": 954, "2018-09-30": 914, "2018-06-30": 1261, "2018-03-31": "770.00000", "2017-12-31": 865, "2017-09-30": 1252, "2017-06-30": 1106, "2017-03-31": "608.00000", "2016-12-31": -1754, "2016-09-30": 1740, "2016-06-30": 1768, "2016-03-31": "1025.00000", "2015-12-31": 2233, "2015-09-30": 1531, "2015-06-30": 1161, "2015-03-31": "489.00000", "2014-12-31": 1355, "2014-09-30": 1062, "2014-06-30": 970, "2014-03-31": "759.00000", "2013-12-31": 1004, "2013-09-30": 826, "2013-06-30": 806, "2013-03-31": "909.00000", "2012-12-31": 1155, "2012-09-30": 798, "2012-06-30": 1772.096, "2012-03-31": "136.90400", "2011-12-31": 4226.34, "2011-09-30": 271.56, "2011-06-30": 343.787, "2011-03-31": "138.31300", "2010-12-31": 315.109, "2010-09-30": 341.94, "2010-06-30": 112.419, "2010-03-31": "225.03200", "2009-12-31": 119.935, "2009-09-30": 313.421, "2009-06-30": 159.394, "2009-03-31": "306.59900", "2008-12-31": -80.417, "2008-09-30": 196.489, "2008-06-30": 223.969, "2008-03-31": "107.44900", "2007-12-31": 148.856, "2007-09-30": 173.141, "2007-06-30": 155.737, "2007-03-31": "111.57200", "2006-12-31": 80.073, "2006-09-30": 85.62, "2006-06-30": 133.44, "2006-03-31": "65.62800", "2005-09-30": 94.994, "2005-06-30": 152.021}, "Net Change In Property, Plant, And Equipment": {"2020-12-31": -3807, "2020-09-30": -3217, "2020-06-30": -2257, "2020-03-31": "-1753.00000", "2019-12-31": -1119, "2019-09-30": -1514, "2019-06-30": -1789, "2019-03-31": "-1931.00000", "2018-12-31": -1184, "2018-09-30": -1362, "2018-06-30": -1629, "2018-03-31": "-1366.00000", "2017-12-31": -921, "2017-09-30": -1441, "2017-06-30": -1347, "2017-03-31": "-1528.00000", "2016-12-31": -859, "2016-09-30": -1159, "2016-06-30": -1349, "2016-03-31": "-1335.00000", "2015-12-31": -1431, "2015-09-30": -1120, "2015-06-30": -1191, "2015-03-31": "-982.00000", "2014-12-31": -1299, "2014-09-30": -1131, "2014-06-30": -940, "2014-03-31": "-947.00000", "2013-12-31": -882, "2013-09-30": -1017, "2013-06-30": -1050, "2013-03-31": "-1076.00000", "2012-12-31": -847, "2012-09-30": -717, "2012-06-30": -1135.109, "2012-03-31": "-150.89100", "2011-12-31": -1962.9789, "2011-09-30": -295.3601, "2011-06-30": -271.831, "2011-03-31": "-196.83000", "2010-12-31": -273.44, "2010-09-30": -152.42, "2010-06-30": -191.07, "2010-03-31": "-136.46200", "2009-12-31": -217.562, "2009-09-30": -204.966, "2009-06-30": -138.131, "2009-03-31": "-298.80000", "2008-12-31": -288.368, "2008-09-30": -286.087, "2008-06-30": -207.214, "2008-03-31": "-156.44200", "2007-12-31": -249.322, "2007-09-30": -184.305, "2007-06-30": -192.426, "2007-03-31": "-157.88900", "2006-12-31": -104.1011, "2006-09-30": -140.91, "2006-06-30": -166.751, "2006-03-31": "-141.22800", "2005-09-30": -108.926, "2005-06-30": -99.737}, "Net Change In Intangible Assets": {"2020-12-31": -506, "2020-09-30": 17, "2020-06-30": -745, "2020-03-31": "-99.00000", "2019-12-31": -104, "2019-09-30": -13, "2019-06-30": -665, "2019-03-31": "-185.00000", "2018-12-31": -26, "2018-09-30": -22, "2018-06-30": -28, "2018-03-31": "-51.00000", "2017-12-31": -8, "2017-09-30": -15, "2017-06-30": -5791, "2017-03-31": "-14.00000", "2016-12-31": -424, "2016-09-30": -705, "2016-06-30": -2245, "2016-03-31": "-594.00000", "2015-12-31": 3, "2015-09-30": -94, "2015-06-30": -148, "2015-03-31": "-1696.00000", "2014-12-31": -510, "2014-09-30": -23, "2014-06-30": -2367, "2014-03-31": "", "2013-12-31": -329, "2013-09-30": -1, "2013-06-30": -2, "2013-03-31": "-49.00000", "2012-12-31": -8, "2012-09-30": -369, "2012-06-30": -10, "2012-03-31": "", "2011-12-31": -23, "2011-09-30": 0, "2011-06-30": 0, "2011-03-31": "", "2010-12-31": 0, "2010-09-30": 0, "2010-06-30": 0, "2010-03-31": "", "2009-12-31": 16.567, "2009-09-30": -4.196, "2009-06-30": -4.006, "2009-03-31": "-7.41600", "2008-12-31": 314.567, "2008-09-30": -1.3, "2008-06-30": -159.585, "2008-03-31": "-153.68200", "2007-12-31": 0, "2007-09-30": 0, "2007-06-30": 0, "2007-03-31": "", "2006-12-31": -1191.41, "2006-09-30": -200.176, "2006-06-30": 0, "2006-03-31": "", "2005-09-30": -4.565, "2005-06-30": -269.364}, "Net Acquisitions/Divestitures": {"2020-12-31": -14, "2020-09-30": 1238, "2020-06-30": -5000, "2020-03-31": "", "2019-12-31": 0, "2019-09-30": -31, "2019-06-30": 0, "2019-03-31": "", "2018-12-31": 0, "2018-09-30": 0, "2018-06-30": -5, "2018-03-31": "-333.00000", "2017-12-31": 0, "2017-09-30": 0, "2017-06-30": 0, "2017-03-31": "", "2016-12-31": 0, "2016-09-30": 0, "2016-06-30": 0, "2016-03-31": "", "2015-12-31": 0, "2015-09-30": 0, "2015-06-30": 0, "2015-03-31": "", "2014-12-31": 0, "2014-09-30": 0, "2014-06-30": 0, "2014-03-31": "", "2013-12-31": 0, "2013-09-30": 0, "2013-06-30": 2144, "2013-03-31": "", "2012-12-31": -5, "2012-09-30": 0, "2012-06-30": 2.584, "2012-03-31": "-2.58400", "2011-12-31": 84.498, "2011-09-30": -0.72, "2011-06-30": -9.25, "2011-03-31": "-1.52800", "2010-12-31": -46.246, "2010-09-30": -1.71, "2010-06-30": -1.78, "2010-03-31": "-0.19600", "2009-12-31": -19.186, "2009-09-30": 0, "2009-06-30": 0, "2009-03-31": "", "2008-12-31": -331.038, "2008-09-30": -0.001, "2008-06-30": -6.562, "2008-03-31": "-18.60000", "2007-12-31": 0.669, "2007-09-30": -0.669, "2007-06-30": 0, "2007-03-31": "", "2006-12-31": 0, "2006-09-30": 0, "2006-06-30": 0, "2006-03-31": "", "2005-09-30": 0, "2005-06-30": 0}, "Net Change In Short-term Investments": {"2020-12-31": 0, "2020-09-30": 0, "2020-06-30": 0, "2020-03-31": "", "2019-12-31": 0, "2019-09-30": 0, "2019-06-30": 0, "2019-03-31": "", "2018-12-31": 0, "2018-09-30": 0, "2018-06-30": 0, "2018-03-31": "", "2017-12-31": 0, "2017-09-30": 0, "2017-06-30": 0, "2017-03-31": "", "2016-12-31": 0, "2016-09-30": 0, "2016-06-30": 2923, "2016-03-31": "75.00000", "2015-12-31": -2997, "2015-09-30": 0, "2015-06-30": 0, "2015-03-31": "", "2014-12-31": 0, "2014-09-30": 0, "2014-06-30": 0, "2014-03-31": "", "2013-12-31": 0, "2013-09-30": 0, "2013-06-30": 25, "2013-03-31": "275.00000", "2012-12-31": -354, "2012-09-30": 280, "2012-06-30": -577, "2012-03-31": "", "2011-12-31": -2005, "2011-09-30": 0, "2011-06-30": 0, "2011-03-31": "", "2010-12-31": 0, "2010-09-30": 0, "2010-06-30": 0, "2010-03-31": "", "2009-12-31": 0, "2009-09-30": 0, "2009-06-30": 0, "2009-03-31": "", "2008-12-31": 0, "2008-09-30": 0, "2008-06-30": 0, "2008-03-31": "", "2007-12-31": 0, "2007-09-30": 0, "2007-06-30": 0, "2007-03-31": "", "2006-12-31": 0, "2006-09-30": 0, "2006-06-30": 0, "2006-03-31": "", "2005-09-30": 0, "2005-06-30": 0}, "Net Change In Long-Term Investments": {"2020-12-31": 0, "2020-09-30": 0, "2020-06-30": 0, "2020-03-31": "", "2019-12-31": 0, "2019-09-30": 0, "2019-06-30": 0, "2019-03-31": "", "2018-12-31": 0, "2018-09-30": 0, "2018-06-30": 0, "2018-03-31": "", "2017-12-31": 0, "2017-09-30": 0, "2017-06-30": 0, "2017-03-31": "", "2016-12-31": 0, "2016-09-30": 0, "2016-06-30": 0, "2016-03-31": "", "2015-12-31": 0, "2015-09-30": 0, "2015-06-30": 0, "2015-03-31": "", "2014-12-31": 0, "2014-09-30": 0, "2014-06-30": 0, "2014-03-31": "", "2013-12-31": 22, "2013-09-30": -22, "2013-06-30": 0, "2013-03-31": "", "2012-12-31": -38, "2012-09-30": 16, "2012-06-30": 29.915, "2012-03-31": "-29.91500", "2011-12-31": -92.211, "2011-09-30": 0.037, "2011-06-30": 37.552, "2011-03-31": "37.62200", "2010-12-31": 637.9459, "2010-09-30": -712.5479, "2010-06-30": -24.853, "2010-03-31": "-49.87200", "2009-12-31": 0.082, "2009-09-30": 0.129, "2009-06-30": 0.049, "2009-03-31": "-224.40500", "2008-12-31": 0, "2008-09-30": 0, "2008-06-30": 0.037, "2008-03-31": "", "2007-12-31": 124.1909, "2007-09-30": 1287.964, "2007-06-30": -1228.163, "2007-03-31": "83.22900", "2006-12-31": -160.596, "2006-09-30": 55.073, "2006-06-30": 102.229, "2006-03-31": "5.79900", "2005-09-30": 8.924, "2005-06-30": -264.931}, "Net Change In Investments - Total": {"2020-12-31": 0, "2020-09-30": 0, "2020-06-30": 0, "2020-03-31": "", "2019-12-31": 0, "2019-09-30": 0, "2019-06-30": 0, "2019-03-31": "", "2018-12-31": 0, "2018-09-30": 0, "2018-06-30": 0, "2018-03-31": "", "2017-12-31": 0, "2017-09-30": 0, "2017-06-30": 0, "2017-03-31": "", "2016-12-31": 0, "2016-09-30": 0, "2016-06-30": 2923, "2016-03-31": "75.00000", "2015-12-31": -2997, "2015-09-30": 0, "2015-06-30": 0, "2015-03-31": "", "2014-12-31": 0, "2014-09-30": 0, "2014-06-30": 0, "2014-03-31": "", "2013-12-31": 22, "2013-09-30": -22, "2013-06-30": 25, "2013-03-31": "275.00000", "2012-12-31": -392, "2012-09-30": 296, "2012-06-30": -547.085, "2012-03-31": "-29.91500", "2011-12-31": -2097.211, "2011-09-30": 0.037, "2011-06-30": 37.552, "2011-03-31": "37.62200", "2010-12-31": 637.9459, "2010-09-30": -712.5479, "2010-06-30": -24.853, "2010-03-31": "-49.87200", "2009-12-31": 0.082, "2009-09-30": 0.129, "2009-06-30": 0.049, "2009-03-31": "-224.40500", "2008-12-31": 0, "2008-09-30": 0, "2008-06-30": 0.037, "2008-03-31": "", "2007-12-31": 124.1909, "2007-09-30": 1287.964, "2007-06-30": -1228.163, "2007-03-31": "83.22900", "2006-12-31": -160.596, "2006-09-30": 55.073, "2006-06-30": 102.229, "2006-03-31": "5.79900", "2005-09-30": 8.924, "2005-06-30": -264.931}, "Investing Activities - Other": {"2020-12-31": 680, "2020-09-30": 830, "2020-06-30": 1646, "2020-03-31": "272.00000", "2019-12-31": 336, "2019-09-30": 901, "2019-06-30": 839, "2019-03-31": "1150.00000", "2018-12-31": 1441, "2018-09-30": 1342, "2018-06-30": 1356, "2018-03-31": "1288.00000", "2017-12-31": 1196, "2017-09-30": 1111, "2017-06-30": 887, "2017-03-31": "1126.00000", "2016-12-31": 3345, "2016-09-30": 5, "2016-06-30": 4, "2016-03-31": "-6.00000", "2015-12-31": 103, "2015-09-30": 5, "2015-06-30": 2, "2015-03-31": "-14.00000", "2014-12-31": 3, "2014-09-30": -11, "2014-06-30": -3, "2014-03-31": "-18.00000", "2013-12-31": -35, "2013-09-30": -90, "2013-06-30": -1, "2013-03-31": "-4.00000", "2012-12-31": 4, "2012-09-30": 0, "2012-06-30": -4.5, "2012-03-31": "0.50000", "2011-12-31": -0.3, "2011-09-30": 0.3, "2011-06-30": 8, "2011-03-31": "-8.00000", "2010-12-31": 0.971, "2010-09-30": -0.5, "2010-06-30": 0.262, "2010-03-31": "1.50000", "2009-12-31": -2.001, "2009-09-30": -13.112, "2009-06-30": 0.457, "2009-03-31": "-0.45700", "2008-12-31": 1.798, "2008-09-30": -0.681, "2008-06-30": -0.482, "2008-03-31": "-0.63500", "2007-12-31": -0.114, "2007-09-30": -0.409, "2007-06-30": -0.4, "2007-03-31": "0.55600", "2006-12-31": 5.697, "2006-09-30": -0.117, "2006-06-30": -0.058, "2006-03-31": "-3.11600", "2005-09-30": -50.29, "2005-06-30": -0.22}, "Cash Flow From Investing Activities": {"2020-12-31": -3647, "2020-09-30": -1132, "2020-06-30": -6356, "2020-03-31": "-1580.00000", "2019-12-31": -887, "2019-09-30": -657, "2019-06-30": -1615, "2019-03-31": "-966.00000", "2018-12-31": 231, "2018-09-30": -42, "2018-06-30": -306, "2018-03-31": "-462.00000", "2017-12-31": 267, "2017-09-30": -345, "2017-06-30": -6251, "2017-03-31": "-416.00000", "2016-12-31": 2062, "2016-09-30": -1859, "2016-06-30": -667, "2016-03-31": "-1860.00000", "2015-12-31": -4322, "2015-09-30": -1209, "2015-06-30": -1337, "2015-03-31": "-2692.00000", "2014-12-31": -1806, "2014-09-30": -1165, "2014-06-30": -3310, "2014-03-31": "-965.00000", "2013-12-31": -1224, "2013-09-30": -1130, "2013-06-30": 1116, "2013-03-31": "-854.00000", "2012-12-31": -1248, "2012-09-30": -790, "2012-06-30": -1694.11, "2012-03-31": "-182.89000", "2011-12-31": -3998.992, "2011-09-30": -295.743, "2011-06-30": -235.529, "2011-03-31": "-168.73600", "2010-12-31": 319.231, "2010-09-30": -867.178, "2010-06-30": -217.441, "2010-03-31": "-185.03000", "2009-12-31": -222.1, "2009-09-30": -222.145, "2009-06-30": -141.631, "2009-03-31": "-531.07800", "2008-12-31": -303.041, "2008-09-30": -288.069, "2008-06-30": -373.806, "2008-03-31": "-329.35900", "2007-12-31": -124.576, "2007-09-30": 1102.581, "2007-06-30": -1420.989, "2007-03-31": "-74.10400", "2006-12-31": -1450.41, "2006-09-30": -286.13, "2006-06-30": -64.58, "2006-03-31": "-138.54500", "2005-09-30": -154.857, "2005-06-30": -634.252}, "Net Long-Term Debt": {"2020-12-31": 4177, "2020-09-30": -5815, "2020-06-30": 15820, "2020-03-31": "-282.00000", "2019-12-31": -276, "2019-09-30": -235, "2019-06-30": -829, "2019-03-31": "-86.00000", "2018-12-31": -404, "2018-09-30": -463, "2018-06-30": -2668, "2018-03-31": "1768.00000", "2017-12-31": -324, "2017-09-30": -321, "2017-06-30": -1704, "2017-03-31": "1925.00000", "2016-12-31": -77, "2016-09-30": -59, "2016-06-30": 949, "2016-03-31": "-41.00000", "2015-12-31": 4086, "2015-09-30": -13, "2015-06-30": -6, "2015-03-31": "-5.00000", "2014-12-31": -1019, "2014-09-30": 2993, "2014-06-30": 0, "2014-03-31": "", "2013-12-31": 2108, "2013-09-30": 458, "2013-06-30": -81, "2013-03-31": "", "2012-12-31": 57, "2012-09-30": 0, "2012-06-30": 7.905, "2012-03-31": "-7.90500", "2011-12-31": -937.541, "2011-09-30": -8.095, "2011-06-30": 456.326, "2011-03-31": "489.31000", "2010-12-31": -717.3939, "2010-09-30": 659.542, "2010-06-30": -4.557, "2010-03-31": "-4.66700", "2009-12-31": -4.919, "2009-09-30": -5.23, "2009-06-30": -3.285, "2009-03-31": "486.08500", "2008-12-31": -5.41, "2008-09-30": -4, "2008-06-30": -4, "2008-03-31": "-4.00000", "2007-12-31": -4, "2007-09-30": -4, "2007-06-30": 419.5, "2007-03-31": "-4.00000", "2006-12-31": 1464.461, "2006-09-30": 199.565, "2006-06-30": -0.216, "2006-03-31": "-1.79500", "2005-09-30": -0.001, "2005-06-30": 536.921}, "Net Current Debt": {"2020-12-31": -74, "2020-09-30": -231, "2020-06-30": -337, "2020-03-31": "-25.00000", "2019-12-31": -475, "2019-09-30": -300, "2019-06-30": 0, "2019-03-31": "", "2018-12-31": -54, "2018-09-30": -246, "2018-06-30": 0, "2018-03-31": "", "2017-12-31": -4, "2017-09-30": -4, "2017-06-30": -292, "2017-03-31": "", "2016-12-31": 0, "2016-09-30": 0, "2016-06-30": -150, "2016-03-31": "", "2015-12-31": -1, "2015-09-30": -315, "2015-06-30": -185, "2015-03-31": "-63.00000", "2014-12-31": -4, "2014-09-30": -183, "2014-06-30": -5, "2014-03-31": "-226.00000", "2013-12-31": -50, "2013-09-30": -194, "2013-06-30": 0, "2013-03-31": "", "2012-12-31": 0, "2012-09-30": 0, "2012-06-30": 2.83, "2012-03-31": "-2.83000", "2011-12-31": -14.081, "2011-09-30": 12.818, "2011-06-30": -51.624, "2011-03-31": "52.88700", "2010-12-31": -3.947, "2010-09-30": 1.572, "2010-06-30": -30.814, "2010-03-31": "-49.52300", "2009-12-31": 80.054, "2009-09-30": -0.939, "2009-06-30": 0.339, "2009-03-31": "-99.76800", "2008-12-31": 63.544, "2008-09-30": -13.67, "2008-06-30": -36.255, "2008-03-31": "65.73400", "2007-12-31": -18.91, "2007-09-30": -36.055, "2007-06-30": 20.795, "2007-03-31": "38.28100", "2006-12-31": -11.625, "2006-09-30": -4.724, "2006-06-30": 4.106, "2006-03-31": "23.61100", "2005-09-30": 3.071, "2005-06-30": 8.034}, "Debt Issuance/Retirement Net - Total": {"2020-12-31": 4103, "2020-09-30": -6046, "2020-06-30": 15483, "2020-03-31": "-307.00000", "2019-12-31": -751, "2019-09-30": -535, "2019-06-30": -829, "2019-03-31": "-86.00000", "2018-12-31": -458, "2018-09-30": -709, "2018-06-30": -2668, "2018-03-31": "1768.00000", "2017-12-31": -328, "2017-09-30": -325, "2017-06-30": -1996, "2017-03-31": "1925.00000", "2016-12-31": -77, "2016-09-30": -59, "2016-06-30": 799, "2016-03-31": "-41.00000", "2015-12-31": 4085, "2015-09-30": -328, "2015-06-30": -191, "2015-03-31": "-68.00000", "2014-12-31": -1023, "2014-09-30": 2810, "2014-06-30": -5, "2014-03-31": "-226.00000", "2013-12-31": 2058, "2013-09-30": 264, "2013-06-30": -81, "2013-03-31": "", "2012-12-31": 57, "2012-09-30": 0, "2012-06-30": 10.735, "2012-03-31": "-10.73500", "2011-12-31": -951.622, "2011-09-30": 4.723, "2011-06-30": 404.702, "2011-03-31": "542.19700", "2010-12-31": -721.3409, "2010-09-30": 661.114, "2010-06-30": -35.371, "2010-03-31": "-54.19000", "2009-12-31": 75.135, "2009-09-30": -6.169, "2009-06-30": -2.946, "2009-03-31": "386.31700", "2008-12-31": 58.134, "2008-09-30": -17.67, "2008-06-30": -40.255, "2008-03-31": "61.73400", "2007-12-31": -22.91, "2007-09-30": -40.055, "2007-06-30": 440.295, "2007-03-31": "34.28100", "2006-12-31": 1452.836, "2006-09-30": 194.841, "2006-06-30": 3.89, "2006-03-31": "21.81600", "2005-09-30": 3.07, "2005-06-30": 544.955}, "Net Common Equity Issued/Repurchased": {"2020-12-31": 0, "2020-09-30": 4, "2020-06-30": 300, "2020-03-31": "", "2019-12-31": 0, "2019-09-30": 0, "2019-06-30": 0, "2019-03-31": "", "2018-12-31": 0, "2018-09-30": 0, "2018-06-30": -405, "2018-03-31": "-666.00000", "2017-12-31": -427, "2017-09-30": 0, "2017-06-30": 0, "2017-03-31": "", "2016-12-31": 0, "2016-09-30": 0, "2016-06-30": 0, "2016-03-31": "", "2015-12-31": 47, "2015-09-30": 0, "2015-06-30": 0, "2015-03-31": "", "2014-12-31": 27, "2014-09-30": 0, "2014-06-30": 0, "2014-03-31": "", "2013-12-31": 1808, "2013-09-30": 44, "2013-06-30": 72, "2013-03-31": "", "2012-12-31": 0, "2012-09-30": 0, "2012-06-30": 0.323, "2012-03-31": "-0.32300", "2011-12-31": -54.307, "2011-09-30": 4.227, "2011-06-30": 30.005, "2011-03-31": "20.07500", "2010-12-31": 4.851, "2010-09-30": 1.618, "2010-06-30": 2.359, "2010-03-31": "-0.61900", "2009-12-31": 0.833, "2009-09-30": 0.681, "2009-06-30": 4.271, "2009-03-31": "2.84100", "2008-12-31": 2.88, "2008-09-30": 0.705, "2008-06-30": 8.3, "2008-03-31": "0.69700", "2007-12-31": 4.558, "2007-09-30": 0.828, "2007-06-30": 866.721, "2007-03-31": "0.09900", "2006-12-31": 1.855, "2006-09-30": 0.552, "2006-06-30": 0.186, "2006-03-31": "0.15100", "2005-09-30": 0.696, "2005-06-30": 0.068}, "Net Total Equity Issued/Repurchased": {"2020-12-31": 0, "2020-09-30": 4, "2020-06-30": 300, "2020-03-31": "", "2019-12-31": 0, "2019-09-30": 0, "2019-06-30": 0, "2019-03-31": "", "2018-12-31": 0, "2018-09-30": 0, "2018-06-30": -405, "2018-03-31": "-666.00000", "2017-12-31": -427, "2017-09-30": 0, "2017-06-30": 0, "2017-03-31": "", "2016-12-31": 0, "2016-09-30": 0, "2016-06-30": 0, "2016-03-31": "", "2015-12-31": 47, "2015-09-30": 0, "2015-06-30": 0, "2015-03-31": "", "2014-12-31": 1009, "2014-09-30": 0, "2014-06-30": 0, "2014-03-31": "", "2013-12-31": 1808, "2013-09-30": 44, "2013-06-30": 72, "2013-03-31": "", "2012-12-31": 0, "2012-09-30": 0, "2012-06-30": 0.323, "2012-03-31": "-0.32300", "2011-12-31": -54.307, "2011-09-30": 4.227, "2011-06-30": 30.005, "2011-03-31": "20.07500", "2010-12-31": 4.851, "2010-09-30": 1.618, "2010-06-30": 2.359, "2010-03-31": "-0.61900", "2009-12-31": 0.833, "2009-09-30": 0.681, "2009-06-30": 4.271, "2009-03-31": "2.84100", "2008-12-31": 2.88, "2008-09-30": 0.705, "2008-06-30": 8.3, "2008-03-31": "0.69700", "2007-12-31": 4.558, "2007-09-30": 0.828, "2007-06-30": 866.721, "2007-03-31": "0.09900", "2006-12-31": 1.855, "2006-09-30": 0.552, "2006-06-30": 0.186, "2006-03-31": "0.15100", "2005-09-30": 47.384, "2005-06-30": 0.068}, "Total Common And Preferred Stock Dividends Paid": {"2020-12-31": 0, "2020-09-30": 0, "2020-06-30": 0, "2020-03-31": "", "2019-12-31": 0, "2019-09-30": 0, "2019-06-30": 0, "2019-03-31": "", "2018-12-31": 0, "2018-09-30": 0, "2018-06-30": 0, "2018-03-31": "", "2017-12-31": -14, "2017-09-30": -13, "2017-06-30": -14, "2017-03-31": "-14.00000", "2016-12-31": -14, "2016-09-30": -13, "2016-06-30": -14, "2016-03-31": "-14.00000", "2015-12-31": -14, "2015-09-30": -13, "2015-06-30": -14, "2015-03-31": "-14.00000", "2014-12-31": 0, "2014-09-30": 0, "2014-06-30": 0, "2014-03-31": "", "2013-12-31": 0, "2013-09-30": 0, "2013-06-30": 0, "2013-03-31": "", "2012-12-31": 0, "2012-09-30": 0, "2012-06-30": 0, "2012-03-31": "", "2011-12-31": 0, "2011-09-30": 0, "2011-06-30": 0, "2011-03-31": "", "2010-12-31": 0, "2010-09-30": 0, "2010-06-30": 0, "2010-03-31": "", "2009-12-31": 0, "2009-09-30": 0, "2009-06-30": 0, "2009-03-31": "", "2008-12-31": 0, "2008-09-30": 0, "2008-06-30": 0, "2008-03-31": "", "2007-12-31": 0, "2007-09-30": 0, "2007-06-30": 0, "2007-03-31": "", "2006-12-31": 0, "2006-09-30": 0, "2006-06-30": 0, "2006-03-31": "", "2005-09-30": 0, "2005-06-30": 0}, "Financial Activities - Other": {"2020-12-31": -124, "2020-09-30": -102, "2020-06-30": -155, "2020-03-31": "-146.00000", "2019-12-31": -24, "2019-09-30": -8, "2019-06-30": -37, "2019-03-31": "-104.00000", "2018-12-31": 147, "2018-09-30": -49, "2018-06-30": -194, "2018-03-31": "-102.00000", "2017-12-31": 117, "2017-09-30": -11, "2017-06-30": -165, "2017-03-31": "-102.00000", "2016-12-31": -69, "2016-09-30": 5, "2016-06-30": 5, "2016-03-31": "-45.00000", "2015-12-31": -80, "2015-09-30": 10, "2015-06-30": -9, "2015-03-31": "2.00000", "2014-12-31": -7, "2014-09-30": 0, "2014-06-30": -46, "2014-03-31": "12.00000", "2013-12-31": -120, "2013-09-30": -1, "2013-06-30": 0, "2013-03-31": "", "2012-12-31": 0, "2012-09-30": -1, "2012-06-30": 1, "2012-03-31": "", "2011-12-31": 15.351, "2011-09-30": 0, "2011-06-30": -8.521, "2011-03-31": "-6.83000", "2010-12-31": -11.103, "2010-09-30": -24.25, "2010-06-30": 0, "2010-03-31": "", "2009-12-31": 0, "2009-09-30": 0, "2009-06-30": 0, "2009-03-31": "-11.92500", "2008-12-31": 0, "2008-09-30": 0, "2008-06-30": 0, "2008-03-31": "", "2007-12-31": 0.02, "2007-09-30": -0.071, "2007-06-30": -45.246, "2007-03-31": "-2.02800", "2006-12-31": -39.121, "2006-09-30": -15.209, "2006-06-30": -0.104, "2006-03-31": "2.00000", "2005-09-30": -0.121, "2005-06-30": -30.579}, "Cash Flow From Financial Activities": {"2020-12-31": 3979, "2020-09-30": -6144, "2020-06-30": 15628, "2020-03-31": "-453.00000", "2019-12-31": -775, "2019-09-30": -543, "2019-06-30": -866, "2019-03-31": "-190.00000", "2018-12-31": -311, "2018-09-30": -758, "2018-06-30": -3267, "2018-03-31": "1000.00000", "2017-12-31": -652, "2017-09-30": -349, "2017-06-30": -2175, "2017-03-31": "1809.00000", "2016-12-31": -160, "2016-09-30": -67, "2016-06-30": 790, "2016-03-31": "-100.00000", "2015-12-31": 4038, "2015-09-30": -331, "2015-06-30": -214, "2015-03-31": "-80.00000", "2014-12-31": -21, "2014-09-30": 2810, "2014-06-30": -51, "2014-03-31": "-214.00000", "2013-12-31": 3746, "2013-09-30": 307, "2013-06-30": -9, "2013-03-31": "", "2012-12-31": 57, "2012-09-30": -1, "2012-06-30": 12.058, "2012-03-31": "-11.05800", "2011-12-31": -990.578, "2011-09-30": 8.95, "2011-06-30": 426.186, "2011-03-31": "555.44200", "2010-12-31": -727.593, "2010-09-30": 638.482, "2010-06-30": -33.012, "2010-03-31": "-54.80900", "2009-12-31": 75.968, "2009-09-30": -5.488, "2009-06-30": 1.325, "2009-03-31": "377.23300", "2008-12-31": 61.014, "2008-09-30": -16.965, "2008-06-30": -31.955, "2008-03-31": "62.43100", "2007-12-31": -18.332, "2007-09-30": -39.298, "2007-06-30": 1261.77, "2007-03-31": "32.35200", "2006-12-31": 1415.57, "2006-09-30": 180.184, "2006-06-30": 3.972, "2006-03-31": "23.96700", "2005-09-30": 50.333, "2005-06-30": 514.444}, "Net Cash Flow": {"2020-12-31": 3806, "2020-09-30": -4504, "2020-06-30": 10049, "2020-03-31": "-416.00000", "2019-12-31": -125, "2019-09-30": 548, "2019-06-30": -334, "2019-03-31": "236.00000", "2018-12-31": 874, "2018-09-30": 114, "2018-06-30": -2312, "2018-03-31": "1308.00000", "2017-12-31": 480, "2017-09-30": 558, "2017-06-30": -7320, "2017-03-31": "2001.00000", "2016-12-31": 148, "2016-09-30": -186, "2016-06-30": 1891, "2016-03-31": "-935.00000", "2015-12-31": 1949, "2015-09-30": -9, "2015-06-30": -390, "2015-03-31": "-2283.00000", "2014-12-31": -472, "2014-09-30": 2707, "2014-06-30": -2391, "2014-03-31": "-420.00000", "2013-12-31": 3526, "2013-09-30": 3, "2013-06-30": 1913, "2013-03-31": "55.00000", "2012-12-31": -36, "2012-09-30": 7, "2012-06-30": 90.044, "2012-03-31": "-57.04400", "2011-12-31": -763.23, "2011-09-30": -15.233, "2011-06-30": 534.444, "2011-03-31": "525.01900", "2010-12-31": -93.253, "2010-09-30": 113.244, "2010-06-30": -138.034, "2010-03-31": "-14.80700", "2009-12-31": -26.197, "2009-09-30": 85.788, "2009-06-30": 19.088, "2009-03-31": "152.75400", "2008-12-31": -322.444, "2008-09-30": -108.545, "2008-06-30": -181.792, "2008-03-31": "-159.47900", "2007-12-31": 5.948, "2007-09-30": 1236.424, "2007-06-30": -3.482, "2007-03-31": "69.82000", "2006-12-31": 45.233, "2006-09-30": -20.326, "2006-06-30": 72.832, "2006-03-31": "-48.95000", "2005-09-30": -9.53, "2005-06-30": 32.213}, "Stock-Based Compensation": {"2020-12-31": 136, "2020-09-30": 161, "2020-06-30": 259, "2020-03-31": "138.00000", "2019-12-31": 129, "2019-09-30": 126, "2019-06-30": 130, "2019-03-31": "110.00000", "2018-12-31": 100, "2018-09-30": 115, "2018-06-30": 112, "2018-03-31": "97.00000", "2017-12-31": 85, "2017-09-30": 82, "2017-06-30": 72, "2017-03-31": "67.00000", "2016-12-31": 64, "2016-09-30": 59, "2016-06-30": 60, "2016-03-31": "52.00000", "2015-12-31": 48, "2015-09-30": 42, "2015-06-30": 56, "2015-03-31": "55.00000", "2014-12-31": 196, "2014-09-30": 0, "2014-06-30": 0, "2014-03-31": "", "2013-12-31": 100, "2013-09-30": 0, "2013-06-30": 0, "2013-03-31": "", "2012-12-31": 0, "2012-09-30": 0, "2012-06-30": -10.156, "2012-03-31": "10.15600", "2011-12-31": -32.142, "2011-09-30": 9.898, "2011-06-30": 10.96, "2011-03-31": "11.28400", "2010-12-31": 11.434, "2010-09-30": 11.77, "2010-06-30": 11.917, "2010-03-31": "11.41600", "2009-12-31": 12.016, "2009-09-30": 12.426, "2009-06-30": 12.672, "2009-03-31": "10.66900", "2008-12-31": 10.888, "2008-09-30": 10.782, "2008-06-30": 11.007, "2008-03-31": "8.46500", "2007-12-31": 9.053, "2007-09-30": 7.107, "2007-06-30": 7.653, "2007-03-31": "4.21100", "2006-12-31": 6.722, "2006-09-30": 3.781, "2006-06-30": 2.158, "2006-03-31": "1.81100", "2005-09-30": 0.337, "2005-06-30": 2.965}, "Common Stock Dividends Paid": {"2020-12-31": 0, "2020-09-30": 0, "2020-06-30": 0, "2020-03-31": "", "2019-12-31": 0, "2019-09-30": 0, "2019-06-30": 0, "2019-03-31": "", "2018-12-31": 0, "2018-09-30": 0, "2018-06-30": 0, "2018-03-31": "", "2017-12-31": 0, "2017-09-30": 0, "2017-06-30": 0, "2017-03-31": "", "2016-12-31": 0, "2016-09-30": 0, "2016-06-30": 0, "2016-03-31": "", "2015-12-31": 0, "2015-09-30": 0, "2015-06-30": 0, "2015-03-31": "", "2014-12-31": 0, "2014-09-30": 0, "2014-06-30": 0, "2014-03-31": "", "2013-12-31": 0, "2013-09-30": 0, "2013-06-30": 0, "2013-03-31": "", "2012-12-31": 0, "2012-09-30": 0, "2012-06-30": 0, "2012-03-31": "", "2011-12-31": 0, "2011-09-30": 0, "2011-06-30": 0, "2011-03-31": "", "2010-12-31": 0, "2010-09-30": 0, "2010-06-30": 0, "2010-03-31": "", "2009-12-31": 0, "2009-09-30": 0, "2009-06-30": 0, "2009-03-31": "", "2008-12-31": 0, "2008-09-30": 0, "2008-06-30": 0, "2008-03-31": "", "2007-12-31": 0, "2007-09-30": 0, "2007-06-30": 0, "2007-03-31": "", "2006-12-31": 0, "2006-09-30": 0, "2006-06-30": 0, "2006-03-31": "", "2005-09-30": 0, "2005-06-30": 0}}, "financial ratios": {"Current Ratio": {"2019-12-31": "0.74400", "2018-12-31": "0.80660", "2017-12-31": "0.77420", "2016-12-31": "1.57580", "2015-12-31": "1.56280", "2014-12-31": "1.59340", "2013-12-31": "2.10540", "2012-12-31": "0.99090", "2011-12-31": "3.35930", "2010-12-31": "1.98630", "2009-12-31": "1.87020", "2008-12-31": "1.40620", "2007-12-31": "2.98520", "2006-12-31": "1.74120", "2005-12-31": "2.59790"}, "Long-term Debt / Capital": {"2019-12-31": "0.49770", "2018-12-31": "0.54210", "2017-12-31": "0.56500", "2016-12-31": "0.62240", "2015-12-31": "0.63430", "2014-12-31": "0.60900", "2013-12-31": "0.61170", "2012-12-31": "0.72490", "2011-12-31": "0.61670", "2010-12-31": "0.59650", "2009-12-31": "0.61310", "2008-12-31": "0.60050", "2007-12-31": "0.61760", "2006-12-31": "0.86190", "2005-12-31": "0.71050"}, "Debt/Equity Ratio": {"2019-12-31": "1.02500", "2018-12-31": "1.21790", "2017-12-31": "1.37010", "2016-12-31": "1.66740", "2015-12-31": "1.74550", "2014-12-31": "1.56300", "2013-12-31": "1.59250", "2012-12-31": "2.63550", "2011-12-31": "1.62060", "2010-12-31": "1.48700", "2009-12-31": "1.59310", "2008-12-31": "1.51160", "2007-12-31": "1.62390", "2006-12-31": "6.28200", "2005-12-31": "2.46140"}, "Gross Margin": {"2019-12-31": "58.84040", "2018-12-31": "57.62180", "2017-12-31": "56.38850", "2016-12-31": "55.85490", "2015-12-31": "54.11340", "2014-12-31": "47.87920", "2013-12-31": "49.81570", "2012-12-31": "58.93300", "2011-12-31": "58.29860", "2010-12-31": "43.04070", "2009-12-31": "42.41300", "2008-12-31": "43.23340", "2007-12-31": "44.32510", "2006-12-31": "40.38530", "2005-12-31": "43.75320"}, "Operating Margin": {"2019-12-31": "12.71610", "2018-12-31": "12.25810", "2017-12-31": "12.03820", "2016-12-31": "10.80290", "2015-12-31": "7.63540", "2014-12-31": "4.78960", "2013-12-31": "4.07860", "2012-12-31": "-32.44080", "2011-12-31": "-20.75370", "2010-12-31": "17.66620", "2009-12-31": "15.37960", "2008-12-31": "17.00030", "2007-12-31": "20.58000", "2006-12-31": "15.33770", "2005-12-31": "40.65540"}, "EBIT Margin": {"2019-12-31": "12.71610", "2018-12-31": "12.25810", "2017-12-31": "12.03820", "2016-12-31": "10.80290", "2015-12-31": "7.63540", "2014-12-31": "4.78960", "2013-12-31": "4.07860", "2012-12-31": "-32.44080", "2011-12-31": "-20.75370", "2010-12-31": "17.66620", "2009-12-31": "15.37960", "2008-12-31": "17.00030", "2007-12-31": "20.58000", "2006-12-31": "15.33770", "2005-12-31": "40.65540"}, "EBITDA Margin": {"2019-12-31": "27.41900", "2018-12-31": "27.23390", "2017-12-31": "26.77570", "2016-12-31": "27.45530", "2015-12-31": "22.07470", "2014-12-31": "19.71320", "2013-12-31": "18.93120", "2012-12-31": "-16.68950", "2011-12-31": "-6.69800", "2010-12-31": "28.71780", "2009-12-31": "26.23590", "2008-12-31": "26.27960", "2007-12-31": "28.55060", "2006-12-31": "24.06680", "2005-12-31": "49.11960"}, "Pre-Tax Profit Margin": {"2019-12-31": "10.22930", "2018-12-31": "9.04410", "2017-12-31": "7.78490", "2016-12-31": "6.20700", "2015-12-31": "3.01230", "2014-12-31": "1.39700", "2013-12-31": "0.20880", "2012-12-31": "-35.42780", "2011-12-31": "-23.93060", "2010-12-31": "7.67430", "2009-12-31": "7.57590", "2008-12-31": "10.15530", "2007-12-31": "9.99680", "2006-12-31": "5.85200", "2005-12-31": "31.40340"}, "Net Profit Margin": {"2019-12-31": "7.70700", "2018-12-31": "6.66820", "2017-12-31": "11.03590", "2016-12-31": "3.74770", "2015-12-31": "2.08830", "2014-12-31": "0.83550", "2013-12-31": "0.14330", "2012-12-31": "-37.20270", "2011-12-31": "-22.88290", "2010-12-31": "4.75300", "2009-12-31": "5.08100", "2008-12-31": "5.43110", "2007-12-31": "4.14720", "2006-12-31": "1.87400", "2005-12-31": "16.95500"}, "Asset Turnover": {"2019-12-31": "0.51770", "2018-12-31": "0.59760", "2017-12-31": "0.57540", "2016-12-31": "0.56900", "2015-12-31": "0.52020", "2014-12-31": "0.52180", "2013-12-31": "0.48890", "2012-12-31": "0.58650", "2011-12-31": "2.17420", "2010-12-31": "0.51390", "2009-12-31": "0.47120", "2008-12-31": "0.42840", "2007-12-31": "0.38510", "2006-12-31": "0.37250", "2005-12-31": "0.48100"}, "Inventory Turnover Ratio": {"2019-12-31": "19.21270", "2018-12-31": "16.93170", "2017-12-31": "11.30780", "2016-12-31": "14.89650", "2015-12-31": "11.50430", "2014-12-31": "14.20180", "2013-12-31": "20.91300", "2012-12-31": "17.71990", "2011-12-31": "35.87760", "2010-12-31": "14.39240", "2009-12-31": "13.59780", "2008-12-31": "10.01530", "2007-12-31": "11.40510", "2006-12-31": "9.92470", "2005-12-31": "14.81280"}, "Receiveable Turnover": {"2019-12-31": "9.98180", "2018-12-31": "10.03010", "2017-12-31": "9.60590", "2016-12-31": "9.69740", "2015-12-31": "7.72660", "2014-12-31": "5.90930", "2013-12-31": "6.67210", "2012-12-31": "5.86880", "2011-12-31": "264.25540", "2010-12-31": "70.09360", "2009-12-31": "67.53560", "2008-12-31": "79.37220", "2007-12-31": "70.28620", "2006-12-31": "54.97030", "2005-12-31": "64.78840"}, "Days Sales In Receivables": {"2019-12-31": "36.56650", "2018-12-31": "36.39040", "2017-12-31": "37.99760", "2016-12-31": "37.63910", "2015-12-31": "47.23970", "2014-12-31": "61.76750", "2013-12-31": "54.70520", "2012-12-31": "62.19380", "2011-12-31": "1.38120", "2010-12-31": "5.20730", "2009-12-31": "5.40460", "2008-12-31": "4.59860", "2007-12-31": "5.19310", "2006-12-31": "6.64000", "2005-12-31": "5.63370"}, "ROE - Return On Equity": {"2019-12-31": "12.04630", "2018-12-31": "11.68380", "2017-12-31": "20.10730", "2016-12-31": "8.00610", "2015-12-31": "4.42710", "2014-12-31": "1.57700", "2013-12-31": "0.24570", "2012-12-31": "-119.96730", "2011-12-31": "-161.15590", "2010-12-31": "7.61000", "2009-12-31": "7.72870", "2008-12-31": "7.34580", "2007-12-31": "5.43090", "2006-12-31": "13.02040", "2005-12-31": "54.00210"}, "Return On Tangible Equity": {"2019-12-31": "12.96740", "2018-12-31": "12.76800", "2017-12-31": "21.95650", "2016-12-31": "9.02520", "2015-12-31": "5.13310", "2014-12-31": "1.88410", "2013-12-31": "0.30820", "2012-12-31": "-121.53740", "2011-12-31": "-1214.23100", "2010-12-31": "1000.32600", "2009-12-31": "-97.14630", "2008-12-31": "-38.44050", "2007-12-31": "-44.79290", "2006-12-31": "-3.24200", "2005-12-31": "-63.39550"}, "ROA - Return On Assets": {"2019-12-31": "3.98980", "2018-12-31": "3.98520", "2017-12-31": "6.42830", "2016-12-31": "2.21580", "2015-12-31": "1.17440", "2014-12-31": "0.43600", "2013-12-31": "0.07010", "2012-12-31": "-21.81910", "2011-12-31": "-49.75260", "2010-12-31": "2.44250", "2009-12-31": "2.39430", "2008-12-31": "2.32690", "2007-12-31": "1.72930", "2006-12-31": "1.29560", "2005-12-31": "9.20240"}, "ROI - Return On Investment": {"2019-12-31": "6.05080", "2018-12-31": "5.35000", "2017-12-31": "8.74730", "2016-12-31": "3.02350", "2015-12-31": "1.61900", "2014-12-31": "0.61660", "2013-12-31": "0.09540", "2012-12-31": "-32.99900", "2011-12-31": "-61.76510", "2010-12-31": "3.07060", "2009-12-31": "2.99020", "2008-12-31": "2.93460", "2007-12-31": "2.07660", "2006-12-31": "1.79760", "2005-12-31": "15.63440"}, "Book Value Per Share": {"2019-12-31": "33.59650", "2018-12-31": "29.07380", "2017-12-31": "26.24950", "2016-12-31": "22.06790", "2015-12-31": "20.23120", "2014-12-31": "19.39770", "2013-12-31": "17.76450", "2012-12-31": "11.42380", "2011-12-31": "16.15410", "2010-12-31": "14.30590", "2009-12-31": "12.98340", "2008-12-31": "11.59430", "2007-12-31": "10.62170", "2006-12-31": "5.26250", "2005-12-31": "4.73720"}, "Operating Cash Flow Per Share": {"2019-12-31": 3.3605, "2018-12-31": 0.1484, "2017-12-31": 1.0585, "2016-12-31": -3.2455, "2015-12-31": 1.5, "2014-12-31": -0.1558, "2013-12-31": -1.9776, "2012-12-31": -2.0886, "2011-12-31": 3.7184, "2010-12-31": 0.5317, "2009-12-31": 2.5349, "2008-12-31": -1.4589, "2007-12-31": -0.5909, "2006-12-31": 0.8808, "2005-12-31": 3.6874}, "Free Cash Flow Per Share": {"2019-12-31": 2.4586, "2018-12-31": -0.3003, "2017-12-31": 0.6956, "2016-12-31": -3.1472, "2015-12-31": 1.0484, "2014-12-31": 0.4995, "2013-12-31": -2.5997, "2012-12-31": -2.3184, "2011-12-31": 2.855, "2010-12-31": 1.1299, "2009-12-31": 2.9852, "2008-12-31": -1.4475, "2007-12-31": 1.0437, "2006-12-31": -2.4232, "2005-12-31": 0.0659}}, "financial ratios, quarterly": {"Current Ratio": {"2020-09-30": "0.98110", "2020-06-30": "1.04870", "2020-03-31": "0.64290", "2019-12-31": "0.74400", "2019-09-30": "0.65720", "2019-06-30": "0.61600", "2019-03-31": "0.65620", "2018-12-31": "0.80660", "2018-09-30": "0.85000", "2018-06-30": "0.76400", "2018-03-31": "0.77760", "2017-12-31": "0.77420", "2017-09-30": "0.91930", "2017-06-30": "0.76800", "2017-03-31": "1.04020", "2016-12-31": "1.57580", "2016-09-30": "1.66650", "2016-06-30": "1.63160", "2016-03-31": "1.42430", "2015-12-31": "1.56280", "2015-09-30": "1.43120", "2015-06-30": "1.41060", "2015-03-31": "1.34520", "2014-12-31": "1.59340", "2014-09-30": "1.54500", "2014-06-30": "1.38770", "2014-03-31": "2.12060", "2013-12-31": "2.10540", "2013-09-30": "1.44430", "2013-06-30": "1.35480", "2013-03-31": "2.12370", "2012-12-31": "0.99090", "2012-09-30": "4.05890", "2012-06-30": "3.90330", "2012-03-31": "3.55690", "2011-12-31": "3.35930", "2011-09-30": "3.27180", "2011-06-30": "3.53920", "2011-03-31": "2.46700", "2010-12-31": "1.98630", "2010-09-30": "3.25940", "2010-06-30": "2.19540", "2010-03-31": "1.91220", "2009-12-31": "1.87020", "2009-09-30": "2.18870", "2009-06-30": "2.21390", "2009-03-31": "2.13210", "2008-12-31": "1.40620", "2008-09-30": "1.74640", "2008-06-30": "2.10470", "2008-03-31": "2.57460", "2007-12-31": "2.98520", "2007-09-30": "3.61900", "2007-06-30": "3.76440", "2007-03-31": "1.56590", "2006-12-31": "1.74120", "2006-09-30": "0.86890", "2006-06-30": "1.56300", "2006-03-31": "", "2005-09-30": "", "2005-06-30": ""}, "Long-term Debt / Capital": {"2020-09-30": "0.51140", "2020-06-30": "0.53350", "2020-03-31": "0.47720", "2019-12-31": "0.49770", "2019-09-30": "0.50760", "2019-06-30": "0.51380", "2019-03-31": "0.52040", "2018-12-31": "0.54210", "2018-09-30": "0.54470", "2018-06-30": "0.55540", "2018-03-31": "0.56150", "2017-12-31": "0.56500", "2017-09-30": "0.59950", "2017-06-30": "0.60390", "2017-03-31": "0.57180", "2016-12-31": "0.62240", "2016-09-30": "0.62730", "2016-06-30": "0.63150", "2016-03-31": "0.62690", "2015-12-31": "0.63430", "2015-09-30": "0.60190", "2015-06-30": "0.60430", "2015-03-31": "0.60910", "2014-12-31": "0.60900", "2014-09-30": "0.62680", "2014-06-30": "0.60680", "2014-03-31": "0.61310", "2013-12-31": "0.61170", "2013-09-30": "0.62220", "2013-06-30": "0.61750", "2013-03-31": "0.63130", "2012-12-31": "0.72490", "2012-09-30": "0.58750", "2012-06-30": "0.60270", "2012-03-31": "0.61510", "2011-12-31": "0.61670", "2011-09-30": "0.62510", "2011-06-30": "0.63160", "2011-03-31": "0.61780", "2010-12-31": "0.59650", "2010-09-30": "0.63250", "2010-06-30": "0.60020", "2010-03-31": "0.60990", "2009-12-31": "0.61310", "2009-09-30": "0.61650", "2009-06-30": "0.62580", "2009-03-31": "0.63200", "2008-12-31": "0.60050", "2008-09-30": "0.59710", "2008-06-30": "0.60410", "2008-03-31": "0.61290", "2007-12-31": "0.61760", "2007-09-30": "0.61240", "2007-06-30": "0.61930", "2007-03-31": "0.85240", "2006-12-31": "0.86190", "2006-09-30": "0.67850", "2006-06-30": "0.69190", "2006-03-31": "", "2005-09-30": "", "2005-06-30": ""}, "Debt/Equity Ratio": {"2020-09-30": "1.12070", "2020-06-30": "1.24020", "2020-03-31": "1.01360", "2019-12-31": "1.02500", "2019-09-30": "1.08430", "2019-06-30": "1.10370", "2019-03-31": "1.15210", "2018-12-31": "1.21790", "2018-09-30": "1.22860", "2018-06-30": "1.30590", "2018-03-31": "1.44520", "2017-12-31": "1.37010", "2017-09-30": "1.52420", "2017-06-30": "1.58560", "2017-03-31": "1.73290", "2016-12-31": "1.66740", "2016-09-30": "1.70160", "2016-06-30": "1.72840", "2016-03-31": "1.70190", "2015-12-31": "1.74550", "2015-09-30": "1.51880", "2015-06-30": "1.55100", "2015-03-31": "1.58790", "2014-12-31": "1.56300", "2014-09-30": "1.75990", "2014-06-30": "1.56170", "2014-03-31": "1.59550", "2013-12-31": "1.59250", "2013-09-30": "1.66280", "2013-06-30": "1.63160", "2013-03-31": "2.43440", "2012-12-31": "2.63550", "2012-09-30": "1.43490", "2012-06-30": "1.52800", "2012-03-31": "1.60960", "2011-12-31": "1.62060", "2011-09-30": "1.67900", "2011-06-30": "1.72630", "2011-03-31": "1.62680", "2010-12-31": "1.48700", "2010-09-30": "1.72920", "2010-06-30": "1.50980", "2010-03-31": "1.57210", "2009-12-31": "1.59310", "2009-09-30": "1.61570", "2009-06-30": "1.68110", "2009-03-31": "1.72550", "2008-12-31": "1.51160", "2008-09-30": "1.49030", "2008-06-30": "1.53450", "2008-03-31": "1.59150", "2007-12-31": "1.62390", "2007-09-30": "1.58830", "2007-06-30": "1.63570", "2007-03-31": "5.81270", "2006-12-31": "6.28200", "2006-09-30": "2.57800", "2006-06-30": "2.24630", "2006-03-31": "", "2005-09-30": "", "2005-06-30": ""}, "Gross Margin": {"2020-09-30": "60.14430", "2020-06-30": "61.71690", "2020-03-31": "62.49440", "2019-12-31": "56.12060", "2019-09-30": "59.88610", "2019-06-30": "60.74320", "2019-03-31": "58.82670", "2018-12-31": "54.82740", "2018-09-30": "58.96300", "2018-06-30": "59.30380", "2018-03-31": "57.58970", "2017-12-31": "53.16480", "2017-09-30": "57.96990", "2017-06-30": "57.27020", "2017-03-31": "57.41180", "2016-12-31": "53.76200", "2016-09-30": "57.28100", "2016-06-30": "56.41220", "2016-03-31": "56.19810", "2015-12-31": "60.70890", "2015-09-30": "57.15380", "2015-06-30": "50.38510", "2015-03-31": "47.62150", "2014-12-31": "48.55290", "2014-09-30": "48.35370", "2014-06-30": "48.94920", "2014-03-31": "45.45460", "2013-12-31": "48.17640", "2013-09-30": "48.28050", "2013-06-30": "47.60760", "2013-03-31": "57.34450", "2012-12-31": "56.67140", "2012-09-30": "58.98220", "2012-06-30": "60.61850", "2012-03-31": "33.58940", "2011-12-31": "41.14820", "2011-09-30": "39.81140", "2011-06-30": "41.41450", "2011-03-31": "37.14890", "2010-12-31": "43.12570", "2010-09-30": "44.16540", "2010-06-30": "46.32070", "2010-03-31": "38.34230", "2009-12-31": "41.91090", "2009-09-30": "44.46360", "2009-06-30": "42.28410", "2009-03-31": "40.83040", "2008-12-31": "40.97530", "2008-09-30": "44.67030", "2008-06-30": "46.04830", "2008-03-31": "41.32580", "2007-12-31": "43.23050", "2007-09-30": "47.03970", "2007-06-30": "46.35720", "2007-03-31": "40.62770", "2006-12-31": "38.69900", "2006-09-30": "41.55600", "2006-06-30": "40.38420", "2006-03-31": "41.29810", "2005-09-30": "43.31320", "2005-06-30": "47.65190"}, "Operating Margin": {"2020-09-30": "13.30950", "2020-06-30": "4.64040", "2020-03-31": "13.84870", "2019-12-31": "10.38900", "2019-09-30": "13.29900", "2019-06-30": "14.03590", "2019-03-31": "13.32130", "2018-12-31": "9.93450", "2018-09-30": "13.28540", "2018-06-30": "13.71680", "2018-03-31": "12.26210", "2017-12-31": "10.33550", "2017-09-30": "13.20490", "2017-06-30": "13.86470", "2017-03-31": "10.78750", "2016-12-31": "9.78110", "2016-09-30": "11.26280", "2016-06-30": "8.96950", "2016-03-31": "13.48110", "2015-12-31": "14.45560", "2015-09-30": "6.53590", "2015-06-30": "7.29920", "2015-03-31": "1.50420", "2014-12-31": "5.31030", "2014-09-30": "0.66670", "2014-06-30": "13.38900", "2014-03-31": "-0.40730", "2013-12-31": "2.03600", "2013-09-30": "4.44080", "2013-06-30": "2.90620", "2013-03-31": "8.10350", "2012-12-31": "5.03160", "2012-09-30": "-155.18090", "2012-06-30": "9.25660", "2012-03-31": "7.69760", "2011-12-31": "17.37370", "2011-09-30": "14.67000", "2011-06-30": "17.38430", "2011-03-31": "12.16840", "2010-12-31": "19.45720", "2010-09-30": "20.36990", "2010-06-30": "19.59560", "2010-03-31": "10.84290", "2009-12-31": "13.95950", "2009-09-30": "17.66510", "2009-06-30": "13.46810", "2009-03-31": "16.53240", "2008-12-31": "13.74200", "2008-09-30": "17.56940", "2008-06-30": "19.98270", "2008-03-31": "16.91360", "2007-12-31": "15.60350", "2007-09-30": "23.91390", "2007-06-30": "23.96000", "2007-03-31": "19.13150", "2006-12-31": "14.73450", "2006-09-30": "17.51860", "2006-06-30": "14.69310", "2006-03-31": "14.26540", "2005-09-30": "18.12830", "2005-06-30": "113.40860"}, "EBIT Margin": {"2020-09-30": "13.30950", "2020-06-30": "4.64040", "2020-03-31": "13.84870", "2019-12-31": "10.38900", "2019-09-30": "13.29900", "2019-06-30": "14.03590", "2019-03-31": "13.32130", "2018-12-31": "9.93450", "2018-09-30": "13.28540", "2018-06-30": "13.71680", "2018-03-31": "12.26210", "2017-12-31": "10.33550", "2017-09-30": "13.20490", "2017-06-30": "13.86470", "2017-03-31": "10.78750", "2016-12-31": "9.78110", "2016-09-30": "11.26280", "2016-06-30": "8.96950", "2016-03-31": "13.48110", "2015-12-31": "14.45560", "2015-09-30": "6.53590", "2015-06-30": "7.29920", "2015-03-31": "1.50420", "2014-12-31": "5.31030", "2014-09-30": "0.66670", "2014-06-30": "13.38900", "2014-03-31": "-0.40730", "2013-12-31": "2.03600", "2013-09-30": "4.44080", "2013-06-30": "2.90620", "2013-03-31": "8.10350", "2012-12-31": "5.03160", "2012-09-30": "-155.18090", "2012-06-30": "9.25660", "2012-03-31": "7.69760", "2011-12-31": "17.37370", "2011-09-30": "14.67000", "2011-06-30": "17.38430", "2011-03-31": "12.16840", "2010-12-31": "19.45720", "2010-09-30": "20.36990", "2010-06-30": "19.59560", "2010-03-31": "10.84290", "2009-12-31": "13.95950", "2009-09-30": "17.66510", "2009-06-30": "13.46810", "2009-03-31": "16.53240", "2008-12-31": "13.74200", "2008-09-30": "17.56940", "2008-06-30": "19.98270", "2008-03-31": "16.91360", "2007-12-31": "15.60350", "2007-09-30": "23.91390", "2007-06-30": "23.96000", "2007-03-31": "19.13150", "2006-12-31": "14.73450", "2006-09-30": "17.51860", "2006-06-30": "14.69310", "2006-03-31": "14.26540", "2005-09-30": "18.12830", "2005-06-30": "113.40860"}, "EBITDA Margin": {"2020-09-30": "", "2020-06-30": "", "2020-03-31": "", "2019-12-31": "", "2019-09-30": "", "2019-06-30": "", "2019-03-31": "", "2018-12-31": "", "2018-09-30": "", "2018-06-30": "", "2018-03-31": "", "2017-12-31": "", "2017-09-30": "", "2017-06-30": "", "2017-03-31": "", "2016-12-31": "", "2016-09-30": "", "2016-06-30": "", "2016-03-31": "", "2015-12-31": "", "2015-09-30": "", "2015-06-30": "", "2015-03-31": "", "2014-12-31": "", "2014-09-30": "", "2014-06-30": "", "2014-03-31": "", "2013-12-31": "", "2013-09-30": "", "2013-06-30": "", "2013-03-31": "", "2012-12-31": "", "2012-09-30": "", "2012-06-30": "", "2012-03-31": "", "2011-12-31": "", "2011-09-30": "", "2011-06-30": "", "2011-03-31": "", "2010-12-31": "", "2010-09-30": "", "2010-06-30": "", "2010-03-31": "", "2009-12-31": "", "2009-09-30": "", "2009-06-30": "", "2009-03-31": "", "2008-12-31": "", "2008-09-30": "", "2008-06-30": "", "2008-03-31": "", "2007-12-31": "", "2007-09-30": "", "2007-06-30": "", "2007-03-31": "", "2006-12-31": "", "2006-09-30": "", "2006-06-30": "", "2006-03-31": "", "2005-09-30": "", "2005-06-30": ""}, "Pre-Tax Profit Margin": {"2020-09-30": "8.61350", "2020-06-30": "-1.17710", "2020-03-31": "11.31110", "2019-12-31": "8.12430", "2019-09-30": "10.80370", "2019-06-30": "11.29430", "2019-03-31": "10.85740", "2018-12-31": "7.32200", "2018-09-30": "10.42530", "2018-06-30": "10.10310", "2018-03-31": "8.42660", "2017-12-31": "6.63630", "2017-09-30": "9.04280", "2017-06-30": "9.14520", "2017-03-31": "6.31440", "2016-12-31": "5.92140", "2016-09-30": "6.42670", "2016-06-30": "4.00560", "2016-03-31": "8.66810", "2015-12-31": "5.55360", "2015-09-30": "3.03220", "2015-06-30": "4.43820", "2015-03-31": "-1.33710", "2014-12-31": "2.45280", "2014-09-30": "-2.87070", "2014-06-30": "9.42240", "2014-03-31": "-3.68000", "2013-12-31": "-2.03600", "2013-09-30": "0.08970", "2013-06-30": "0.08030", "2013-03-31": "3.82720", "2012-12-31": "1.42600", "2012-09-30": "-157.83770", "2012-06-30": "7.00390", "2012-03-31": "2.24520", "2011-12-31": "11.93130", "2011-09-30": "8.95510", "2011-06-30": "11.11540", "2011-03-31": "7.49730", "2010-12-31": "1.41350", "2010-09-30": "12.40740", "2010-06-30": "13.11780", "2010-03-31": "3.89060", "2009-12-31": "6.31020", "2009-09-30": "9.81470", "2009-06-30": "5.21000", "2009-03-31": "9.09170", "2008-12-31": "6.58990", "2008-09-30": "11.59040", "2008-06-30": "12.66280", "2008-03-31": "9.99270", "2007-12-31": "-3.53080", "2007-09-30": "15.55850", "2007-06-30": "17.62310", "2007-03-31": "11.29510", "2006-12-31": "-6.03560", "2006-09-30": "12.31100", "2006-06-30": "10.41760", "2006-03-31": "9.33250", "2005-09-30": "12.80640", "2005-06-30": "89.39920"}, "Net Profit Margin": {"2020-09-30": "6.50170", "2020-06-30": "0.62250", "2020-03-31": "8.55750", "2019-12-31": "6.32260", "2019-09-30": "7.86550", "2019-06-30": "8.55270", "2019-03-31": "8.19490", "2018-12-31": "5.59200", "2018-09-30": "7.33460", "2018-06-30": "7.39760", "2018-03-31": "6.41800", "2017-12-31": "25.03020", "2017-09-30": "5.35980", "2017-06-30": "5.55170", "2017-03-31": "7.11540", "2016-12-31": "3.67400", "2016-09-30": "3.79370", "2016-06-30": "2.27200", "2016-03-31": "5.36700", "2015-12-31": "3.26750", "2015-09-30": "1.59260", "2015-06-30": "4.24260", "2015-03-31": "-0.99000", "2014-12-31": "1.23870", "2014-09-30": "-1.27890", "2014-06-30": "5.44190", "2014-03-31": "-2.19640", "2013-12-31": "-0.29300", "2013-09-30": "-0.53830", "2013-06-30": "-0.25690", "2013-03-31": "2.28780", "2012-12-31": "-0.16300", "2012-09-30": "-158.08300", "2012-06-30": "4.23920", "2012-03-31": "1.64530", "2011-12-31": "7.37150", "2011-09-30": "5.75130", "2011-06-30": "6.97300", "2011-03-31": "4.72030", "2010-12-31": "1.27190", "2010-09-30": "7.57130", "2010-06-30": "7.89260", "2010-03-31": "2.33500", "2009-12-31": "3.56190", "2009-09-30": "8.21240", "2009-06-30": "3.04740", "2009-03-31": "5.52890", "2008-12-31": "2.01400", "2008-09-30": "6.53540", "2008-06-30": "7.43440", "2008-03-31": "5.96640", "2007-12-31": "-7.97620", "2007-09-30": "9.53910", "2007-06-30": "10.25700", "2007-03-31": "5.63250", "2006-12-31": "-5.09210", "2006-09-30": "5.80940", "2006-06-30": "4.56310", "2006-03-31": "3.71730", "2005-09-30": "5.63450", "2005-06-30": "52.30660"}, "Asset Turnover": {"2020-09-30": "0.10010", "2020-06-30": "0.09440", "2020-03-31": "0.12740", "2019-12-31": "0.13670", "2019-09-30": "0.12850", "2019-06-30": "0.12950", "2019-03-31": "0.13340", "2018-12-31": "0.15790", "2018-09-30": "0.15440", "2018-06-30": "0.15170", "2018-03-31": "0.14520", "2017-12-31": "0.15250", "2017-09-30": "0.14750", "2017-06-30": "0.15210", "2017-03-31": "0.14130", "2016-12-31": "0.15530", "2016-09-30": "0.14480", "2016-06-30": "0.14520", "2016-03-31": "0.13740", "2015-12-31": "0.13880", "2015-09-30": "0.13420", "2015-06-30": "0.14300", "2015-03-31": "0.13750", "2014-12-31": "0.14390", "2014-09-30": "0.13340", "2014-06-30": "0.13910", "2014-03-31": "0.13700", "2013-12-31": "0.13670", "2013-09-30": "0.14610", "2013-06-30": "0.13920", "2013-03-31": "0.34230", "2012-12-31": "0.14600", "2012-09-30": "0.48580", "2012-06-30": "0.50190", "2012-03-31": "0.13420", "2011-12-31": "0.13060", "2011-09-30": "0.12990", "2011-06-30": "0.13290", "2011-03-31": "0.13810", "2010-12-31": "0.13460", "2010-09-30": "0.12270", "2010-06-30": "0.13540", "2010-03-31": "0.13020", "2009-12-31": "0.12590", "2009-09-30": "0.12500", "2009-06-30": "0.12260", "2009-03-31": "0.11410", "2008-12-31": "0.11270", "2008-09-30": "0.10940", "2008-06-30": "0.11170", "2008-03-31": "0.11230", "2007-12-31": "0.10180", "2007-09-30": "0.09660", "2007-06-30": "0.09730", "2007-03-31": "0.12560", "2006-12-31": "0.10910", "2006-09-30": "0.15080", "2006-06-30": "0.15690", "2006-03-31": "", "2005-09-30": "", "2005-06-30": ""}, "Inventory Turnover Ratio": {"2020-09-30": "3.97770", "2020-06-30": "4.36730", "2020-03-31": "3.40240", "2019-12-31": "5.40660", "2019-09-30": "5.53930", "2019-06-30": "4.31860", "2019-03-31": "3.61780", "2018-12-31": "4.76940", "2018-09-30": "4.64300", "2018-06-30": "4.31060", "2018-03-31": "3.38220", "2017-12-31": "3.21780", "2017-09-30": "4.21520", "2017-06-30": "3.61260", "2017-03-31": "4.00980", "2016-12-31": "4.25920", "2016-09-30": "3.82580", "2016-06-30": "2.91640", "2016-03-31": "2.62990", "2015-12-31": "2.62780", "2015-09-30": "2.72090", "2015-06-30": "3.57530", "2015-03-31": "3.31220", "2014-12-31": "3.86640", "2014-09-30": "5.63200", "2014-06-30": "4.63720", "2014-03-31": "5.54730", "2013-12-31": "6.03750", "2013-09-30": "4.54530", "2013-06-30": "3.98410", "2013-03-31": "7.82750", "2012-12-31": "4.65430", "2012-09-30": "6.41970", "2012-06-30": "7.42440", "2012-03-31": "3.36210", "2011-12-31": "3.04060", "2011-09-30": "4.93530", "2011-06-30": "5.05940", "2011-03-31": "2.62610", "2010-12-31": "3.76290", "2010-09-30": "4.51620", "2010-06-30": "2.78210", "2010-03-31": "5.08860", "2009-12-31": "3.66500", "2009-09-30": "5.64410", "2009-06-30": "4.96740", "2009-03-31": "4.56200", "2008-12-31": "2.73880", "2008-09-30": "4.60590", "2008-06-30": "8.48810", "2008-03-31": "5.93560", "2007-12-31": "3.07480", "2007-09-30": "3.06850", "2007-06-30": "3.28520", "2007-03-31": "2.98580", "2006-12-31": "2.98930", "2006-09-30": "5.83900", "2006-06-30": "7.54100", "2006-03-31": "", "2005-09-30": "", "2005-06-30": ""}, "Receiveable Turnover": {"2020-09-30": "2.59910", "2020-06-30": "2.68840", "2020-03-31": "2.60380", "2019-12-31": "2.63490", "2019-09-30": "2.59220", "2019-06-30": "2.56460", "2019-03-31": "2.61880", "2018-12-31": "2.65050", "2018-09-30": "2.68960", "2018-06-30": "2.67690", "2018-03-31": "2.62490", "2017-12-31": "2.54530", "2017-09-30": "2.57290", "2017-06-30": "2.67990", "2017-03-31": "2.55120", "2016-12-31": "2.64720", "2016-09-30": "2.58470", "2016-06-30": "2.48580", "2016-03-31": "2.13080", "2015-12-31": "2.06120", "2015-09-30": "1.49820", "2015-06-30": "1.51970", "2015-03-31": "1.47390", "2014-12-31": "1.62980", "2014-09-30": "1.62790", "2014-06-30": "1.78470", "2014-03-31": "1.89920", "2013-12-31": "1.86530", "2013-09-30": "1.97340", "2013-06-30": "2.05340", "2013-03-31": "53.26270", "2012-12-31": "1.46100", "2012-09-30": "51.36310", "2012-06-30": "55.57710", "2012-03-31": "15.76560", "2011-12-31": "15.86920", "2011-09-30": "18.53080", "2011-06-30": "19.34940", "2011-03-31": "21.08720", "2010-12-31": "18.35340", "2010-09-30": "21.84110", "2010-06-30": "21.18900", "2010-03-31": "18.36750", "2009-12-31": "18.04530", "2009-09-30": "18.74410", "2009-06-30": "15.87200", "2009-03-31": "17.57590", "2008-12-31": "20.87450", "2008-09-30": "17.47120", "2008-06-30": "17.65660", "2008-03-31": "20.17710", "2007-12-31": "18.58390", "2007-09-30": "16.20210", "2007-06-30": "18.66310", "2007-03-31": "21.02100", "2006-12-31": "16.10140", "2006-09-30": "16.85170", "2006-06-30": "18.67020", "2006-03-31": "", "2005-09-30": "", "2005-06-30": ""}, "Days Sales In Receivables": {"2020-09-30": "34.62800", "2020-06-30": "33.47690", "2020-03-31": "34.56490", "2019-12-31": "34.15730", "2019-09-30": "34.71930", "2019-06-30": "35.09340", "2019-03-31": "34.36730", "2018-12-31": "33.95540", "2018-09-30": "33.46250", "2018-06-30": "33.62120", "2018-03-31": "34.28700", "2017-12-31": "35.35920", "2017-09-30": "34.97950", "2017-06-30": "33.58370", "2017-03-31": "35.27720", "2016-12-31": "33.99840", "2016-09-30": "34.82000", "2016-06-30": "36.20550", "2016-03-31": "42.23680", "2015-12-31": "43.66470", "2015-09-30": "60.07260", "2015-06-30": "59.22240", "2015-03-31": "61.06070", "2014-12-31": "55.22080", "2014-09-30": "55.28570", "2014-06-30": "50.43010", "2014-03-31": "47.38910", "2013-12-31": "48.24960", "2013-09-30": "45.60560", "2013-06-30": "43.82950", "2013-03-31": "1.68970", "2012-12-31": "61.60110", "2012-09-30": "1.75220", "2012-06-30": "1.61940", "2012-03-31": "5.70860", "2011-12-31": "5.67140", "2011-09-30": "4.85680", "2011-06-30": "4.65130", "2011-03-31": "4.26800", "2010-12-31": "4.90370", "2010-09-30": "4.12070", "2010-06-30": "4.24750", "2010-03-31": "4.90000", "2009-12-31": "4.98750", "2009-09-30": "4.80150", "2009-06-30": "5.67040", "2009-03-31": "5.12060", "2008-12-31": "4.31150", "2008-09-30": "5.15140", "2008-06-30": "5.09730", "2008-03-31": "4.46050", "2007-12-31": "4.84290", "2007-09-30": "5.55480", "2007-06-30": "4.82240", "2007-03-31": "4.28140", "2006-12-31": "5.58960", "2006-09-30": "5.34070", "2006-06-30": "4.82050", "2006-03-31": "", "2005-09-30": "", "2005-06-30": ""}, "ROE - Return On Equity": {"2020-09-30": "1.94300", "2020-06-30": "-0.33340", "2020-03-31": "3.28190", "2019-12-31": "2.60860", "2019-09-30": "3.13280", "2019-06-30": "3.48200", "2019-03-31": "3.46820", "2018-12-31": "2.58920", "2018-09-30": "3.26420", "2018-06-30": "3.34330", "2018-03-31": "2.93320", "2017-12-31": "11.99970", "2017-09-30": "2.71240", "2017-06-30": "2.96220", "2017-03-31": "3.68090", "2016-12-31": "2.13860", "2016-09-30": "2.05010", "2016-06-30": "1.29350", "2016-03-31": "2.80050", "2015-12-31": "1.79380", "2015-09-30": "0.84910", "2015-06-30": "2.24880", "2015-03-31": "-0.40260", "2014-12-31": "0.64480", "2014-09-30": "-0.64720", "2014-06-30": "2.68490", "2014-03-31": "-1.06670", "2013-12-31": "-0.14040", "2013-09-30": "-0.29000", "2013-06-30": "-0.12950", "2013-03-31": "3.15450", "2012-12-31": "-0.13080", "2012-09-30": "-232.81030", "2012-06-30": "6.64250", "2012-03-31": "0.71010", "2011-12-31": "3.11760", "2011-09-30": "2.45360", "2011-06-30": "3.06700", "2011-03-31": "2.14160", "2010-12-31": "0.53320", "2010-09-30": "3.08330", "2010-06-30": "3.30700", "2010-03-31": "0.97590", "2009-12-31": "1.44770", "2009-09-30": "3.29280", "2009-06-30": "1.22070", "2009-03-31": "2.10250", "2008-12-31": "0.71640", "2008-09-30": "2.21640", "2008-06-30": "2.56420", "2008-03-31": "2.09810", "2007-12-31": "-2.55040", "2007-09-30": "2.80540", "2007-06-30": "3.15560", "2007-03-31": "8.15210", "2006-12-31": "-4.07000", "2006-09-30": "6.84280", "2006-06-30": "5.71790", "2006-03-31": "", "2005-09-30": "", "2005-06-30": ""}, "Return On Tangible Equity": {"2020-09-30": "2.61470", "2020-06-30": "-0.45600", "2020-03-31": "3.52800", "2019-12-31": "2.80810", "2019-09-30": "3.38560", "2019-06-30": "3.76970", "2019-03-31": "3.76670", "2018-12-31": "2.82950", "2018-09-30": "3.57710", "2018-06-30": "3.68360", "2018-03-31": "3.24410", "2017-12-31": "13.10330", "2017-09-30": "2.99920", "2017-06-30": "3.29460", "2017-03-31": "4.11990", "2016-12-31": "2.41080", "2016-09-30": "2.32540", "2016-06-30": "1.47770", "2016-03-31": "3.21910", "2015-12-31": "2.07980", "2015-09-30": "0.99230", "2015-06-30": "2.64760", "2015-03-31": "-0.47870", "2014-12-31": "0.77040", "2014-09-30": "-0.79080", "2014-06-30": "3.30240", "2014-03-31": "-1.33040", "2013-12-31": "-0.17610", "2013-09-30": "-0.38160", "2013-06-30": "-0.17230", "2013-03-31": "12.93140", "2012-12-31": "-0.13250", "2012-09-30": "-1017.58600", "2012-06-30": "37.33860", "2012-03-31": "5.04760", "2011-12-31": "23.48960", "2011-09-30": "24.16640", "2011-06-30": "39.90150", "2011-03-31": "59.08550", "2010-12-31": "70.08980", "2010-09-30": "481.95540", "2010-06-30": "-144.28740", "2010-03-31": "-15.25850", "2009-12-31": "-18.19670", "2009-09-30": "-33.75210", "2009-06-30": "-8.69630", "2009-03-31": "-12.62870", "2008-12-31": "-3.74890", "2008-09-30": "-12.24850", "2008-06-30": "-11.93230", "2008-03-31": "-20.86790", "2007-12-31": "21.03550", "2007-09-30": "-29.52990", "2007-06-30": "-25.05240", "2007-03-31": "-2.23430", "2006-12-31": "1.01340", "2006-09-30": "-11.53180", "2006-06-30": "-8.23260", "2006-03-31": "", "2005-09-30": "", "2005-06-30": ""}, "ROA - Return On Assets": {"2020-09-30": "0.65110", "2020-06-30": "-0.11220", "2020-03-31": "1.09030", "2019-12-31": "0.86400", "2019-09-30": "1.01030", "2019-06-30": "1.10750", "2019-03-31": "1.09300", "2018-12-31": "0.88310", "2018-09-30": "1.13280", "2018-06-30": "1.12210", "2018-03-31": "0.93190", "2017-12-31": "3.83630", "2017-09-30": "0.80970", "2017-06-30": "0.86510", "2017-03-31": "1.02570", "2016-12-31": "0.59190", "2016-09-30": "0.56950", "2016-06-30": "0.35170", "2016-03-31": "0.75960", "2015-12-31": "0.47590", "2015-09-30": "0.23600", "2015-06-30": "0.63130", "2015-03-31": "-0.11140", "2014-12-31": "0.17830", "2014-09-30": "-0.17060", "2014-06-30": "0.75680", "2014-03-31": "-0.30100", "2013-12-31": "-0.04000", "2013-09-30": "-0.07870", "2013-06-30": "-0.03580", "2013-03-31": "0.78320", "2012-12-31": "-0.02380", "2012-09-30": "-76.79780", "2012-06-30": "2.12750", "2012-03-31": "0.22090", "2011-12-31": "0.96250", "2011-09-30": "0.74710", "2011-06-30": "0.92670", "2011-03-31": "0.65190", "2010-12-31": "0.17110", "2010-09-30": "0.92890", "2010-06-30": "1.06850", "2010-03-31": "0.30390", "2009-12-31": "0.44850", "2009-09-30": "1.02680", "2009-06-30": "0.37370", "2009-03-31": "0.63080", "2008-12-31": "0.22690", "2008-09-30": "0.71490", "2008-06-30": "0.83020", "2008-03-31": "0.66970", "2007-12-31": "-0.81210", "2007-09-30": "0.92120", "2007-06-30": "1.02520", "2007-03-31": "0.85090", "2006-12-31": "-0.40500", "2006-09-30": "1.11440", "2006-06-30": "0.97980", "2006-03-31": "", "2005-09-30": "", "2005-06-30": ""}, "ROI - Return On Investment": {"2020-09-30": "0.94930", "2020-06-30": "-0.15550", "2020-03-31": "1.71570", "2019-12-31": "1.31030", "2019-09-30": "1.54270", "2019-06-30": "1.69290", "2019-03-31": "1.66340", "2018-12-31": "1.18560", "2018-09-30": "1.48610", "2018-06-30": "1.48640", "2018-03-31": "1.28620", "2017-12-31": "5.22020", "2017-09-30": "1.08640", "2017-06-30": "1.17350", "2017-03-31": "1.57630", "2016-12-31": "0.80760", "2016-09-30": "0.76400", "2016-06-30": "0.47670", "2016-03-31": "1.04470", "2015-12-31": "0.65600", "2015-09-30": "0.33810", "2015-06-30": "0.88990", "2015-03-31": "-0.15740", "2014-12-31": "0.25210", "2014-09-30": "-0.24150", "2014-06-30": "1.05580", "2014-03-31": "-0.41270", "2013-12-31": "-0.05450", "2013-09-30": "-0.10950", "2013-06-30": "-0.04950", "2013-03-31": "1.16320", "2012-12-31": "-0.03600", "2012-09-30": "-96.04380", "2012-06-30": "2.63940", "2012-03-31": "0.27340", "2011-12-31": "1.19490", "2011-09-30": "0.91990", "2011-06-30": "1.12990", "2011-03-31": "0.81850", "2010-12-31": "0.21510", "2010-09-30": "1.13310", "2010-06-30": "1.32200", "2010-03-31": "0.38070", "2009-12-31": "0.56010", "2009-09-30": "1.26280", "2009-06-30": "0.45670", "2009-03-31": "0.77380", "2008-12-31": "0.28620", "2008-09-30": "0.89290", "2008-06-30": "1.01510", "2008-03-31": "0.81230", "2007-12-31": "-0.97520", "2007-09-30": "1.08740", "2007-06-30": "1.20120", "2007-03-31": "1.20290", "2006-12-31": "-0.56190", "2006-09-30": "2.20000", "2006-06-30": "1.76200", "2006-03-31": "", "2005-09-30": "", "2005-06-30": ""}, "Book Value Per Share": {"2020-09-30": "51.98640", "2020-06-30": "50.91250", "2020-03-31": "33.65010", "2019-12-31": "33.59650", "2019-09-30": "32.45950", "2019-06-30": "31.56050", "2019-03-31": "30.64330", "2018-12-31": "29.07380", "2018-09-30": "28.70760", "2018-06-30": "27.60780", "2018-03-31": "26.81620", "2017-12-31": "26.24950", "2017-09-30": "24.37250", "2017-06-30": "23.60230", "2017-03-31": "22.82490", "2016-12-31": "22.06790", "2016-09-30": "21.66600", "2016-06-30": "21.14370", "2016-03-31": "20.80520", "2015-12-31": "20.23120", "2015-09-30": "19.91610", "2015-06-30": "19.70140", "2015-03-31": "19.31420", "2014-12-31": "19.39770", "2014-09-30": "17.99210", "2014-06-30": "18.04300", "2014-03-31": "17.63320", "2013-12-31": "17.76450", "2013-09-30": "17.05020", "2013-06-30": "17.02300", "2013-03-31": "18.61850", "2012-12-31": "11.42380", "2012-09-30": "18.31000", "2012-06-30": "17.19200", "2012-03-31": "16.32550", "2011-12-31": "16.15410", "2011-09-30": "15.62410", "2011-06-30": "15.22940", "2011-03-31": "14.71570", "2010-12-31": "14.30590", "2010-09-30": "14.15580", "2010-06-30": "13.67300", "2010-03-31": "13.13840", "2009-12-31": "12.98340", "2009-09-30": "12.68190", "2009-06-30": "12.19030", "2009-03-31": "11.90250", "2008-12-31": "11.59430", "2008-09-30": "11.56780", "2008-06-30": "11.24920", "2008-03-31": "10.81710", "2007-12-31": "10.62170", "2007-09-30": "10.91350", "2007-06-30": "10.61930", "2007-03-31": "5.67560", "2006-12-31": "5.26250", "2006-09-30": "5.47570", "2006-06-30": "5.15240", "2006-03-31": "", "2005-09-30": "", "2005-06-30": ""}, "Operating Cash Flow Per Share": {"2020-09-30": 2.1974, "2020-06-30": 0.0689, "2020-03-31": "1.86720", "2019-12-31": 1.7748, "2019-09-30": 2.014, "2019-06-30": 2.4933, "2019-03-31": "1.62120", "2018-12-31": 1.0937, "2018-09-30": 1.0654, "2018-06-30": 1.4907, "2018-03-31": "0.89300", "2017-12-31": 0.9908, "2017-09-30": 1.4345, "2017-06-30": 1.2698, "2017-03-31": "0.69930", "2016-12-31": -2.1107, "2016-09-30": 2.0805, "2016-06-30": 2.1734, "2016-03-31": "1.19270", "2015-12-31": 2.7116, "2015-09-30": 1.8604, "2015-06-30": 1.4047, "2015-03-31": "0.60470", "2014-12-31": 1.6239, "2014-09-30": 1.3323, "2014-06-30": 1.1794, "2014-03-31": "0.94580", "2013-12-31": 1.7414, "2013-09-30": 0.9153, "2013-06-30": 0.8823, "2013-03-31": "1.69820", "2012-12-31": 2.1577, "2012-09-30": 1.4908, "2012-06-30": 2.8147, "2012-03-31": "0.75160", "2011-12-31": 23.2664, "2011-09-30": 1.4924, "2011-06-30": 1.8734, "2011-03-31": "0.76540", "2010-12-31": 1.7727, "2010-09-30": 1.9148, "2010-06-30": 0.6261, "2010-03-31": "1.27140", "2009-12-31": 0.6667, "2009-09-30": 1.7766, "2009-06-30": 0.8896, "2009-03-31": "1.72040", "2008-12-31": -0.4483, "2008-09-30": 1.1057, "2008-06-30": 1.2549, "2008-03-31": "0.60610", "2007-12-31": 1.5073, "2007-09-30": 0.7256, "2007-06-30": 0.3792, "2007-03-31": "1.36520", "2006-12-31": 1.0017, "2006-09-30": 1.068, "2006-06-30": 1.6745, "2006-03-31": "0.82400", "2005-09-30": 1.2438, "2005-06-30": 2.0008}, "Free Cash Flow Per Share": {"2020-09-30": -0.3422, "2020-06-30": -1.1499, "2020-03-31": "-0.15700", "2019-12-31": 0.4841, "2019-09-30": 0.2718, "2019-06-30": 0.4173, "2019-03-31": "-0.62770", "2018-12-31": -0.2594, "2018-09-30": -0.5223, "2018-06-30": -0.4402, "2018-03-31": "-0.69120", "2017-12-31": -0.0636, "2017-09-30": -0.2154, "2017-06-30": -0.2756, "2017-03-31": "-1.05820", "2016-12-31": -3.1375, "2016-09-30": 0.6977, "2016-06-30": 0.4921, "2016-03-31": "-0.36070", "2015-12-31": 0.9751, "2015-09-30": 0.5006, "2015-06-30": -0.0272, "2015-03-31": "-0.60970", "2014-12-31": 0.0716, "2014-09-30": -0.087, "2014-06-30": 0.0401, "2014-03-31": "-0.23430", "2013-12-31": 0.1191, "2013-09-30": -0.2098, "2013-06-30": -0.3064, "2013-03-31": "-0.31200", "2012-12-31": 0.5754, "2012-09-30": 0.1513, "2012-06-30": 1.2407, "2012-03-31": "-0.07680", "2011-12-31": 12.4517, "2011-09-30": -0.1304, "2011-06-30": 0.3974, "2011-03-31": "-0.32380", "2010-12-31": 0.2349, "2010-09-30": 1.0633, "2010-06-30": -0.4446, "2010-03-31": "0.50040", "2009-12-31": -0.5499, "2009-09-30": 0.6112, "2009-06-30": 0.119, "2009-03-31": "0.04380", "2008-12-31": -2.0764, "2008-09-30": -0.5037, "2008-06-30": 0.0954, "2008-03-31": "-0.27640", "2007-12-31": -0.7855, "2007-09-30": 0.0136, "2007-06-30": 0.025, "2007-03-31": "-0.56670", "2006-12-31": -0.3002, "2006-09-30": -0.6902, "2006-06-30": -0.4177, "2006-03-31": "-0.94920", "2005-09-30": -0.1843, "2005-06-30": 0.6881}}, "revenue": {"T-Mobile US Annual Revenue (Millions of US $)": {"2020": "$68,397", "2019": "$44,998", "2018": "$43,310", "2017": "$40,604", "2016": "$37,490", "2015": "$32,467", "2014": "$29,564", "2013": "$24,420", "2012": "$19,719", "2011": "$20,618", "2010": "$4,069", "2009": "$3,481", "2008": "$2,752", "2007": "$2,236", "2006": "$1,547", "2005": "$1,038"}, "T-Mobile US Quarterly Revenue (Millions of US $)": {"2020-12-31": "$20,341", "2020-09-30": "$19,272", "2020-06-30": "$17,671", "2020-03-31": "$11,113", "2019-12-31": "$11,878", "2019-09-30": "$11,061", "2019-06-30": "$10,979", "2019-03-31": "$11,080", "2018-12-31": "$11,445", "2018-09-30": "$10,839", "2018-06-30": "$10,571", "2018-03-31": "$10,455", "2017-12-31": "$10,759", "2017-09-30": "$10,019", "2017-06-30": "$10,213", "2017-03-31": "$9,613", "2016-12-31": "$10,234", "2016-09-30": "$9,305", "2016-06-30": "$9,287", "2016-03-31": "$8,664", "2015-12-31": "$8,661", "2015-09-30": "$7,849", "2015-06-30": "$8,179", "2015-03-31": "$7,778", "2014-12-31": "$8,154", "2014-09-30": "$7,350", "2014-06-30": "$7,185", "2014-03-31": "$6,875", "2013-12-31": "$6,827", "2013-09-30": "$6,688", "2013-06-30": "$6,228", "2013-03-31": "$4,677", "2012-12-31": "$4,909", "2012-09-30": "$4,893", "2012-06-30": "$4,883", "2012-03-31": "$1,277", "2011-12-31": "$1,238", "2011-09-30": "$1,205", "2011-06-30": "$1,209", "2011-03-31": "$1,194", "2010-12-31": "$1,066", "2010-09-30": "$1,021", "2010-06-30": "$1,013", "2010-03-31": "$971", "2009-12-31": "$930", "2009-09-30": "$896", "2009-06-30": "$860", "2009-03-31": "$795", "2008-12-31": "$724", "2008-09-30": "$687", "2008-06-30": "$679", "2008-03-31": "$662", "2007-12-31": "$591", "2007-09-30": "$557", "2007-06-30": "$551", "2007-03-31": "$537", "2006-12-31": "$453", "2006-09-30": "$396", "2006-06-30": "$368", "2006-03-31": "$329", "2005-09-30": "$264", "2005-06-30": "$251"}}, "gross-profit": {"T-Mobile US Annual Gross Profit (Millions of US $)": {"2020": "$40,131", "2019": "$26,477", "2018": "$24,956", "2017": "$22,896", "2016": "$20,940", "2015": "$17,569", "2014": "$14,155", "2013": "$12,165", "2012": "$11,621", "2011": "$12,020", "2010": "$1,751", "2009": "$1,476", "2008": "$1,190", "2007": "$991", "2006": "$625", "2005": "$454"}, "T-Mobile US Quarterly Gross Profit (Millions of US $)": {"2020-12-31": "$10,689", "2020-09-30": "$11,591", "2020-06-30": "$10,906", "2020-03-31": "$6,945", "2019-12-31": "$6,666", "2019-09-30": "$6,624", "2019-06-30": "$6,669", "2019-03-31": "$6,518", "2018-12-31": "$6,275", "2018-09-30": "$6,391", "2018-06-30": "$6,269", "2018-03-31": "$6,021", "2017-12-31": "$5,720", "2017-09-30": "$5,808", "2017-06-30": "$5,849", "2017-03-31": "$5,519", "2016-12-31": "$5,502", "2016-09-30": "$5,330", "2016-06-30": "$5,239", "2016-03-31": "$4,869", "2015-12-31": "$5,258", "2015-09-30": "$4,486", "2015-06-30": "$4,121", "2015-03-31": "$3,704", "2014-12-31": "$3,959", "2014-09-30": "$3,554", "2014-06-30": "$3,517", "2014-03-31": "$3,125", "2013-12-31": "$3,289", "2013-09-30": "$3,229", "2013-06-30": "$2,965", "2013-03-31": "$2,682", "2012-12-31": "$2,782", "2012-09-30": "$2,886", "2012-06-30": "$2,960", "2012-03-31": "$429", "2011-12-31": "$509", "2011-09-30": "$480", "2011-06-30": "$501", "2011-03-31": "$444", "2010-12-31": "$460", "2010-09-30": "$451", "2010-06-30": "$469", "2010-03-31": "$372", "2009-12-31": "$390", "2009-09-30": "$398", "2009-06-30": "$363", "2009-03-31": "$325", "2008-12-31": "$297", "2008-09-30": "$307", "2008-06-30": "$313", "2008-03-31": "$274", "2007-12-31": "$256", "2007-09-30": "$262", "2007-06-30": "$256", "2007-03-31": "$218", "2006-12-31": "$175", "2006-09-30": "$165", "2006-06-30": "$149", "2006-03-31": "$136", "2005-09-30": "$114", "2005-06-30": "$119"}}, "operating-income": {"T-Mobile US Annual Operating Income (Millions of US $)": {"2020": "$6,636", "2019": "$5,722", "2018": "$5,309", "2017": "$4,888", "2016": "$4,050", "2015": "$2,479", "2014": "$1,416", "2013": "$996", "2012": "$-6,397", "2011": "$-4,279", "2010": "$719", "2009": "$535", "2008": "$468", "2007": "$460", "2006": "$237", "2005": "$422"}, "T-Mobile US Quarterly Operating Income (Millions of US $)": {"2020-12-31": "$1,712", "2020-09-30": "$2,565", "2020-06-30": "$820", "2020-03-31": "$1,539", "2019-12-31": "$1,234", "2019-09-30": "$1,471", "2019-06-30": "$1,541", "2019-03-31": "$1,476", "2018-12-31": "$1,137", "2018-09-30": "$1,440", "2018-06-30": "$1,450", "2018-03-31": "$1,282", "2017-12-31": "$1,112", "2017-09-30": "$1,323", "2017-06-30": "$1,416", "2017-03-31": "$1,037", "2016-12-31": "$1,001", "2016-09-30": "$1,048", "2016-06-30": "$833", "2016-03-31": "$1,168", "2015-12-31": "$1,252", "2015-09-30": "$513", "2015-06-30": "$597", "2015-03-31": "$117", "2014-12-31": "$433", "2014-09-30": "$49", "2014-06-30": "$962", "2014-03-31": "$-28", "2013-12-31": "$139", "2013-09-30": "$297", "2013-06-30": "$181", "2013-03-31": "$379", "2012-12-31": "$247", "2012-09-30": "$-7,593", "2012-06-30": "$452", "2012-03-31": "$98", "2011-12-31": "$215", "2011-09-30": "$177", "2011-06-30": "$210", "2011-03-31": "$145", "2010-12-31": "$207", "2010-09-30": "$208", "2010-06-30": "$198", "2010-03-31": "$105", "2009-12-31": "$130", "2009-09-30": "$158", "2009-06-30": "$116", "2009-03-31": "$131", "2008-12-31": "$99", "2008-09-30": "$121", "2008-06-30": "$136", "2008-03-31": "$112", "2007-12-31": "$92", "2007-09-30": "$133", "2007-06-30": "$132", "2007-03-31": "$103", "2006-12-31": "$67", "2006-09-30": "$69", "2006-06-30": "$54", "2006-03-31": "$47", "2005-09-30": "$48", "2005-06-30": "$284"}}, "ebitda": {"T-Mobile US Annual EBITDA (Millions of US $)": {"2019": "$12,338", "2018": "$11,795", "2017": "$10,872", "2016": "$10,293", "2015": "$7,167", "2014": "$5,828", "2013": "$4,623", "2012": "$-3,291", "2011": "$-1,381", "2010": "$1,169", "2009": "$913", "2008": "$723", "2007": "$638", "2006": "$372", "2005": "$510"}, "T-Mobile US Quarterly EBITDA (Millions of US $)": {"2020-09-30": "$6,715", "2020-06-30": "$4,884", "2020-03-31": "$3,257", "2019-12-31": "$3,010", "2019-09-30": "$3,126", "2019-06-30": "$3,126", "2019-03-31": "$3,076", "2018-12-31": "$2,777", "2018-09-30": "$3,077", "2018-06-30": "$3,084", "2018-03-31": "$2,857", "2017-12-31": "$2,597", "2017-09-30": "$2,739", "2017-06-30": "$2,935", "2017-03-31": "$2,601", "2016-12-31": "$2,549", "2016-09-30": "$2,616", "2016-06-30": "$2,408", "2016-03-31": "$2,720", "2015-12-31": "$2,621", "2015-09-30": "$1,670", "2015-06-30": "$1,672", "2015-03-31": "$1,204", "2014-12-31": "$433", "2014-09-30": "$49", "2014-06-30": "$962", "2014-03-31": "$-28", "2013-12-31": "$139", "2013-09-30": "$297", "2013-06-30": "$181", "2013-03-31": "$379", "2012-12-31": "$247", "2012-09-30": "$-7,593", "2012-06-30": "$452", "2012-03-31": "$251", "2011-12-31": "$2,711", "2011-09-30": "$316", "2011-06-30": "$345", "2011-03-31": "$274", "2010-12-31": "$326", "2010-09-30": "$322", "2010-06-30": "$308", "2010-03-31": "$213", "2009-12-31": "$236", "2009-09-30": "$257", "2009-06-30": "$207", "2009-03-31": "$213", "2008-12-31": "$169", "2008-09-30": "$188", "2008-06-30": "$197", "2008-03-31": "$169", "2007-12-31": "$144", "2007-09-30": "$179", "2007-06-30": "$173", "2007-03-31": "$142", "2006-12-31": "$106", "2006-09-30": "$106", "2006-06-30": "$86", "2006-03-31": "$74", "2005-09-30": "$70", "2005-06-30": "$284"}}, "net-income": {"T-Mobile US Annual Net Income (Millions of US $)": {"2020": "$3,064", "2019": "$3,468", "2018": "$2,888", "2017": "$4,481", "2016": "$1,405", "2015": "$678", "2014": "$247", "2013": "$35", "2012": "$-7,336", "2011": "$-4,718", "2010": "$193", "2009": "$177", "2008": "$149", "2007": "$93", "2006": "$29", "2005": "$176"}, "T-Mobile US Quarterly Net Income (Millions of US $)": {"2020-12-31": "$750", "2020-09-30": "$1,253", "2020-06-30": "$110", "2020-03-31": "$951", "2019-12-31": "$751", "2019-09-30": "$870", "2019-06-30": "$939", "2019-03-31": "$908", "2018-12-31": "$640", "2018-09-30": "$795", "2018-06-30": "$782", "2018-03-31": "$671", "2017-12-31": "$2,693", "2017-09-30": "$537", "2017-06-30": "$567", "2017-03-31": "$684", "2016-12-31": "$376", "2016-09-30": "$353", "2016-06-30": "$211", "2016-03-31": "$465", "2015-12-31": "$283", "2015-09-30": "$125", "2015-06-30": "$347", "2015-03-31": "$-77", "2014-12-31": "$101", "2014-09-30": "$-94", "2014-06-30": "$391", "2014-03-31": "$-151", "2013-12-31": "$-20", "2013-09-30": "$-36", "2013-06-30": "$-16", "2013-03-31": "$107", "2012-12-31": "$-8", "2012-09-30": "$-7,735", "2012-06-30": "$207", "2012-03-31": "$21", "2011-12-31": "$91", "2011-09-30": "$69", "2011-06-30": "$84", "2011-03-31": "$56", "2010-12-31": "$14", "2010-09-30": "$77", "2010-06-30": "$80", "2010-03-31": "$23", "2009-12-31": "$33", "2009-09-30": "$74", "2009-06-30": "$26", "2009-03-31": "$44", "2008-12-31": "$15", "2008-09-30": "$45", "2008-06-30": "$50", "2008-03-31": "$40", "2007-12-31": "$-47", "2007-09-30": "$53", "2007-06-30": "$57", "2007-03-31": "$30", "2006-12-31": "$-23", "2006-09-30": "$23", "2006-06-30": "$17", "2006-03-31": "$12", "2005-09-30": "$15", "2005-06-30": "$131"}}, "eps-earnings-per-share-diluted": {"T-Mobile US Annual EPS": {"2020": "$2.65", "2019": "$4.02", "2018": "$3.36", "2017": "$5.20", "2016": "$1.69", "2015": "$0.82", "2014": "$0.30", "2013": "$0.05", "2012": "$-13.70", "2011": "$-8.81", "2010": "$1.08", "2009": "$0.98", "2008": "$0.84", "2007": "$0.56", "2006": "$0.20", "2005": "$1.24"}, "T-Mobile US Quarterly EPS": {"2020-12-31": "$0.60", "2020-09-30": "$1.00", "2020-06-30": "$0.09", "2020-03-31": "$1.10", "2019-12-31": "$0.86", "2019-09-30": "$1.01", "2019-06-30": "$1.09", "2019-03-31": "$1.06", "2018-12-31": "$0.73", "2018-09-30": "$0.93", "2018-06-30": "$0.92", "2018-03-31": "$0.78", "2017-12-31": "$3.10", "2017-09-30": "$0.63", "2017-06-30": "$0.67", "2017-03-31": "$0.80", "2016-12-31": "$0.46", "2016-09-30": "$0.42", "2016-06-30": "$0.25", "2016-03-31": "$0.56", "2015-12-31": "$0.34", "2015-09-30": "$0.15", "2015-06-30": "$0.42", "2015-03-31": "$-0.09", "2014-12-31": "$0.13", "2014-09-30": "$-0.12", "2014-06-30": "$0.48", "2014-03-31": "$-0.19", "2013-12-31": "$-0.08", "2013-09-30": "$-0.05", "2013-06-30": "$-0.02", "2013-03-31": "$0.20", "2012-12-31": "$-0.01", "2012-09-30": "$-14.45", "2012-06-30": "$0.39", "2012-03-31": "$0.12", "2011-12-31": "$0.50", "2011-09-30": "$0.38", "2011-06-30": "$0.46", "2011-03-31": "$0.30", "2010-12-31": "$0.08", "2010-09-30": "$0.44", "2010-06-30": "$0.44", "2010-03-31": "$0.12", "2009-12-31": "$0.18", "2009-09-30": "$0.42", "2009-06-30": "$0.14", "2009-03-31": "$0.24", "2008-12-31": "$0.08", "2008-09-30": "$0.26", "2008-06-30": "$0.28", "2008-03-31": "$0.22", "2007-12-31": "$-0.30", "2007-09-30": "$0.30", "2007-06-30": "$0.34", "2007-03-31": "$0.22", "2006-12-31": "$-0.16", "2006-09-30": "$0.16", "2006-06-30": "$0.12", "2006-03-31": "$0.08", "2005-09-30": "$0.10", "2005-06-30": "$0.92"}}, "shares-outstanding": {"T-Mobile US Annual Shares Outstanding (Millions of Shares)": {"2020": "1,155", "2019": "863", "2018": "858", "2017": "872", "2016": "833", "2015": "823", "2014": "816", "2013": "677", "2012": "535", "2011": "535", "2010": "178", "2009": "178", "2008": "178", "2007": "148", "2006": "80", "2005": "77"}, "T-Mobile US Quarterly Shares Outstanding (Millions of Shares)": {"2020-12-31": "1,252", "2020-09-30": "1,250", "2020-06-30": "1,237", "2020-03-31": "866", "2019-12-31": "863", "2019-09-30": "863", "2019-06-30": "860", "2019-03-31": "859", "2018-12-31": "858", "2018-09-30": "854", "2018-06-30": "852", "2018-03-31": "862", "2017-12-31": "872", "2017-09-30": "871", "2017-06-30": "870", "2017-03-31": "869", "2016-12-31": "833", "2016-09-30": "832", "2016-06-30": "830", "2016-03-31": "859", "2015-12-31": "823", "2015-09-30": "822", "2015-06-30": "821", "2015-03-31": "809", "2014-12-31": "816", "2014-09-30": "807", "2014-06-30": "814", "2014-03-31": "803", "2013-12-31": "677", "2013-09-30": "727", "2013-06-30": "665", "2013-03-31": "535", "2012-12-31": "535", "2012-09-30": "535", "2012-06-30": "535", "2012-03-31": "182", "2011-12-31": "182", "2011-09-30": "182", "2011-06-30": "183", "2011-03-31": "181", "2010-12-31": "178", "2010-09-30": "178", "2010-06-30": "178", "2010-03-31": "177", "2009-12-31": "178", "2009-09-30": "178", "2009-06-30": "179", "2009-03-31": "178", "2008-12-31": "178", "2008-09-30": "178", "2008-06-30": "178", "2008-03-31": "177", "2007-12-31": "148", "2007-09-30": "178", "2007-06-30": "153", "2007-03-31": "82", "2006-12-31": "80", "2006-09-30": "80", "2006-06-30": "80", "2006-03-31": "80", "2005-09-30": "76", "2005-06-30": "76"}}, "total-assets": {"T-Mobile US Annual Total Assets (Millions of US $)": {"2019": "$86,921", "2018": "$72,468", "2017": "$70,563", "2016": "$65,891", "2015": "$62,413", "2014": "$56,653", "2013": "$49,953", "2012": "$33,622", "2011": "$9,483", "2010": "$7,919", "2009": "$7,386", "2008": "$6,422", "2007": "$5,806", "2006": "$4,153", "2005": "$2,159"}, "T-Mobile US Quarterly Total Assets (Millions of US $)": {"2020-09-30": "$192,443", "2020-06-30": "$187,199", "2020-03-31": "$87,226", "2019-12-31": "$86,921", "2019-09-30": "$86,109", "2019-06-30": "$84,788", "2019-03-31": "$83,073", "2018-12-31": "$72,468", "2018-09-30": "$70,182", "2018-06-30": "$69,692", "2018-03-31": "$72,004", "2017-12-31": "$70,563", "2017-09-30": "$67,923", "2017-06-30": "$67,159", "2017-03-31": "$68,048", "2016-12-31": "$65,891", "2016-09-30": "$64,272", "2016-06-30": "$63,968", "2016-03-31": "$63,063", "2015-12-31": "$62,413", "2015-09-30": "$58,473", "2015-06-30": "$57,188", "2015-03-31": "$56,558", "2014-12-31": "$56,653", "2014-09-30": "$55,115", "2014-06-30": "$51,664", "2014-03-31": "$50,169", "2013-12-31": "$49,953", "2013-09-30": "$45,767", "2013-06-30": "$44,734", "2013-03-31": "$13,663", "2012-12-31": "$33,622", "2012-09-30": "$10,072", "2012-06-30": "$9,730", "2012-03-31": "$9,509", "2011-12-31": "$9,483", "2011-09-30": "$9,280", "2011-06-30": "$9,101", "2011-03-31": "$8,648", "2010-12-31": "$7,919", "2010-09-30": "$8,321", "2010-06-30": "$7,479", "2010-03-31": "$7,457", "2009-12-31": "$7,386", "2009-09-30": "$7,163", "2009-06-30": "$7,011", "2009-03-31": "$6,971", "2008-12-31": "$6,422", "2008-09-30": "$6,278", "2008-06-30": "$6,079", "2008-03-31": "$5,901", "2007-12-31": "$5,806", "2007-09-30": "$5,765", "2007-06-30": "$5,666", "2007-03-31": "$4,272", "2006-12-31": "$4,153", "2006-09-30": "$2,626", "2006-06-30": "$2,346", "2006-03-31": "$0", "2005-09-30": "$0", "2005-06-30": "$0"}}, "cash-on-hand": {"T-Mobile US Annual Cash on Hand (Millions of US $)": {"2019": "$1,528", "2018": "$1,203", "2017": "$1,219", "2016": "$5,500", "2015": "$7,580", "2014": "$5,315", "2013": "$5,891", "2012": "$394", "2011": "$2,243", "2010": "$1,171", "2009": "$1,154", "2008": "$698", "2007": "$1,470", "2006": "$553", "2005": "$503"}, "T-Mobile US Quarterly Cash on Hand (Millions of US $)": {"2020-09-30": "$6,571", "2020-06-30": "$11,076", "2020-03-31": "$1,112", "2019-12-31": "$1,528", "2019-09-30": "$1,653", "2019-06-30": "$1,105", "2019-03-31": "$1,439", "2018-12-31": "$1,203", "2018-09-30": "$329", "2018-06-30": "$215", "2018-03-31": "$2,527", "2017-12-31": "$1,219", "2017-09-30": "$739", "2017-06-30": "$181", "2017-03-31": "$7,501", "2016-12-31": "$5,500", "2016-09-30": "$5,352", "2016-06-30": "$5,538", "2016-03-31": "$6,572", "2015-12-31": "$7,580", "2015-09-30": "$2,633", "2015-06-30": "$2,642", "2015-03-31": "$3,032", "2014-12-31": "$5,315", "2014-09-30": "$5,787", "2014-06-30": "$3,080", "2014-03-31": "$5,471", "2013-12-31": "$5,891", "2013-09-30": "$2,365", "2013-06-30": "$2,362", "2013-03-31": "$6,177", "2012-12-31": "$394", "2012-09-30": "$2,565", "2012-06-30": "$2,349", "2012-03-31": "$2,216", "2011-12-31": "$2,243", "2011-09-30": "$2,141", "2011-06-30": "$2,156", "2011-03-31": "$1,659", "2010-12-31": "$1,171", "2010-09-30": "$1,902", "2010-06-30": "$1,076", "2010-03-31": "$1,189", "2009-12-31": "$1,154", "2009-09-30": "$1,181", "2009-06-30": "$1,095", "2009-03-31": "$1,075", "2008-12-31": "$698", "2008-09-30": "$1,020", "2008-06-30": "$1,129", "2008-03-31": "$1,311", "2007-12-31": "$1,470", "2007-09-30": "$1,706", "2007-06-30": "$1,767", "2007-03-31": "$540", "2006-12-31": "$553", "2006-09-30": "$346", "2006-06-30": "$421", "2006-03-31": "", "2005-09-30": "", "2005-06-30": ""}}, "long-term-debt": {"T-Mobile US Annual Long Term Debt (Millions of US $)": {"2019": "$28,526", "2018": "$29,263", "2017": "$29,297", "2016": "$30,053", "2015": "$28,719", "2014": "$24,394", "2013": "$22,441", "2012": "$16,116", "2011": "$4,711", "2010": "$3,757", "2009": "$3,626", "2008": "$3,058", "2007": "$2,986", "2006": "$2,580", "2005": "$903"}, "T-Mobile US Quarterly Long Term Debt (Millions of US $)": {"2020-09-30": "$67,508", "2020-06-30": "$72,035", "2020-03-31": "$26,452", "2019-12-31": "$28,526", "2019-09-30": "$28,623", "2019-06-30": "$28,500", "2019-03-31": "$28,405", "2018-12-31": "$29,263", "2018-09-30": "$29,139", "2018-06-30": "$29,220", "2018-03-31": "$29,295", "2017-12-31": "$29,297", "2017-09-30": "$30,348", "2017-06-30": "$29,898", "2017-03-31": "$25,319", "2016-12-31": "$30,053", "2016-09-30": "$30,054", "2016-06-30": "$29,808", "2016-03-31": "$28,745", "2015-12-31": "$28,719", "2015-09-30": "$24,570", "2015-06-30": "$24,512", "2015-03-31": "$24,384", "2014-12-31": "$24,394", "2014-09-30": "$24,394", "2014-06-30": "$22,471", "2014-03-31": "$22,435", "2013-12-31": "$22,441", "2013-09-30": "$20,449", "2013-06-30": "$19,955", "2013-03-31": "$5,807", "2012-12-31": "$16,116", "2012-09-30": "$4,731", "2012-06-30": "$4,726", "2012-03-31": "$4,726", "2011-12-31": "$4,711", "2011-09-30": "$4,711", "2011-06-30": "$4,715", "2011-03-31": "$4,255", "2010-12-31": "$3,757", "2010-09-30": "$4,314", "2010-06-30": "$3,629", "2010-03-31": "$3,631", "2009-12-31": "$3,626", "2009-09-30": "$3,591", "2009-06-30": "$3,589", "2009-03-31": "$3,591", "2008-12-31": "$3,058", "2008-09-30": "$3,001", "2008-06-30": "$3,004", "2008-03-31": "$2,982", "2007-12-31": "$2,986", "2007-09-30": "$2,991", "2007-06-30": "$2,995", "2007-03-31": "$2,576", "2006-12-31": "$2,580", "2006-09-30": "$903", "2006-06-30": "$903", "2006-03-31": "", "2005-09-30": "", "2005-06-30": ""}}, "total-liabilities": {"T-Mobile US Annual Total Liabilities (Millions of US $)": {"2019": "$58,132", "2018": "$47,750", "2017": "$48,004", "2016": "$47,655", "2015": "$45,856", "2014": "$40,990", "2013": "$35,708", "2012": "$27,507", "2011": "$6,555", "2010": "$5,377", "2009": "$5,098", "2008": "$4,388", "2007": "$3,957", "2006": "$3,740", "2005": "$1,791"}, "T-Mobile US Quarterly Total Liabilities (Millions of US $)": {"2020-09-30": "$127,956", "2020-06-30": "$124,203", "2020-03-31": "$58,249", "2019-12-31": "$58,132", "2019-09-30": "$58,338", "2019-06-30": "$57,821", "2019-03-31": "$56,892", "2018-12-31": "$47,750", "2018-09-30": "$45,827", "2018-06-30": "$46,302", "2018-03-31": "$49,128", "2017-12-31": "$48,004", "2017-09-30": "$47,646", "2017-06-30": "$47,545", "2017-03-31": "$49,085", "2016-12-31": "$47,655", "2016-09-30": "$46,419", "2016-06-30": "$46,573", "2016-03-31": "$45,959", "2015-12-31": "$45,856", "2015-09-30": "$42,221", "2015-06-30": "$41,135", "2015-03-31": "$40,908", "2014-12-31": "$40,990", "2014-09-30": "$40,590", "2014-06-30": "$37,101", "2014-03-31": "$36,013", "2013-12-31": "$35,708", "2013-09-30": "$33,352", "2013-06-30": "$32,375", "2013-03-31": "$10,271", "2012-12-31": "$27,507", "2012-09-30": "$6,749", "2012-06-30": "$6,613", "2012-03-31": "$6,551", "2011-12-31": "$6,555", "2011-09-30": "$6,454", "2011-06-30": "$6,351", "2011-03-31": "$6,016", "2010-12-31": "$5,377", "2010-09-30": "$5,814", "2010-06-30": "$5,063", "2010-03-31": "$5,134", "2009-12-31": "$5,098", "2009-09-30": "$4,929", "2009-06-30": "$4,865", "2009-03-31": "$4,880", "2008-12-31": "$4,388", "2008-09-30": "$4,253", "2008-06-30": "$4,111", "2008-03-31": "$4,017", "2007-12-31": "$3,957", "2007-09-30": "$3,872", "2007-06-30": "$3,825", "2007-03-31": "$3,826", "2006-12-31": "$3,740", "2006-09-30": "$2,198", "2006-06-30": "$1,944", "2006-03-31": "", "2005-09-30": "", "2005-06-30": ""}}, "total-share-holder-equity": {"T-Mobile US Annual Share Holder Equity (Millions of US $)": {"2019": "$28,789", "2018": "$24,718", "2017": "$22,559", "2016": "$18,236", "2015": "$16,557", "2014": "$15,663", "2013": "$14,245", "2012": "$6,115", "2011": "$2,928", "2010": "$2,542", "2009": "$2,288", "2008": "$2,034", "2007": "$1,849", "2006": "$413", "2005": "$368"}, "T-Mobile US Quarterly Share Holder Equity (Millions of US $)": {"2020-09-30": "$64,487", "2020-06-30": "$62,996", "2020-03-31": "$28,977", "2019-12-31": "$28,789", "2019-09-30": "$27,771", "2019-06-30": "$26,967", "2019-03-31": "$26,181", "2018-12-31": "$24,718", "2018-09-30": "$24,355", "2018-06-30": "$23,390", "2018-03-31": "$22,876", "2017-12-31": "$22,559", "2017-09-30": "$20,277", "2017-06-30": "$19,614", "2017-03-31": "$18,963", "2016-12-31": "$18,236", "2016-09-30": "$17,853", "2016-06-30": "$17,395", "2016-03-31": "$17,104", "2015-12-31": "$16,557", "2015-09-30": "$16,252", "2015-06-30": "$16,053", "2015-03-31": "$15,650", "2014-12-31": "$15,663", "2014-09-30": "$14,525", "2014-06-30": "$14,563", "2014-03-31": "$14,156", "2013-12-31": "$14,245", "2013-09-30": "$12,415", "2013-06-30": "$12,359", "2013-03-31": "$3,392", "2012-12-31": "$6,115", "2012-09-30": "$3,322", "2012-06-30": "$3,116", "2012-03-31": "$2,958", "2011-12-31": "$2,928", "2011-09-30": "$2,825", "2011-06-30": "$2,750", "2011-03-31": "$2,633", "2010-12-31": "$2,542", "2010-09-30": "$2,507", "2010-06-30": "$2,417", "2010-03-31": "$2,322", "2009-12-31": "$2,288", "2009-09-30": "$2,234", "2009-06-30": "$2,146", "2009-03-31": "$2,091", "2008-12-31": "$2,034", "2008-09-30": "$2,025", "2008-06-30": "$1,968", "2008-03-31": "$1,884", "2007-12-31": "$1,849", "2007-09-30": "$1,893", "2007-06-30": "$1,841", "2007-03-31": "$446", "2006-12-31": "$413", "2006-09-30": "$428", "2006-06-30": "$402", "2006-03-31": "", "2005-09-30": "", "2005-06-30": ""}}, "profit-margins": {"current": "4.48%"}, "gross margin": {"2020-12-31": "58.67%", "2020-09-30": "60.25%", "2020-06-30": "60.21%", "2020-03-31": "59.75%", "2019-12-31": "58.84%", "2019-09-30": "58.53%", "2019-06-30": "58.30%", "2019-03-31": "57.93%", "2018-12-31": "57.62%", "2018-09-30": "57.25%", "2018-06-30": "56.98%", "2018-03-31": "56.45%", "2017-12-31": "56.39%", "2017-09-30": "56.58%", "2017-06-30": "56.40%", "2017-03-31": "56.17%", "2016-12-31": "55.85%", "2016-09-30": "57.62%", "2016-06-30": "57.61%", "2016-03-31": "56.17%", "2015-12-31": "54.11%", "2015-09-30": "50.91%", "2015-06-30": "48.75%", "2015-03-31": "48.36%", "2014-12-31": "47.88%", "2014-09-30": "47.76%", "2014-06-30": "47.72%", "2014-03-31": "47.37%", "2013-12-31": "49.82%", "2013-09-30": "51.81%", "2013-06-30": "54.64%", "2013-03-31": "58.41%", "2012-12-31": "56.74%", "2012-09-30": "55.19%", "2012-06-30": "50.89%", "2012-03-31": "38.93%", "2011-12-31": "39.91%", "2011-09-30": "40.33%", "2011-06-30": "41.34%", "2011-03-31": "42.48%", "2010-12-31": "43.04%", "2010-09-30": "42.74%", "2010-06-30": "42.76%", "2010-03-31": "41.65%", "2009-12-31": "42.40%", "2009-09-30": "42.23%", "2009-06-30": "42.14%", "2009-03-31": "43.05%", "2008-12-31": "43.28%", "2008-09-30": "43.91%", "2008-06-30": "44.40%", "2008-03-31": "44.39%", "2007-12-31": "44.36%", "2007-09-30": "43.42%", "2007-06-30": "42.02%", "2007-03-31": "40.31%", "2006-12-31": "40.43%", "2006-09-30": "41.56%", "2006-06-30": "42.74%"}, "operating margin": {"2020-12-31": "9.70%", "2020-09-30": "10.27%", "2020-06-30": "9.79%", "2020-03-31": "12.85%", "2019-12-31": "12.72%", "2019-09-30": "12.62%", "2019-06-30": "12.62%", "2019-03-31": "12.53%", "2018-12-31": "12.26%", "2018-09-30": "12.40%", "2018-06-30": "12.36%", "2018-03-31": "12.38%", "2017-12-31": "12.04%", "2017-09-30": "11.92%", "2017-06-30": "11.44%", "2017-03-31": "10.20%", "2016-12-31": "10.80%", "2016-09-30": "11.97%", "2016-06-30": "10.93%", "2016-03-31": "10.58%", "2015-12-31": "7.64%", "2015-09-30": "5.19%", "2015-06-30": "3.80%", "2015-03-31": "5.12%", "2014-12-31": "4.79%", "2014-09-30": "3.97%", "2014-06-30": "4.97%", "2014-03-31": "2.21%", "2013-12-31": "4.08%", "2013-09-30": "4.91%", "2013-06-30": "-32.77%", "2013-03-31": "-33.65%", "2012-12-31": "-42.58%", "2012-09-30": "-55.55%", "2012-06-30": "10.95%", "2012-03-31": "14.20%", "2011-12-31": "15.41%", "2011-09-30": "15.81%", "2011-06-30": "17.15%", "2011-03-31": "17.65%", "2010-12-31": "17.64%", "2010-09-30": "16.29%", "2010-06-30": "15.51%", "2010-03-31": "13.92%", "2009-12-31": "15.37%", "2009-09-30": "15.39%", "2009-06-30": "15.23%", "2009-03-31": "16.88%", "2008-12-31": "17.01%", "2008-09-30": "17.60%", "2008-06-30": "19.00%", "2008-03-31": "19.86%", "2007-12-31": "20.57%", "2007-09-30": "20.73%", "2007-06-30": "19.15%", "2007-03-31": "16.70%", "2006-12-31": "15.33%", "2006-09-30": "16.06%", "2006-06-30": "35.73%"}, "ebitda margin": {"2020-09-30": "29.81%", "2020-06-30": "27.60%", "2020-03-31": "27.80%", "2019-12-31": "27.42%", "2019-09-30": "27.16%", "2019-06-30": "27.19%", "2019-03-31": "27.34%", "2018-12-31": "27.23%", "2018-09-30": "27.25%", "2018-06-30": "26.98%", "2018-03-31": "26.85%", "2017-12-31": "26.78%", "2017-09-30": "27.01%", "2017-06-30": "27.18%", "2017-03-31": "26.47%", "2016-12-31": "27.46%", "2016-09-30": "28.86%", "2016-06-30": "27.33%", "2016-03-31": "26.03%", "2015-12-31": "22.07%", "2015-09-30": "15.58%", "2015-06-30": "10.67%", "2015-03-31": "8.69%", "2014-12-31": "4.79%", "2014-09-30": "3.97%", "2014-06-30": "4.97%", "2014-03-31": "2.21%", "2013-12-31": "4.08%", "2013-09-30": "4.91%", "2013-06-30": "-32.77%", "2013-03-31": "-33.65%", "2012-12-31": "-41.62%", "2012-09-30": "-34.00%", "2012-06-30": "43.36%", "2012-03-31": "73.50%", "2011-12-31": "75.24%", "2011-09-30": "26.98%", "2011-06-30": "28.22%", "2011-03-31": "28.64%", "2010-12-31": "28.72%", "2010-09-30": "27.42%", "2010-06-30": "26.61%", "2010-03-31": "24.97%", "2009-12-31": "26.23%", "2009-09-30": "25.83%", "2009-06-30": "25.34%", "2009-03-31": "26.59%", "2008-12-31": "26.27%", "2008-09-30": "26.65%", "2008-06-30": "27.68%", "2008-03-31": "28.17%", "2007-12-31": "28.53%", "2007-09-30": "28.60%", "2007-06-30": "27.21%", "2007-03-31": "25.09%", "2006-12-31": "24.06%", "2006-09-30": "24.76%", "2006-06-30": "42.41%"}, "pre tax profit margin": {"2020-12-31": "5.16%", "2020-09-30": "6.13%", "2020-06-30": "6.20%", "2020-03-31": "10.34%", "2019-12-31": "10.23%", "2019-09-30": "10.04%", "2019-06-30": "9.95%", "2019-03-31": "9.65%", "2018-12-31": "9.04%", "2018-09-30": "8.90%", "2018-06-30": "8.54%", "2018-03-31": "8.29%", "2017-12-31": "7.78%", "2017-09-30": "7.62%", "2017-06-30": "6.97%", "2017-03-31": "5.68%", "2016-12-31": "6.21%", "2016-09-30": "6.13%", "2016-06-30": "5.35%", "2016-03-31": "5.50%", "2015-12-31": "3.01%", "2015-09-30": "2.18%", "2015-06-30": "0.79%", "2015-03-31": "1.84%", "2014-12-31": "1.40%", "2014-09-30": "0.26%", "2014-06-30": "1.06%", "2014-03-31": "-1.43%", "2013-12-31": "0.21%", "2013-09-30": "1.16%", "2013-06-30": "-36.07%", "2013-03-31": "-36.84%", "2012-12-31": "-45.62%", "2012-09-30": "-58.61%", "2012-06-30": "7.29%", "2012-03-31": "8.50%", "2011-12-31": "9.91%", "2011-09-30": "7.42%", "2011-06-30": "8.15%", "2011-03-31": "8.50%", "2010-12-31": "7.69%", "2010-09-30": "9.07%", "2010-06-30": "8.35%", "2010-03-31": "6.29%", "2009-12-31": "7.58%", "2009-09-30": "7.73%", "2009-06-30": "7.99%", "2009-03-31": "9.91%", "2008-12-31": "10.17%", "2008-09-30": "8.06%", "2008-06-30": "8.76%", "2008-03-31": "9.70%", "2007-12-31": "10.02%", "2007-09-30": "10.39%", "2007-06-30": "9.29%", "2007-03-31": "6.90%", "2006-12-31": "5.89%", "2006-09-30": "11.20%", "2006-06-30": "26.98%"}, "net profit margin": {"2020-12-31": "4.48%", "2020-09-30": "5.11%", "2020-06-30": "5.19%", "2020-03-31": "7.80%", "2019-12-31": "7.71%", "2019-09-30": "7.53%", "2019-06-30": "7.40%", "2019-03-31": "7.11%", "2018-12-31": "6.67%", "2018-09-30": "11.59%", "2018-06-30": "11.20%", "2018-03-31": "10.78%", "2017-12-31": "11.04%", "2017-09-30": "5.40%", "2017-06-30": "5.03%", "2017-03-31": "4.22%", "2016-12-31": "3.75%", "2016-09-30": "3.65%", "2016-06-30": "3.15%", "2016-03-31": "3.66%", "2015-12-31": "2.09%", "2015-09-30": "1.55%", "2015-06-30": "0.88%", "2015-03-31": "1.05%", "2014-12-31": "0.84%", "2014-09-30": "0.45%", "2014-06-30": "0.67%", "2014-03-31": "-0.84%", "2013-12-31": "0.14%", "2013-09-30": "0.21%", "2013-06-30": "-36.95%", "2013-03-31": "-38.37%", "2012-12-31": "-47.08%", "2012-09-30": "-60.34%", "2012-06-30": "4.51%", "2012-03-31": "5.38%", "2011-12-31": "6.19%", "2011-09-30": "4.77%", "2011-06-30": "5.14%", "2011-03-31": "5.29%", "2010-12-31": "4.77%", "2010-09-30": "5.41%", "2010-06-30": "5.51%", "2010-03-31": "4.27%", "2009-12-31": "5.08%", "2009-09-30": "4.85%", "2009-06-30": "4.24%", "2009-03-31": "5.34%", "2008-12-31": "5.45%", "2008-09-30": "3.36%", "2008-06-30": "3.86%", "2008-03-31": "4.36%", "2007-12-31": "4.16%", "2007-09-30": "5.58%", "2007-06-30": "4.49%", "2007-03-31": "2.68%", "2006-12-31": "1.88%", "2006-09-30": "4.94%", "2006-06-30": "14.44%"}, "pe ratio": {"current": "31.01", "2021-02-05": "57.21", "2020-12-31": "61.58", "2020-09-30": "37.37", "2020-06-30": "33.93", "2020-03-31": "20.61", "2019-12-31": "19.46", "2019-09-30": "20.15", "2019-06-30": "19.36", "2019-03-31": "18.88", "2018-12-31": "18.82", "2018-09-30": "12.23", "2018-06-30": "10.98", "2018-03-31": "11.76", "2017-12-31": "12.19", "2017-09-30": "24.18", "2017-06-30": "25.91", "2017-03-31": "33.64", "2016-12-31": "34.23", "2016-09-30": "29.76", "2016-06-30": "33.28", "2016-03-31": "26.05", "2015-12-31": "47.71", "2015-09-30": "66.35", "2015-06-30": "117.48", "2015-03-31": "81.26", "2014-12-31": "92.90", "2014-09-30": "206.21", "2014-06-30": "160.10", "2014-03-31": "0.00", "2013-12-31": "0.00", "2013-09-30": "123.67", "2013-06-30": "19.08", "2013-03-31": "6.84", "2012-12-31": "6.18", "2012-09-30": "6.34", "2012-06-30": "4.46", "2012-03-31": "8.29", "2011-12-31": "7.02", "2011-09-30": "9.43", "2011-06-30": "17.77", "2011-03-31": "17.03", "2010-12-31": "15.69", "2010-09-30": "11.90", "2010-06-30": "9.48", "2010-03-31": "11.05", "2009-12-31": "10.45", "2009-09-30": "14.27", "2009-06-30": "24.81", "2009-03-31": "26.65", "2008-12-31": "23.72", "2008-09-30": "39.11", "2008-06-30": "45.71", "2008-03-31": "39.33"}, "price sales": {"2021-02-05": "2.13", "2020-12-31": "2.29", "2020-09-30": "2.03", "2020-06-30": "1.94", "2020-03-31": "1.61", "2019-12-31": "1.50", "2019-09-30": "1.52", "2019-06-30": "1.43", "2019-03-31": "1.35", "2018-12-31": "1.26", "2018-09-30": "1.42", "2018-06-30": "1.24", "2018-03-31": "1.28", "2017-12-31": "1.36", "2017-09-30": "1.32", "2017-06-30": "1.31", "2017-03-31": "1.41", "2016-12-31": "1.29", "2016-09-30": "1.09", "2016-06-30": "1.05", "2016-03-31": "0.95", "2015-12-31": "0.99", "2015-09-30": "1.02", "2015-06-30": "1.00", "2015-03-31": "0.84", "2014-12-31": "0.74", "2014-09-30": "0.79", "2014-06-30": "0.92", "2014-03-31": "0.89", "2013-12-31": "0.90", "2013-09-30": "0.71", "2013-06-30": "0.68", "2013-03-31": "0.40", "2012-12-31": "0.39", "2012-09-30": "0.49", "2012-06-30": "0.27", "2012-03-31": "0.45", "2011-12-31": "0.44", "2011-09-30": "0.45", "2011-06-30": "0.93", "2011-03-31": "0.91", "2010-12-31": "0.74", "2010-09-30": "0.63", "2010-06-30": "0.51", "2010-03-31": "0.46", "2009-12-31": "0.52", "2009-09-30": "0.68", "2009-06-30": "1.04", "2009-03-31": "1.41", "2008-12-31": "1.29", "2008-09-30": "1.22", "2008-06-30": "1.62", "2008-03-31": "1.58"}, "price book": {"current": "2.41", "2021-02-05": "2.41", "2020-09-30": "2.20", "2020-06-30": "2.05", "2020-03-31": "2.49", "2019-12-31": "2.33", "2019-09-30": "2.43", "2019-06-30": "2.35", "2019-03-31": "2.25", "2018-12-31": "2.19", "2018-09-30": "2.44", "2018-06-30": "2.16", "2018-03-31": "2.28", "2017-12-31": "2.42", "2017-09-30": "2.53", "2017-06-30": "2.57", "2017-03-31": "2.83", "2016-12-31": "2.61", "2016-09-30": "2.16", "2016-06-30": "2.05", "2016-03-31": "1.84", "2015-12-31": "1.93", "2015-09-30": "2.00", "2015-06-30": "1.97", "2015-03-31": "1.64", "2014-12-31": "1.39", "2014-09-30": "1.60", "2014-06-30": "1.86", "2014-03-31": "1.87", "2013-12-31": "1.89", "2013-09-30": "1.52", "2013-06-30": "1.46", "2013-03-31": "0.79", "2012-12-31": "1.17", "2012-09-30": "0.86", "2012-06-30": "0.47", "2012-03-31": "0.74", "2011-12-31": "0.72", "2011-09-30": "0.75", "2011-06-30": "1.52", "2011-03-31": "1.48", "2010-12-31": "1.18", "2010-09-30": "0.99", "2010-06-30": "0.80", "2010-03-31": "0.72", "2009-12-31": "0.79", "2009-09-30": "0.99", "2009-06-30": "1.47", "2009-03-31": "1.93", "2008-12-31": "1.72", "2008-09-30": "1.62", "2008-06-30": "2.11", "2008-03-31": "2.11", "2007-12-31": "2.46", "2007-09-30": "3.35", "2007-06-30": "4.18"}, "price fcf": {"2021-02-05": "", "2020-09-30": "$-1.17", "2020-06-30": "$-0.55", "2020-03-31": "$1.02", "2019-12-31": "$0.55", "2019-09-30": "$-0.20", "2019-06-30": "$-0.99", "2019-03-31": "$-1.85", "2018-12-31": "$-1.91", "2018-09-30": "$-1.72", "2018-06-30": "$-1.41", "2018-03-31": "$-1.25", "2017-12-31": "$-1.61", "2017-09-30": "$-4.69", "2017-06-30": "$-3.77", "2017-03-31": "$-3.01", "2016-12-31": "$-2.31", "2016-09-30": "$1.80", "2016-06-30": "$1.61", "2016-03-31": "$1.09", "2015-12-31": "$0.84", "2015-09-30": "$-0.06", "2015-06-30": "$-0.65", "2015-03-31": "$-0.59", "2014-12-31": "$-0.21", "2014-09-30": "$-0.16", "2014-06-30": "$-0.28", "2014-03-31": "$-0.63", "2013-12-31": "$-0.71", "2013-09-30": "$-0.25", "2013-06-30": "$0.11", "2013-03-31": "$1.66", "2012-12-31": "$1.89", "2012-09-30": "$13.77", "2012-06-30": "$13.49", "2012-03-31": "$12.64", "2011-12-31": "$12.39", "2011-09-30": "$0.18", "2011-06-30": "$1.37", "2011-03-31": "$0.53", "2010-12-31": "$1.35", "2010-09-30": "$0.57", "2010-06-30": "$0.12", "2010-03-31": "$0.68", "2009-12-31": "$0.22", "2009-09-30": "$-1.30", "2009-06-30": "$-2.42", "2009-03-31": "$-2.44", "2008-12-31": "$-2.76", "2008-09-30": "$-1.47", "2008-06-30": "$-0.95", "2008-03-31": "$-1.59"}, "net worth": {"value": "$155.5B"}, "current ratio": {"2020-12-31": "1.10", "2020-09-30": "0.98", "2020-06-30": "1.05", "2020-03-31": "0.64", "2019-12-31": "0.74", "2019-09-30": "0.66", "2019-06-30": "0.62", "2019-03-31": "0.66", "2018-12-31": "0.81", "2018-09-30": "0.85", "2018-06-30": "0.76", "2018-03-31": "0.78", "2017-12-31": "0.77", "2017-09-30": "0.92", "2017-06-30": "0.77", "2017-03-31": "1.04", "2016-12-31": "1.58", "2016-09-30": "1.67", "2016-06-30": "1.63", "2016-03-31": "1.42", "2015-12-31": "1.56", "2015-09-30": "1.43", "2015-06-30": "1.41", "2015-03-31": "1.35", "2014-12-31": "1.59", "2014-09-30": "1.55", "2014-06-30": "1.39", "2014-03-31": "2.12", "2013-12-31": "2.11", "2013-09-30": "1.44", "2013-06-30": "1.36", "2013-03-31": "2.12", "2012-12-31": "0.99", "2012-09-30": "4.06", "2012-06-30": "3.90", "2012-03-31": "3.56", "2011-12-31": "3.36", "2011-09-30": "3.27", "2011-06-30": "3.54", "2011-03-31": "2.47", "2010-12-31": "1.99", "2010-09-30": "3.26", "2010-06-30": "2.20", "2010-03-31": "1.91", "2009-12-31": "1.87", "2009-09-30": "2.19", "2009-06-30": "2.21", "2009-03-31": "2.13", "2008-12-31": "1.41", "2008-09-30": "1.75", "2008-06-30": "2.11", "2008-03-31": "2.58", "2007-12-31": "2.99", "2007-09-30": "3.62", "2007-06-30": "3.76", "2007-03-31": "1.57", "2006-12-31": "1.74", "2006-09-30": "0.87", "2006-06-30": "1.56", "2006-03-31": "0.00", "2005-09-30": "0.00", "2005-06-30": "0.00"}, "quick ratio": {"2020-12-31": "0.98", "2020-09-30": "0.88", "2020-06-30": "0.98", "2020-03-31": "0.56", "2019-12-31": "0.67", "2019-09-30": "0.60", "2019-06-30": "0.54", "2019-03-31": "0.56", "2018-12-31": "0.70", "2018-09-30": "0.74", "2018-06-30": "0.66", "2018-03-31": "0.67", "2017-12-31": "0.64", "2017-09-30": "0.80", "2017-06-30": "0.63", "2017-03-31": "0.97", "2016-12-31": "1.45", "2016-09-30": "1.54", "2016-06-30": "1.47", "2016-03-31": "1.27", "2015-12-31": "1.43", "2015-09-30": "1.29", "2015-06-30": "1.27", "2015-03-31": "1.20", "2014-12-31": "1.47", "2014-09-30": "1.47", "2014-06-30": "1.28", "2014-03-31": "2.01", "2013-12-31": "2.00", "2013-09-30": "1.31", "2013-06-30": "1.20", "2013-03-31": "2.04", "2012-12-31": "0.91", "2012-09-30": "3.66", "2012-06-30": "3.55", "2012-03-31": "3.23", "2011-12-31": "3.07", "2011-09-30": "3.08", "2011-06-30": "3.35", "2011-03-31": "2.15", "2010-12-31": "1.79", "2010-09-30": "3.08", "2010-06-30": "1.91", "2010-03-31": "1.77", "2009-12-31": "1.69", "2009-09-30": "2.06", "2009-06-30": "2.06", "2009-03-31": "1.98", "2008-12-31": "1.20", "2008-09-30": "1.63", "2008-06-30": "2.04", "2008-03-31": "2.46", "2007-12-31": "2.80", "2007-09-30": "3.44", "2007-06-30": "3.59", "2007-03-31": "1.35", "2006-12-31": "1.53", "2006-09-30": "0.80", "2006-06-30": "1.48", "2006-03-31": "0.00", "2005-09-30": "0.00", "2005-06-30": "0.00"}, "debt equity ratio": {"current": "1.05", "2020-12-31": "2.06", "2020-09-30": "1.98", "2020-06-30": "1.97", "2020-03-31": "2.01", "2019-12-31": "2.02", "2019-09-30": "2.10", "2019-06-30": "2.14", "2019-03-31": "2.17", "2018-12-31": "1.93", "2018-09-30": "1.88", "2018-06-30": "1.98", "2018-03-31": "2.15", "2017-12-31": "2.13", "2017-09-30": "2.35", "2017-06-30": "2.42", "2017-03-31": "2.59", "2016-12-31": "2.61", "2016-09-30": "2.60", "2016-06-30": "2.68", "2016-03-31": "2.69", "2015-12-31": "2.77", "2015-09-30": "2.60", "2015-06-30": "2.56", "2015-03-31": "2.61", "2014-12-31": "2.62", "2014-09-30": "2.79", "2014-06-30": "2.55", "2014-03-31": "2.54", "2013-12-31": "2.51", "2013-09-30": "2.69", "2013-06-30": "2.62", "2013-03-31": "3.03", "2012-12-31": "4.50", "2012-09-30": "2.03", "2012-06-30": "2.12", "2012-03-31": "2.22", "2011-12-31": "2.24", "2011-09-30": "2.28", "2011-06-30": "2.31", "2011-03-31": "2.29", "2010-12-31": "2.12", "2010-09-30": "2.32", "2010-06-30": "2.10", "2010-03-31": "2.21", "2009-12-31": "2.23", "2009-09-30": "2.21", "2009-06-30": "2.27", "2009-03-31": "2.33", "2008-12-31": "2.16", "2008-09-30": "2.10", "2008-06-30": "2.09", "2008-03-31": "2.13", "2007-12-31": "2.14", "2007-09-30": "2.05", "2007-06-30": "2.08", "2007-03-31": "8.58", "2006-12-31": "9.05", "2006-09-30": "5.14", "2006-06-30": "4.84", "2006-03-31": "0.00", "2005-09-30": "0.00", "2005-06-30": "0.00"}, "return on equity": {"2020-12-31": "5.53%", "2020-09-30": "6.62%", "2020-06-30": "7.22%", "2020-03-31": "12.48%", "2019-12-31": "12.64%", "2019-09-30": "12.71%", "2019-06-30": "12.84%", "2019-03-31": "12.67%", "2018-12-31": "12.12%", "2018-09-30": "21.21%", "2018-06-30": "21.02%", "2018-03-31": "20.95%", "2017-12-31": "22.02%", "2017-09-30": "11.23%", "2017-06-30": "10.61%", "2017-03-31": "8.97%", "2016-12-31": "7.96%", "2016-09-30": "7.62%", "2016-06-30": "6.44%", "2016-03-31": "7.40%", "2015-12-31": "4.20%", "2015-09-30": "3.12%", "2015-06-30": "1.79%", "2015-03-31": "2.13%", "2014-12-31": "1.68%", "2014-09-30": "0.88%", "2014-06-30": "1.33%", "2014-03-31": "-1.68%", "2013-12-31": "0.33%", "2013-09-30": "0.55%", "2013-06-30": "-121.52%", "2013-03-31": "-186.37%", "2012-12-31": "-193.80%", "2012-09-30": "-240.70%", "2012-06-30": "13.12%", "2012-03-31": "9.25%", "2011-12-31": "10.78%", "2011-09-30": "8.30%", "2011-06-30": "8.86%", "2011-03-31": "8.99%", "2010-12-31": "7.93%", "2010-09-30": "8.94%", "2010-06-30": "9.07%", "2010-03-31": "6.94%", "2009-12-31": "8.08%", "2009-09-30": "7.48%", "2009-06-30": "6.27%", "2009-03-31": "7.59%", "2008-12-31": "7.58%", "2008-09-30": "4.56%", "2008-06-30": "5.06%", "2008-03-31": "5.52%", "2007-12-31": "6.17%", "2007-09-30": "10.19%", "2007-06-30": "11.13%", "2007-03-31": "11.13%", "2006-12-31": "9.33%", "2006-09-30": "32.29%", "2006-06-30": "174.13%"}, "return on assets": {"2020-12-31": "1.84%", "2020-09-30": "2.21%", "2020-06-30": "2.40%", "2020-03-31": "4.07%", "2019-12-31": "4.07%", "2019-09-30": "4.11%", "2019-06-30": "4.23%", "2019-03-31": "4.23%", "2018-12-31": "4.06%", "2018-09-30": "7.00%", "2018-06-30": "6.69%", "2018-03-31": "6.44%", "2017-12-31": "6.55%", "2017-09-30": "3.22%", "2017-06-30": "2.98%", "2017-03-31": "2.48%", "2016-12-31": "2.19%", "2016-09-30": "2.07%", "2016-06-30": "1.75%", "2016-03-31": "2.02%", "2015-12-31": "1.16%", "2015-09-30": "0.87%", "2015-06-30": "0.49%", "2015-03-31": "0.58%", "2014-12-31": "0.46%", "2014-09-30": "0.24%", "2014-06-30": "0.37%", "2014-03-31": "-0.47%", "2013-12-31": "0.09%", "2013-09-30": "0.14%", "2013-06-30": "-29.98%", "2013-03-31": "-44.29%", "2012-12-31": "-47.77%", "2012-09-30": "-76.47%", "2012-06-30": "4.08%", "2012-03-31": "2.84%", "2011-12-31": "3.29%", "2011-09-30": "2.55%", "2011-06-30": "2.72%", "2011-03-31": "2.81%", "2010-12-31": "2.49%", "2010-09-30": "2.78%", "2010-06-30": "2.85%", "2010-03-31": "2.15%", "2009-12-31": "2.48%", "2009-09-30": "2.31%", "2009-06-30": "1.95%", "2009-03-31": "2.39%", "2008-12-31": "2.43%", "2008-09-30": "1.46%", "2008-06-30": "1.63%", "2008-03-31": "1.78%", "2007-12-31": "1.73%", "2007-09-30": "2.36%", "2007-06-30": "2.08%", "2007-03-31": "1.40%", "2006-12-31": "1.27%", "2006-09-30": "5.39%", "2006-06-30": "29.84%"}, "return on investments": {"2020-12-31": "5.79%", "2020-09-30": "6.49%", "2020-06-30": "6.66%", "2020-03-31": "10.30%", "2019-12-31": "10.23%", "2019-09-30": "10.21%", "2019-06-30": "10.29%", "2019-03-31": "10.25%", "2018-12-31": "10.00%", "2018-09-30": "10.06%", "2018-06-30": "9.97%", "2018-03-31": "10.06%", "2017-12-31": "9.96%", "2017-09-30": "9.92%", "2017-06-30": "9.48%", "2017-03-31": "8.35%", "2016-12-31": "8.56%", "2016-09-30": "9.24%", "2016-06-30": "8.41%", "2016-03-31": "8.18%", "2015-12-31": "5.95%", "2015-09-30": "4.11%", "2015-06-30": "3.00%", "2015-03-31": "4.00%", "2014-12-31": "3.71%", "2014-09-30": "3.01%", "2014-06-30": "3.83%", "2014-03-31": "1.70%", "2013-12-31": "3.59%", "2013-09-30": "4.57%", "2013-06-30": "-37.81%", "2013-03-31": "-55.06%", "2012-12-31": "-59.34%", "2012-09-30": "-87.48%", "2012-06-30": "12.27%", "2012-03-31": "9.23%", "2011-12-31": "10.12%", "2011-09-30": "10.49%", "2011-06-30": "11.21%", "2011-03-31": "11.64%", "2010-12-31": "11.43%", "2010-09-30": "10.37%", "2010-06-30": "9.96%", "2010-03-31": "8.69%", "2009-12-31": "9.24%", "2009-09-30": "9.03%", "2009-06-30": "8.67%", "2009-03-31": "9.38%", "2008-12-31": "9.38%", "2008-09-30": "9.36%", "2008-06-30": "9.67%", "2008-03-31": "9.66%", "2007-12-31": "10.47%", "2007-09-30": "11.06%", "2007-06-30": "12.18%", "2007-03-31": "13.55%", "2006-12-31": "16.84%", "2006-09-30": "33.09%", "2006-06-30": "132.72%"}, "return on tangible equity": {"2020-09-30": "8.30%", "2020-06-30": "8.55%", "2020-03-31": "13.46%", "2019-12-31": "13.67%", "2019-09-30": "13.80%", "2019-06-30": "13.99%", "2019-03-31": "13.86%", "2018-12-31": "13.32%", "2018-09-30": "23.31%", "2018-06-30": "23.15%", "2018-03-31": "23.12%", "2017-12-31": "24.36%", "2017-09-30": "12.53%", "2017-06-30": "11.91%", "2017-03-31": "10.14%", "2016-12-31": "9.06%", "2016-09-30": "8.73%", "2016-06-30": "7.44%", "2016-03-31": "8.61%", "2015-12-31": "4.93%", "2015-09-30": "3.69%", "2015-06-30": "2.14%", "2015-03-31": "2.57%", "2014-12-31": "2.05%", "2014-09-30": "1.09%", "2014-06-30": "1.67%", "2014-03-31": "-2.15%", "2013-12-31": "0.45%", "2013-09-30": "0.73%", "2013-06-30": "-181.02%", "2013-03-31": "-363.41%", "2012-12-31": "-387.07%", "2012-09-30": "-1399.91%", "2012-06-30": "94.29%", "2012-03-31": "81.35%", "2011-12-31": "122.20%", "2011-09-30": "145.75%", "2011-06-30": "270.97%", "2011-03-31": "1210.67%", "2010-12-31": "-459.17%", "2010-09-30": "-230.27%", "2010-06-30": "-139.07%", "2010-03-31": "-73.41%", "2009-12-31": "-67.49%", "2009-09-30": "-50.64%", "2009-06-30": "-37.04%", "2009-03-31": "-40.37%", "2008-12-31": "-43.89%", "2008-09-30": "-29.28%", "2008-06-30": "-37.80%", "2008-03-31": "-49.94%", "2007-12-31": "-16.44%", "2007-09-30": "-12.65%", "2007-06-30": "-9.22%", "2007-03-31": "-4.92%", "2006-12-31": "-5.29%", "2006-09-30": "-50.28%", "2006-06-30": "-250.90%"}, "dividend yield history": {"last payout": "$0.00", "last yield": "0.00%"}}