{"ticker": "TTWO", "price": {"title": "Take-Two Interactive Software Historical Annual Stock Price Data", "value": 207.49, "historical": {"2021": {"Average Stock Price": "202.4513", "Year Open": "201.8500", "Year High": "210.4300", "Year Low": "195.3800", "Year Close": "207.4900", "Annual % Change": "-0.14%"}, "2020": {"Average Stock Price": "146.8476", "Year Open": "122.0800", "Year High": "207.7900", "Year Low": "100.1500", "Year Close": "207.7900", "Annual % Change": "69.72%"}, "2019": {"Average Stock Price": "111.8022", "Year Open": "104.0100", "Year High": "134.2100", "Year Low": "84.6300", "Year Close": "122.4300", "Annual % Change": "18.93%"}, "2018": {"Average Stock Price": "115.8975", "Year Open": "112.8800", "Year High": "137.9900", "Year Low": "94.6300", "Year Close": "102.9400", "Annual % Change": "-6.23%"}, "2017": {"Average Stock Price": "80.8602", "Year Open": "49.2200", "Year High": "119.0200", "Year Low": "49.2200", "Year Close": "109.7800", "Annual % Change": "122.72%"}, "2016": {"Average Stock Price": "40.2485", "Year Open": "34.1700", "Year High": "50.8500", "Year Low": "32.3400", "Year Close": "49.2900", "Annual % Change": "41.48%"}, "2015": {"Average Stock Price": "29.2671", "Year Open": "28.0950", "Year High": "36.4900", "Year Low": "23.7000", "Year Close": "34.8400", "Annual % Change": "24.30%"}, "2014": {"Average Stock Price": "22.0679", "Year Open": "17.5300", "Year High": "28.9900", "Year Low": "16.6800", "Year Close": "28.0300", "Annual % Change": "61.37%"}, "2013": {"Average Stock Price": "16.1762", "Year Open": "11.4800", "Year High": "19.1000", "Year Low": "11.4800", "Year Close": "17.3700", "Annual % Change": "57.77%"}, "2012": {"Average Stock Price": "12.2808", "Year Open": "14.0000", "Year High": "16.2700", "Year Low": "7.8200", "Year Close": "11.0100", "Annual % Change": "-18.75%"}, "2011": {"Average Stock Price": "14.3742", "Year Open": "12.3700", "Year High": "17.4100", "Year Low": "10.8000", "Year Close": "13.5500", "Annual % Change": "10.48%"}, "2010": {"Average Stock Price": "10.2825", "Year Open": "10.4000", "Year High": "12.9300", "Year Low": "8.1850", "Year Close": "12.2650", "Annual % Change": "22.04%"}, "2009": {"Average Stock Price": "9.2138", "Year Open": "7.9500", "Year High": "12.1700", "Year Low": "5.6200", "Year Close": "10.0500", "Annual % Change": "32.94%"}, "2008": {"Average Stock Price": "20.1233", "Year Open": "18.0600", "Year High": "27.6500", "Year Low": "7.3000", "Year Close": "7.5600", "Annual % Change": "-59.02%"}, "2007": {"Average Stock Price": "18.2637", "Year Open": "17.6600", "Year High": "23.7900", "Year Low": "12.2500", "Year Close": "18.4500", "Annual % Change": "3.89%"}, "2006": {"Average Stock Price": "15.1944", "Year Open": "18.0500", "Year High": "20.3300", "Year Low": "9.3400", "Year Close": "17.7600", "Annual % Change": "0.34%"}, "2005": {"Average Stock Price": "23.5053", "Year Open": "23.5867", "Year High": "29.3400", "Year Low": "17.3200", "Year Close": "17.7000", "Annual % Change": "-23.68%"}, "2004": {"Average Stock Price": "21.5425", "Year Open": "19.4133", "Year High": "24.7667", "Year Low": "18.6600", "Year Close": "23.1933", "Annual % Change": "20.71%"}, "2003": {"Average Stock Price": "18.5369", "Year Open": "15.5000", "Year High": "27.3933", "Year Low": "12.5333", "Year Close": "19.2133", "Annual % Change": "22.69%"}, "2002": {"Average Stock Price": "15.3257", "Year Open": "11.1667", "Year High": "20.6600", "Year Low": "10.1667", "Year Close": "15.6600", "Annual % Change": "45.27%"}, "2001": {"Average Stock Price": "9.7448", "Year Open": "7.2533", "Year High": "15.9667", "Year Low": "4.6600", "Year Close": "10.7800", "Annual % Change": "40.61%"}, "2000": {"Average Stock Price": "8.0334", "Year Open": "9.1267", "Year High": "12.4200", "Year Low": "5.5000", "Year Close": "7.6667", "Annual % Change": "-11.13%"}, "1999": {"Average Stock Price": "6.6123", "Year Open": "5.7500", "Year High": "11.3333", "Year Low": "4.6667", "Year Close": "8.6267", "Annual % Change": "56.85%"}, "1998": {"Average Stock Price": "4.4169", "Year Open": "3.4167", "Year High": "5.7087", "Year Low": "3.4167", "Year Close": "5.5000", "Annual % Change": "60.97%"}}}, "market cap": {"value": "$23.87B"}, "income statement": {"Revenue": {"2020-03-31": "3088.97000", "2019-03-31": "2668.39400", "2018-03-31": "1792.89200", "2017-03-31": "1779.74800", "2016-03-31": "1413.69800", "2015-03-31": "1082.93800", "2014-03-31": "2350.56800", "2013-03-31": "1214.48300", "2012-03-31": "825.82300", "2011-03-31": "1136.87600", "2010-03-31": "762.94100", "2009-10-31": "701.05700", "2008-10-31": "1231.10600", "2007-10-31": "981.79100", "2006-10-31": "1037.84000", "2005-10-31": "1201.22000"}, "Cost Of Goods Sold": {"2020-03-31": "1542.45000", "2019-03-31": "1523.64400", "2018-03-31": "898.31100", "2017-03-31": "1022.95900", "2016-03-31": "813.87300", "2015-03-31": "794.86700", "2014-03-31": "1414.32700", "2013-03-31": "715.83700", "2012-03-31": "528.85500", "2011-03-31": "689.38100", "2010-03-31": "494.57900", "2009-10-31": "467.57600", "2008-10-31": "709.71900", "2007-10-31": "735.03400", "2006-10-31": "825.47600", "2005-10-31": "786.37800"}, "Gross Profit": {"2020-03-31": "1546.52000", "2019-03-31": "1144.75000", "2018-03-31": "894.58100", "2017-03-31": "756.78910", "2016-03-31": "599.82500", "2015-03-31": "288.07100", "2014-03-31": "936.24110", "2013-03-31": "498.64610", "2012-03-31": "296.96800", "2011-03-31": "447.49500", "2010-03-31": "268.36200", "2009-10-31": "233.48100", "2008-10-31": "521.38700", "2007-10-31": "246.75700", "2006-10-31": "212.36400", "2005-10-31": "414.84200"}, "Research And Development Expenses": {"2020-03-31": "296.39800", "2019-03-31": "230.17000", "2018-03-31": "196.37300", "2017-03-31": "137.91500", "2016-03-31": "119.80700", "2015-03-31": "115.04300", "2014-03-31": "105.25600", "2013-03-31": "78.18400", "2012-03-31": "64.16200", "2011-03-31": "69.57600", "2010-03-31": "57.88800", "2009-10-31": "63.74800", "2008-10-31": "63.92900", "2007-10-31": "48.45500", "2006-10-31": "64.25800", "2005-10-31": "73.72400"}, "SG&A Expenses": {"2020-03-31": "776.65900", "2019-03-31": "672.63400", "2018-03-31": "503.92000", "2017-03-31": "496.86200", "2016-03-31": "390.76100", "2015-03-31": "410.43400", "2014-03-31": "402.37000", "2013-03-31": "404.58900", "2012-03-31": "304.94900", "2011-03-31": "285.77800", "2010-03-31": "270.19200", "2009-10-31": "272.33800", "2008-10-31": "320.62400", "2007-10-31": "281.08400", "2006-10-31": "295.44100", "2005-10-31": "281.08400"}, "Other Operating Income Or Expenses": {"2020-03-31": "", "2019-03-31": "", "2018-03-31": "", "2017-03-31": "", "2016-03-31": "", "2015-03-31": "", "2014-03-31": "", "2013-03-31": "", "2012-03-31": "", "2011-03-31": "", "2010-03-31": "", "2009-10-31": "", "2008-10-31": "", "2007-10-31": "", "2006-10-31": "", "2005-10-31": ""}, "Operating Expenses": {"2020-03-31": "2663.70300", "2019-03-31": "2461.72200", "2018-03-31": "1657.31500", "2017-03-31": "1688.44300", "2016-03-31": "1424.52600", "2015-03-31": "1341.40100", "2014-03-31": "1935.31200", "2013-03-31": "1209.24400", "2012-03-31": "910.08900", "2011-03-31": "1059.73400", "2010-03-31": "839.06200", "2009-10-31": "821.23600", "2008-10-31": "1120.07200", "2007-10-31": "1109.48900", "2006-10-31": "1211.57400", "2005-10-31": "1163.20200"}, "Operating Income": {"2020-03-31": "425.26710", "2019-03-31": "206.67190", "2018-03-31": "135.57700", "2017-03-31": "91.30490", "2016-03-31": "-10.82800", "2015-03-31": "-258.46300", "2014-03-31": "415.25610", "2013-03-31": "5.23910", "2012-03-31": "-84.26600", "2011-03-31": "77.14200", "2010-03-31": "-76.12100", "2009-10-31": "-120.17900", "2008-10-31": "111.03390", "2007-10-31": "-127.69800", "2006-10-31": "-173.73400", "2005-10-31": "38.01790"}, "Total Non-Operating Income/Expense": {"2020-03-31": "33.17200", "2019-03-31": "26.11300", "2018-03-31": "1.04800", "2017-03-31": "-14.34000", "2016-03-31": "-27.52200", "2015-03-31": "-14.41700", "2014-03-31": "-39.10600", "2013-03-31": "-31.35100", "2012-03-31": "-19.57100", "2011-03-31": "-13.51900", "2010-03-31": "-18.79400", "2009-10-31": "-5.77100", "2008-10-31": "-3.27900", "2007-10-31": "-0.51700", "2006-10-31": "-10.74800", "2005-10-31": "3.70200"}, "Pre-Tax Income": {"2020-03-31": "458.43900", "2019-03-31": "232.78500", "2018-03-31": "136.62500", "2017-03-31": "76.96500", "2016-03-31": "-38.35000", "2015-03-31": "-272.88000", "2014-03-31": "376.15000", "2013-03-31": "-26.11200", "2012-03-31": "-103.83700", "2011-03-31": "63.62300", "2010-03-31": "-94.91500", "2009-10-31": "-125.95000", "2008-10-31": "107.75500", "2007-10-31": "-128.21500", "2006-10-31": "-184.48200", "2005-10-31": "41.72000"}, "Income Taxes": {"2020-03-31": "53.98000", "2019-03-31": "-101.05200", "2018-03-31": "-36.90800", "2017-03-31": "9.66200", "2016-03-31": "-30.04800", "2015-03-31": "6.59000", "2014-03-31": "14.45900", "2013-03-31": "5.05000", "2012-03-31": "3.86300", "2011-03-31": "9.81900", "2010-03-31": "13.14500", "2009-10-31": "4.48700", "2008-10-31": "13.27100", "2007-10-31": "10.19100", "2006-10-31": "0.40700", "2005-10-31": "6.40600"}, "Income After Taxes": {"2020-03-31": "404.45900", "2019-03-31": "333.83700", "2018-03-31": "173.53300", "2017-03-31": "67.30300", "2016-03-31": "-8.30200", "2015-03-31": "-279.47000", "2014-03-31": "361.69100", "2013-03-31": "-31.16200", "2012-03-31": "-107.70000", "2011-03-31": "53.80400", "2010-03-31": "-108.06000", "2009-10-31": "-130.43700", "2008-10-31": "94.48400", "2007-10-31": "-138.40600", "2006-10-31": "-184.88900", "2005-10-31": "35.31400"}, "Other Income": {"2020-03-31": "", "2019-03-31": "", "2018-03-31": "", "2017-03-31": "", "2016-03-31": "", "2015-03-31": "", "2014-03-31": "", "2013-03-31": "", "2012-03-31": "", "2011-03-31": "", "2010-03-31": "", "2009-10-31": "", "2008-10-31": "", "2007-10-31": "", "2006-10-31": "", "2005-10-31": ""}, "Income From Continuous Operations": {"2020-03-31": "404.45900", "2019-03-31": "333.83700", "2018-03-31": "173.53300", "2017-03-31": "67.30300", "2016-03-31": "-8.30200", "2015-03-31": "-279.47000", "2014-03-31": "361.69100", "2013-03-31": "-31.16200", "2012-03-31": "-107.70000", "2011-03-31": "53.80400", "2010-03-31": "-108.06000", "2009-10-31": "-130.43700", "2008-10-31": "94.48400", "2007-10-31": "-138.40600", "2006-10-31": "-184.88900", "2005-10-31": "35.31400"}, "Income From Discontinued Operations": {"2020-03-31": "", "2019-03-31": "", "2018-03-31": "", "2017-03-31": "", "2016-03-31": "", "2015-03-31": "", "2014-03-31": "-0.08600", "2013-03-31": "1.67100", "2012-03-31": "-1.11600", "2011-03-31": "-5.34600", "2010-03-31": "-14.93500", "2009-10-31": "-10.01700", "2008-10-31": "2.61300", "2007-10-31": "", "2006-10-31": "", "2005-10-31": ""}, "Net Income": {"2020-03-31": "404.45900", "2019-03-31": "333.83700", "2018-03-31": "173.53300", "2017-03-31": "67.30300", "2016-03-31": "-8.30200", "2015-03-31": "-279.47000", "2014-03-31": "320.54000", "2013-03-31": "-29.49100", "2012-03-31": "-108.81600", "2011-03-31": "45.29900", "2010-03-31": "-122.99500", "2009-10-31": "-140.45400", "2008-10-31": "97.09700", "2007-10-31": "-138.40600", "2006-10-31": "-184.88900", "2005-10-31": "35.31400"}, "EBITDA": {"2020-03-31": "661.81010", "2019-03-31": "471.58890", "2018-03-31": "296.15800", "2017-03-31": "373.10990", "2016-03-31": "177.62800", "2015-03-31": "-79.92000", "2014-03-31": "722.45410", "2013-03-31": "274.50420", "2012-03-31": "92.79500", "2011-03-31": "248.50400", "2010-03-31": "59.72600", "2009-10-31": "6.90100", "2008-10-31": "281.36990", "2007-10-31": "-91.62300", "2006-10-31": "-121.22700", "2005-10-31": "71.87200"}, "EBIT": {"2020-03-31": "425.26710", "2019-03-31": "206.67190", "2018-03-31": "135.57700", "2017-03-31": "91.30490", "2016-03-31": "-10.82800", "2015-03-31": "-258.46300", "2014-03-31": "415.25610", "2013-03-31": "5.23910", "2012-03-31": "-84.26600", "2011-03-31": "77.14200", "2010-03-31": "-76.12100", "2009-10-31": "-120.17900", "2008-10-31": "111.03390", "2007-10-31": "-127.69800", "2006-10-31": "-173.73400", "2005-10-31": "38.01790"}, "Basic Shares Outstanding": {"2020-03-31": "113.09600", "2019-03-31": "113.17600", "2018-03-31": "110.10900", "2017-03-31": "90.18000", "2016-03-31": "83.41700", "2015-03-31": "80.36700", "2014-03-31": "84.51900", "2013-03-31": "85.58100", "2012-03-31": "83.35600", "2011-03-31": "80.51200", "2010-03-31": "77.85800", "2009-10-31": "76.81500", "2008-10-31": "77.25400", "2007-10-31": "71.86000", "2006-10-31": "71.01200", "2005-10-31": "69.85900"}, "Shares Outstanding": {"2020-03-31": "114.13600", "2019-03-31": "115.19800", "2018-03-31": "112.76300", "2017-03-31": "92.33200", "2016-03-31": "83.41700", "2015-03-31": "80.36700", "2014-03-31": "113.88200", "2013-03-31": "85.58100", "2012-03-31": "83.35600", "2011-03-31": "80.52400", "2010-03-31": "77.85800", "2009-10-31": "76.81500", "2008-10-31": "77.66600", "2007-10-31": "71.86000", "2006-10-31": "71.01200", "2005-10-31": "70.88200"}, "Basic EPS": {"2020-03-31": "3.58000", "2019-03-31": "2.95000", "2018-03-31": "1.57000", "2017-03-31": "0.73000", "2016-03-31": "-0.10000", "2015-03-31": "-3.48000", "2014-03-31": "3.79000", "2013-03-31": "-0.34000", "2012-03-31": "-1.31000", "2011-03-31": "0.56000", "2010-03-31": "-1.58000", "2009-10-31": "-1.83000", "2008-10-31": "1.26000", "2007-10-31": "-1.93000", "2006-10-31": "-2.60000", "2005-10-31": "0.51000"}, "EPS - Earnings Per Share": {"2020-03-31": "3.54000", "2019-03-31": "2.90000", "2018-03-31": "1.54000", "2017-03-31": "0.72000", "2016-03-31": "-0.10000", "2015-03-31": "-3.48000", "2014-03-31": "3.20000", "2013-03-31": "-0.34000", "2012-03-31": "-1.31000", "2011-03-31": "0.56000", "2010-03-31": "-1.58000", "2009-10-31": "-1.83000", "2008-10-31": "1.25000", "2007-10-31": "-1.93000", "2006-10-31": "-2.60000", "2005-10-31": "0.50000"}}, "income statement, quarterly": {"Revenue": {"2020-09-30": "841.14200", "2020-06-30": "831.31000", "2020-03-31": "760.54080", "2019-12-31": "930.12900", "2019-09-30": "857.84100", "2019-06-30": "540.45900", "2019-03-31": "539.00700", "2018-12-31": "1248.73800", "2018-09-30": "492.66700", "2018-06-30": "387.98200", "2018-03-31": "450.27400", "2017-12-31": "480.84000", "2017-09-30": "443.56200", "2017-06-30": "418.21600", "2017-03-31": "571.55600", "2016-12-31": "476.47300", "2016-09-30": "420.16700", "2016-06-30": "311.55200", "2016-03-31": "377.20600", "2015-12-31": "414.22100", "2015-09-30": "346.97400", "2015-06-30": "275.29700", "2015-03-31": "300.08900", "2014-12-31": "531.14700", "2014-09-30": "126.27700", "2014-06-30": "125.42500", "2014-03-31": "195.20810", "2013-12-31": "1863.86900", "2013-09-30": "148.82400", "2013-06-30": "142.66700", "2013-03-31": "299.48700", "2012-12-31": "415.77300", "2012-09-30": "273.08400", "2012-06-30": "226.13900", "2012-03-31": "148.08400", "2011-12-31": "236.32500", "2011-09-30": "107.03400", "2011-06-30": "334.38000", "2011-03-31": "180.53890", "2010-12-31": "334.25900", "2010-09-30": "244.97200", "2010-07-31": "354.07600", "2010-06-30": "375.39000", "2010-04-30": "268.00200", "2010-03-31": "144.40990", "2010-01-31": "163.23800", "2009-12-31": "360.36400", "2009-10-31": "", "2009-07-31": "94.92900", "2009-04-30": "174.25000", "2009-01-31": "149.35100", "2008-10-31": "", "2008-07-31": "433.83600", "2008-04-30": "539.81000", "2008-01-31": "240.44200", "2007-10-31": "", "2007-07-31": "206.41500", "2007-04-30": "205.43600", "2007-01-31": "277.34000", "2006-10-31": "", "2006-07-31": "241.18100", "2006-04-30": "265.12200", "2006-01-31": "264.98100", "2005-10-31": "", "2005-07-31": "169.89900", "2005-04-30": "222.06800", "2005-01-31": "502.47400"}, "Cost Of Goods Sold": {"2020-09-30": "432.50500", "2020-06-30": "476.68900", "2020-03-31": "395.64000", "2019-12-31": "437.09300", "2019-09-30": "468.24800", "2019-06-30": "241.46900", "2019-03-31": "258.91500", "2018-12-31": "898.48400", "2018-09-30": "234.88000", "2018-06-30": "131.36500", "2018-03-31": "189.21100", "2017-12-31": "267.98300", "2017-09-30": "246.54800", "2017-06-30": "194.56900", "2017-03-31": "314.90000", "2016-12-31": "311.07400", "2016-09-30": "205.60500", "2016-06-30": "191.38000", "2016-03-31": "209.45700", "2015-12-31": "257.86100", "2015-09-30": "143.94000", "2015-06-30": "202.61500", "2015-03-31": "410.68200", "2014-12-31": "278.01300", "2014-09-30": "52.01600", "2014-06-30": "54.15600", "2014-03-31": "108.28800", "2013-12-31": "1119.73400", "2013-09-30": "92.46300", "2013-06-30": "93.84200", "2013-03-31": "154.32000", "2012-12-31": "216.29900", "2012-09-30": "158.48700", "2012-06-30": "186.73100", "2012-03-31": "116.46600", "2011-12-31": "126.46700", "2011-09-30": "74.70300", "2011-06-30": "211.21900", "2011-03-31": "103.69300", "2010-12-31": "188.65000", "2010-09-30": "136.64200", "2010-07-31": "240.25900", "2010-06-30": "244.04600", "2010-04-30": "156.77900", "2010-03-31": "113.54400", "2010-01-31": "100.35800", "2009-12-31": "203.73800", "2009-10-31": "", "2009-07-31": "76.93900", "2009-04-30": "109.87700", "2009-01-31": "102.71700", "2008-10-31": "", "2008-07-31": "259.65600", "2008-04-30": "318.25900", "2008-01-31": "186.00800", "2007-10-31": "", "2007-07-31": "168.27900", "2007-04-30": "159.58200", "2007-01-31": "204.22500", "2006-10-31": "", "2006-07-31": "184.05500", "2006-04-30": "247.35000", "2006-01-31": "209.31400", "2005-10-31": "", "2005-07-31": "122.17900", "2005-04-30": "150.22200", "2005-01-31": "321.89900"}, "Gross Profit": {"2020-09-30": "408.63700", "2020-06-30": "354.62100", "2020-03-31": "364.90080", "2019-12-31": "493.03600", "2019-09-30": "389.59300", "2019-06-30": "298.99000", "2019-03-31": "280.09200", "2018-12-31": "350.25400", "2018-09-30": "257.78700", "2018-06-30": "256.61700", "2018-03-31": "261.06300", "2017-12-31": "212.85700", "2017-09-30": "197.01400", "2017-06-30": "223.64700", "2017-03-31": "256.65600", "2016-12-31": "165.39900", "2016-09-30": "214.56200", "2016-06-30": "120.17200", "2016-03-31": "167.74900", "2015-12-31": "156.36000", "2015-09-30": "203.03400", "2015-06-30": "72.68200", "2015-03-31": "-110.59300", "2014-12-31": "253.13400", "2014-09-30": "74.26100", "2014-06-30": "71.26900", "2014-03-31": "86.92010", "2013-12-31": "744.13500", "2013-09-30": "56.36100", "2013-06-30": "48.82500", "2013-03-31": "145.16700", "2012-12-31": "199.47400", "2012-09-30": "114.59700", "2012-06-30": "39.40800", "2012-03-31": "31.61800", "2011-12-31": "109.85800", "2011-09-30": "32.33100", "2011-06-30": "123.16100", "2011-03-31": "76.84600", "2010-12-31": "145.60900", "2010-09-30": "108.33000", "2010-07-31": "113.81700", "2010-06-30": "131.34400", "2010-04-30": "111.22300", "2010-03-31": "30.86590", "2010-01-31": "62.88000", "2009-12-31": "156.62600", "2009-10-31": "", "2009-07-31": "17.99000", "2009-04-30": "64.37300", "2009-01-31": "46.63400", "2008-10-31": "", "2008-07-31": "174.18000", "2008-04-30": "221.55100", "2008-01-31": "54.43400", "2007-10-31": "", "2007-07-31": "38.13600", "2007-04-30": "45.85400", "2007-01-31": "73.11500", "2006-10-31": "", "2006-07-31": "57.12600", "2006-04-30": "17.77200", "2006-01-31": "55.66700", "2005-10-31": "", "2005-07-31": "47.72000", "2005-04-30": "71.84600", "2005-01-31": "180.57500"}, "Research And Development Expenses": {"2020-09-30": "74.21600", "2020-06-30": "73.10800", "2020-03-31": "68.71800", "2019-12-31": "82.52000", "2019-09-30": "76.19700", "2019-06-30": "68.96300", "2019-03-31": "56.58800", "2018-12-31": "62.30500", "2018-09-30": "60.56500", "2018-06-30": "50.71200", "2018-03-31": "54.12800", "2017-12-31": "49.97700", "2017-09-30": "49.99900", "2017-06-30": "42.26900", "2017-03-31": "36.42100", "2016-12-31": "37.58900", "2016-09-30": "30.00500", "2016-06-30": "33.90000", "2016-03-31": "33.30800", "2015-12-31": "27.94400", "2015-09-30": "24.41300", "2015-06-30": "34.14200", "2015-03-31": "35.15700", "2014-12-31": "31.22100", "2014-09-30": "24.53300", "2014-06-30": "24.13200", "2014-03-31": "28.63200", "2013-12-31": "29.23300", "2013-09-30": "26.52000", "2013-06-30": "20.87100", "2013-03-31": "21.18300", "2012-12-31": "22.36900", "2012-09-30": "19.32000", "2012-06-30": "15.31200", "2012-03-31": "14.82200", "2011-12-31": "16.82300", "2011-09-30": "15.99800", "2011-06-30": "16.51900", "2011-03-31": "21.01300", "2010-12-31": "18.07300", "2010-09-30": "18.07400", "2010-07-31": "17.58200", "2010-06-30": "16.18100", "2010-04-30": "12.90800", "2010-03-31": "12.88400", "2010-01-31": "15.45500", "2009-12-31": "15.66300", "2009-10-31": "", "2009-07-31": "13.88600", "2009-04-30": "14.75900", "2009-01-31": "20.94300", "2008-10-31": "", "2008-07-31": "17.23900", "2008-04-30": "14.82800", "2008-01-31": "15.81000", "2007-10-31": "", "2007-07-31": "11.21000", "2007-04-30": "11.93600", "2007-01-31": "14.15000", "2006-10-31": "", "2006-07-31": "17.40600", "2006-04-30": "16.09700", "2006-01-31": "17.70900", "2005-10-31": "", "2005-07-31": "19.89900", "2005-04-30": "13.78500", "2005-01-31": "23.41700"}, "SG&A Expenses": {"2020-09-30": "205.12400", "2020-06-30": "186.95200", "2020-03-31": "162.18100", "2019-12-31": "221.59900", "2019-09-30": "226.22500", "2019-06-30": "166.65400", "2019-03-31": "153.14800", "2018-12-31": "231.96000", "2018-09-30": "161.48500", "2018-06-30": "126.04100", "2018-03-31": "107.90100", "2017-12-31": "145.46400", "2017-09-30": "137.73800", "2017-06-30": "112.81700", "2017-03-31": "100.35400", "2016-12-31": "148.75900", "2016-09-30": "129.87200", "2016-06-30": "117.87700", "2016-03-31": "82.41500", "2015-12-31": "108.90700", "2015-09-30": "104.83700", "2015-06-30": "94.60200", "2015-03-31": "90.66900", "2014-12-31": "150.45600", "2014-09-30": "93.11100", "2014-06-30": "76.19800", "2014-03-31": "78.35000", "2013-12-31": "105.19400", "2013-09-30": "144.36500", "2013-06-30": "74.46100", "2013-03-31": "92.11600", "2012-12-31": "93.60400", "2012-09-30": "96.66000", "2012-06-30": "122.20900", "2012-03-31": "75.19800", "2011-12-31": "69.93300", "2011-09-30": "54.55800", "2011-06-30": "105.26000", "2011-03-31": "69.15800", "2010-12-31": "75.35300", "2010-09-30": "73.22200", "2010-07-31": "71.49200", "2010-06-30": "76.00700", "2010-04-30": "68.04500", "2010-03-31": "65.88200", "2010-01-31": "69.78900", "2009-12-31": "92.36100", "2009-10-31": "", "2009-07-31": "52.48000", "2009-04-30": "59.46900", "2009-01-31": "77.12600", "2008-10-31": "", "2008-07-31": "88.53400", "2008-04-30": "94.26600", "2008-01-31": "66.81200", "2007-10-31": "", "2007-07-31": "69.92600", "2007-04-30": "68.63000", "2007-01-31": "73.63800", "2006-10-31": "", "2006-07-31": "71.84500", "2006-04-30": "65.89900", "2006-01-31": "80.09700", "2005-10-31": "", "2005-07-31": "64.83000", "2005-04-30": "64.98000", "2005-01-31": "79.61800"}, "Other Operating Income Or Expenses": {"2020-09-30": "", "2020-06-30": "", "2020-03-31": "", "2019-12-31": "", "2019-09-30": "", "2019-06-30": "", "2019-03-31": "", "2018-12-31": "", "2018-09-30": "", "2018-06-30": "", "2018-03-31": "", "2017-12-31": "", "2017-09-30": "", "2017-06-30": "", "2017-03-31": "", "2016-12-31": "", "2016-09-30": "", "2016-06-30": "", "2016-03-31": "", "2015-12-31": "", "2015-09-30": "", "2015-06-30": "", "2015-03-31": "", "2014-12-31": "", "2014-09-30": "", "2014-06-30": "", "2014-03-31": "", "2013-12-31": "", "2013-09-30": "", "2013-06-30": "", "2013-03-31": "", "2012-12-31": "", "2012-09-30": "", "2012-06-30": "", "2012-03-31": "", "2011-12-31": "", "2011-09-30": "", "2011-06-30": "", "2011-03-31": "", "2010-12-31": "", "2010-09-30": "", "2010-07-31": "", "2010-06-30": "", "2010-04-30": "", "2010-03-31": "", "2010-01-31": "", "2009-12-31": "", "2009-10-31": "", "2009-07-31": "", "2009-04-30": "", "2009-01-31": "", "2008-10-31": "", "2008-07-31": "", "2008-04-30": "", "2008-01-31": "", "2007-10-31": "", "2007-07-31": "", "2007-04-30": "", "2007-01-31": "", "2006-10-31": "", "2006-07-31": "", "2006-04-30": "", "2006-01-31": "", "2005-10-31": "", "2005-07-31": "", "2005-04-30": "", "2005-01-31": ""}, "Operating Expenses": {"2020-09-30": "725.77500", "2020-06-30": "749.16700", "2020-03-31": "638.65690", "2019-12-31": "753.29600", "2019-09-30": "783.02100", "2019-06-30": "488.72900", "2019-03-31": "480.94620", "2018-12-31": "1196.95900", "2018-09-30": "466.68100", "2018-06-30": "317.13600", "2018-03-31": "362.44890", "2017-12-31": "471.98800", "2017-09-30": "454.88100", "2017-06-30": "367.99700", "2017-03-31": "460.05310", "2016-12-31": "504.88200", "2016-09-30": "372.97300", "2016-06-30": "350.53500", "2016-03-31": "332.63100", "2015-12-31": "473.41800", "2015-09-30": "280.54300", "2015-06-30": "337.93400", "2015-03-31": "542.44190", "2014-12-31": "465.53500", "2014-09-30": "174.79000", "2014-06-30": "158.63400", "2014-03-31": "218.79200", "2013-12-31": "1257.57400", "2013-09-30": "266.71500", "2013-06-30": "192.23100", "2013-03-31": "270.42490", "2012-12-31": "334.78100", "2012-09-30": "277.01700", "2012-06-30": "327.02100", "2012-03-31": "209.22600", "2011-12-31": "216.07700", "2011-09-30": "148.54300", "2011-06-30": "336.24300", "2011-03-31": "300.85000", "2010-12-31": "285.57700", "2010-09-30": "231.94300", "2010-07-31": "333.39100", "2010-06-30": "339.99900", "2010-04-30": "241.36400", "2010-03-31": "185.87600", "2010-01-31": "189.76100", "2009-12-31": "315.90200", "2009-10-31": "", "2009-07-31": "147.52300", "2009-04-30": "188.60200", "2009-01-31": "205.56800", "2008-10-31": "", "2008-07-31": "373.40100", "2008-04-30": "435.81300", "2008-01-31": "275.03900", "2007-10-31": "", "2007-07-31": "263.52100", "2007-04-30": "256.18600", "2007-01-31": "298.67400", "2006-10-31": "", "2006-07-31": "279.59600", "2006-04-30": "336.04100", "2006-01-31": "313.77100", "2005-10-31": "", "2005-07-31": "212.59900", "2005-04-30": "234.08900", "2005-01-31": "429.72000"}, "Operating Income": {"2020-09-30": "115.36700", "2020-06-30": "82.14300", "2020-03-31": "121.88390", "2019-12-31": "176.83300", "2019-09-30": "74.82000", "2019-06-30": "51.73000", "2019-03-31": "58.06090", "2018-12-31": "51.77910", "2018-09-30": "25.98600", "2018-06-30": "70.84600", "2018-03-31": "87.82510", "2017-12-31": "8.85200", "2017-09-30": "-11.31900", "2017-06-30": "50.21900", "2017-03-31": "111.50290", "2016-12-31": "-28.40900", "2016-09-30": "47.19400", "2016-06-30": "-38.98300", "2016-03-31": "44.57500", "2015-12-31": "-59.19700", "2015-09-30": "66.43100", "2015-06-30": "-62.63700", "2015-03-31": "-242.35290", "2014-12-31": "65.61200", "2014-09-30": "-48.51300", "2014-06-30": "-33.20900", "2014-03-31": "-23.58400", "2013-12-31": "606.29500", "2013-09-30": "-117.89100", "2013-06-30": "-49.56400", "2013-03-31": "29.06200", "2012-12-31": "80.99200", "2012-09-30": "-3.93300", "2012-06-30": "-100.88200", "2012-03-31": "-61.14200", "2011-12-31": "20.24800", "2011-09-30": "-41.50900", "2011-06-30": "-1.86300", "2011-03-31": "-120.31100", "2010-12-31": "48.68200", "2010-09-30": "13.02900", "2010-07-31": "20.68500", "2010-06-30": "35.39100", "2010-04-30": "26.63800", "2010-03-31": "-41.46610", "2010-01-31": "-26.52300", "2009-12-31": "44.46200", "2009-10-31": "", "2009-07-31": "-52.59400", "2009-04-30": "-14.35200", "2009-01-31": "-56.21700", "2008-10-31": "", "2008-07-31": "60.43500", "2008-04-30": "103.99700", "2008-01-31": "-34.59700", "2007-10-31": "", "2007-07-31": "-57.10600", "2007-04-30": "-50.75000", "2007-01-31": "-21.33400", "2006-10-31": "", "2006-07-31": "-38.41500", "2006-04-30": "-70.91900", "2006-01-31": "-48.79000", "2005-10-31": "", "2005-07-31": "-42.70000", "2005-04-30": "-12.02100", "2005-01-31": "72.75400"}, "Total Non-Operating Income/Expense": {"2020-09-30": "2.05100", "2020-06-30": "8.21800", "2020-03-31": "2.75000", "2019-12-31": "11.94300", "2019-09-30": "8.05400", "2019-06-30": "10.42500", "2019-03-31": "6.46600", "2018-12-31": "8.07100", "2018-09-30": "4.97500", "2018-06-30": "6.60100", "2018-03-31": "3.45100", "2017-12-31": "3.37400", "2017-09-30": "-2.96900", "2017-06-30": "-2.80800", "2017-03-31": "-0.39100", "2016-12-31": "-3.71500", "2016-09-30": "-7.07800", "2016-06-30": "-3.15600", "2016-03-31": "-3.57400", "2015-12-31": "-8.01800", "2015-09-30": "-8.39600", "2015-06-30": "-7.53400", "2015-03-31": "-7.20400", "2014-12-31": "-10.95800", "2014-09-30": "11.46400", "2014-06-30": "-7.71900", "2014-03-31": "-7.53500", "2013-12-31": "-5.94900", "2013-09-30": "-14.38900", "2013-06-30": "-11.23300", "2013-03-31": "-7.78900", "2012-12-31": "-8.09400", "2012-09-30": "-7.41900", "2012-06-30": "-8.04900", "2012-03-31": "-5.36800", "2011-12-31": "-6.19000", "2011-09-30": "-4.33300", "2011-06-30": "-3.68000", "2011-03-31": "-0.09800", "2010-12-31": "-4.01300", "2010-09-30": "-1.64400", "2010-07-31": "-4.45800", "2010-06-30": "-4.73800", "2010-04-30": "-7.76400", "2010-03-31": "-9.49000", "2010-01-31": "-4.81300", "2009-12-31": "-3.63100", "2009-10-31": "", "2009-07-31": "-4.16000", "2009-04-30": "-1.51300", "2009-01-31": "2.38800", "2008-10-31": "", "2008-07-31": "-0.51800", "2008-04-30": "-1.71400", "2008-01-31": "1.36700", "2007-10-31": "", "2007-07-31": "0.74800", "2007-04-30": "1.02200", "2007-01-31": "0.86200", "2006-10-31": "", "2006-07-31": "-7.33000", "2006-04-30": "-6.24500", "2006-01-31": "0.25300", "2005-10-31": "", "2005-07-31": "1.25800", "2005-04-30": "1.16400", "2005-01-31": "0.54000"}, "Pre-Tax Income": {"2020-09-30": "117.41800", "2020-06-30": "90.36100", "2020-03-31": "124.63400", "2019-12-31": "188.77600", "2019-09-30": "82.87400", "2019-06-30": "62.15500", "2019-03-31": "64.52700", "2018-12-31": "59.85000", "2018-09-30": "30.96100", "2018-06-30": "77.44700", "2018-03-31": "91.27600", "2017-12-31": "12.22600", "2017-09-30": "-14.28800", "2017-06-30": "47.41100", "2017-03-31": "111.11200", "2016-12-31": "-32.12400", "2016-09-30": "40.11600", "2016-06-30": "-42.13900", "2016-03-31": "41.00100", "2015-12-31": "-67.21500", "2015-09-30": "58.03500", "2015-06-30": "-70.17100", "2015-03-31": "-249.55700", "2014-12-31": "54.65400", "2014-09-30": "-37.04900", "2014-06-30": "-40.92800", "2014-03-31": "-31.11900", "2013-12-31": "600.34600", "2013-09-30": "-132.28000", "2013-06-30": "-60.79700", "2013-03-31": "21.27300", "2012-12-31": "72.89800", "2012-09-30": "-11.35200", "2012-06-30": "-108.93100", "2012-03-31": "-66.51000", "2011-12-31": "14.05800", "2011-09-30": "-45.84200", "2011-06-30": "-5.54300", "2011-03-31": "-16.14700", "2010-12-31": "44.66900", "2010-09-30": "11.38500", "2010-07-31": "16.22700", "2010-06-30": "30.65300", "2010-04-30": "18.87400", "2010-03-31": "-47.65600", "2010-01-31": "-31.33600", "2009-12-31": "40.83100", "2009-10-31": "", "2009-07-31": "-56.75400", "2009-04-30": "-15.86500", "2009-01-31": "-53.82900", "2008-10-31": "", "2008-07-31": "59.91700", "2008-04-30": "102.28300", "2008-01-31": "-33.23000", "2007-10-31": "", "2007-07-31": "-56.35800", "2007-04-30": "-49.72800", "2007-01-31": "-20.47200", "2006-10-31": "", "2006-07-31": "-45.74500", "2006-04-30": "-77.16400", "2006-01-31": "-48.53700", "2005-10-31": "", "2005-07-31": "-41.44200", "2005-04-30": "-10.85700", "2005-01-31": "73.29400"}, "Income Taxes": {"2020-09-30": "18.09700", "2020-06-30": "1.85600", "2020-03-31": "1.91200", "2019-12-31": "25.13400", "2019-09-30": "11.05900", "2019-06-30": "15.87500", "2019-03-31": "7.69800", "2018-12-31": "-120.09800", "2018-09-30": "5.59400", "2018-06-30": "5.75400", "2018-03-31": "0.42300", "2017-12-31": "-12.91400", "2017-09-30": "-11.55200", "2017-06-30": "-12.86500", "2017-03-31": "11.83200", "2016-12-31": "-2.28200", "2016-09-30": "3.68400", "2016-06-30": "-3.57200", "2016-03-31": "-5.39800", "2015-12-31": "-24.80200", "2015-09-30": "3.30000", "2015-06-30": "-3.14800", "2015-03-31": "-6.76600", "2014-12-31": "14.56100", "2014-09-30": "4.32000", "2014-06-30": "-5.52500", "2014-03-31": "-0.34500", "2013-12-31": "21.90200", "2013-09-30": "-8.18500", "2013-06-30": "1.08700", "2013-03-31": "0.10300", "2012-12-31": "2.02100", "2012-09-30": "1.08500", "2012-06-30": "1.84100", "2012-03-31": "-0.50500", "2011-12-31": "-0.12700", "2011-09-30": "1.41900", "2011-06-30": "3.07600", "2011-03-31": "0.16400", "2010-12-31": "3.84900", "2010-09-30": "3.34700", "2010-07-31": "3.84800", "2010-06-30": "3.29100", "2010-04-30": "1.95800", "2010-03-31": "7.61500", "2010-01-31": "2.48600", "2009-12-31": "1.48100", "2009-10-31": "", "2009-07-31": "1.56300", "2009-04-30": "-5.45400", "2009-01-31": "0.01900", "2008-10-31": "", "2008-07-31": "8.09100", "2008-04-30": "4.06100", "2008-01-31": "4.76700", "2007-10-31": "", "2007-07-31": "2.18800", "2007-04-30": "1.52100", "2007-01-31": "1.07600", "2006-10-31": "", "2006-07-31": "45.63400", "2006-04-30": "-26.79100", "2006-01-31": "-19.41500", "2005-10-31": "", "2005-07-31": "-12.46600", "2005-04-30": "-2.67100", "2005-01-31": "18.04500"}, "Income After Taxes": {"2020-09-30": "99.32100", "2020-06-30": "88.50500", "2020-03-31": "122.72200", "2019-12-31": "163.64200", "2019-09-30": "71.81500", "2019-06-30": "46.28000", "2019-03-31": "56.82900", "2018-12-31": "179.94800", "2018-09-30": "25.36700", "2018-06-30": "71.69300", "2018-03-31": "90.85300", "2017-12-31": "25.14000", "2017-09-30": "-2.73600", "2017-06-30": "60.27600", "2017-03-31": "99.28000", "2016-12-31": "-29.84200", "2016-09-30": "36.43200", "2016-06-30": "-38.56700", "2016-03-31": "46.39900", "2015-12-31": "-42.41300", "2015-09-30": "54.73500", "2015-06-30": "-67.02300", "2015-03-31": "-242.79100", "2014-12-31": "40.09300", "2014-09-30": "-41.36900", "2014-06-30": "-35.40300", "2014-03-31": "-30.77410", "2013-12-31": "578.44400", "2013-09-30": "-124.09500", "2013-06-30": "-61.88400", "2013-03-31": "21.17000", "2012-12-31": "70.87700", "2012-09-30": "-12.43700", "2012-06-30": "-110.77200", "2012-03-31": "-66.00500", "2011-12-31": "14.18500", "2011-09-30": "-47.26100", "2011-06-30": "-8.61900", "2011-03-31": "-11.97000", "2010-12-31": "40.82000", "2010-09-30": "8.03800", "2010-07-31": "12.37900", "2010-06-30": "27.36200", "2010-04-30": "16.91600", "2010-03-31": "-78.68200", "2010-01-31": "-33.82200", "2009-12-31": "39.35000", "2009-10-31": "", "2009-07-31": "-58.31700", "2009-04-30": "-10.41100", "2009-01-31": "-53.84800", "2008-10-31": "", "2008-07-31": "51.82600", "2008-04-30": "98.22200", "2008-01-31": "-37.99700", "2007-10-31": "", "2007-07-31": "-58.54600", "2007-04-30": "-51.24900", "2007-01-31": "-21.54800", "2006-10-31": "", "2006-07-31": "-91.37900", "2006-04-30": "-50.37300", "2006-01-31": "-29.12200", "2005-10-31": "", "2005-07-31": "-28.97600", "2005-04-30": "-8.18600", "2005-01-31": "55.24900"}, "Other Income": {"2020-09-30": "", "2020-06-30": "", "2020-03-31": "", "2019-12-31": "", "2019-09-30": "", "2019-06-30": "", "2019-03-31": "", "2018-12-31": "", "2018-09-30": "", "2018-06-30": "", "2018-03-31": "", "2017-12-31": "", "2017-09-30": "", "2017-06-30": "", "2017-03-31": "", "2016-12-31": "", "2016-09-30": "", "2016-06-30": "", "2016-03-31": "", "2015-12-31": "", "2015-09-30": "", "2015-06-30": "", "2015-03-31": "", "2014-12-31": "", "2014-09-30": "", "2014-06-30": "", "2014-03-31": "", "2013-12-31": "", "2013-09-30": "", "2013-06-30": "", "2013-03-31": "", "2012-12-31": "", "2012-09-30": "", "2012-06-30": "", "2012-03-31": "", "2011-12-31": "", "2011-09-30": "", "2011-06-30": "", "2011-03-31": "", "2010-12-31": "", "2010-09-30": "", "2010-07-31": "", "2010-06-30": "", "2010-04-30": "", "2010-03-31": "", "2010-01-31": "", "2009-12-31": "", "2009-10-31": "", "2009-07-31": "", "2009-04-30": "", "2009-01-31": "", "2008-10-31": "", "2008-07-31": "", "2008-04-30": "", "2008-01-31": "", "2007-10-31": "", "2007-07-31": "", "2007-04-30": "", "2007-01-31": "", "2006-10-31": "", "2006-07-31": "", "2006-04-30": "", "2006-01-31": "", "2005-10-31": "", "2005-07-31": "", "2005-04-30": "", "2005-01-31": ""}, "Income From Continuous Operations": {"2020-09-30": "99.32100", "2020-06-30": "88.50500", "2020-03-31": "122.72200", "2019-12-31": "163.64200", "2019-09-30": "71.81500", "2019-06-30": "46.28000", "2019-03-31": "56.82900", "2018-12-31": "179.94800", "2018-09-30": "25.36700", "2018-06-30": "71.69300", "2018-03-31": "90.85300", "2017-12-31": "25.14000", "2017-09-30": "-2.73600", "2017-06-30": "60.27600", "2017-03-31": "99.28000", "2016-12-31": "-29.84200", "2016-09-30": "36.43200", "2016-06-30": "-38.56700", "2016-03-31": "46.39900", "2015-12-31": "-42.41300", "2015-09-30": "54.73500", "2015-06-30": "-67.02300", "2015-03-31": "-242.79100", "2014-12-31": "40.09300", "2014-09-30": "-41.36900", "2014-06-30": "-35.40300", "2014-03-31": "-30.77400", "2013-12-31": "578.44400", "2013-09-30": "-124.09500", "2013-06-30": "-61.88400", "2013-03-31": "21.17000", "2012-12-31": "70.87700", "2012-09-30": "-12.43700", "2012-06-30": "-110.77200", "2012-03-31": "-66.00500", "2011-12-31": "14.18500", "2011-09-30": "-47.26100", "2011-06-30": "-8.61900", "2011-03-31": "-16.31100", "2010-12-31": "40.82000", "2010-09-30": "8.03800", "2010-07-31": "12.37900", "2010-06-30": "27.36200", "2010-04-30": "16.91600", "2010-03-31": "-78.68200", "2010-01-31": "-33.82200", "2009-12-31": "39.35000", "2009-10-31": "", "2009-07-31": "-58.31700", "2009-04-30": "-10.41100", "2009-01-31": "-53.84800", "2008-10-31": "", "2008-07-31": "51.82600", "2008-04-30": "98.22200", "2008-01-31": "-37.99700", "2007-10-31": "", "2007-07-31": "-58.54600", "2007-04-30": "-51.24900", "2007-01-31": "-21.54800", "2006-10-31": "", "2006-07-31": "-91.37900", "2006-04-30": "-50.37300", "2006-01-31": "-29.12200", "2005-10-31": "", "2005-07-31": "-28.97600", "2005-04-30": "-8.18600", "2005-01-31": "55.24900"}, "Income From Discontinued Operations": {"2020-09-30": "", "2020-06-30": "", "2020-03-31": "", "2019-12-31": "", "2019-09-30": "", "2019-06-30": "", "2019-03-31": "", "2018-12-31": "", "2018-09-30": "", "2018-06-30": "", "2018-03-31": "", "2017-12-31": "", "2017-09-30": "", "2017-06-30": "", "2017-03-31": "", "2016-12-31": "", "2016-09-30": "", "2016-06-30": "", "2016-03-31": "", "2015-12-31": "", "2015-09-30": "", "2015-06-30": "", "2015-03-31": "", "2014-12-31": "", "2014-09-30": "", "2014-06-30": "", "2014-03-31": "-0.01300", "2013-12-31": "-0.01800", "2013-09-30": "-0.02500", "2013-06-30": "-0.03000", "2013-03-31": "1.30300", "2012-12-31": "0.48800", "2012-09-30": "-0.05400", "2012-06-30": "-0.06600", "2012-03-31": "-0.83100", "2011-12-31": "-0.08100", "2011-09-30": "-0.11000", "2011-06-30": "-0.09400", "2011-03-31": "-0.52800", "2010-12-31": "0.03900", "2010-09-30": "-4.69900", "2010-07-31": "-6.45900", "2010-06-30": "-1.04800", "2010-04-30": "-0.15800", "2010-03-31": "-15.30500", "2010-01-31": "-0.05200", "2009-12-31": "-1.43000", "2009-10-31": "", "2009-07-31": "1.85200", "2009-04-30": "0.33100", "2009-01-31": "3.46000", "2008-10-31": "", "2008-07-31": "", "2008-04-30": "", "2008-01-31": "", "2007-10-31": "", "2007-07-31": "", "2007-04-30": "", "2007-01-31": "", "2006-10-31": "", "2006-07-31": "", "2006-04-30": "", "2006-01-31": "", "2005-10-31": "", "2005-07-31": "", "2005-04-30": "", "2005-01-31": ""}, "Net Income": {"2020-09-30": "99.32100", "2020-06-30": "88.50500", "2020-03-31": "122.72200", "2019-12-31": "163.64200", "2019-09-30": "71.81500", "2019-06-30": "46.28000", "2019-03-31": "56.82900", "2018-12-31": "179.94800", "2018-09-30": "25.36700", "2018-06-30": "71.69300", "2018-03-31": "90.85300", "2017-12-31": "25.14000", "2017-09-30": "-2.73600", "2017-06-30": "60.27600", "2017-03-31": "100.02500", "2016-12-31": "-29.84200", "2016-09-30": "35.68700", "2016-06-30": "-38.56700", "2016-03-31": "46.39900", "2015-12-31": "-42.41300", "2015-09-30": "54.73500", "2015-06-30": "-67.02300", "2015-03-31": "-239.66400", "2014-12-31": "36.96600", "2014-09-30": "-41.36900", "2014-06-30": "-35.40300", "2014-03-31": "6.00500", "2013-12-31": "500.56900", "2013-09-30": "-124.12000", "2013-06-30": "-61.91400", "2013-03-31": "28.28100", "2012-12-31": "65.55700", "2012-09-30": "-12.49100", "2012-06-30": "-110.83800", "2012-03-31": "-65.89700", "2011-12-31": "13.16500", "2011-09-30": "-47.37100", "2011-06-30": "-8.71300", "2011-03-31": "-18.23800", "2010-12-31": "40.85900", "2010-09-30": "3.33900", "2010-07-31": "5.92000", "2010-06-30": "26.31400", "2010-04-30": "16.75800", "2010-03-31": "-70.57600", "2010-01-31": "-33.87400", "2009-12-31": "37.92000", "2009-10-31": "", "2009-07-31": "-56.46500", "2009-04-30": "-10.08000", "2009-01-31": "-50.38800", "2008-10-31": "", "2008-07-31": "51.82600", "2008-04-30": "98.22200", "2008-01-31": "-37.99700", "2007-10-31": "", "2007-07-31": "-58.54600", "2007-04-30": "-51.24900", "2007-01-31": "-21.54800", "2006-10-31": "", "2006-07-31": "-91.37900", "2006-04-30": "-50.37300", "2006-01-31": "-29.12200", "2005-10-31": "", "2005-07-31": "-28.97600", "2005-04-30": "-8.18600", "2005-01-31": "55.24900"}, "EBITDA": {"2020-09-30": "170.93300", "2020-06-30": "156.86800", "2020-03-31": "191.37690", "2019-12-31": "237.71400", "2019-09-30": "133.79700", "2019-06-30": "98.92200", "2019-03-31": "116.25690", "2018-12-31": "207.20610", "2018-09-30": "54.43100", "2018-06-30": "93.69500", "2018-03-31": "120.49010", "2017-12-31": "50.85400", "2017-09-30": "35.04000", "2017-06-30": "89.77400", "2017-03-31": "220.61390", "2016-12-31": "52.19700", "2016-09-30": "84.39100", "2016-06-30": "15.90800", "2016-03-31": "109.71800", "2015-12-31": "-3.02700", "2015-09-30": "97.25200", "2015-06-30": "-26.31500", "2015-03-31": "-186.66990", "2014-12-31": "157.10600", "2014-09-30": "-34.46300", "2014-06-30": "-15.89300", "2014-03-31": "-0.84400", "2013-12-31": "783.76010", "2013-09-30": "-63.17500", "2013-06-30": "2.71300", "2013-03-31": "79.01010", "2012-12-31": "137.54400", "2012-09-30": "51.31200", "2012-06-30": "6.63800", "2012-03-31": "-19.90900", "2011-12-31": "59.78400", "2011-09-30": "-23.54300", "2011-06-30": "76.46300", "2011-03-31": "-92.74010", "2010-12-31": "67.87500", "2010-09-30": "74.56800", "2010-07-31": "82.22400", "2010-06-30": "98.45000", "2010-04-30": "89.69700", "2010-03-31": "8.79690", "2010-01-31": "29.97500", "2009-12-31": "53.35400", "2009-10-31": "", "2009-07-31": "-32.40000", "2009-04-30": "42.14600", "2009-01-31": "22.78900", "2008-10-31": "", "2008-07-31": "107.75200", "2008-04-30": "183.00300", "2008-01-31": "27.79500", "2007-10-31": "", "2007-07-31": "-12.15700", "2007-04-30": "11.64200", "2007-01-31": "5.08700", "2006-10-31": "", "2006-07-31": "84.25900", "2006-04-30": "-44.49800", "2006-01-31": "-12.53600", "2005-10-31": "", "2005-07-31": "-15.21600", "2005-04-30": "24.23300", "2005-01-31": "109.26600"}, "EBIT": {"2020-09-30": "115.36700", "2020-06-30": "82.14300", "2020-03-31": "121.88410", "2019-12-31": "176.83300", "2019-09-30": "74.82000", "2019-06-30": "51.73000", "2019-03-31": "58.06090", "2018-12-31": "51.77910", "2018-09-30": "25.98600", "2018-06-30": "70.84600", "2018-03-31": "87.82500", "2017-12-31": "8.85200", "2017-09-30": "-11.31900", "2017-06-30": "50.21900", "2017-03-31": "111.50300", "2016-12-31": "-28.40900", "2016-09-30": "47.19400", "2016-06-30": "-38.98300", "2016-03-31": "44.57500", "2015-12-31": "-59.19700", "2015-09-30": "66.43100", "2015-06-30": "-62.63700", "2015-03-31": "-242.35300", "2014-12-31": "65.61200", "2014-09-30": "-48.51300", "2014-06-30": "-33.20900", "2014-03-31": "-23.58400", "2013-12-31": "606.29500", "2013-09-30": "-117.89100", "2013-06-30": "-49.56400", "2013-03-31": "29.06210", "2012-12-31": "80.99200", "2012-09-30": "-3.93300", "2012-06-30": "-100.88200", "2012-03-31": "-61.14200", "2011-12-31": "20.24800", "2011-09-30": "-41.50900", "2011-06-30": "-1.86300", "2011-03-31": "-11.20700", "2010-12-31": "48.68200", "2010-09-30": "13.02900", "2010-07-31": "20.68500", "2010-06-30": "35.39100", "2010-04-30": "26.63800", "2010-03-31": "-41.46600", "2010-01-31": "-26.52300", "2009-12-31": "44.46200", "2009-10-31": "", "2009-07-31": "-52.59400", "2009-04-30": "-14.35200", "2009-01-31": "-56.21700", "2008-10-31": "", "2008-07-31": "60.43500", "2008-04-30": "103.99700", "2008-01-31": "-34.59700", "2007-10-31": "", "2007-07-31": "-57.10600", "2007-04-30": "-50.75000", "2007-01-31": "-21.33400", "2006-10-31": "", "2006-07-31": "-38.41500", "2006-04-30": "-70.91900", "2006-01-31": "-48.79000", "2005-10-31": "", "2005-07-31": "-42.70000", "2005-04-30": "-12.02100", "2005-01-31": "72.75400"}, "Basic Shares Outstanding": {"2020-09-30": "114.44400", "2020-06-30": "113.86200", "2020-03-31": "113.09600", "2019-12-31": "113.25100", "2019-09-30": "113.11700", "2019-06-30": "112.62100", "2019-03-31": "113.17600", "2018-12-31": "113.43300", "2018-09-30": "113.73500", "2018-06-30": "112.94100", "2018-03-31": "110.10900", "2017-12-31": "113.71200", "2017-09-30": "109.43000", "2017-06-30": "105.49400", "2017-03-31": "90.18000", "2016-12-31": "90.42800", "2016-09-30": "85.39300", "2016-06-30": "84.58800", "2016-03-31": "83.68100", "2015-12-31": "83.42600", "2015-09-30": "83.84900", "2015-06-30": "82.83300", "2015-03-31": "80.36700", "2014-12-31": "80.65900", "2014-09-30": "80.35500", "2014-06-30": "79.36900", "2014-03-31": "84.51900", "2013-12-31": "85.06000", "2013-09-30": "88.82200", "2013-06-30": "86.99200", "2013-03-31": "85.58100", "2012-12-31": "85.74200", "2012-09-30": "85.39600", "2012-06-30": "85.01000", "2012-03-31": "83.35600", "2011-12-31": "83.56500", "2011-09-30": "82.94000", "2011-06-30": "82.50500", "2011-03-31": "80.51200", "2010-12-31": "80.74300", "2010-09-30": "79.79400", "2010-07-31": "79.36000", "2010-06-30": "79.33900", "2010-04-30": "78.80500", "2010-03-31": "77.85800", "2010-01-31": "78.13900", "2009-12-31": "78.17900", "2009-10-31": "", "2009-07-31": "76.99400", "2009-04-30": "76.58700", "2009-01-31": "76.10200", "2008-10-31": "", "2008-07-31": "75.86600", "2008-04-30": "75.09800", "2008-01-31": "73.14800", "2007-10-31": "", "2007-07-31": "72.07500", "2007-04-30": "71.73600", "2007-01-31": "71.36000", "2006-10-31": "", "2006-07-31": "71.09500", "2006-04-30": "70.97900", "2006-01-31": "70.87000", "2005-10-31": "", "2005-07-31": "70.55600", "2005-04-30": "70.11200", "2005-01-31": "68.52900"}, "Shares Outstanding": {"2020-09-30": "115.41400", "2020-06-30": "114.95600", "2020-03-31": "114.13600", "2019-12-31": "114.25400", "2019-09-30": "114.07700", "2019-06-30": "113.72800", "2019-03-31": "115.19800", "2018-12-31": "114.73700", "2018-09-30": "116.09500", "2018-06-30": "115.98500", "2018-03-31": "112.76300", "2017-12-31": "117.63900", "2017-09-30": "109.43000", "2017-06-30": "117.75300", "2017-03-31": "92.33200", "2016-12-31": "90.42800", "2016-09-30": "113.41900", "2016-06-30": "84.58800", "2016-03-31": "111.80200", "2015-12-31": "83.42600", "2015-09-30": "110.30400", "2015-06-30": "82.83300", "2015-03-31": "80.36700", "2014-12-31": "107.11400", "2014-09-30": "80.35500", "2014-06-30": "79.36900", "2014-03-31": "113.88200", "2013-12-31": "111.81200", "2013-09-30": "88.82200", "2013-06-30": "86.99200", "2013-03-31": "85.58100", "2012-12-31": "111.76300", "2012-09-30": "85.39600", "2012-06-30": "85.01000", "2012-03-31": "83.35600", "2011-12-31": "83.56500", "2011-09-30": "82.94000", "2011-06-30": "82.50500", "2011-03-31": "80.52400", "2010-12-31": "93.68200", "2010-09-30": "79.79400", "2010-07-31": "79.36000", "2010-06-30": "92.28000", "2010-04-30": "78.80500", "2010-03-31": "77.85800", "2010-01-31": "78.13900", "2009-12-31": "91.12200", "2009-10-31": "", "2009-07-31": "76.99400", "2009-04-30": "76.58700", "2009-01-31": "76.10200", "2008-10-31": "", "2008-07-31": "76.97500", "2008-04-30": "75.95400", "2008-01-31": "73.14800", "2007-10-31": "", "2007-07-31": "72.07500", "2007-04-30": "71.73600", "2007-01-31": "71.36000", "2006-10-31": "", "2006-07-31": "71.09500", "2006-04-30": "70.97900", "2006-01-31": "70.87000", "2005-10-31": "", "2005-07-31": "70.55600", "2005-04-30": "70.11200", "2005-01-31": "69.77400"}, "Basic EPS": {"2020-09-30": "0.87000", "2020-06-30": "0.78000", "2020-03-31": "1.10000", "2019-12-31": "1.44000", "2019-09-30": "0.63000", "2019-06-30": "0.41000", "2019-03-31": "0.51000", "2018-12-31": "1.59000", "2018-09-30": "0.22000", "2018-06-30": "0.63000", "2018-03-31": "0.81000", "2017-12-31": "0.22000", "2017-09-30": "-0.03000", "2017-06-30": "0.57000", "2017-03-31": "1.10000", "2016-12-31": "-0.33000", "2016-09-30": "0.42000", "2016-06-30": "-0.46000", "2016-03-31": "0.54000", "2015-12-31": "-0.51000", "2015-09-30": "0.63000", "2015-06-30": "-0.81000", "2015-03-31": "-2.98000", "2014-12-31": "0.46000", "2014-09-30": "-0.51000", "2014-06-30": "-0.45000", "2014-03-31": "0.02000", "2013-12-31": "5.88000", "2013-09-30": "-1.40000", "2013-06-30": "-0.71000", "2013-03-31": "0.35000", "2012-12-31": "0.76000", "2012-09-30": "-0.15000", "2012-06-30": "-1.30000", "2012-03-31": "-0.79000", "2011-12-31": "0.16000", "2011-09-30": "-0.57000", "2011-06-30": "-0.11000", "2011-03-31": "-0.18000", "2010-12-31": "0.47000", "2010-09-30": "0.04000", "2010-07-31": "0.07000", "2010-06-30": "0.31000", "2010-04-30": "0.20000", "2010-03-31": "-0.87000", "2010-01-31": "-0.43000", "2009-12-31": "0.45000", "2009-10-31": "", "2009-07-31": "-0.73000", "2009-04-30": "-0.13000", "2009-01-31": "-0.66000", "2008-10-31": "", "2008-07-31": "0.68000", "2008-04-30": "1.31000", "2008-01-31": "-0.52000", "2007-10-31": "", "2007-07-31": "-0.81000", "2007-04-30": "-0.71000", "2007-01-31": "-0.30000", "2006-10-31": "", "2006-07-31": "-1.29000", "2006-04-30": "-0.71000", "2006-01-31": "-0.41000", "2005-10-31": "", "2005-07-31": "-0.41000", "2005-04-30": "-0.12000", "2005-01-31": "0.81000"}, "EPS - Earnings Per Share": {"2020-09-30": "0.86000", "2020-06-30": "0.77000", "2020-03-31": "1.07000", "2019-12-31": "1.43000", "2019-09-30": "0.63000", "2019-06-30": "0.41000", "2019-03-31": "0.49000", "2018-12-31": "1.57000", "2018-09-30": "0.22000", "2018-06-30": "0.62000", "2018-03-31": "0.80000", "2017-12-31": "0.21000", "2017-09-30": "-0.03000", "2017-06-30": "0.56000", "2017-03-31": "1.12000", "2016-12-31": "-0.33000", "2016-09-30": "0.39000", "2016-06-30": "-0.46000", "2016-03-31": "0.48000", "2015-12-31": "-0.51000", "2015-09-30": "0.55000", "2015-06-30": "-0.81000", "2015-03-31": "-2.94000", "2014-12-31": "0.42000", "2014-09-30": "-0.51000", "2014-06-30": "-0.45000", "2014-03-31": "0.62000", "2013-12-31": "4.69000", "2013-09-30": "-1.40000", "2013-06-30": "-0.71000", "2013-03-31": "0.45000", "2012-12-31": "0.66000", "2012-09-30": "-0.15000", "2012-06-30": "-1.30000", "2012-03-31": "-0.79000", "2011-12-31": "0.16000", "2011-09-30": "-0.57000", "2011-06-30": "-0.11000", "2011-03-31": "-0.26000", "2010-12-31": "0.45000", "2010-09-30": "0.04000", "2010-07-31": "0.07000", "2010-06-30": "0.30000", "2010-04-30": "0.20000", "2010-03-31": "-0.85000", "2010-01-31": "-0.43000", "2009-12-31": "0.43000", "2009-10-31": "0.00000", "2009-07-31": "-0.73000", "2009-04-30": "-0.13000", "2009-01-31": "-0.66000", "2008-10-31": "0.00000", "2008-07-31": "0.67000", "2008-04-30": "1.29000", "2008-01-31": "-0.52000", "2007-10-31": "0.00000", "2007-07-31": "-0.81000", "2007-04-30": "-0.71000", "2007-01-31": "-0.30000", "2006-10-31": "0.00000", "2006-07-31": "-1.29000", "2006-04-30": "-0.71000", "2006-01-31": "-0.41000", "2005-10-31": "0.00000", "2005-07-31": "-0.41000", "2005-04-30": "-0.12000", "2005-01-31": "0.79000"}}, "balance sheet": {"Cash On Hand": {"2020-03-31": "2548.27100", "2019-03-31": "2136.47100", "2018-03-31": "1861.77700", "2017-03-31": "1730.14600", "2016-03-31": "1530.73100", "2015-03-31": "1267.72700", "2014-03-31": "1129.23900", "2013-03-31": "409.99100", "2012-03-31": "420.27900", "2011-03-31": "280.35900", "2010-03-31": "145.83800", "2009-10-31": "102.08300", "2008-10-31": "280.27700", "2007-10-31": "77.75700", "2006-10-31": "132.48000", "2005-10-31": "107.19500"}, "Receivables": {"2020-03-31": "592.55500", "2019-03-31": "395.72900", "2018-03-31": "247.64900", "2017-03-31": "219.55800", "2016-03-31": "168.52700", "2015-03-31": "217.86000", "2014-03-31": "53.14300", "2013-03-31": "189.59600", "2012-03-31": "45.03500", "2011-03-31": "84.21700", "2010-03-31": "74.13500", "2009-10-31": "181.06500", "2008-10-31": "116.00500", "2007-10-31": "104.93700", "2006-10-31": "143.19900", "2005-10-31": "197.86100"}, "Inventory": {"2020-03-31": "19.10800", "2019-03-31": "28.20000", "2018-03-31": "15.16200", "2017-03-31": "16.32300", "2016-03-31": "15.88800", "2015-03-31": "20.05100", "2014-03-31": "29.78000", "2013-03-31": "30.21800", "2012-03-31": "22.47700", "2011-03-31": "24.57800", "2010-03-31": "24.47900", "2009-10-31": "26.68700", "2008-10-31": "38.47900", "2007-10-31": "99.33100", "2006-10-31": "95.52000", "2005-10-31": "136.22700"}, "Pre-Paid Expenses": {"2020-03-31": "273.50300", "2019-03-31": "186.68800", "2018-03-31": "133.45400", "2017-03-31": "59.59300", "2016-03-31": "53.26900", "2015-03-31": "54.05700", "2014-03-31": "66.07300", "2013-03-31": "37.39200", "2012-03-31": "44.60200", "2011-03-31": "45.77300", "2010-03-31": "60.35800", "2009-10-31": "56.28700", "2008-10-31": "67.24000", "2007-10-31": "75.05700", "2006-10-31": "88.46700", "2005-10-31": "75.04100"}, "Other Current Assets": {"2020-03-31": "40.31600", "2019-03-31": "28.88000", "2018-03-31": "33.28400", "2017-03-31": "41.72100", "2016-03-31": "178.38700", "2015-03-31": "163.38500", "2014-03-31": "116.20300", "2013-03-31": "198.95500", "2012-03-31": "211.22400", "2011-03-31": "131.67600", "2010-03-31": "114.60800", "2009-10-31": "167.34100", "2008-10-31": "113.43600", "2007-10-31": "141.44100", "2006-10-31": "85.20700", "2005-10-31": "96.47700"}, "Total Current Assets": {"2020-03-31": "3493.35100", "2019-03-31": "2827.83500", "2018-03-31": "2409.17700", "2017-03-31": "2195.24200", "2016-03-31": "2045.27600", "2015-03-31": "1779.85900", "2014-03-31": "1399.44000", "2013-03-31": "866.15200", "2012-03-31": "743.61700", "2011-03-31": "566.60300", "2010-03-31": "426.60000", "2009-10-31": "628.56700", "2008-10-31": "723.77400", "2007-10-31": "498.52300", "2006-10-31": "544.87300", "2005-10-31": "612.80100"}, "Property, Plant, And Equipment": {"2020-03-31": "131.88800", "2019-03-31": "127.88200", "2018-03-31": "102.47800", "2017-03-31": "67.30000", "2016-03-31": "77.12700", "2015-03-31": "69.79200", "2014-03-31": "42.57200", "2013-03-31": "25.36200", "2012-03-31": "18.94900", "2011-03-31": "19.63200", "2010-03-31": "23.57100", "2009-10-31": "27.04900", "2008-10-31": "31.22400", "2007-10-31": "44.98600", "2006-10-31": "47.49600", "2005-10-31": "48.61700"}, "Long-Term Investments": {"2020-03-31": "", "2019-03-31": "", "2018-03-31": "", "2017-03-31": "", "2016-03-31": "", "2015-03-31": "", "2014-03-31": "", "2013-03-31": "", "2012-03-31": "", "2011-03-31": "", "2010-03-31": "", "2009-10-31": "", "2008-10-31": "", "2007-10-31": "", "2006-10-31": "", "2005-10-31": ""}, "Goodwill And Intangible Assets": {"2020-03-31": "437.75400", "2019-03-31": "454.83200", "2018-03-31": "503.21100", "2017-03-31": "469.37700", "2016-03-31": "221.68900", "2015-03-31": "222.05700", "2014-03-31": "231.81800", "2013-03-31": "234.81900", "2012-03-31": "244.43500", "2011-03-31": "243.00300", "2010-03-31": "239.01800", "2009-10-31": "244.10500", "2008-10-31": "242.21300", "2007-10-31": "236.10900", "2006-10-31": "230.92900", "2005-10-31": "240.88900"}, "Other Long-Term Assets": {"2020-03-31": "213.10100", "2019-03-31": "94.34800", "2018-03-31": "51.95700", "2017-03-31": "35.32500", "2016-03-31": "13.43900", "2015-03-31": "12.16700", "2014-03-31": "15.43600", "2013-03-31": "56.26500", "2012-03-31": "37.67100", "2011-03-31": "4.10100", "2010-03-31": "10.74700", "2009-10-31": "31.88600", "2008-10-31": "8.29400", "2007-10-31": "17.06000", "2006-10-31": "14.15400", "2005-10-31": "13.31100"}, "Total Long-Term Assets": {"2020-03-31": "1455.48100", "2019-03-31": "1415.23000", "2018-03-31": "1328.66400", "2017-03-31": "953.91200", "2016-03-31": "545.00100", "2015-03-31": "448.21400", "2014-03-31": "400.19000", "2013-03-31": "411.68700", "2012-03-31": "405.81000", "2011-03-31": "405.05600", "2010-03-31": "412.67600", "2009-10-31": "378.56100", "2008-10-31": "359.57800", "2007-10-31": "332.62000", "2006-10-31": "323.93300", "2005-10-31": "322.41900"}, "Total Assets": {"2020-03-31": "4948.83200", "2019-03-31": "4243.06500", "2018-03-31": "3737.84100", "2017-03-31": "3149.15400", "2016-03-31": "2590.27700", "2015-03-31": "2228.07300", "2014-03-31": "1799.63000", "2013-03-31": "1277.83900", "2012-03-31": "1149.42700", "2011-03-31": "971.65900", "2010-03-31": "839.27600", "2009-10-31": "1007.12800", "2008-10-31": "1083.35200", "2007-10-31": "831.14300", "2006-10-31": "868.80600", "2005-10-31": "935.22000"}, "Total Current Liabilities": {"2020-03-31": "2038.53900", "2019-03-31": "1951.79400", "2018-03-31": "1726.92900", "2017-03-31": "1685.89200", "2016-03-31": "1220.41100", "2015-03-31": "966.26000", "2014-03-31": "474.82000", "2013-03-31": "336.99900", "2012-03-31": "218.72500", "2011-03-31": "230.88800", "2010-03-31": "209.86700", "2009-10-31": "354.29300", "2008-10-31": "365.41900", "2007-10-31": "312.16100", "2006-10-31": "263.54600", "2005-10-31": "246.92300"}, "Long Term Debt": {"2020-03-31": "", "2019-03-31": "", "2018-03-31": "8.06800", "2017-03-31": "251.92900", "2016-03-31": "497.93500", "2015-03-31": "473.03000", "2014-03-31": "454.03100", "2013-03-31": "335.20200", "2012-03-31": "316.34000", "2011-03-31": "107.23900", "2010-03-31": "99.86500", "2009-10-31": "97.06300", "2008-10-31": "70.00000", "2007-10-31": "18.00000", "2006-10-31": "", "2005-10-31": ""}, "Other Non-Current Liabilities": {"2020-03-31": "190.65100", "2019-03-31": "229.63300", "2018-03-31": "158.28500", "2017-03-31": "197.19900", "2016-03-31": "74.22700", "2015-03-31": "61.07700", "2014-03-31": "50.84500", "2013-03-31": "17.08700", "2012-03-31": "16.31600", "2011-03-31": "14.99800", "2010-03-31": "7.98000", "2009-10-31": "10.14600", "2008-10-31": "32.81500", "2007-10-31": "4.82800", "2006-10-31": "4.86800", "2005-10-31": "2.46700"}, "Total Long Term Liabilities": {"2020-03-31": "371.04900", "2019-03-31": "250.69100", "2018-03-31": "521.94200", "2017-03-31": "459.53400", "2016-03-31": "788.48100", "2015-03-31": "698.72500", "2014-03-31": "523.00400", "2013-03-31": "352.84500", "2012-03-31": "334.97500", "2011-03-31": "125.49200", "2010-03-31": "108.78600", "2009-10-31": "107.20900", "2008-10-31": "102.81500", "2007-10-31": "47.82800", "2006-10-31": "54.86800", "2005-10-31": "2.46700"}, "Total Liabilities": {"2020-03-31": "2409.58800", "2019-03-31": "2202.48500", "2018-03-31": "2248.87100", "2017-03-31": "2145.42600", "2016-03-31": "2008.89200", "2015-03-31": "1664.98500", "2014-03-31": "997.82400", "2013-03-31": "689.84400", "2012-03-31": "553.70000", "2011-03-31": "356.38000", "2010-03-31": "318.65300", "2009-10-31": "461.50200", "2008-10-31": "468.23400", "2007-10-31": "359.98900", "2006-10-31": "318.41400", "2005-10-31": "249.39000"}, "Common Stock Net": {"2020-03-31": "1.35900", "2019-03-31": "1.34600", "2018-03-31": "1.32700", "2017-03-31": "1.19800", "2016-03-31": "1.03800", "2015-03-31": "1.04600", "2014-03-31": "1.05200", "2013-03-31": "0.93700", "2012-03-31": "0.90200", "2011-03-31": "0.86100", "2010-03-31": "0.84000", "2009-10-31": "0.81900", "2008-10-31": "0.77700", "2007-10-31": "0.74300", "2006-10-31": "0.72700", "2005-10-31": "0.70700"}, "Retained Earnings (Accumulated Deficit)": {"2020-03-31": "1282.08500", "2019-03-31": "877.62600", "2018-03-31": "73.51600", "2017-03-31": "-99.69400", "2016-03-31": "-166.99700", "2015-03-31": "-158.69500", "2014-03-31": "120.77500", "2013-03-31": "-240.83000", "2012-03-31": "-211.33900", "2011-03-31": "-102.52300", "2010-03-31": "-150.98100", "2009-10-31": "-122.17900", "2008-10-31": "18.27500", "2007-10-31": "-77.74700", "2006-10-31": "60.65900", "2005-10-31": "245.54800"}, "Comprehensive Income": {"2020-03-31": "-58.37600", "2019-03-31": "-37.18900", "2018-03-31": "-15.73200", "2017-03-31": "-47.14200", "2016-03-31": "-37.89600", "2015-03-31": "-30.62400", "2014-03-31": "2.11600", "2013-03-31": "-4.57200", "2012-03-31": "6.73300", "2011-03-31": "10.45900", "2010-03-31": "-3.71300", "2009-10-31": "8.19200", "2008-10-31": "-7.51300", "2007-10-31": "34.86100", "2006-10-31": "6.90200", "2005-10-31": "0.68600"}, "Other Share Holders Equity": {"2020-03-31": "", "2019-03-31": "", "2018-03-31": "", "2017-03-31": "", "2016-03-31": "", "2015-03-31": "", "2014-03-31": "", "2013-03-31": "", "2012-03-31": "", "2011-03-31": "", "2010-03-31": "", "2009-10-31": "", "2008-10-31": "", "2007-10-31": "", "2006-10-31": "", "2005-10-31": ""}, "Share Holder Equity": {"2020-03-31": "2539.24400", "2019-03-31": "2040.58000", "2018-03-31": "1488.97000", "2017-03-31": "1003.72800", "2016-03-31": "581.38500", "2015-03-31": "563.08800", "2014-03-31": "801.80600", "2013-03-31": "587.99500", "2012-03-31": "595.72700", "2011-03-31": "615.27900", "2010-03-31": "520.62300", "2009-10-31": "545.62600", "2008-10-31": "615.11800", "2007-10-31": "471.15400", "2006-10-31": "550.39200", "2005-10-31": "685.83000"}, "Total Liabilities And Share Holders Equity": {"2020-03-31": "4948.83200", "2019-03-31": "4243.06500", "2018-03-31": "3737.84100", "2017-03-31": "3149.15400", "2016-03-31": "2590.27700", "2015-03-31": "2228.07300", "2014-03-31": "1799.63000", "2013-03-31": "1277.83900", "2012-03-31": "1149.42700", "2011-03-31": "971.65900", "2010-03-31": "839.27600", "2009-10-31": "1007.12800", "2008-10-31": "1083.35200", "2007-10-31": "831.14300", "2006-10-31": "868.80600", "2005-10-31": "935.22000"}}, "balance sheet, quarterly": {"Cash On Hand": {"2020-09-30": "2836.03000", "2020-06-30": "2752.57100", "2020-03-31": "2548.27100", "2019-12-31": "2441.70300", "2019-09-30": "2173.01600", "2019-06-30": "2169.64800", "2019-03-31": "2136.47100", "2018-12-31": "1841.22900", "2018-09-30": "1396.04600", "2018-06-30": "1611.64000", "2018-03-31": "1861.77700", "2017-12-31": "1696.59000", "2017-09-30": "1732.24300", "2017-06-30": "1687.39700", "2017-03-31": "1730.14600", "2016-12-31": "1722.49400", "2016-09-30": "1542.70300", "2016-06-30": "1507.32100", "2016-03-31": "1530.73100", "2015-12-31": "1418.77000", "2015-09-30": "1279.90000", "2015-06-30": "1420.79000", "2015-03-31": "1267.72700", "2014-12-31": "1007.89300", "2014-09-30": "881.34000", "2014-06-30": "903.28500", "2014-03-31": "1129.23900", "2013-12-31": "972.17000", "2013-09-30": "661.92300", "2013-06-30": "646.31500", "2013-03-31": "409.99100", "2012-12-31": "448.72300", "2012-09-30": "328.28400", "2012-06-30": "367.05600", "2012-03-31": "420.27900", "2011-12-31": "453.31600", "2011-09-30": "269.74000", "2011-06-30": "248.75900", "2011-03-31": "280.35900", "2010-12-31": "297.11800", "2010-09-30": "", "2010-07-31": "232.12700", "2010-06-30": "", "2010-04-30": "180.51600", "2010-03-31": "145.83800", "2010-01-31": "105.98400", "2009-12-31": "", "2009-10-31": "", "2009-07-31": "174.78900", "2009-04-30": "179.61600", "2009-01-31": "217.83600", "2008-10-31": "", "2008-07-31": "338.70100", "2008-04-30": "72.91800", "2008-01-31": "54.38800", "2007-10-31": "", "2007-07-31": "61.62500", "2007-04-30": "108.51600", "2007-01-31": "138.15100", "2006-10-31": "", "2006-07-31": "179.13000", "2006-04-30": "141.06800", "2006-01-31": "142.89700", "2005-10-31": "", "2005-07-31": "195.35500", "2005-04-30": "210.24100", "2005-01-31": "303.07000"}, "Receivables": {"2020-09-30": "787.81800", "2020-06-30": "685.16900", "2020-03-31": "592.55500", "2019-12-31": "647.46000", "2019-09-30": "858.59700", "2019-06-30": "352.62500", "2019-03-31": "395.72900", "2018-12-31": "823.48200", "2018-09-30": "534.63300", "2018-06-30": "239.73600", "2018-03-31": "247.64900", "2017-12-31": "425.93100", "2017-09-30": "429.01900", "2017-06-30": "229.19700", "2017-03-31": "219.55800", "2016-12-31": "327.43000", "2016-09-30": "381.58700", "2016-06-30": "141.15000", "2016-03-31": "168.52700", "2015-12-31": "263.69000", "2015-09-30": "240.85900", "2015-06-30": "130.91500", "2015-03-31": "217.86000", "2014-12-31": "435.70900", "2014-09-30": "25.42700", "2014-06-30": "43.16500", "2014-03-31": "53.14300", "2013-12-31": "189.51900", "2013-09-30": "1011.39100", "2013-06-30": "35.20200", "2013-03-31": "189.59600", "2012-12-31": "94.24100", "2012-09-30": "154.95100", "2012-06-30": "71.70700", "2012-03-31": "45.03500", "2011-12-31": "53.27400", "2011-09-30": "19.57200", "2011-06-30": "146.69400", "2011-03-31": "84.21700", "2010-12-31": "83.84500", "2010-09-30": "", "2010-07-31": "96.22600", "2010-06-30": "", "2010-04-30": "39.29500", "2010-03-31": "74.13500", "2010-01-31": "45.06300", "2009-12-31": "", "2009-10-31": "", "2009-07-31": "70.13300", "2009-04-30": "52.11700", "2009-01-31": "60.32000", "2008-10-31": "", "2008-07-31": "106.35400", "2008-04-30": "362.76500", "2008-01-31": "63.33700", "2007-10-31": "", "2007-07-31": "100.42700", "2007-04-30": "70.40600", "2007-01-31": "79.10700", "2006-10-31": "", "2006-07-31": "98.02700", "2006-04-30": "130.32800", "2006-01-31": "84.28200", "2005-10-31": "", "2005-07-31": "61.73500", "2005-04-30": "127.27800", "2005-01-31": "136.51500"}, "Inventory": {"2020-09-30": "26.93400", "2020-06-30": "19.48600", "2020-03-31": "19.10800", "2019-12-31": "24.42600", "2019-09-30": "39.29300", "2019-06-30": "23.84700", "2019-03-31": "28.20000", "2018-12-31": "39.78600", "2018-09-30": "40.54100", "2018-06-30": "10.64200", "2018-03-31": "15.16200", "2017-12-31": "30.85700", "2017-09-30": "36.43100", "2017-06-30": "11.63600", "2017-03-31": "16.32300", "2016-12-31": "26.66500", "2016-09-30": "77.56100", "2016-06-30": "12.73400", "2016-03-31": "15.88800", "2015-12-31": "20.20700", "2015-09-30": "24.02000", "2015-06-30": "12.45300", "2015-03-31": "20.05100", "2014-12-31": "24.61700", "2014-09-30": "55.94800", "2014-06-30": "23.14700", "2014-03-31": "29.78000", "2013-12-31": "45.03500", "2013-09-30": "84.03300", "2013-06-30": "27.85200", "2013-03-31": "30.21800", "2012-12-31": "29.68700", "2012-09-30": "60.56800", "2012-06-30": "27.98700", "2012-03-31": "22.47700", "2011-12-31": "22.51600", "2011-09-30": "45.07700", "2011-06-30": "25.94100", "2011-03-31": "24.57800", "2010-12-31": "28.59200", "2010-09-30": "", "2010-07-31": "21.26700", "2010-06-30": "", "2010-04-30": "24.76100", "2010-03-31": "24.47900", "2010-01-31": "50.66200", "2009-12-31": "", "2009-10-31": "", "2009-07-31": "63.61700", "2009-04-30": "74.02000", "2009-01-31": "75.97200", "2008-10-31": "", "2008-07-31": "71.57400", "2008-04-30": "91.82100", "2008-01-31": "82.48700", "2007-10-31": "", "2007-07-31": "75.79000", "2007-04-30": "80.22800", "2007-01-31": "82.19400", "2006-10-31": "", "2006-07-31": "83.22100", "2006-04-30": "91.82000", "2006-01-31": "107.41300", "2005-10-31": "", "2005-07-31": "104.41400", "2005-04-30": "116.56800", "2005-01-31": "134.10300"}, "Pre-Paid Expenses": {"2020-09-30": "192.19200", "2020-06-30": "183.71200", "2020-03-31": "273.50300", "2019-12-31": "228.56700", "2019-09-30": "218.67300", "2019-06-30": "220.32400", "2019-03-31": "186.68800", "2018-12-31": "179.45400", "2018-09-30": "162.64700", "2018-06-30": "180.51200", "2018-03-31": "133.45400", "2017-12-31": "90.86500", "2017-09-30": "100.70400", "2017-06-30": "84.82300", "2017-03-31": "59.59300", "2016-12-31": "70.45600", "2016-09-30": "60.89400", "2016-06-30": "56.73400", "2016-03-31": "53.26900", "2015-12-31": "60.12900", "2015-09-30": "67.61500", "2015-06-30": "76.76300", "2015-03-31": "54.05700", "2014-12-31": "116.38500", "2014-09-30": "78.78700", "2014-06-30": "78.14000", "2014-03-31": "66.07300", "2013-12-31": "246.16500", "2013-09-30": "72.13300", "2013-06-30": "56.60000", "2013-03-31": "37.39200", "2012-12-31": "45.42600", "2012-09-30": "41.59300", "2012-06-30": "42.69500", "2012-03-31": "44.60200", "2011-12-31": "42.60900", "2011-09-30": "61.17700", "2011-06-30": "72.13100", "2011-03-31": "45.77300", "2010-12-31": "53.97600", "2010-09-30": "", "2010-07-31": "51.94000", "2010-06-30": "", "2010-04-30": "63.89400", "2010-03-31": "60.35800", "2010-01-31": "58.94700", "2009-12-31": "", "2009-10-31": "", "2009-07-31": "47.15000", "2009-04-30": "63.29600", "2009-01-31": "74.00600", "2008-10-31": "", "2008-07-31": "70.70300", "2008-04-30": "59.15400", "2008-01-31": "58.28400", "2007-10-31": "", "2007-07-31": "71.36900", "2007-04-30": "74.42200", "2007-01-31": "62.71500", "2006-10-31": "", "2006-07-31": "94.70000", "2006-04-30": "97.62600", "2006-01-31": "84.29300", "2005-10-31": "", "2005-07-31": "94.64500", "2005-04-30": "73.87100", "2005-01-31": "49.53500"}, "Other Current Assets": {"2020-09-30": "73.71400", "2020-06-30": "31.71400", "2020-03-31": "40.31600", "2019-12-31": "59.80200", "2019-09-30": "62.32800", "2019-06-30": "18.07000", "2019-03-31": "28.88000", "2018-12-31": "33.54200", "2018-09-30": "36.91200", "2018-06-30": "12.67600", "2018-03-31": "33.28400", "2017-12-31": "39.36900", "2017-09-30": "41.98300", "2017-06-30": "20.18100", "2017-03-31": "41.72100", "2016-12-31": "126.18500", "2016-09-30": "178.62900", "2016-06-30": "167.21800", "2016-03-31": "178.38700", "2015-12-31": "214.54000", "2015-09-30": "240.32900", "2015-06-30": "201.01400", "2015-03-31": "163.38500", "2014-12-31": "178.96800", "2014-09-30": "225.27500", "2014-06-30": "186.61500", "2014-03-31": "116.20300", "2013-12-31": "92.76700", "2013-09-30": "119.53400", "2013-06-30": "191.44900", "2013-03-31": "198.95500", "2012-12-31": "199.81300", "2012-09-30": "212.54700", "2012-06-30": "209.66200", "2012-03-31": "211.22400", "2011-12-31": "180.70500", "2011-09-30": "150.37300", "2011-06-30": "151.12300", "2011-03-31": "131.67600", "2010-12-31": "154.76300", "2010-09-30": "", "2010-07-31": "156.71400", "2010-06-30": "", "2010-04-30": "208.73700", "2010-03-31": "114.60800", "2010-01-31": "260.68400", "2009-12-31": "", "2009-10-31": "", "2009-07-31": "142.38500", "2009-04-30": "149.01800", "2009-01-31": "116.71200", "2008-10-31": "", "2008-07-31": "127.81000", "2008-04-30": "136.64000", "2008-01-31": "157.15300", "2007-10-31": "", "2007-07-31": "126.75000", "2007-04-30": "117.63200", "2007-01-31": "97.83900", "2006-10-31": "", "2006-07-31": "75.90400", "2006-04-30": "73.68400", "2006-01-31": "84.24600", "2005-10-31": "", "2005-07-31": "58.21000", "2005-04-30": "56.78300", "2005-01-31": "41.51600"}, "Total Current Assets": {"2020-09-30": "3932.09800", "2020-06-30": "3686.93300", "2020-03-31": "3493.35100", "2019-12-31": "3435.03700", "2019-09-30": "3388.33300", "2019-06-30": "2821.07900", "2019-03-31": "2827.83500", "2018-12-31": "2974.77300", "2018-09-30": "2191.73600", "2018-06-30": "2074.34700", "2018-03-31": "2409.17700", "2017-12-31": "2447.72400", "2017-09-30": "2455.51500", "2017-06-30": "2113.13600", "2017-03-31": "2195.24200", "2016-12-31": "2451.17600", "2016-09-30": "2370.77000", "2016-06-30": "1977.67200", "2016-03-31": "2045.27600", "2015-12-31": "2106.30800", "2015-09-30": "1964.60800", "2015-06-30": "1907.97600", "2015-03-31": "1779.85900", "2014-12-31": "1806.01300", "2014-09-30": "1266.77700", "2014-06-30": "1234.35200", "2014-03-31": "1399.44000", "2013-12-31": "1545.65600", "2013-09-30": "2251.26700", "2013-06-30": "1020.17700", "2013-03-31": "866.15200", "2012-12-31": "817.89000", "2012-09-30": "797.94300", "2012-06-30": "719.10700", "2012-03-31": "743.61700", "2011-12-31": "752.42000", "2011-09-30": "545.93900", "2011-06-30": "644.64800", "2011-03-31": "566.60300", "2010-12-31": "618.29400", "2010-09-30": "", "2010-07-31": "558.27400", "2010-06-30": "", "2010-04-30": "517.20300", "2010-03-31": "426.60000", "2010-01-31": "521.34000", "2009-12-31": "", "2009-10-31": "", "2009-07-31": "498.07400", "2009-04-30": "518.06700", "2009-01-31": "544.84600", "2008-10-31": "", "2008-07-31": "715.14200", "2008-04-30": "723.29800", "2008-01-31": "415.64900", "2007-10-31": "", "2007-07-31": "435.96100", "2007-04-30": "451.20400", "2007-01-31": "460.00600", "2006-10-31": "", "2006-07-31": "530.98200", "2006-04-30": "572.84500", "2006-01-31": "514.00600", "2005-10-31": "", "2005-07-31": "526.04500", "2005-04-30": "596.44200", "2005-01-31": "676.43800"}, "Property, Plant, And Equipment": {"2020-09-30": "133.40400", "2020-06-30": "128.90400", "2020-03-31": "131.88800", "2019-12-31": "127.41700", "2019-09-30": "129.16800", "2019-06-30": "126.39300", "2019-03-31": "127.88200", "2018-12-31": "114.67200", "2018-09-30": "110.90000", "2018-06-30": "105.85200", "2018-03-31": "102.47800", "2017-12-31": "96.57000", "2017-09-30": "86.68900", "2017-06-30": "76.61300", "2017-03-31": "67.30000", "2016-12-31": "65.79900", "2016-09-30": "68.53100", "2016-06-30": "72.41400", "2016-03-31": "77.12700", "2015-12-31": "76.66100", "2015-09-30": "81.69400", "2015-06-30": "83.08900", "2015-03-31": "69.79200", "2014-12-31": "63.43600", "2014-09-30": "56.21400", "2014-06-30": "47.01100", "2014-03-31": "42.57200", "2013-12-31": "38.76800", "2013-09-30": "34.27100", "2013-06-30": "30.28500", "2013-03-31": "25.36200", "2012-12-31": "23.70100", "2012-09-30": "21.87900", "2012-06-30": "19.35400", "2012-03-31": "18.94900", "2011-12-31": "18.55600", "2011-09-30": "18.10700", "2011-06-30": "19.00900", "2011-03-31": "19.63200", "2010-12-31": "21.32600", "2010-09-30": "", "2010-07-31": "22.12200", "2010-06-30": "", "2010-04-30": "23.12300", "2010-03-31": "23.57100", "2010-01-31": "25.05200", "2009-12-31": "", "2009-10-31": "", "2009-07-31": "27.63400", "2009-04-30": "28.86000", "2009-01-31": "29.35800", "2008-10-31": "", "2008-07-31": "38.24700", "2008-04-30": "39.72700", "2008-01-31": "41.51500", "2007-10-31": "", "2007-07-31": "46.22300", "2007-04-30": "48.78400", "2007-01-31": "49.67300", "2006-10-31": "", "2006-07-31": "46.48200", "2006-04-30": "49.79600", "2006-01-31": "48.21500", "2005-10-31": "", "2005-07-31": "46.64400", "2005-04-30": "43.07500", "2005-01-31": "37.95200"}, "Long-Term Investments": {"2020-09-30": "", "2020-06-30": "", "2020-03-31": "", "2019-12-31": "", "2019-09-30": "", "2019-06-30": "", "2019-03-31": "", "2018-12-31": "", "2018-09-30": "", "2018-06-30": "", "2018-03-31": "", "2017-12-31": "", "2017-09-30": "", "2017-06-30": "", "2017-03-31": "", "2016-12-31": "", "2016-09-30": "", "2016-06-30": "", "2016-03-31": "", "2015-12-31": "", "2015-09-30": "", "2015-06-30": "", "2015-03-31": "", "2014-12-31": "", "2014-09-30": "", "2014-06-30": "", "2014-03-31": "", "2013-12-31": "", "2013-09-30": "", "2013-06-30": "", "2013-03-31": "", "2012-12-31": "", "2012-09-30": "", "2012-06-30": "", "2012-03-31": "", "2011-12-31": "", "2011-09-30": "", "2011-06-30": "", "2011-03-31": "", "2010-12-31": "", "2010-09-30": "", "2010-07-31": "", "2010-06-30": "", "2010-04-30": "", "2010-03-31": "", "2010-01-31": "", "2009-12-31": "", "2009-10-31": "", "2009-07-31": "", "2009-04-30": "", "2009-01-31": "", "2008-10-31": "", "2008-07-31": "", "2008-04-30": "", "2008-01-31": "", "2007-10-31": "", "2007-07-31": "", "2007-04-30": "", "2007-01-31": "", "2006-10-31": "", "2006-07-31": "", "2006-04-30": "", "2006-01-31": "", "2005-10-31": "", "2005-07-31": "", "2005-04-30": "", "2005-01-31": ""}, "Goodwill And Intangible Assets": {"2020-09-30": "647.39200", "2020-06-30": "436.57100", "2020-03-31": "437.75400", "2019-12-31": "448.41100", "2019-09-30": "444.93700", "2019-06-30": "459.41200", "2019-03-31": "454.83200", "2018-12-31": "463.01300", "2018-09-30": "477.13400", "2018-06-30": "479.28200", "2018-03-31": "503.21100", "2017-12-31": "497.84000", "2017-09-30": "497.88600", "2017-06-30": "502.95200", "2017-03-31": "469.37700", "2016-12-31": "216.73300", "2016-09-30": "220.26700", "2016-06-30": "220.23100", "2016-03-31": "221.68900", "2015-12-31": "221.38600", "2015-09-30": "222.34000", "2015-06-30": "223.77300", "2015-03-31": "222.05700", "2014-12-31": "225.86400", "2014-09-30": "228.82200", "2014-06-30": "232.20600", "2014-03-31": "231.81800", "2013-12-31": "232.13200", "2013-09-30": "233.74900", "2013-06-30": "234.95500", "2013-03-31": "234.81900", "2012-12-31": "238.08700", "2012-09-30": "239.68900", "2012-06-30": "237.04900", "2012-03-31": "244.43500", "2011-12-31": "240.33500", "2011-09-30": "242.46400", "2011-06-30": "244.20700", "2011-03-31": "243.00300", "2010-12-31": "238.40100", "2010-09-30": "", "2010-07-31": "238.41700", "2010-06-30": "", "2010-04-30": "238.87700", "2010-03-31": "239.01800", "2010-01-31": "241.72000", "2009-12-31": "", "2009-10-31": "", "2009-07-31": "257.50200", "2009-04-30": "251.99100", "2009-01-31": "250.15200", "2008-10-31": "", "2008-07-31": "268.49100", "2008-04-30": "266.67800", "2008-01-31": "263.17800", "2007-10-31": "", "2007-07-31": "226.50000", "2007-04-30": "225.53800", "2007-01-31": "229.62700", "2006-10-31": "", "2006-07-31": "234.39200", "2006-04-30": "244.39100", "2006-01-31": "255.74900", "2005-10-31": "", "2005-07-31": "240.07400", "2005-04-30": "229.00100", "2005-01-31": "222.80600"}, "Other Long-Term Assets": {"2020-09-30": "445.86800", "2020-06-30": "427.96100", "2020-03-31": "213.10100", "2019-12-31": "163.22000", "2019-09-30": "95.09200", "2019-06-30": "91.37800", "2019-03-31": "94.34800", "2018-12-31": "83.17000", "2018-09-30": "80.81000", "2018-06-30": "75.91700", "2018-03-31": "51.95700", "2017-12-31": "53.61000", "2017-09-30": "50.39400", "2017-06-30": "46.97100", "2017-03-31": "35.32500", "2016-12-31": "28.27400", "2016-09-30": "16.13900", "2016-06-30": "15.83700", "2016-03-31": "13.43900", "2015-12-31": "11.53000", "2015-09-30": "13.49000", "2015-06-30": "13.13000", "2015-03-31": "12.16700", "2014-12-31": "16.06900", "2014-09-30": "11.62600", "2014-06-30": "15.19400", "2014-03-31": "15.43600", "2013-12-31": "67.72000", "2013-09-30": "68.52200", "2013-06-30": "60.56700", "2013-03-31": "56.26500", "2012-12-31": "35.77600", "2012-09-30": "36.35300", "2012-06-30": "36.94200", "2012-03-31": "37.67100", "2011-12-31": "7.44200", "2011-09-30": "2.73000", "2011-06-30": "3.49500", "2011-03-31": "4.10100", "2010-12-31": "4.68000", "2010-09-30": "", "2010-07-31": "27.34000", "2010-06-30": "", "2010-04-30": "28.82200", "2010-03-31": "10.74700", "2010-01-31": "32.55400", "2009-12-31": "", "2009-10-31": "", "2009-07-31": "15.51500", "2009-04-30": "10.68100", "2009-01-31": "9.64800", "2008-10-31": "", "2008-07-31": "12.79100", "2008-04-30": "18.21500", "2008-01-31": "17.54400", "2007-10-31": "", "2007-07-31": "16.54100", "2007-04-30": "12.17300", "2007-01-31": "14.54400", "2006-10-31": "", "2006-07-31": "13.15500", "2006-04-30": "4.01800", "2006-01-31": "4.20400", "2005-10-31": "", "2005-07-31": "1.87500", "2005-04-30": "2.06100", "2005-01-31": "2.31600"}, "Total Long-Term Assets": {"2020-09-30": "1904.05600", "2020-06-30": "1682.30800", "2020-03-31": "1455.48100", "2019-12-31": "1444.59600", "2019-09-30": "1426.77800", "2019-06-30": "1545.14300", "2019-03-31": "1415.23000", "2018-12-31": "1412.38700", "2018-09-30": "1463.45300", "2018-06-30": "1381.65700", "2018-03-31": "1328.66400", "2017-12-31": "1234.88600", "2017-09-30": "1240.86500", "2017-06-30": "1106.43400", "2017-03-31": "953.91200", "2016-12-31": "637.92300", "2016-09-30": "608.31000", "2016-06-30": "561.05500", "2016-03-31": "545.00100", "2015-12-31": "478.70100", "2015-09-30": "451.89100", "2015-06-30": "444.62800", "2015-03-31": "448.21400", "2014-12-31": "447.80500", "2014-09-30": "398.43500", "2014-06-30": "373.38400", "2014-03-31": "400.19000", "2013-12-31": "439.69500", "2013-09-30": "450.04700", "2013-06-30": "427.92800", "2013-03-31": "411.68700", "2012-12-31": "371.89100", "2012-09-30": "366.80200", "2012-06-30": "354.03000", "2012-03-31": "405.81000", "2011-12-31": "388.17600", "2011-09-30": "385.97700", "2011-06-30": "358.92900", "2011-03-31": "405.05600", "2010-12-31": "358.30500", "2010-09-30": "", "2010-07-31": "385.88500", "2010-06-30": "", "2010-04-30": "349.05000", "2010-03-31": "412.67600", "2010-01-31": "372.00400", "2009-12-31": "", "2009-10-31": "", "2009-07-31": "388.32400", "2009-04-30": "337.11200", "2009-01-31": "355.90300", "2008-10-31": "", "2008-07-31": "377.42000", "2008-04-30": "373.83000", "2008-01-31": "357.43600", "2007-10-31": "", "2007-07-31": "322.35200", "2007-04-30": "324.37500", "2007-01-31": "333.48000", "2006-10-31": "", "2006-07-31": "324.08600", "2006-04-30": "333.17200", "2006-01-31": "354.64700", "2005-10-31": "", "2005-07-31": "356.17700", "2005-04-30": "327.77900", "2005-01-31": "322.47400"}, "Total Assets": {"2020-09-30": "5836.15400", "2020-06-30": "5369.24100", "2020-03-31": "4948.83200", "2019-12-31": "4879.63300", "2019-09-30": "4815.11100", "2019-06-30": "4366.22200", "2019-03-31": "4243.06500", "2018-12-31": "4387.16000", "2018-09-30": "3655.18900", "2018-06-30": "3456.00400", "2018-03-31": "3737.84100", "2017-12-31": "3682.61000", "2017-09-30": "3696.38000", "2017-06-30": "3219.57000", "2017-03-31": "3149.15400", "2016-12-31": "3089.09900", "2016-09-30": "2979.08000", "2016-06-30": "2538.72700", "2016-03-31": "2590.27700", "2015-12-31": "2585.00900", "2015-09-30": "2416.49900", "2015-06-30": "2352.60400", "2015-03-31": "2228.07300", "2014-12-31": "2253.81800", "2014-09-30": "1665.21200", "2014-06-30": "1607.73600", "2014-03-31": "1799.63000", "2013-12-31": "1985.35100", "2013-09-30": "2701.31400", "2013-06-30": "1448.10500", "2013-03-31": "1277.83900", "2012-12-31": "1189.78100", "2012-09-30": "1164.74500", "2012-06-30": "1073.13700", "2012-03-31": "1149.42700", "2011-12-31": "1140.59600", "2011-09-30": "931.91600", "2011-06-30": "1003.57700", "2011-03-31": "971.65900", "2010-12-31": "976.59900", "2010-09-30": "0.00000", "2010-07-31": "944.15900", "2010-06-30": "0.00000", "2010-04-30": "866.25300", "2010-03-31": "839.27600", "2010-01-31": "893.34400", "2009-12-31": "0.00000", "2009-10-31": "0.00000", "2009-07-31": "886.39800", "2009-04-30": "855.17900", "2009-01-31": "900.74900", "2008-10-31": "0.00000", "2008-07-31": "1092.56200", "2008-04-30": "1097.12800", "2008-01-31": "773.08500", "2007-10-31": "0.00000", "2007-07-31": "758.31300", "2007-04-30": "775.57900", "2007-01-31": "793.48600", "2006-10-31": "0.00000", "2006-07-31": "855.06800", "2006-04-30": "906.01700", "2006-01-31": "868.65300", "2005-10-31": "0.00000", "2005-07-31": "882.22200", "2005-04-30": "924.22100", "2005-01-31": "998.91200"}, "Total Current Liabilities": {"2020-09-30": "2325.83500", "2020-06-30": "2148.74000", "2020-03-31": "2038.53900", "2019-12-31": "2096.33100", "2019-09-30": "2290.22800", "2019-06-30": "1942.00600", "2019-03-31": "1951.79400", "2018-12-31": "2099.35800", "2018-09-30": "1489.78900", "2018-06-30": "1391.21600", "2018-03-31": "1726.92900", "2017-12-31": "2072.11700", "2017-09-30": "1850.50400", "2017-06-30": "1466.05800", "2017-03-31": "1685.89200", "2016-12-31": "1863.81700", "2016-09-30": "1719.23400", "2016-06-30": "1261.62700", "2016-03-31": "1220.41100", "2015-12-31": "1454.97400", "2015-09-30": "1213.88500", "2015-06-30": "1106.30000", "2015-03-31": "966.26000", "2014-12-31": "707.10500", "2014-09-30": "379.14200", "2014-06-30": "285.26900", "2014-03-31": "474.82000", "2013-12-31": "693.48000", "2013-09-30": "1738.20600", "2013-06-30": "416.28700", "2013-03-31": "336.99900", "2012-12-31": "281.21700", "2012-09-30": "336.93100", "2012-06-30": "256.99300", "2012-03-31": "218.72500", "2011-12-31": "169.07800", "2011-09-30": "235.51500", "2011-06-30": "260.11900", "2011-03-31": "230.88800", "2010-12-31": "230.56100", "2010-09-30": "", "2010-07-31": "281.76000", "2010-06-30": "", "2010-04-30": "220.78700", "2010-03-31": "209.86700", "2010-01-31": "273.58300", "2009-12-31": "", "2009-10-31": "", "2009-07-31": "226.49700", "2009-04-30": "213.39000", "2009-01-31": "244.00600", "2008-10-31": "", "2008-07-31": "392.32600", "2008-04-30": "427.09500", "2008-01-31": "216.27000", "2007-10-31": "", "2007-07-31": "240.47700", "2007-04-30": "246.90400", "2007-01-31": "202.21000", "2006-10-31": "", "2006-07-31": "246.05300", "2006-04-30": "258.08500", "2006-01-31": "180.28200", "2005-10-31": "", "2005-07-31": "186.71900", "2005-04-30": "184.26400", "2005-01-31": "277.00200"}, "Long Term Debt": {"2020-09-30": "", "2020-06-30": "", "2020-03-31": "", "2019-12-31": "", "2019-09-30": "", "2019-06-30": "", "2019-03-31": "", "2018-12-31": "", "2018-09-30": "", "2018-06-30": "5.23200", "2018-03-31": "8.06800", "2017-12-31": "13.83800", "2017-09-30": "52.36900", "2017-06-30": "212.86400", "2017-03-31": "251.92900", "2016-12-31": "258.87600", "2016-09-30": "511.63600", "2016-06-30": "504.38500", "2016-03-31": "497.93500", "2015-12-31": "491.57600", "2015-09-30": "487.60100", "2015-06-30": "481.78400", "2015-03-31": "473.03000", "2014-12-31": "470.42000", "2014-09-30": "464.87100", "2014-06-30": "459.40800", "2014-03-31": "454.03100", "2013-12-31": "448.73700", "2013-09-30": "443.52600", "2013-06-30": "408.92500", "2013-03-31": "335.20200", "2012-12-31": "330.31100", "2012-09-30": "325.53900", "2012-06-30": "320.88300", "2012-03-31": "316.34000", "2011-12-31": "311.90600", "2011-09-30": "111.29900", "2011-06-30": "109.23600", "2011-03-31": "107.23900", "2010-12-31": "105.30500", "2010-09-30": "", "2010-07-31": "102.21700", "2010-06-30": "", "2010-04-30": "100.44300", "2010-03-31": "99.86500", "2010-01-31": "98.72600", "2009-12-31": "", "2009-10-31": "", "2009-07-31": "138.00000", "2009-04-30": "70.00000", "2009-01-31": "70.00000", "2008-10-31": "", "2008-07-31": "", "2008-04-30": "16.00000", "2008-01-31": "36.00000", "2007-10-31": "", "2007-07-31": "11.00000", "2007-04-30": "", "2007-01-31": "", "2006-10-31": "", "2006-07-31": "", "2006-04-30": "", "2006-01-31": "", "2005-10-31": "", "2005-07-31": "", "2005-04-30": "", "2005-01-31": ""}, "Other Non-Current Liabilities": {"2020-09-30": "425.36400", "2020-06-30": "383.11600", "2020-03-31": "190.65100", "2019-12-31": "196.90500", "2019-09-30": "198.95300", "2019-06-30": "190.66400", "2019-03-31": "229.63300", "2018-12-31": "191.19800", "2018-09-30": "205.55400", "2018-06-30": "191.49000", "2018-03-31": "158.28500", "2017-12-31": "151.33400", "2017-09-30": "153.99100", "2017-06-30": "209.36700", "2017-03-31": "197.19900", "2016-12-31": "134.23000", "2016-09-30": "110.71600", "2016-06-30": "85.26300", "2016-03-31": "74.22700", "2015-12-31": "71.60000", "2015-09-30": "65.70600", "2015-06-30": "64.95400", "2015-03-31": "61.07700", "2014-12-31": "62.96100", "2014-09-30": "66.19000", "2014-06-30": "80.02200", "2014-03-31": "50.84500", "2013-12-31": "21.13500", "2013-09-30": "20.72000", "2013-06-30": "15.63100", "2013-03-31": "17.08700", "2012-12-31": "12.48000", "2012-09-30": "16.19300", "2012-06-30": "16.27700", "2012-03-31": "16.31600", "2011-12-31": "15.82700", "2011-09-30": "16.61500", "2011-06-30": "16.05000", "2011-03-31": "14.99800", "2010-12-31": "9.46600", "2010-09-30": "", "2010-07-31": "8.61500", "2010-06-30": "", "2010-04-30": "7.97700", "2010-03-31": "7.98000", "2010-01-31": "10.24200", "2009-12-31": "", "2009-10-31": "", "2009-07-31": "11.85100", "2009-04-30": "17.59300", "2009-01-31": "34.40000", "2008-10-31": "", "2008-07-31": "34.65500", "2008-04-30": "33.67700", "2008-01-31": "33.69900", "2007-10-31": "", "2007-07-31": "4.31000", "2007-04-30": "6.43700", "2007-01-31": "5.91800", "2006-10-31": "", "2006-07-31": "3.98800", "2006-04-30": "0.40300", "2006-01-31": "1.07000", "2005-10-31": "", "2005-07-31": "2.93300", "2005-04-30": "2.74100", "2005-01-31": "2.74100"}, "Total Long Term Liabilities": {"2020-09-30": "609.03700", "2020-06-30": "569.47300", "2020-03-31": "371.04900", "2019-12-31": "381.26700", "2019-09-30": "343.12000", "2019-06-30": "337.88900", "2019-03-31": "250.69100", "2018-12-31": "260.33500", "2018-09-30": "220.96100", "2018-06-30": "212.58300", "2018-03-31": "521.94200", "2017-12-31": "209.67300", "2017-09-30": "373.43000", "2017-06-30": "653.75700", "2017-03-31": "459.53400", "2016-12-31": "404.36100", "2016-09-30": "677.09300", "2016-06-30": "743.56000", "2016-03-31": "788.48100", "2015-12-31": "603.06100", "2015-09-30": "638.54900", "2015-06-30": "719.46500", "2015-03-31": "698.72500", "2014-12-31": "731.32400", "2014-09-30": "531.06100", "2014-06-30": "539.43000", "2014-03-31": "523.00400", "2013-12-31": "469.87200", "2013-09-30": "464.24600", "2013-06-30": "424.83700", "2013-03-31": "352.84500", "2012-12-31": "343.75000", "2012-09-30": "343.30500", "2012-06-30": "339.10900", "2012-03-31": "334.97500", "2011-12-31": "330.03300", "2011-09-30": "130.51900", "2011-06-30": "128.19100", "2011-03-31": "125.49200", "2010-12-31": "126.94800", "2010-09-30": "", "2010-07-31": "114.20100", "2010-06-30": "", "2010-04-30": "108.42000", "2010-03-31": "108.78600", "2010-01-31": "108.96800", "2009-12-31": "", "2009-10-31": "", "2009-07-31": "149.85100", "2009-04-30": "87.59300", "2009-01-31": "104.40000", "2008-10-31": "", "2008-07-31": "34.65500", "2008-04-30": "74.67700", "2008-01-31": "94.69900", "2007-10-31": "", "2007-07-31": "65.31000", "2007-04-30": "31.43700", "2007-01-31": "55.91800", "2006-10-31": "", "2006-07-31": "53.98800", "2006-04-30": "0.40300", "2006-01-31": "1.07000", "2005-10-31": "", "2005-07-31": "15.88300", "2005-04-30": "13.76700", "2005-01-31": "12.67800"}, "Total Liabilities": {"2020-09-30": "2934.87200", "2020-06-30": "2718.21300", "2020-03-31": "2409.58800", "2019-12-31": "2477.59800", "2019-09-30": "2633.34800", "2019-06-30": "2279.89500", "2019-03-31": "2202.48500", "2018-12-31": "2359.69300", "2018-09-30": "1710.75000", "2018-06-30": "1603.79900", "2018-03-31": "2248.87100", "2017-12-31": "2281.79000", "2017-09-30": "2223.93400", "2017-06-30": "2119.81500", "2017-03-31": "2145.42600", "2016-12-31": "2268.17800", "2016-09-30": "2396.32700", "2016-06-30": "2005.18700", "2016-03-31": "2008.89200", "2015-12-31": "2058.03500", "2015-09-30": "1852.43400", "2015-06-30": "1825.76500", "2015-03-31": "1664.98500", "2014-12-31": "1438.42900", "2014-09-30": "910.20300", "2014-06-30": "824.69900", "2014-03-31": "997.82400", "2013-12-31": "1163.35200", "2013-09-30": "2202.45200", "2013-06-30": "841.12400", "2013-03-31": "689.84400", "2012-12-31": "624.96700", "2012-09-30": "680.23600", "2012-06-30": "596.10200", "2012-03-31": "553.70000", "2011-12-31": "499.11100", "2011-09-30": "366.03400", "2011-06-30": "388.31000", "2011-03-31": "356.38000", "2010-12-31": "357.50900", "2010-09-30": "", "2010-07-31": "395.96100", "2010-06-30": "", "2010-04-30": "329.20700", "2010-03-31": "318.65300", "2010-01-31": "382.55100", "2009-12-31": "", "2009-10-31": "", "2009-07-31": "376.34800", "2009-04-30": "300.98300", "2009-01-31": "348.40600", "2008-10-31": "", "2008-07-31": "426.98100", "2008-04-30": "501.77200", "2008-01-31": "310.96900", "2007-10-31": "", "2007-07-31": "305.78700", "2007-04-30": "278.34100", "2007-01-31": "258.12800", "2006-10-31": "", "2006-07-31": "300.04100", "2006-04-30": "258.48800", "2006-01-31": "181.35200", "2005-10-31": "", "2005-07-31": "202.60200", "2005-04-30": "198.03100", "2005-01-31": "289.68000"}, "Common Stock Net": {"2020-09-30": "1.37300", "2020-06-30": "1.36700", "2020-03-31": "1.35900", "2019-12-31": "1.35800", "2019-09-30": "1.35600", "2019-06-30": "1.35500", "2019-03-31": "1.34600", "2018-12-31": "1.34400", "2018-09-30": "1.34100", "2018-06-30": "1.33800", "2018-03-31": "1.32700", "2017-12-31": "1.32600", "2017-09-30": "1.30700", "2017-06-30": "1.23000", "2017-03-31": "1.19800", "2016-12-31": "1.18000", "2016-09-30": "1.04600", "2016-06-30": "1.04600", "2016-03-31": "1.03800", "2015-12-31": "1.04400", "2015-09-30": "1.04200", "2015-06-30": "1.04600", "2015-03-31": "1.04600", "2014-12-31": "1.04600", "2014-09-30": "1.04700", "2014-06-30": "1.04700", "2014-03-31": "1.05200", "2013-12-31": "1.04800", "2013-09-30": "1.04600", "2013-06-30": "0.94700", "2013-03-31": "0.93700", "2012-12-31": "0.93700", "2012-09-30": "0.92100", "2012-06-30": "0.91100", "2012-03-31": "0.90200", "2011-12-31": "0.90000", "2011-09-30": "0.86400", "2011-06-30": "0.86400", "2011-03-31": "0.86100", "2010-12-31": "0.84600", "2010-09-30": "", "2010-07-31": "0.84200", "2010-06-30": "", "2010-04-30": "0.84000", "2010-03-31": "0.84000", "2010-01-31": "0.83800", "2009-12-31": "", "2009-10-31": "", "2009-07-31": "0.79700", "2009-04-30": "0.78700", "2009-01-31": "0.78800", "2008-10-31": "", "2008-07-31": "0.77600", "2008-04-30": "0.77100", "2008-01-31": "0.76100", "2007-10-31": "", "2007-07-31": "0.74000", "2007-04-30": "0.73000", "2007-01-31": "0.72800", "2006-10-31": "", "2006-07-31": "0.72600", "2006-04-30": "0.72500", "2006-01-31": "0.71500", "2005-10-31": "", "2005-07-31": "0.71600", "2005-04-30": "0.47500", "2005-01-31": "0.46400"}, "Retained Earnings (Accumulated Deficit)": {"2020-09-30": "1469.91100", "2020-06-30": "1370.59000", "2020-03-31": "1282.08500", "2019-12-31": "1159.36300", "2019-09-30": "995.72100", "2019-06-30": "923.90600", "2019-03-31": "877.62600", "2018-12-31": "820.79600", "2018-09-30": "640.84900", "2018-06-30": "615.48200", "2018-03-31": "73.51600", "2017-12-31": "-17.31100", "2017-09-30": "-42.45100", "2017-06-30": "-39.64800", "2017-03-31": "-99.69400", "2016-12-31": "-198.97400", "2016-09-30": "-169.13200", "2016-06-30": "-205.56400", "2016-03-31": "-166.99700", "2015-12-31": "-213.39600", "2015-09-30": "-170.98300", "2015-06-30": "-225.71800", "2015-03-31": "-158.69500", "2014-12-31": "84.09600", "2014-09-30": "44.00300", "2014-06-30": "85.37200", "2014-03-31": "120.77500", "2013-12-31": "151.56200", "2013-09-30": "-426.86400", "2013-06-30": "-302.74400", "2013-03-31": "-240.83000", "2012-12-31": "-263.30300", "2012-09-30": "-334.66800", "2012-06-30": "-322.17700", "2012-03-31": "-211.33900", "2011-12-31": "-144.50300", "2011-09-30": "-158.60700", "2011-06-30": "-111.23600", "2011-03-31": "-102.52300", "2010-12-31": "-80.46900", "2010-09-30": "", "2010-07-31": "-133.37500", "2010-06-30": "", "2010-04-30": "-139.29500", "2010-03-31": "-150.98100", "2010-01-31": "-156.05300", "2009-12-31": "", "2009-10-31": "", "2009-07-31": "-97.66500", "2009-04-30": "-42.19300", "2009-01-31": "-32.11300", "2008-10-31": "", "2008-07-31": "33.22900", "2008-04-30": "-18.59700", "2008-01-31": "-116.81900", "2007-10-31": "", "2007-07-31": "-70.68400", "2007-04-30": "-12.13800", "2007-01-31": "39.11100", "2006-10-31": "", "2006-07-31": "74.67400", "2006-04-30": "208.38200", "2006-01-31": "258.75500", "2005-10-31": "", "2005-07-31": "268.68500", "2005-04-30": "297.46500", "2005-01-31": "305.65100"}, "Comprehensive Income": {"2020-09-30": "-34.82400", "2020-06-30": "-52.13100", "2020-03-31": "-58.37600", "2019-12-31": "-38.48700", "2019-09-30": "-54.46200", "2019-06-30": "-43.98800", "2019-03-31": "-37.18900", "2018-12-31": "-50.95400", "2018-09-30": "-37.19900", "2018-06-30": "-41.01500", "2018-03-31": "-15.73200", "2017-12-31": "-31.09500", "2017-09-30": "-28.47200", "2017-06-30": "-37.58200", "2017-03-31": "-47.14200", "2016-12-31": "-48.17500", "2016-09-30": "-42.87100", "2016-06-30": "-41.31900", "2016-03-31": "-37.89600", "2015-12-31": "-34.73500", "2015-09-30": "-29.34900", "2015-06-30": "-21.56300", "2015-03-31": "-30.62400", "2014-12-31": "-17.54300", "2014-09-30": "-5.41700", "2014-06-30": "6.09300", "2014-03-31": "2.11600", "2013-12-31": "2.21500", "2013-09-30": "2.62200", "2013-06-30": "-5.56000", "2013-03-31": "-4.57200", "2012-12-31": "7.30900", "2012-09-30": "7.22000", "2012-06-30": "-4.70600", "2012-03-31": "6.73300", "2011-12-31": "-1.56400", "2011-09-30": "1.21900", "2011-06-30": "10.72700", "2011-03-31": "10.45900", "2010-12-31": "0.15900", "2010-09-30": "", "2010-07-31": "-4.28600", "2010-06-30": "", "2010-04-30": "-2.27300", "2010-03-31": "-3.71300", "2010-01-31": "0.25200", "2009-12-31": "", "2009-10-31": "", "2009-07-31": "3.16700", "2009-04-30": "-19.26000", "2009-01-31": "-26.76300", "2008-10-31": "", "2008-07-31": "36.98700", "2008-04-30": "34.36000", "2008-01-31": "28.61200", "2007-10-31": "", "2007-07-31": "17.17700", "2007-04-30": "13.71200", "2007-01-31": "8.00300", "2006-10-31": "", "2006-07-31": "5.93200", "2006-04-30": "5.04100", "2006-01-31": "1.20300", "2005-10-31": "", "2005-07-31": "-1.06100", "2005-04-30": "4.63100", "2005-01-31": "7.79500"}, "Other Share Holders Equity": {"2020-09-30": "", "2020-06-30": "", "2020-03-31": "", "2019-12-31": "", "2019-09-30": "", "2019-06-30": "", "2019-03-31": "", "2018-12-31": "", "2018-09-30": "", "2018-06-30": "", "2018-03-31": "", "2017-12-31": "", "2017-09-30": "", "2017-06-30": "", "2017-03-31": "", "2016-12-31": "", "2016-09-30": "", "2016-06-30": "", "2016-03-31": "", "2015-12-31": "", "2015-09-30": "", "2015-06-30": "", "2015-03-31": "", "2014-12-31": "", "2014-09-30": "", "2014-06-30": "", "2014-03-31": "", "2013-12-31": "", "2013-09-30": "", "2013-06-30": "", "2013-03-31": "", "2012-12-31": "", "2012-09-30": "", "2012-06-30": "", "2012-03-31": "", "2011-12-31": "", "2011-09-30": "", "2011-06-30": "", "2011-03-31": "", "2010-12-31": "", "2010-09-30": "", "2010-07-31": "", "2010-06-30": "", "2010-04-30": "", "2010-03-31": "", "2010-01-31": "", "2009-12-31": "", "2009-10-31": "", "2009-07-31": "", "2009-04-30": "", "2009-01-31": "", "2008-10-31": "", "2008-07-31": "", "2008-04-30": "", "2008-01-31": "", "2007-10-31": "", "2007-07-31": "", "2007-04-30": "", "2007-01-31": "", "2006-10-31": "", "2006-07-31": "", "2006-04-30": "", "2006-01-31": "", "2005-10-31": "", "2005-07-31": "", "2005-04-30": "", "2005-01-31": ""}, "Share Holder Equity": {"2020-09-30": "2901.28200", "2020-06-30": "2651.02800", "2020-03-31": "2539.24400", "2019-12-31": "2402.03500", "2019-09-30": "2181.76300", "2019-06-30": "2086.32700", "2019-03-31": "2040.58000", "2018-12-31": "2027.46700", "2018-09-30": "1944.43900", "2018-06-30": "1852.20500", "2018-03-31": "1488.97000", "2017-12-31": "1400.82000", "2017-09-30": "1472.44600", "2017-06-30": "1099.75500", "2017-03-31": "1003.72800", "2016-12-31": "820.92100", "2016-09-30": "582.75300", "2016-06-30": "533.54000", "2016-03-31": "581.38500", "2015-12-31": "526.97400", "2015-09-30": "564.06500", "2015-06-30": "526.83900", "2015-03-31": "563.08800", "2014-12-31": "815.38900", "2014-09-30": "755.00900", "2014-06-30": "783.03700", "2014-03-31": "801.80600", "2013-12-31": "821.99900", "2013-09-30": "498.86200", "2013-06-30": "606.98100", "2013-03-31": "587.99500", "2012-12-31": "564.81400", "2012-09-30": "484.50900", "2012-06-30": "477.03500", "2012-03-31": "595.72700", "2011-12-31": "641.48500", "2011-09-30": "565.88200", "2011-06-30": "615.26700", "2011-03-31": "615.27900", "2010-12-31": "619.09000", "2010-09-30": "", "2010-07-31": "548.19800", "2010-06-30": "", "2010-04-30": "537.04600", "2010-03-31": "520.62300", "2010-01-31": "510.79300", "2009-12-31": "", "2009-10-31": "", "2009-07-31": "510.05000", "2009-04-30": "554.19600", "2009-01-31": "552.34300", "2008-10-31": "", "2008-07-31": "665.58100", "2008-04-30": "595.35600", "2008-01-31": "462.11600", "2007-10-31": "", "2007-07-31": "452.52600", "2007-04-30": "497.23800", "2007-01-31": "535.35800", "2006-10-31": "", "2006-07-31": "555.02700", "2006-04-30": "647.52900", "2006-01-31": "687.30100", "2005-10-31": "", "2005-07-31": "679.62000", "2005-04-30": "726.19000", "2005-01-31": "709.23200"}, "Total Liabilities And Share Holders Equity": {"2020-09-30": "5836.15400", "2020-06-30": "5369.24100", "2020-03-31": "4948.83200", "2019-12-31": "4879.63300", "2019-09-30": "4815.11100", "2019-06-30": "4366.22200", "2019-03-31": "4243.06500", "2018-12-31": "4387.16000", "2018-09-30": "3655.18900", "2018-06-30": "3456.00400", "2018-03-31": "3737.84100", "2017-12-31": "3682.61000", "2017-09-30": "3696.38000", "2017-06-30": "3219.57000", "2017-03-31": "3149.15400", "2016-12-31": "3089.09900", "2016-09-30": "2979.08000", "2016-06-30": "2538.72700", "2016-03-31": "2590.27700", "2015-12-31": "2585.00900", "2015-09-30": "2416.49900", "2015-06-30": "2352.60400", "2015-03-31": "2228.07300", "2014-12-31": "2253.81800", "2014-09-30": "1665.21200", "2014-06-30": "1607.73600", "2014-03-31": "1799.63000", "2013-12-31": "1985.35100", "2013-09-30": "2701.31400", "2013-06-30": "1448.10500", "2013-03-31": "1277.83900", "2012-12-31": "1189.78100", "2012-09-30": "1164.74500", "2012-06-30": "1073.13700", "2012-03-31": "1149.42700", "2011-12-31": "1140.59600", "2011-09-30": "931.91600", "2011-06-30": "1003.57700", "2011-03-31": "971.65900", "2010-12-31": "976.59900", "2010-09-30": "", "2010-07-31": "944.15900", "2010-06-30": "", "2010-04-30": "866.25300", "2010-03-31": "839.27600", "2010-01-31": "893.34400", "2009-12-31": "", "2009-10-31": "", "2009-07-31": "886.39800", "2009-04-30": "855.17900", "2009-01-31": "900.74900", "2008-10-31": "", "2008-07-31": "1092.56200", "2008-04-30": "1097.12800", "2008-01-31": "773.08500", "2007-10-31": "", "2007-07-31": "758.31300", "2007-04-30": "775.57900", "2007-01-31": "793.48600", "2006-10-31": "", "2006-07-31": "855.06800", "2006-04-30": "906.01700", "2006-01-31": "868.65300", "2005-10-31": "", "2005-07-31": "882.22200", "2005-04-30": "924.22100", "2005-01-31": "998.91200"}}, "cash flow statement": {"Net Income/Loss": {"2020-03-31": "404.45900", "2019-03-31": "333.83700", "2018-03-31": "173.53300", "2017-03-31": "67.30300", "2016-03-31": "-8.30200", "2015-03-31": "-279.47000", "2014-03-31": "361.60500", "2013-03-31": "-29.49100", "2012-03-31": "-108.81600", "2011-03-31": "48.45800", "2010-03-31": "-122.99500", "2009-10-31": "-140.45400", "2008-10-31": "97.09700", "2007-10-31": "-138.40600", "2006-10-31": "-184.88900", "2005-10-31": "35.31400"}, "Total Depreciation And Amortization - Cash Flow": {"2020-03-31": "236.54300", "2019-03-31": "264.91700", "2018-03-31": "160.58100", "2017-03-31": "281.80500", "2016-03-31": "188.45600", "2015-03-31": "178.54300", "2014-03-31": "307.19800", "2013-03-31": "269.26500", "2012-03-31": "177.06100", "2011-03-31": "171.36200", "2010-03-31": "135.84700", "2009-10-31": "127.08000", "2008-10-31": "170.33600", "2007-10-31": "36.07500", "2006-10-31": "52.50700", "2005-10-31": "33.85400"}, "Other Non-Cash Items": {"2020-03-31": "259.72800", "2019-03-31": "358.30300", "2018-03-31": "90.18300", "2017-03-31": "83.54900", "2016-03-31": "67.04300", "2015-03-31": "50.04900", "2014-03-31": "63.40300", "2013-03-31": "32.98100", "2012-03-31": "34.28800", "2011-03-31": "33.01600", "2010-03-31": "49.81900", "2009-10-31": "39.38200", "2008-10-31": "37.38300", "2007-10-31": "125.09900", "2006-10-31": "183.79000", "2005-10-31": "83.14400"}, "Total Non-Cash Items": {"2020-03-31": "496.27100", "2019-03-31": "623.22000", "2018-03-31": "250.76400", "2017-03-31": "365.35400", "2016-03-31": "255.49900", "2015-03-31": "228.59200", "2014-03-31": "370.60100", "2013-03-31": "302.24600", "2012-03-31": "211.34900", "2011-03-31": "204.37800", "2010-03-31": "185.66600", "2009-10-31": "166.46200", "2008-10-31": "207.71900", "2007-10-31": "161.17400", "2006-10-31": "236.29700", "2005-10-31": "116.99800"}, "Change In Accounts Receivable": {"2020-03-31": "-195.48400", "2019-03-31": "-98.07500", "2018-03-31": "-26.99800", "2017-03-31": "-41.95600", "2016-03-31": "49.34800", "2015-03-31": "-164.71700", "2014-03-31": "136.45300", "2013-03-31": "-144.56100", "2012-03-31": "39.18200", "2011-03-31": "-10.08200", "2010-03-31": "-3.33200", "2009-10-31": "-57.27500", "2008-10-31": "-50.39200", "2007-10-31": "39.15900", "2006-10-31": "56.65100", "2005-10-31": "81.91900"}, "Change In Inventories": {"2020-03-31": "8.48900", "2019-03-31": "-14.40300", "2018-03-31": "3.91700", "2017-03-31": "-4.94200", "2016-03-31": "3.80900", "2015-03-31": "9.72900", "2014-03-31": "0.43800", "2013-03-31": "-7.74100", "2012-03-31": "2.10100", "2011-03-31": "-0.09900", "2010-03-31": "5.58100", "2009-10-31": "11.79200", "2008-10-31": "-7.40300", "2007-10-31": "-10.20300", "2006-10-31": "40.70700", "2005-10-31": "18.09900"}, "Change In Accounts Payable": {"2020-03-31": "299.73300", "2019-03-31": "201.15200", "2018-03-31": "198.73300", "2017-03-31": "189.34400", "2016-03-31": "", "2015-03-31": "", "2014-03-31": "", "2013-03-31": "83.73400", "2012-03-31": "", "2011-03-31": "41.21700", "2010-03-31": "-5.31400", "2009-10-31": "13.72800", "2008-10-31": "36.67200", "2007-10-31": "26.37700", "2006-10-31": "66.66700", "2005-10-31": "-72.50600"}, "Change In Assets/Liabilities": {"2020-03-31": "-331.53100", "2019-03-31": "-202.80000", "2018-03-31": "-113.37500", "2017-03-31": "-163.79000", "2016-03-31": "-211.79900", "2015-03-31": "338.02700", "2014-03-31": "-362.85500", "2013-03-31": "-209.53200", "2012-03-31": "-190.26300", "2011-03-31": "-147.97700", "2010-03-31": "-196.09600", "2009-10-31": "-200.00100", "2008-10-31": "-136.80600", "2007-10-31": "-142.14600", "2006-10-31": "-172.07100", "2005-10-31": "-148.37800"}, "Total Change In Assets/Liabilities": {"2020-03-31": "-218.79300", "2019-03-31": "-114.12600", "2018-03-31": "62.27700", "2017-03-31": "-21.34400", "2016-03-31": "11.52000", "2015-03-31": "261.62410", "2014-03-31": "-31.73600", "2013-03-31": "-278.10000", "2012-03-31": "-188.72800", "2011-03-31": "-116.94100", "2010-03-31": "-199.16100", "2009-10-31": "-231.75600", "2008-10-31": "-157.92900", "2007-10-31": "-86.81300", "2006-10-31": "-8.04600", "2005-10-31": "-120.86600"}, "Cash Flow From Operating Activities": {"2020-03-31": "685.67800", "2019-03-31": "843.51500", "2018-03-31": "493.52700", "2017-03-31": "407.90300", "2016-03-31": "261.30500", "2015-03-31": "212.81400", "2014-03-31": "700.26200", "2013-03-31": "-4.56700", "2012-03-31": "-84.96400", "2011-03-31": "134.79800", "2010-03-31": "-135.70200", "2009-10-31": "-210.20400", "2008-10-31": "151.42600", "2007-10-31": "-64.04500", "2006-10-31": "43.36200", "2005-10-31": "39.98000"}, "Net Change In Property, Plant, And Equipment": {"2020-03-31": "-53.38400", "2019-03-31": "-66.96900", "2018-03-31": "-87.52200", "2017-03-31": "-21.16700", "2016-03-31": "-37.28000", "2015-03-31": "-49.50100", "2014-03-31": "-29.81300", "2013-03-31": "-16.82000", "2012-03-31": "-10.78600", "2011-03-31": "-9.65300", "2010-03-31": "-9.93300", "2009-10-31": "-11.17600", "2008-10-31": "-12.12300", "2007-10-31": "-21.59400", "2006-10-31": "-25.08400", "2005-10-31": "-29.03100"}, "Net Change In Intangible Assets": {"2020-03-31": "", "2019-03-31": "", "2018-03-31": "", "2017-03-31": "", "2016-03-31": "", "2015-03-31": "", "2014-03-31": "", "2013-03-31": "", "2012-03-31": "2.20000", "2011-03-31": "", "2010-03-31": "", "2009-10-31": "", "2008-10-31": "", "2007-10-31": "", "2006-10-31": "", "2005-10-31": "-24.25000"}, "Net Acquisitions/Divestitures": {"2020-03-31": "-12.04000", "2019-03-31": "-28.14900", "2018-03-31": "-9.40100", "2017-03-31": "-130.66900", "2016-03-31": "", "2015-03-31": "", "2014-03-31": "", "2013-03-31": "", "2012-03-31": "-1.47500", "2011-03-31": "3.07500", "2010-03-31": "39.76200", "2009-10-31": "", "2008-10-31": "2.84600", "2007-10-31": "-3.01700", "2006-10-31": "-0.19100", "2005-10-31": "-37.75300"}, "Net Change In Short-term Investments": {"2020-03-31": "-99.35600", "2019-03-31": "42.59900", "2018-03-31": "-128.98600", "2017-03-31": "-65.73500", "2016-03-31": "-107.18700", "2015-03-31": "-100.11600", "2014-03-31": "", "2013-03-31": "0.00000", "2012-03-31": "", "2011-03-31": "", "2010-03-31": "", "2009-10-31": "", "2008-10-31": "", "2007-10-31": "", "2006-10-31": "", "2005-10-31": ""}, "Net Change In Long-Term Investments": {"2020-03-31": "168.82900", "2019-03-31": "-171.05700", "2018-03-31": "-45.91800", "2017-03-31": "88.54100", "2016-03-31": "-179.70000", "2015-03-31": "-70.52400", "2014-03-31": "", "2013-03-31": "", "2012-03-31": "", "2011-03-31": "", "2010-03-31": "", "2009-10-31": "", "2008-10-31": "", "2007-10-31": "", "2006-10-31": "", "2005-10-31": ""}, "Net Change In Investments - Total": {"2020-03-31": "69.47300", "2019-03-31": "-128.45800", "2018-03-31": "-174.90400", "2017-03-31": "22.80600", "2016-03-31": "-286.88700", "2015-03-31": "-170.64000", "2014-03-31": "", "2013-03-31": "", "2012-03-31": "", "2011-03-31": "", "2010-03-31": "", "2009-10-31": "", "2008-10-31": "", "2007-10-31": "", "2006-10-31": "", "2005-10-31": ""}, "Investing Activities - Other": {"2020-03-31": "", "2019-03-31": "", "2018-03-31": "", "2017-03-31": "", "2016-03-31": "-0.34900", "2015-03-31": "", "2014-03-31": "-1.00000", "2013-03-31": "", "2012-03-31": "-4.10100", "2011-03-31": "-1.00000", "2010-03-31": "-6.80400", "2009-10-31": "-5.81300", "2008-10-31": "-7.50300", "2007-10-31": "", "2006-10-31": "", "2005-10-31": ""}, "Cash Flow From Investing Activities": {"2020-03-31": "4.04900", "2019-03-31": "-223.57600", "2018-03-31": "-271.82700", "2017-03-31": "-129.03000", "2016-03-31": "-324.51600", "2015-03-31": "-220.14100", "2014-03-31": "-30.81300", "2013-03-31": "-16.82000", "2012-03-31": "-14.16200", "2011-03-31": "-7.57800", "2010-03-31": "23.02500", "2009-10-31": "-16.98900", "2008-10-31": "-16.78000", "2007-10-31": "-24.61100", "2006-10-31": "-25.27500", "2005-10-31": "-91.03400"}, "Net Long-Term Debt": {"2020-03-31": "", "2019-03-31": "", "2018-03-31": "", "2017-03-31": "", "2016-03-31": "", "2015-03-31": "", "2014-03-31": "145.96700", "2013-03-31": "", "2012-03-31": "250.00000", "2011-03-31": "", "2010-03-31": "94.40800", "2009-10-31": "94.40800", "2008-10-31": "", "2007-10-31": "", "2006-10-31": "", "2005-10-31": ""}, "Net Current Debt": {"2020-03-31": "", "2019-03-31": "", "2018-03-31": "", "2017-03-31": "", "2016-03-31": "", "2015-03-31": "", "2014-03-31": "", "2013-03-31": "", "2012-03-31": "", "2011-03-31": "", "2010-03-31": "-70.00000", "2009-10-31": "-70.00000", "2008-10-31": "52.00000", "2007-10-31": "18.00000", "2006-10-31": "", "2005-10-31": ""}, "Debt Issuance/Retirement Net - Total": {"2020-03-31": "", "2019-03-31": "", "2018-03-31": "", "2017-03-31": "", "2016-03-31": "", "2015-03-31": "", "2014-03-31": "145.96700", "2013-03-31": "", "2012-03-31": "250.00000", "2011-03-31": "", "2010-03-31": "24.40800", "2009-10-31": "24.40800", "2008-10-31": "52.00000", "2007-10-31": "18.00000", "2006-10-31": "", "2005-10-31": ""}, "Net Common Equity Issued/Repurchased": {"2020-03-31": "10.51500", "2019-03-31": "-362.39200", "2018-03-31": "-154.79200", "2017-03-31": "", "2016-03-31": "-26.55200", "2015-03-31": "", "2014-03-31": "-276.83600", "2013-03-31": "", "2012-03-31": "0.23900", "2011-03-31": "0.73400", "2010-03-31": "26.36000", "2009-10-31": "26.36400", "2008-10-31": "25.96200", "2007-10-31": "9.50300", "2006-10-31": "2.80800", "2005-10-31": "6.29400"}, "Net Total Equity Issued/Repurchased": {"2020-03-31": "10.51500", "2019-03-31": "-362.39200", "2018-03-31": "-154.79200", "2017-03-31": "", "2016-03-31": "-26.55200", "2015-03-31": "", "2014-03-31": "-276.83600", "2013-03-31": "", "2012-03-31": "0.23900", "2011-03-31": "0.73400", "2010-03-31": "26.36000", "2009-10-31": "26.36400", "2008-10-31": "25.96200", "2007-10-31": "9.50300", "2006-10-31": "2.80800", "2005-10-31": "6.29400"}, "Total Common And Preferred Stock Dividends Paid": {"2020-03-31": "", "2019-03-31": "", "2018-03-31": "", "2017-03-31": "", "2016-03-31": "", "2015-03-31": "", "2014-03-31": "", "2013-03-31": "", "2012-03-31": "", "2011-03-31": "", "2010-03-31": "", "2009-10-31": "", "2008-10-31": "", "2007-10-31": "", "2006-10-31": "", "2005-10-31": ""}, "Financial Activities - Other": {"2020-03-31": "-87.96800", "2019-03-31": "-101.29300", "2018-03-31": "-126.67500", "2017-03-31": "-49.77200", "2016-03-31": "-21.49500", "2015-03-31": "0.92800", "2014-03-31": "-2.81500", "2013-03-31": "", "2012-03-31": "-6.87500", "2011-03-31": "", "2010-03-31": "-4.98400", "2009-10-31": "-4.98400", "2008-10-31": "-0.96200", "2007-10-31": "-1.80900", "2006-10-31": "0.16300", "2005-10-31": "-0.07100"}, "Cash Flow From Financial Activities": {"2020-03-31": "-77.45300", "2019-03-31": "-463.68500", "2018-03-31": "-281.46700", "2017-03-31": "-49.77200", "2016-03-31": "-48.04700", "2015-03-31": "0.92800", "2014-03-31": "-133.68400", "2013-03-31": "", "2012-03-31": "243.36400", "2011-03-31": "0.73400", "2010-03-31": "45.78400", "2009-10-31": "45.78800", "2008-10-31": "77.00000", "2007-10-31": "25.69400", "2006-10-31": "2.97100", "2005-10-31": "6.22300"}, "Net Cash Flow": {"2020-03-31": "601.40600", "2019-03-31": "145.61500", "2018-03-31": "-34.84300", "2017-03-31": "221.30300", "2016-03-31": "-112.37800", "2015-03-31": "-24.28000", "2014-03-31": "532.89800", "2013-03-31": "-17.77700", "2012-03-31": "139.92000", "2011-03-31": "134.52100", "2010-03-31": "-58.30000", "2009-10-31": "-178.19400", "2008-10-31": "202.52000", "2007-10-31": "-54.72300", "2006-10-31": "25.28500", "2005-10-31": "-47.90000"}, "Stock-Based Compensation": {"2020-03-31": "257.88100", "2019-03-31": "247.70000", "2018-03-31": "116.34900", "2017-03-31": "81.87900", "2016-03-31": "69.99600", "2015-03-31": "65.24600", "2014-03-31": "78.11800", "2013-03-31": "35.76500", "2012-03-31": "33.49400", "2011-03-31": "28.76500", "2010-03-31": "26.50300", "2009-10-31": "25.93300", "2008-10-31": "40.38700", "2007-10-31": "17.32900", "2006-10-31": "21.93100", "2005-10-31": "16.14100"}, "Common Stock Dividends Paid": {"2020-03-31": "", "2019-03-31": "", "2018-03-31": "", "2017-03-31": "", "2016-03-31": "", "2015-03-31": "", "2014-03-31": "", "2013-03-31": "", "2012-03-31": "", "2011-03-31": "", "2010-03-31": "", "2009-10-31": "", "2008-10-31": "", "2007-10-31": "", "2006-10-31": "", "2005-10-31": ""}}, "cash flow statement, quarterly": {"Net Income/Loss": {"2020-09-30": 99.321, "2020-06-30": "88.50500", "2020-03-31": 122.722, "2019-12-31": 163.642, "2019-09-30": 71.815, "2019-06-30": "46.28000", "2019-03-31": 56.83, "2018-12-31": 179.947, "2018-09-30": 25.367, "2018-06-30": "71.69300", "2018-03-31": 90.853, "2017-12-31": 25.14, "2017-09-30": -2.736, "2017-06-30": "60.27600", "2017-03-31": 99.28, "2016-12-31": -29.842, "2016-09-30": 36.432, "2016-06-30": "-38.56700", "2016-03-31": 46.399, "2015-12-31": -42.413, "2015-09-30": 54.735, "2015-06-30": "-67.02300", "2015-03-31": -242.791, "2014-12-31": 40.093, "2014-09-30": -41.369, "2014-06-30": "-35.40300", "2014-03-31": -30.787, "2013-12-31": 578.426, "2013-09-30": -124.12, "2013-06-30": "-61.91400", "2013-03-31": 22.473, "2012-12-31": 71.365, "2012-09-30": -12.491, "2012-06-30": "-110.83800", "2012-03-31": -66.836, "2011-12-31": 14.104, "2011-09-30": -47.371, "2011-06-30": "-8.71300", "2011-03-31": -22.054, "2010-12-31": 40.859, "2010-09-30": 40.849, "2010-07-31": -37.51, "2010-06-30": "26.31400", "2010-04-30": "-17.11600", "2010-03-31": -89.121, "2010-01-31": 79.277, "2009-12-31": -113.151, "2009-10-31": 116.932, "2009-07-31": -56.464, "2009-04-30": "-60.46800", "2009-01-31": -50.388, "2008-10-31": -112.051, "2008-07-31": 51.826, "2008-04-30": "60.22500", "2008-01-31": -37.997, "2007-10-31": 131.343, "2007-07-31": -58.546, "2007-04-30": "-72.79700", "2007-01-31": -21.548, "2006-10-31": 170.874, "2006-07-31": -91.379, "2006-04-30": "-79.49500", "2006-01-31": -29.122, "2005-10-31": -16.453, "2005-07-31": -30.61, "2005-04-30": "47.06300", "2005-01-31": 55.249}, "Total Depreciation And Amortization - Cash Flow": {"2020-09-30": 55.566, "2020-06-30": "74.72500", "2020-03-31": 69.493, "2019-12-31": 60.881, "2019-09-30": 58.977, "2019-06-30": "47.19200", "2019-03-31": 58.196, "2018-12-31": 155.427, "2018-09-30": 28.445, "2018-06-30": "22.84900", "2018-03-31": 32.665, "2017-12-31": 42.002, "2017-09-30": 46.359, "2017-06-30": "39.55500", "2017-03-31": 109.111, "2016-12-31": 80.606, "2016-09-30": 37.197, "2016-06-30": "54.89100", "2016-03-31": 65.143, "2015-12-31": 56.17, "2015-09-30": 30.821, "2015-06-30": "36.32200", "2015-03-31": 55.683, "2014-12-31": 91.494, "2014-09-30": 14.05, "2014-06-30": "17.31600", "2014-03-31": 22.74, "2013-12-31": 177.465, "2013-09-30": 54.716, "2013-06-30": "52.27700", "2013-03-31": 49.948, "2012-12-31": 56.552, "2012-09-30": 55.245, "2012-06-30": "107.52000", "2012-03-31": 41.233, "2011-12-31": 39.536, "2011-09-30": 17.966, "2011-06-30": "78.32600", "2011-03-31": 27.571, "2010-12-31": 37.675, "2010-09-30": -18.482, "2010-07-31": 65.084, "2010-06-30": "59.51400", "2010-04-30": "63.05900", "2010-03-31": 110.792, "2010-01-31": -60.529, "2009-12-31": 85.584, "2009-10-31": -76.692, "2009-07-31": 20.194, "2009-04-30": "56.49800", "2009-01-31": 25.264, "2008-10-31": -126.323, "2008-07-31": 47.317, "2008-04-30": "79.00600", "2008-01-31": 25.341, "2007-10-31": -107.341, "2007-07-31": 44.949, "2007-04-30": "62.39200", "2007-01-31": 26.421, "2006-10-31": -149.095, "2006-07-31": 41.742, "2006-04-30": "107.35300", "2006-01-31": 36.254, "2005-10-31": -63.738, "2005-07-31": 9.615, "2005-04-30": "54.12300", "2005-01-31": 27.567}, "Other Non-Cash Items": {"2020-09-30": 45.308, "2020-06-30": "53.41100", "2020-03-31": 83.13, "2019-12-31": 63.399, "2019-09-30": 55.767, "2019-06-30": "57.43200", "2019-03-31": 179.694, "2018-12-31": 123.668, "2018-09-30": 30.343, "2018-06-30": "24.59800", "2018-03-31": -12.33, "2017-12-31": 12.314, "2017-09-30": 67.231, "2017-06-30": "22.96800", "2017-03-31": 28.128, "2016-12-31": 22.088, "2016-09-30": 18.233, "2016-06-30": "15.10000", "2016-03-31": 12.899, "2015-12-31": 18.67, "2015-09-30": 16.388, "2015-06-30": "19.08600", "2015-03-31": 14.41, "2014-12-31": 30.17, "2014-09-30": -4.51, "2014-06-30": "9.97900", "2014-03-31": 5.67, "2013-12-31": 36.964, "2013-09-30": 12.881, "2013-06-30": "7.88800", "2013-03-31": 10.547, "2012-12-31": 8.226, "2012-09-30": 7.136, "2012-06-30": "7.07200", "2012-03-31": 10.54, "2011-12-31": 10.884, "2011-09-30": 4.722, "2011-06-30": "8.14200", "2011-03-31": 2.187, "2010-12-31": 7.368, "2010-09-30": -10.661, "2010-07-31": 21.853, "2010-06-30": "12.26900", "2010-04-30": "16.00500", "2010-03-31": 43.414, "2010-01-31": -37.804, "2009-12-31": 44.209, "2009-10-31": -9.983, "2009-07-31": 2.418, "2009-04-30": "7.56500", "2009-01-31": 2.545, "2008-10-31": -32.364, "2008-07-31": 14.341, "2008-04-30": "18.02300", "2008-01-31": 4.579, "2007-10-31": -11.59, "2007-07-31": 2.874, "2007-04-30": "8.71600", "2007-01-31": 3.308, "2006-10-31": -174.723, "2006-07-31": 96.162, "2006-04-30": "78.56100", "2006-01-31": 61.855, "2005-10-31": -27.359, "2005-07-31": -0.875, "2005-04-30": "28.23400", "2005-01-31": 57.906}, "Total Non-Cash Items": {"2020-09-30": 100.874, "2020-06-30": "128.13600", "2020-03-31": 152.623, "2019-12-31": 124.28, "2019-09-30": 114.744, "2019-06-30": "104.62400", "2019-03-31": 237.89, "2018-12-31": 279.095, "2018-09-30": 58.788, "2018-06-30": "47.44700", "2018-03-31": 20.335, "2017-12-31": 54.316, "2017-09-30": 113.59, "2017-06-30": "62.52300", "2017-03-31": 137.239, "2016-12-31": 102.694, "2016-09-30": 55.43, "2016-06-30": "69.99100", "2016-03-31": 78.042, "2015-12-31": 74.84, "2015-09-30": 47.209, "2015-06-30": "55.40800", "2015-03-31": 70.093, "2014-12-31": 121.664, "2014-09-30": 9.54, "2014-06-30": "27.29500", "2014-03-31": 28.41, "2013-12-31": 214.429, "2013-09-30": 67.597, "2013-06-30": "60.16500", "2013-03-31": 60.495, "2012-12-31": 64.778, "2012-09-30": 62.381, "2012-06-30": "114.59200", "2012-03-31": 51.773, "2011-12-31": 50.42, "2011-09-30": 22.688, "2011-06-30": "86.46800", "2011-03-31": 29.758, "2010-12-31": 45.043, "2010-09-30": -29.143, "2010-07-31": 86.937, "2010-06-30": "71.78300", "2010-04-30": "79.06400", "2010-03-31": 154.206, "2010-01-31": -98.333, "2009-12-31": 129.793, "2009-10-31": -86.675, "2009-07-31": 22.612, "2009-04-30": "64.06300", "2009-01-31": 27.809, "2008-10-31": -158.687, "2008-07-31": 61.658, "2008-04-30": "97.02900", "2008-01-31": 29.92, "2007-10-31": -118.931, "2007-07-31": 47.823, "2007-04-30": "71.10800", "2007-01-31": 29.729, "2006-10-31": -323.818, "2006-07-31": 137.904, "2006-04-30": "185.91400", "2006-01-31": 98.109, "2005-10-31": -91.097, "2005-07-31": 8.74, "2005-04-30": "82.35700", "2005-01-31": 85.473}, "Change In Accounts Receivable": {"2020-09-30": -97.631, "2020-06-30": "-91.84600", "2020-03-31": 54.225, "2019-12-31": 213.31, "2019-09-30": -507.06, "2019-06-30": "44.04100", "2019-03-31": 427.906, "2018-12-31": -292.745, "2018-09-30": -294.591, "2018-06-30": "61.35500", "2018-03-31": 179.086, "2017-12-31": 3.114, "2017-09-30": -199.904, "2017-06-30": "-9.29400", "2017-03-31": 118.139, "2016-12-31": 51.937, "2016-09-30": -240.258, "2016-06-30": "28.22600", "2016-03-31": 95.575, "2015-12-31": -23.559, "2015-09-30": -109.866, "2015-06-30": "87.19800", "2015-03-31": 217.849, "2014-12-31": -410.282, "2014-09-30": 17.738, "2014-06-30": "9.97800", "2014-03-31": 136.376, "2013-12-31": 821.872, "2013-09-30": -976.189, "2013-06-30": "154.39400", "2013-03-31": -95.355, "2012-12-31": 60.71, "2012-09-30": -83.244, "2012-06-30": "-26.67200", "2012-03-31": 8.239, "2011-12-31": -33.702, "2011-09-30": 127.122, "2011-06-30": "-62.47700", "2011-03-31": -0.372, "2010-12-31": 20.805, "2010-09-30": -115.354, "2010-07-31": 188.01, "2010-06-30": "-103.17100", "2010-04-30": "141.77000", "2010-03-31": -139.334, "2010-01-31": 163.42, "2009-12-31": -27.418, "2009-10-31": -55.167, "2009-07-31": -18.161, "2009-04-30": "73.32800", "2009-01-31": 78.891, "2008-10-31": 1.417, "2008-07-31": 256.411, "2008-04-30": "-257.82800", "2008-01-31": 42.42, "2007-10-31": -48.273, "2007-07-31": -27.984, "2007-04-30": "76.25700", "2007-01-31": 63.891, "2006-10-31": 25.351, "2006-07-31": -0.809, "2006-04-30": "-24.54200", "2006-01-31": 55.67, "2005-10-31": -234.162, "2005-07-31": 71.703, "2005-04-30": "162.45900", "2005-01-31": 115.63}, "Change In Inventories": {"2020-09-30": -7.135, "2020-06-30": "-0.13100", "2020-03-31": 4.801, "2019-12-31": 15.752, "2019-09-30": -16.093, "2019-06-30": "4.02900", "2019-03-31": 11.949, "2018-12-31": -0.427, "2018-09-30": -29.617, "2018-06-30": "3.69200", "2018-03-31": 16.893, "2017-12-31": 5.745, "2017-09-30": -24.172, "2017-06-30": "5.45100", "2017-03-31": 10.934, "2016-12-31": 46.679, "2016-09-30": -65.251, "2016-06-30": "2.69600", "2016-03-31": 4.183, "2015-12-31": 3.381, "2015-09-30": -12.096, "2015-06-30": "8.34100", "2015-03-31": 4.566, "2014-12-31": 31.331, "2014-09-30": -32.801, "2014-06-30": "6.63300", "2014-03-31": 15.255, "2013-12-31": 38.998, "2013-09-30": -56.181, "2013-06-30": "2.36600", "2013-03-31": -0.531, "2012-12-31": 30.881, "2012-09-30": -32.581, "2012-06-30": "-5.51000", "2012-03-31": 0.039, "2011-12-31": 22.561, "2011-09-30": -19.136, "2011-06-30": "-1.36300", "2011-03-31": 4.014, "2010-12-31": 17.293, "2010-09-30": -26.511, "2010-07-31": 5.055, "2010-06-30": "0.05000", "2010-04-30": "1.61100", "2010-03-31": 29.556, "2010-01-31": -29.009, "2009-12-31": 5.034, "2009-10-31": -22.984, "2009-07-31": 9.217, "2009-04-30": "13.76700", "2009-01-31": 13.961, "2008-10-31": -27.757, "2008-07-31": 20.247, "2008-04-30": "7.51000", "2008-01-31": 16.844, "2007-10-31": -19.73, "2007-07-31": 4.438, "2007-04-30": "15.29200", "2007-01-31": 13.326, "2006-10-31": -53.006, "2006-07-31": 7.658, "2006-04-30": "45.34800", "2006-01-31": 29.094, "2005-10-31": -49.509, "2005-07-31": 11.662, "2005-04-30": "37.84700", "2005-01-31": 20.363}, "Change In Accounts Payable": {"2020-09-30": 182.083, "2020-06-30": "", "2020-03-31": 299.733, "2019-12-31": -379.005, "2019-09-30": 379.005, "2019-06-30": "", "2019-03-31": 201.152, "2018-12-31": 0, "2018-09-30": 29.597, "2018-06-30": "-29.59700", "2018-03-31": 34.647, "2017-12-31": 164.086, "2017-09-30": -71.281, "2017-06-30": "71.28100", "2017-03-31": -40.723, "2016-12-31": 230.067, "2016-09-30": -36.394, "2016-06-30": "36.39400", "2016-03-31": -190.557, "2015-12-31": 133.396, "2015-09-30": 57.161, "2015-06-30": "", "2015-03-31": 0, "2014-12-31": 0, "2014-09-30": 0, "2014-06-30": "", "2014-03-31": -345.174, "2013-12-31": 61.856, "2013-09-30": 375.901, "2013-06-30": "-92.58300", "2013-03-31": 36.662, "2012-12-31": 47.072, "2012-09-30": -29.484, "2012-06-30": "29.48400", "2012-03-31": 59.574, "2011-12-31": -51.753, "2011-09-30": -35.983, "2011-06-30": "28.16200", "2011-03-31": -0.846, "2010-12-31": -36.188, "2010-09-30": 106.194, "2010-07-31": -110.665, "2010-06-30": "82.72200", "2010-04-30": "-92.29100", "2010-03-31": 57.83, "2010-01-31": -89.061, "2009-12-31": 25.917, "2009-10-31": 99.536, "2009-07-31": -0.963, "2009-04-30": "-98.57300", "2009-01-31": -78.83, "2008-10-31": -80.421, "2008-07-31": -53.883, "2008-04-30": "134.30400", "2008-01-31": -74.08, "2007-10-31": 27.551, "2007-07-31": -27.551, "2007-04-30": "", "2007-01-31": -60.391, "2006-10-31": -48.435, "2006-07-31": 48.435, "2006-04-30": "", "2006-01-31": 0, "2005-10-31": 87.616, "2005-07-31": -11.142, "2005-04-30": "-76.47400", "2005-01-31": -78.421}, "Change In Assets/Liabilities": {"2020-09-30": 47.737, "2020-06-30": "179.46300", "2020-03-31": -128.272, "2019-12-31": -101.707, "2019-09-30": 86.789, "2019-06-30": "-188.34100", "2019-03-31": -193.216, "2018-12-31": 110.637, "2018-09-30": 42.572, "2018-06-30": "-162.79300", "2018-03-31": -92.881, "2017-12-31": 100.554, "2017-09-30": 9.63, "2017-06-30": "-130.67800", "2017-03-31": -156.762, "2016-12-31": 193.358, "2016-09-30": -57.569, "2016-06-30": "-142.81700", "2016-03-31": -131.337, "2015-12-31": 21.693, "2015-09-30": -71.162, "2015-06-30": "-30.99300", "2015-03-31": -10.385, "2014-12-31": 297.334, "2014-09-30": -61.713, "2014-06-30": "112.79100", "2014-03-31": -29.045, "2013-12-31": -1118.33, "2013-09-30": 840.489, "2013-06-30": "-55.96900", "2013-03-31": -69.816, "2012-12-31": -55.324, "2012-09-30": -30.239, "2012-06-30": "-54.15300", "2012-03-31": -39.728, "2011-12-31": -50.815, "2011-09-30": -29.487, "2011-06-30": "-70.23300", "2011-03-31": -30.301, "2010-12-31": 1.604, "2010-09-30": -3.639, "2010-07-31": -73.949, "2010-06-30": "-41.69200", "2010-04-30": "-77.30600", "2010-03-31": -150.756, "2010-01-31": 138.495, "2009-12-31": -183.835, "2009-10-31": 92.012, "2009-07-31": -10.702, "2009-04-30": "-81.31000", "2009-01-31": -44.411, "2008-10-31": 109.651, "2008-07-31": -54.687, "2008-04-30": "-54.96400", "2008-01-31": -16.472, "2007-10-31": 100.795, "2007-07-31": -39.356, "2007-04-30": "-61.43900", "2007-01-31": -12.884, "2006-10-31": 144.672, "2006-07-31": -69.751, "2006-04-30": "-74.92100", "2006-01-31": -57.193, "2005-10-31": 138.267, "2005-07-31": -61.871, "2005-04-30": "-76.39600", "2005-01-31": -17.775}, "Total Change In Assets/Liabilities": {"2020-09-30": -19.166, "2020-06-30": "231.70600", "2020-03-31": -31.574, "2019-12-31": 10.411, "2019-09-30": -153.94, "2019-06-30": "-43.69000", "2019-03-31": 154.1, "2018-12-31": 139.49, "2018-09-30": -280.373, "2018-06-30": "-127.34300", "2018-03-31": 137.745, "2017-12-31": 27.027, "2017-09-30": -39.255, "2017-06-30": "-63.24000", "2017-03-31": -68.412, "2016-12-31": 218.251, "2016-09-30": -95.682, "2016-06-30": "-75.50100", "2016-03-31": -51.974, "2015-12-31": 134.911, "2015-09-30": -188.331, "2015-06-30": "116.91400", "2015-03-31": 325.1801, "2014-12-31": 28.51, "2014-09-30": -12.524, "2014-06-30": "-79.54200", "2014-03-31": -28.36, "2013-12-31": -195.604, "2013-09-30": 184.02, "2013-06-30": "8.20800", "2013-03-31": -129.04, "2012-12-31": -12.736, "2012-09-30": -79.473, "2012-06-30": "-56.85100", "2012-03-31": -15.749, "2011-12-31": -109.584, "2011-09-30": 42.516, "2011-06-30": "-105.91100", "2011-03-31": -27.505, "2010-12-31": 3.514, "2010-09-30": -39.31, "2010-07-31": 8.451, "2010-06-30": "-62.09100", "2010-04-30": "-26.21600", "2010-03-31": -202.704, "2010-01-31": 183.845, "2009-12-31": -180.302, "2009-10-31": 113.397, "2009-07-31": -20.609, "2009-04-30": "-92.78800", "2009-01-31": -30.389, "2008-10-31": 2.89, "2008-07-31": 168.088, "2008-04-30": "-170.97800", "2008-01-31": -31.288, "2007-10-31": 60.343, "2007-07-31": -47.992, "2007-04-30": "-12.35100", "2007-01-31": 3.942, "2006-10-31": 68.582, "2006-07-31": -4.806, "2006-04-30": "-63.77600", "2006-01-31": -29.528, "2005-10-31": -16.445, "2005-07-31": 47.246, "2005-04-30": "-30.80100", "2005-01-31": 48.754}, "Cash Flow From Operating Activities": {"2020-09-30": 181.322, "2020-06-30": "445.42300", "2020-03-31": 245.703, "2019-12-31": 295.817, "2019-09-30": 35.623, "2019-06-30": "108.53500", "2019-03-31": 453.316, "2018-12-31": 596.234, "2018-09-30": -194.852, "2018-06-30": "-11.18300", "2018-03-31": 252.454, "2017-12-31": 108.721, "2017-09-30": 82.462, "2017-06-30": "49.89000", "2017-03-31": 168.301, "2016-12-31": 290.411, "2016-09-30": -3.561, "2016-06-30": "-47.24800", "2016-03-31": 72.482, "2015-12-31": 168.809, "2015-09-30": -85.468, "2015-06-30": "105.48200", "2015-03-31": 152.288, "2014-12-31": 192.348, "2014-09-30": -44.306, "2014-06-30": "-87.51600", "2014-03-31": -30.531, "2013-12-31": 595.672, "2013-09-30": 127.92, "2013-06-30": "7.20100", "2013-03-31": -46.029, "2012-12-31": 123.78, "2012-09-30": -29.802, "2012-06-30": "-52.51600", "2012-03-31": -30.359, "2011-12-31": -44.373, "2011-09-30": 18.174, "2011-06-30": "-28.40600", "2011-03-31": -20.373, "2010-12-31": 89.924, "2010-09-30": -30.587, "2010-07-31": 58.701, "2010-06-30": "37.13300", "2010-04-30": "40.98800", "2010-03-31": -139.731, "2010-01-31": 166.92, "2009-12-31": -162.891, "2009-10-31": 146.76, "2009-07-31": -54.016, "2009-04-30": "-92.74400", "2009-01-31": -56.809, "2008-10-31": -267.848, "2008-07-31": 281.572, "2008-04-30": "-13.72400", "2008-01-31": -39.365, "2007-10-31": 72.755, "2007-07-31": -58.715, "2007-04-30": "-14.04000", "2007-01-31": 12.123, "2006-10-31": -84.362, "2006-07-31": 41.719, "2006-04-30": "42.64300", "2006-01-31": 39.459, "2005-10-31": -111.939, "2005-07-31": 13.32, "2005-04-30": "98.61900", "2005-01-31": 189.476}, "Net Change In Property, Plant, And Equipment": {"2020-09-30": -16.116, "2020-06-30": "-8.90500", "2020-03-31": -18.594, "2019-12-31": -9.258, "2019-09-30": -15.561, "2019-06-30": "-9.97100", "2019-03-31": -23.323, "2018-12-31": -14.502, "2018-09-30": -14.855, "2018-06-30": "-14.28900", "2018-03-31": -14.079, "2017-12-31": -14.761, "2017-09-30": -17.209, "2017-06-30": "-41.47300", "2017-03-31": -6.798, "2016-12-31": -6.086, "2016-09-30": -4.053, "2016-06-30": "-4.23000", "2016-03-31": -8.701, "2015-12-31": -2.786, "2015-09-30": -7.024, "2015-06-30": "-18.76900", "2015-03-31": -12.922, "2014-12-31": -13.525, "2014-09-30": -14.662, "2014-06-30": "-8.39200", "2014-03-31": -6.358, "2013-12-31": -8.003, "2013-09-30": -7.458, "2013-06-30": "-7.99400", "2013-03-31": -4.503, "2012-12-31": -4.296, "2012-09-30": -4.731, "2012-06-30": "-3.29000", "2012-03-31": -2.802, "2011-12-31": -3.204, "2011-09-30": -2.38, "2011-06-30": "-2.40000", "2011-03-31": -1.407, "2010-12-31": -2.572, "2010-09-30": 0.877, "2010-07-31": -4.372, "2010-06-30": "-2.17900", "2010-04-30": "-3.74300", "2010-03-31": -8.113, "2010-01-31": 7.758, "2009-12-31": -9.578, "2009-10-31": 7.788, "2009-07-31": -2.221, "2009-04-30": "-5.56700", "2009-01-31": -2.198, "2008-10-31": 9.026, "2008-07-31": -4.028, "2008-04-30": "-4.99800", "2008-01-31": -1.37, "2007-10-31": 16.629, "2007-07-31": -3.539, "2007-04-30": "-13.09000", "2007-01-31": -7.742, "2006-10-31": 18.6, "2006-07-31": -5.591, "2006-04-30": "-13.00900", "2006-01-31": -6.456, "2005-10-31": 22.456, "2005-07-31": -7.919, "2005-04-30": "-14.53700", "2005-01-31": -5.651}, "Net Change In Intangible Assets": {"2020-09-30": 0, "2020-06-30": "", "2020-03-31": 0, "2019-12-31": 0, "2019-09-30": 0, "2019-06-30": "", "2019-03-31": 0, "2018-12-31": 0, "2018-09-30": 0, "2018-06-30": "", "2018-03-31": 0, "2017-12-31": 0, "2017-09-30": 0, "2017-06-30": "", "2017-03-31": 0, "2016-12-31": 0, "2016-09-30": 0, "2016-06-30": "", "2016-03-31": 0, "2015-12-31": 0, "2015-09-30": 0, "2015-06-30": "", "2015-03-31": 0, "2014-12-31": 0, "2014-09-30": 0, "2014-06-30": "", "2014-03-31": 0, "2013-12-31": 0, "2013-09-30": 0, "2013-06-30": "", "2013-03-31": 0, "2012-12-31": 0, "2012-09-30": 0, "2012-06-30": "", "2012-03-31": 2.2, "2011-12-31": 0, "2011-09-30": 0, "2011-06-30": "", "2011-03-31": 0, "2010-12-31": 0, "2010-09-30": 0, "2010-07-31": 0, "2010-06-30": "", "2010-04-30": "", "2010-03-31": 0, "2010-01-31": 0, "2009-12-31": 0, "2009-10-31": 0, "2009-07-31": 0, "2009-04-30": "", "2009-01-31": 0, "2008-10-31": 0, "2008-07-31": 0, "2008-04-30": "", "2008-01-31": -0.151, "2007-10-31": 0, "2007-07-31": 0, "2007-04-30": "", "2007-01-31": 0, "2006-10-31": 0, "2006-07-31": 0, "2006-04-30": "", "2006-01-31": 0, "2005-10-31": 24.25, "2005-07-31": -4.25, "2005-04-30": "-20.00000", "2005-01-31": -20}, "Net Acquisitions/Divestitures": {"2020-09-30": -75.482, "2020-06-30": "", "2020-03-31": 0, "2019-12-31": -3.325, "2019-09-30": 0, "2019-06-30": "-8.71500", "2019-03-31": -25, "2018-12-31": 0, "2018-09-30": 0, "2018-06-30": "-3.14900", "2018-03-31": 0, "2017-12-31": -9.401, "2017-09-30": 0, "2017-06-30": "", "2017-03-31": -129.919, "2016-12-31": -0.75, "2016-09-30": 0, "2016-06-30": "", "2016-03-31": 0, "2015-12-31": 0, "2015-09-30": 0, "2015-06-30": "", "2015-03-31": 0, "2014-12-31": 0, "2014-09-30": 0, "2014-06-30": "", "2014-03-31": 0, "2013-12-31": 0, "2013-09-30": 0, "2013-06-30": "", "2013-03-31": 0, "2012-12-31": 0, "2012-09-30": 0, "2012-06-30": "", "2012-03-31": 0, "2011-12-31": 0, "2011-09-30": 0, "2011-06-30": "-1.47500", "2011-03-31": 0, "2010-12-31": 0, "2010-09-30": -39.762, "2010-07-31": 42.077, "2010-06-30": "0.76000", "2010-04-30": "40.01800", "2010-03-31": 39.762, "2010-01-31": 0, "2009-12-31": 0, "2009-10-31": 0, "2009-07-31": 0.5, "2009-04-30": "-0.50000", "2009-01-31": 0, "2008-10-31": 4.037, "2008-07-31": 0, "2008-04-30": "-4.03700", "2008-01-31": 0, "2007-10-31": 0.982, "2007-07-31": 0, "2007-04-30": "-0.98200", "2007-01-31": 0, "2006-10-31": 0.191, "2006-07-31": 0, "2006-04-30": "-0.19100", "2006-01-31": 1.143, "2005-10-31": 34.507, "2005-07-31": -10.298, "2005-04-30": "-24.20900", "2005-01-31": -23.244}, "Net Change In Short-term Investments": {"2020-09-30": -104.148, "2020-06-30": "-70.63400", "2020-03-31": -30.531, "2019-12-31": -64.652, "2019-09-30": -58.349, "2019-06-30": "54.17600", "2019-03-31": 37.627, "2018-12-31": -13.406, "2018-09-30": 11.098, "2018-06-30": "7.28000", "2018-03-31": -19.315, "2017-12-31": -86.878, "2017-09-30": -43.85, "2017-06-30": "21.05700", "2017-03-31": -62.735, "2016-12-31": -0.835, "2016-09-30": -1.124, "2016-06-30": "-1.04100", "2016-03-31": -100.433, "2015-12-31": -1.767, "2015-09-30": -4.543, "2015-06-30": "-0.44400", "2015-03-31": -20.439, "2014-12-31": -30.086, "2014-09-30": -30.176, "2014-06-30": "-19.41500", "2014-03-31": 0, "2013-12-31": 0, "2013-09-30": 0, "2013-06-30": "0.00000", "2013-03-31": 0, "2012-12-31": 0, "2012-09-30": 0, "2012-06-30": "", "2012-03-31": 0, "2011-12-31": 0, "2011-09-30": 0, "2011-06-30": "", "2011-03-31": 0, "2010-12-31": 0, "2010-09-30": 0, "2010-07-31": 0, "2010-06-30": "", "2010-04-30": "", "2010-03-31": 0, "2010-01-31": 0, "2009-12-31": 0, "2009-10-31": 0, "2009-07-31": 0, "2009-04-30": "", "2009-01-31": 0, "2008-10-31": 0, "2008-07-31": 0, "2008-04-30": "", "2008-01-31": 0, "2007-10-31": 0, "2007-07-31": 0, "2007-04-30": "", "2007-01-31": 0, "2006-10-31": 0, "2006-07-31": 0, "2006-04-30": "", "2006-01-31": 0, "2005-10-31": 0, "2005-07-31": 0, "2005-04-30": "", "2005-01-31": 0}, "Net Change In Long-Term Investments": {"2020-09-30": -59.413, "2020-06-30": "-167.92600", "2020-03-31": 80.251, "2019-12-31": 86.358, "2019-09-30": -129.083, "2019-06-30": "131.30300", "2019-03-31": -235.158, "2018-12-31": 30.497, "2018-09-30": 63.444, "2018-06-30": "-29.84000", "2018-03-31": -55.918, "2017-12-31": 50, "2017-09-30": -15.001, "2017-06-30": "-24.99900", "2017-03-31": 22.235, "2016-12-31": 0, "2016-09-30": -11.85, "2016-06-30": "78.15600", "2016-03-31": 9.864, "2015-12-31": -27.163, "2015-09-30": 24.644, "2015-06-30": "-187.04500", "2015-03-31": -87.5, "2014-12-31": -5, "2014-09-30": 21.976, "2014-06-30": "", "2014-03-31": 0, "2013-12-31": 0, "2013-09-30": 0, "2013-06-30": "", "2013-03-31": 0, "2012-12-31": 0, "2012-09-30": 0, "2012-06-30": "", "2012-03-31": 0, "2011-12-31": 0, "2011-09-30": 0, "2011-06-30": "", "2011-03-31": 0, "2010-12-31": 0, "2010-09-30": 0, "2010-07-31": 0, "2010-06-30": "", "2010-04-30": "", "2010-03-31": 0, "2010-01-31": 0, "2009-12-31": 0, "2009-10-31": 0, "2009-07-31": 0, "2009-04-30": "", "2009-01-31": 0, "2008-10-31": 0, "2008-07-31": 0, "2008-04-30": "", "2008-01-31": 0, "2007-10-31": 0, "2007-07-31": 0, "2007-04-30": "", "2007-01-31": 0, "2006-10-31": 0, "2006-07-31": 0, "2006-04-30": "", "2006-01-31": 0, "2005-10-31": 0, "2005-07-31": 0, "2005-04-30": "", "2005-01-31": 0}, "Net Change In Investments - Total": {"2020-09-30": -163.561, "2020-06-30": "-238.56000", "2020-03-31": 49.72, "2019-12-31": 21.706, "2019-09-30": -187.432, "2019-06-30": "185.47900", "2019-03-31": -197.531, "2018-12-31": 17.091, "2018-09-30": 74.542, "2018-06-30": "-22.56000", "2018-03-31": -75.233, "2017-12-31": -36.878, "2017-09-30": -58.851, "2017-06-30": "-3.94200", "2017-03-31": -40.5, "2016-12-31": -0.835, "2016-09-30": -12.974, "2016-06-30": "77.11500", "2016-03-31": -90.569, "2015-12-31": -28.93, "2015-09-30": 20.101, "2015-06-30": "-187.48900", "2015-03-31": -107.939, "2014-12-31": -35.086, "2014-09-30": -8.2, "2014-06-30": "-19.41500", "2014-03-31": 0, "2013-12-31": 0, "2013-09-30": 0, "2013-06-30": "", "2013-03-31": 0, "2012-12-31": 0, "2012-09-30": 0, "2012-06-30": "", "2012-03-31": 0, "2011-12-31": 0, "2011-09-30": 0, "2011-06-30": "", "2011-03-31": 0, "2010-12-31": 0, "2010-09-30": 0, "2010-07-31": 0, "2010-06-30": "", "2010-04-30": "", "2010-03-31": 0, "2010-01-31": 0, "2009-12-31": 0, "2009-10-31": 0, "2009-07-31": 0, "2009-04-30": "", "2009-01-31": 0, "2008-10-31": 0, "2008-07-31": 0, "2008-04-30": "", "2008-01-31": 0, "2007-10-31": 0, "2007-07-31": 0, "2007-04-30": "", "2007-01-31": 0, "2006-10-31": 0, "2006-07-31": 0, "2006-04-30": "", "2006-01-31": 0, "2005-10-31": 0, "2005-07-31": 0, "2005-04-30": "", "2005-01-31": 0}, "Investing Activities - Other": {"2020-09-30": 0, "2020-06-30": "", "2020-03-31": 0, "2019-12-31": 0, "2019-09-30": 0, "2019-06-30": "", "2019-03-31": 0, "2018-12-31": 0, "2018-09-30": 0, "2018-06-30": "", "2018-03-31": 0, "2017-12-31": 0, "2017-09-30": 0, "2017-06-30": "", "2017-03-31": 0, "2016-12-31": 0, "2016-09-30": 0, "2016-06-30": "", "2016-03-31": -0.349, "2015-12-31": 0, "2015-09-30": 0, "2015-06-30": "", "2015-03-31": 0, "2014-12-31": 0, "2014-09-30": 0, "2014-06-30": "", "2014-03-31": 0, "2013-12-31": -1, "2013-09-30": 0, "2013-06-30": "", "2013-03-31": 0, "2012-12-31": 0, "2012-09-30": 0, "2012-06-30": "", "2012-03-31": -4.101, "2011-12-31": 0, "2011-09-30": 0, "2011-06-30": "", "2011-03-31": 0, "2010-12-31": 0, "2010-09-30": -0.5, "2010-07-31": 0, "2010-06-30": "-0.50000", "2010-04-30": "", "2010-03-31": -6.804, "2010-01-31": 5.813, "2009-12-31": -5.813, "2009-10-31": 0.5, "2009-07-31": -0.5, "2009-04-30": "", "2009-01-31": 0, "2008-10-31": 0, "2008-07-31": 0, "2008-04-30": "", "2008-01-31": 0, "2007-10-31": 0, "2007-07-31": 0, "2007-04-30": "", "2007-01-31": 0, "2006-10-31": 0, "2006-07-31": 0, "2006-04-30": "", "2006-01-31": 0, "2005-10-31": 0, "2005-07-31": 7.5, "2005-04-30": "-7.50000", "2005-01-31": 0}, "Cash Flow From Investing Activities": {"2020-09-30": -255.159, "2020-06-30": "-247.46500", "2020-03-31": 31.126, "2019-12-31": 9.123, "2019-09-30": -202.993, "2019-06-30": "166.79300", "2019-03-31": -245.854, "2018-12-31": 2.589, "2018-09-30": 59.687, "2018-06-30": "-39.99800", "2018-03-31": -89.312, "2017-12-31": -61.04, "2017-09-30": -76.06, "2017-06-30": "-45.41500", "2017-03-31": -177.217, "2016-12-31": -7.671, "2016-09-30": -17.027, "2016-06-30": "72.88500", "2016-03-31": -99.619, "2015-12-31": -31.716, "2015-09-30": 13.077, "2015-06-30": "-206.25800", "2015-03-31": -120.861, "2014-12-31": -48.611, "2014-09-30": -22.862, "2014-06-30": "-27.80700", "2014-03-31": -6.358, "2013-12-31": -9.003, "2013-09-30": -7.458, "2013-06-30": "-7.99400", "2013-03-31": -4.503, "2012-12-31": -4.296, "2012-09-30": -4.731, "2012-06-30": "-3.29000", "2012-03-31": -4.703, "2011-12-31": -3.204, "2011-09-30": -2.38, "2011-06-30": "-3.87500", "2011-03-31": -1.407, "2010-12-31": -2.572, "2010-09-30": -39.385, "2010-07-31": 37.705, "2010-06-30": "-1.91900", "2010-04-30": "36.27500", "2010-03-31": 24.845, "2010-01-31": 13.571, "2009-12-31": -15.391, "2009-10-31": 8.288, "2009-07-31": -2.221, "2009-04-30": "-6.06700", "2009-01-31": -2.198, "2008-10-31": 13.063, "2008-07-31": -4.028, "2008-04-30": "-9.03500", "2008-01-31": -1.521, "2007-10-31": 17.611, "2007-07-31": -3.539, "2007-04-30": "-14.07200", "2007-01-31": -7.742, "2006-10-31": 18.791, "2006-07-31": -5.591, "2006-04-30": "-13.20000", "2006-01-31": -5.313, "2005-10-31": 81.213, "2005-07-31": -14.967, "2005-04-30": "-66.24600", "2005-01-31": -48.895}, "Net Long-Term Debt": {"2020-09-30": 0, "2020-06-30": "", "2020-03-31": 0, "2019-12-31": 0, "2019-09-30": 0, "2019-06-30": "", "2019-03-31": 0, "2018-12-31": 0, "2018-09-30": 0, "2018-06-30": "", "2018-03-31": 0, "2017-12-31": 0, "2017-09-30": 0, "2017-06-30": "", "2017-03-31": 0, "2016-12-31": 0, "2016-09-30": 0, "2016-06-30": "", "2016-03-31": 0, "2015-12-31": 0, "2015-09-30": 0, "2015-06-30": "", "2015-03-31": 0, "2014-12-31": 0, "2014-09-30": 0, "2014-06-30": "", "2014-03-31": 0, "2013-12-31": 0, "2013-09-30": -100.283, "2013-06-30": "246.25000", "2013-03-31": 0, "2012-12-31": 0, "2012-09-30": 0, "2012-06-30": "", "2012-03-31": 0, "2011-12-31": 250, "2011-09-30": 0, "2011-06-30": "", "2011-03-31": 0, "2010-12-31": 0, "2010-09-30": 0, "2010-07-31": 0, "2010-06-30": "", "2010-04-30": "", "2010-03-31": 94.408, "2010-01-31": -94.408, "2009-12-31": 94.408, "2009-10-31": -94.408, "2009-07-31": 94.408, "2009-04-30": "", "2009-01-31": 0, "2008-10-31": 0, "2008-07-31": 0, "2008-04-30": "", "2008-01-31": 0, "2007-10-31": 0, "2007-07-31": 0, "2007-04-30": "", "2007-01-31": 0, "2006-10-31": 0, "2006-07-31": 0, "2006-04-30": "", "2006-01-31": 0, "2005-10-31": 0, "2005-07-31": 0, "2005-04-30": "", "2005-01-31": 0}, "Net Current Debt": {"2020-09-30": 0, "2020-06-30": "", "2020-03-31": 0, "2019-12-31": 0, "2019-09-30": 0, "2019-06-30": "", "2019-03-31": 0, "2018-12-31": 0, "2018-09-30": 0, "2018-06-30": "", "2018-03-31": 0, "2017-12-31": 0, "2017-09-30": 0, "2017-06-30": "", "2017-03-31": 0, "2016-12-31": 0, "2016-09-30": 0, "2016-06-30": "", "2016-03-31": 0, "2015-12-31": 0, "2015-09-30": 0, "2015-06-30": "", "2015-03-31": 0, "2014-12-31": 0, "2014-09-30": 0, "2014-06-30": "", "2014-03-31": 0, "2013-12-31": 0, "2013-09-30": 0, "2013-06-30": "", "2013-03-31": 0, "2012-12-31": 0, "2012-09-30": 0, "2012-06-30": "", "2012-03-31": 0, "2011-12-31": 0, "2011-09-30": 0, "2011-06-30": "", "2011-03-31": 0, "2010-12-31": 0, "2010-09-30": 0, "2010-07-31": 0, "2010-06-30": "", "2010-04-30": "", "2010-03-31": -70, "2010-01-31": 70, "2009-12-31": -70, "2009-10-31": 70, "2009-07-31": -70, "2009-04-30": "", "2009-01-31": 0, "2008-10-31": 18, "2008-07-31": -16, "2008-04-30": "-2.00000", "2008-01-31": 18, "2007-10-31": -11, "2007-07-31": 11, "2007-04-30": "", "2007-01-31": 0, "2006-10-31": 0, "2006-07-31": 0, "2006-04-30": "", "2006-01-31": 0, "2005-10-31": 0, "2005-07-31": 0, "2005-04-30": "", "2005-01-31": 0}, "Debt Issuance/Retirement Net - Total": {"2020-09-30": 0, "2020-06-30": "", "2020-03-31": 0, "2019-12-31": 0, "2019-09-30": 0, "2019-06-30": "", "2019-03-31": 0, "2018-12-31": 0, "2018-09-30": 0, "2018-06-30": "", "2018-03-31": 0, "2017-12-31": 0, "2017-09-30": 0, "2017-06-30": "", "2017-03-31": 0, "2016-12-31": 0, "2016-09-30": 0, "2016-06-30": "", "2016-03-31": 0, "2015-12-31": 0, "2015-09-30": 0, "2015-06-30": "", "2015-03-31": 0, "2014-12-31": 0, "2014-09-30": 0, "2014-06-30": "", "2014-03-31": 0, "2013-12-31": 0, "2013-09-30": -100.283, "2013-06-30": "246.25000", "2013-03-31": 0, "2012-12-31": 0, "2012-09-30": 0, "2012-06-30": "", "2012-03-31": 0, "2011-12-31": 250, "2011-09-30": 0, "2011-06-30": "", "2011-03-31": 0, "2010-12-31": 0, "2010-09-30": 0, "2010-07-31": 0, "2010-06-30": "", "2010-04-30": "", "2010-03-31": 24.408, "2010-01-31": -24.408, "2009-12-31": 24.408, "2009-10-31": -24.408, "2009-07-31": 24.408, "2009-04-30": "", "2009-01-31": 0, "2008-10-31": 18, "2008-07-31": -16, "2008-04-30": "-2.00000", "2008-01-31": 18, "2007-10-31": -11, "2007-07-31": 11, "2007-04-30": "", "2007-01-31": 0, "2006-10-31": 0, "2006-07-31": 0, "2006-04-30": "", "2006-01-31": 0, "2005-10-31": 0, "2005-07-31": 0, "2005-04-30": "", "2005-01-31": 0}, "Net Common Equity Issued/Repurchased": {"2020-09-30": 0, "2020-06-30": "6.50300", "2020-03-31": 0, "2019-12-31": 10.515, "2019-09-30": 0, "2019-06-30": "", "2019-03-31": -100, "2018-12-31": -108.892, "2018-09-30": 0, "2018-06-30": "-153.50000", "2018-03-31": -44.656, "2017-12-31": -110.136, "2017-09-30": 0, "2017-06-30": "", "2017-03-31": 0, "2016-12-31": 0, "2016-09-30": 0, "2016-06-30": "", "2016-03-31": 0, "2015-12-31": 0, "2015-09-30": -26.552, "2015-06-30": "", "2015-03-31": 0, "2014-12-31": 0, "2014-09-30": 0, "2014-06-30": "", "2014-03-31": 0, "2013-12-31": -276.836, "2013-09-30": 0, "2013-06-30": "", "2013-03-31": 0, "2012-12-31": 0, "2012-09-30": 0, "2012-06-30": "", "2012-03-31": 0.001, "2011-12-31": 0.043, "2011-09-30": 0.033, "2011-06-30": "0.16200", "2011-03-31": 0.63, "2010-12-31": 0.017, "2010-09-30": 0.034, "2010-07-31": -0.034, "2010-06-30": "0.08700", "2010-04-30": "", "2010-03-31": 26.36, "2010-01-31": -26.36, "2009-12-31": 26.36, "2009-10-31": -26.346, "2009-07-31": 26.342, "2009-04-30": "0.00400", "2009-01-31": 0.004, "2008-10-31": -25.363, "2008-07-31": 4.874, "2008-04-30": "20.48900", "2008-01-31": 0.937, "2007-10-31": -5.501, "2007-07-31": 4.699, "2007-04-30": "0.80200", "2007-01-31": -0.012, "2006-10-31": -2.787, "2006-07-31": 0.843, "2006-04-30": "1.94400", "2006-01-31": 1.071, "2005-10-31": -14.982, "2005-07-31": -9.463, "2005-04-30": "24.44500", "2005-01-31": 7.365}, "Net Total Equity Issued/Repurchased": {"2020-09-30": 0, "2020-06-30": "6.50300", "2020-03-31": 0, "2019-12-31": 10.515, "2019-09-30": 0, "2019-06-30": "", "2019-03-31": -100, "2018-12-31": -108.892, "2018-09-30": 0, "2018-06-30": "-153.50000", "2018-03-31": -44.656, "2017-12-31": -110.136, "2017-09-30": 0, "2017-06-30": "", "2017-03-31": 0, "2016-12-31": 0, "2016-09-30": 0, "2016-06-30": "", "2016-03-31": 0, "2015-12-31": 0, "2015-09-30": -26.552, "2015-06-30": "", "2015-03-31": 0, "2014-12-31": 0, "2014-09-30": 0, "2014-06-30": "", "2014-03-31": 0, "2013-12-31": -276.836, "2013-09-30": 0, "2013-06-30": "", "2013-03-31": 0, "2012-12-31": 0, "2012-09-30": 0, "2012-06-30": "", "2012-03-31": 0.001, "2011-12-31": 0.043, "2011-09-30": 0.033, "2011-06-30": "0.16200", "2011-03-31": 0.63, "2010-12-31": 0.017, "2010-09-30": 0.034, "2010-07-31": -0.034, "2010-06-30": "0.08700", "2010-04-30": "", "2010-03-31": 26.36, "2010-01-31": -26.36, "2009-12-31": 26.36, "2009-10-31": -26.346, "2009-07-31": 26.342, "2009-04-30": "0.00400", "2009-01-31": 0.004, "2008-10-31": -25.363, "2008-07-31": 4.874, "2008-04-30": "20.48900", "2008-01-31": 0.937, "2007-10-31": -5.501, "2007-07-31": 4.699, "2007-04-30": "0.80200", "2007-01-31": -0.012, "2006-10-31": -2.787, "2006-07-31": 0.843, "2006-04-30": "1.94400", "2006-01-31": 1.071, "2005-10-31": -14.982, "2005-07-31": -9.463, "2005-04-30": "24.44500", "2005-01-31": 7.365}, "Total Common And Preferred Stock Dividends Paid": {"2020-09-30": 0, "2020-06-30": "", "2020-03-31": 0, "2019-12-31": 0, "2019-09-30": 0, "2019-06-30": "", "2019-03-31": 0, "2018-12-31": 0, "2018-09-30": 0, "2018-06-30": "", "2018-03-31": 0, "2017-12-31": 0, "2017-09-30": 0, "2017-06-30": "", "2017-03-31": 0, "2016-12-31": 0, "2016-09-30": 0, "2016-06-30": "", "2016-03-31": 0, "2015-12-31": 0, "2015-09-30": 0, "2015-06-30": "", "2015-03-31": 0, "2014-12-31": 0, "2014-09-30": 0, "2014-06-30": "", "2014-03-31": 0, "2013-12-31": 0, "2013-09-30": 0, "2013-06-30": "", "2013-03-31": 0, "2012-12-31": 0, "2012-09-30": 0, "2012-06-30": "", "2012-03-31": 0, "2011-12-31": 0, "2011-09-30": 0, "2011-06-30": "", "2011-03-31": 0, "2010-12-31": 0, "2010-09-30": 0, "2010-07-31": 0, "2010-06-30": "", "2010-04-30": "", "2010-03-31": 0, "2010-01-31": 0, "2009-12-31": 0, "2009-10-31": 0, "2009-07-31": 0, "2009-04-30": "", "2009-01-31": 0, "2008-10-31": 0, "2008-07-31": 0, "2008-04-30": "", "2008-01-31": 0, "2007-10-31": 0, "2007-07-31": 0, "2007-04-30": "", "2007-01-31": 0, "2006-10-31": 0, "2006-07-31": 0, "2006-04-30": "", "2006-01-31": 0, "2005-10-31": 0, "2005-07-31": 0, "2005-04-30": "", "2005-01-31": 0}, "Financial Activities - Other": {"2020-09-30": -9.696, "2020-06-30": "-38.50600", "2020-03-31": -16.708, "2019-12-31": -9.782, "2019-09-30": -9.36, "2019-06-30": "-52.11800", "2019-03-31": -15.456, "2018-12-31": -21.87, "2018-09-30": -5.564, "2018-06-30": "-58.40300", "2018-03-31": -31.745, "2017-12-31": -8.805, "2017-09-30": -28.436, "2017-06-30": "-57.68900", "2017-03-31": -14.537, "2016-12-31": -5.757, "2016-09-30": -5.199, "2016-06-30": "-24.27900", "2016-03-31": -8.498, "2015-12-31": -12.14, "2015-09-30": -2.382, "2015-06-30": "1.52500", "2015-03-31": -9.424, "2014-12-31": 5.509, "2014-09-30": 4.843, "2014-06-30": "", "2014-03-31": 0, "2013-12-31": 0, "2013-09-30": -0.772, "2013-06-30": "-2.04300", "2013-03-31": 0, "2012-12-31": 0, "2012-09-30": 0, "2012-06-30": "", "2012-03-31": 0, "2011-12-31": -6.875, "2011-09-30": 0, "2011-06-30": "", "2011-03-31": 0, "2010-12-31": 0, "2010-09-30": 0, "2010-07-31": 0, "2010-06-30": "", "2010-04-30": "", "2010-03-31": -4.984, "2010-01-31": 4.984, "2009-12-31": -4.984, "2009-10-31": 4.833, "2009-07-31": -4.833, "2009-04-30": "", "2009-01-31": 0, "2008-10-31": 0.962, "2008-07-31": -0.005, "2008-04-30": "-0.95700", "2008-01-31": -0.979, "2007-10-31": 1.764, "2007-07-31": -1.764, "2007-04-30": "", "2007-01-31": 0, "2006-10-31": -0.163, "2006-07-31": 0.039, "2006-04-30": "0.12400", "2006-01-31": 0.024, "2005-10-31": 0.07, "2005-07-31": -0.018, "2005-04-30": "-0.05200", "2005-01-31": -0.027}, "Cash Flow From Financial Activities": {"2020-09-30": -9.696, "2020-06-30": "-32.00300", "2020-03-31": -16.708, "2019-12-31": 0.733, "2019-09-30": -9.36, "2019-06-30": "-52.11800", "2019-03-31": -115.456, "2018-12-31": -130.762, "2018-09-30": -5.564, "2018-06-30": "-211.90300", "2018-03-31": -76.401, "2017-12-31": -118.941, "2017-09-30": -28.436, "2017-06-30": "-57.68900", "2017-03-31": -14.537, "2016-12-31": -5.757, "2016-09-30": -5.199, "2016-06-30": "-24.27900", "2016-03-31": -8.498, "2015-12-31": -12.14, "2015-09-30": -28.934, "2015-06-30": "1.52500", "2015-03-31": -9.424, "2014-12-31": 5.509, "2014-09-30": 4.843, "2014-06-30": "", "2014-03-31": 0, "2013-12-31": -276.836, "2013-09-30": -101.055, "2013-06-30": "244.20700", "2013-03-31": 0, "2012-12-31": 0, "2012-09-30": 0, "2012-06-30": "0.00000", "2012-03-31": 0.001, "2011-12-31": 243.168, "2011-09-30": 0.033, "2011-06-30": "0.16200", "2011-03-31": 0.63, "2010-12-31": 0.017, "2010-09-30": 0.034, "2010-07-31": -0.034, "2010-06-30": "0.08700", "2010-04-30": "", "2010-03-31": 45.784, "2010-01-31": -45.784, "2009-12-31": 45.784, "2009-10-31": -45.921, "2009-07-31": 45.917, "2009-04-30": "0.00400", "2009-01-31": 0.004, "2008-10-31": -6.401, "2008-07-31": -11.131, "2008-04-30": "17.53200", "2008-01-31": 17.958, "2007-10-31": -14.737, "2007-07-31": 13.935, "2007-04-30": "0.80200", "2007-01-31": -0.012, "2006-10-31": -2.95, "2006-07-31": 0.882, "2006-04-30": "2.06800", "2006-01-31": 1.095, "2005-10-31": -14.912, "2005-07-31": -9.481, "2005-04-30": "24.39300", "2005-01-31": 7.338}, "Net Cash Flow": {"2020-09-30": -76.492, "2020-06-30": "167.88000", "2020-03-31": 250.958, "2019-12-31": 312.031, "2019-09-30": -181.592, "2019-06-30": "220.00900", "2019-03-31": 96.491, "2018-12-31": 462.401, "2018-09-30": -141.09, "2018-06-30": "-272.18700", "2018-03-31": 97.11, "2017-12-31": -69.466, "2017-09-30": -15.721, "2017-06-30": "-46.76600", "2017-03-31": -19.385, "2016-12-31": 269.427, "2016-09-30": -26.325, "2016-06-30": "-2.41400", "2016-03-31": -36.499, "2015-12-31": 123.528, "2015-09-30": -104.071, "2015-06-30": "-95.33600", "2015-03-31": 13.668, "2014-12-31": 143.042, "2014-09-30": -67.59, "2014-06-30": "-113.40000", "2014-03-31": -36.77, "2013-12-31": 310.247, "2013-09-30": 15.608, "2013-06-30": "243.81300", "2013-03-31": -46.221, "2012-12-31": 120.439, "2012-09-30": -38.772, "2012-06-30": "-53.22300", "2012-03-31": -33.037, "2011-12-31": 183.576, "2011-09-30": 20.981, "2011-06-30": "-31.60000", "2011-03-31": -16.759, "2010-12-31": 92.299, "2010-09-30": -71.063, "2010-07-31": 93.339, "2010-06-30": "36.70500", "2010-04-30": "78.43300", "2010-03-31": -62.201, "2010-01-31": 130.096, "2009-12-31": -126.195, "2009-10-31": 105.488, "2009-07-31": -4.827, "2009-04-30": "-100.66100", "2009-01-31": -62.441, "2008-10-31": -260.944, "2008-07-31": 265.783, "2008-04-30": "-4.83900", "2008-01-31": -23.369, "2007-10-31": 70.855, "2007-07-31": -46.891, "2007-04-30": "-23.96400", "2007-01-31": 5.671, "2006-10-31": -71.935, "2006-07-31": 38.062, "2006-04-30": "33.87300", "2006-01-31": 35.702, "2005-10-31": -40.26, "2005-07-31": -14.886, "2005-04-30": "55.14600", "2005-01-31": 147.975}, "Stock-Based Compensation": {"2020-09-30": 45.308, "2020-06-30": "53.41100", "2020-03-31": 81.283, "2019-12-31": 63.399, "2019-09-30": 55.767, "2019-06-30": "57.43200", "2019-03-31": 69.091, "2018-12-31": 123.668, "2018-09-30": 30.343, "2018-06-30": "24.59800", "2018-03-31": 20.238, "2017-12-31": 13.028, "2017-09-30": 59.012, "2017-06-30": "24.07100", "2017-03-31": 26.458, "2016-12-31": 22.088, "2016-09-30": 18.233, "2016-06-30": "15.10000", "2016-03-31": 15.852, "2015-12-31": 18.738, "2015-09-30": 16.32, "2015-06-30": "19.08600", "2015-03-31": 12.772, "2014-12-31": 28.628, "2014-09-30": 13.867, "2014-06-30": "9.97900", "2014-03-31": 20.524, "2013-12-31": 36.328, "2013-09-30": 15.319, "2013-06-30": "5.94700", "2013-03-31": 12.987, "2012-12-31": 8.681, "2012-09-30": 7.091, "2012-06-30": "7.00600", "2012-03-31": 10.031, "2011-12-31": 10.803, "2011-09-30": 4.612, "2011-06-30": "8.04800", "2011-03-31": 5.135, "2010-12-31": 5.916, "2010-09-30": -5.903, "2010-07-31": 12.396, "2010-06-30": "11.22100", "2010-04-30": "13.56000", "2010-03-31": 20.066, "2010-01-31": -14.494, "2009-12-31": 20.931, "2009-10-31": -16.114, "2009-07-31": 4.614, "2009-04-30": "11.50000", "2009-01-31": 6.182, "2008-10-31": -31.062, "2008-07-31": 12.562, "2008-04-30": "18.50000", "2008-01-31": 6.073, "2007-10-31": -12.554, "2007-07-31": 2.744, "2007-04-30": "9.81000", "2007-01-31": 3.992, "2006-10-31": -14.419, "2006-07-31": 5.725, "2006-04-30": "8.69400", "2006-01-31": 4.833, "2005-10-31": 0, "2005-07-31": 0, "2005-04-30": "", "2005-01-31": 0}, "Common Stock Dividends Paid": {"2020-09-30": 0, "2020-06-30": "", "2020-03-31": 0, "2019-12-31": 0, "2019-09-30": 0, "2019-06-30": "", "2019-03-31": 0, "2018-12-31": 0, "2018-09-30": 0, "2018-06-30": "", "2018-03-31": 0, "2017-12-31": 0, "2017-09-30": 0, "2017-06-30": "", "2017-03-31": 0, "2016-12-31": 0, "2016-09-30": 0, "2016-06-30": "", "2016-03-31": 0, "2015-12-31": 0, "2015-09-30": 0, "2015-06-30": "", "2015-03-31": 0, "2014-12-31": 0, "2014-09-30": 0, "2014-06-30": "", "2014-03-31": 0, "2013-12-31": 0, "2013-09-30": 0, "2013-06-30": "", "2013-03-31": 0, "2012-12-31": 0, "2012-09-30": 0, "2012-06-30": "", "2012-03-31": 0, "2011-12-31": 0, "2011-09-30": 0, "2011-06-30": "", "2011-03-31": 0, "2010-12-31": 0, "2010-09-30": 0, "2010-07-31": 0, "2010-06-30": "", "2010-04-30": "", "2010-03-31": 0, "2010-01-31": 0, "2009-12-31": 0, "2009-10-31": 0, "2009-07-31": 0, "2009-04-30": "", "2009-01-31": 0, "2008-10-31": 0, "2008-07-31": 0, "2008-04-30": "", "2008-01-31": 0, "2007-10-31": 0, "2007-07-31": 0, "2007-04-30": "", "2007-01-31": 0, "2006-10-31": 0, "2006-07-31": 0, "2006-04-30": "", "2006-01-31": 0, "2005-10-31": 0, "2005-07-31": 0, "2005-04-30": "", "2005-01-31": 0}}, "financial ratios": {"Current Ratio": {"2020-03-31": "1.71370", "2019-03-31": "1.44880", "2018-03-31": "1.39510", "2017-03-31": "1.30210", "2016-03-31": "1.67590", "2015-03-31": "1.84200", "2014-03-31": "2.94730", "2013-03-31": "2.57020", "2012-03-31": "3.39980", "2011-03-31": "2.45400", "2010-03-31": "2.03270", "2009-10-31": "1.77410", "2008-10-31": "1.98070", "2007-10-31": "1.59700", "2006-10-31": "2.06750", "2005-10-31": "2.48180"}, "Long-term Debt / Capital": {"2020-03-31": "", "2019-03-31": "", "2018-03-31": "0.00540", "2017-03-31": "0.20060", "2016-03-31": "0.46130", "2015-03-31": "0.45650", "2014-03-31": "0.36150", "2013-03-31": "0.36310", "2012-03-31": "0.34680", "2011-03-31": "0.14840", "2010-03-31": "0.16090", "2009-10-31": "0.15100", "2008-10-31": "0.10220", "2007-10-31": "0.03680", "2006-10-31": "", "2005-10-31": ""}, "Debt/Equity Ratio": {"2020-03-31": "", "2019-03-31": "", "2018-03-31": "0.00540", "2017-03-31": "0.25100", "2016-03-31": "0.85650", "2015-03-31": "0.84010", "2014-03-31": "0.56630", "2013-03-31": "0.57010", "2012-03-31": "0.53100", "2011-03-31": "0.17430", "2010-03-31": "0.19180", "2009-10-31": "0.17790", "2008-10-31": "0.11380", "2007-10-31": "0.03820", "2006-10-31": "", "2005-10-31": ""}, "Gross Margin": {"2020-03-31": "50.06590", "2019-03-31": "42.90030", "2018-03-31": "49.89600", "2017-03-31": "42.52230", "2016-03-31": "42.42950", "2015-03-31": "26.60090", "2014-03-31": "39.83040", "2013-03-31": "41.05830", "2012-03-31": "35.96030", "2011-03-31": "39.36180", "2010-03-31": "35.17470", "2009-10-31": "33.30410", "2008-10-31": "42.35110", "2007-10-31": "25.13340", "2006-10-31": "20.46210", "2005-10-31": "34.53510"}, "Operating Margin": {"2020-03-31": "13.76730", "2019-03-31": "7.74520", "2018-03-31": "7.56190", "2017-03-31": "5.13020", "2016-03-31": "-0.76590", "2015-03-31": "-23.86680", "2014-03-31": "17.66620", "2013-03-31": "0.43140", "2012-03-31": "-10.20390", "2011-03-31": "6.78540", "2010-03-31": "-9.97730", "2009-10-31": "-17.14260", "2008-10-31": "9.01900", "2007-10-31": "-13.00660", "2006-10-31": "-16.74000", "2005-10-31": "3.16490"}, "EBIT Margin": {"2020-03-31": "13.76730", "2019-03-31": "7.74520", "2018-03-31": "7.56190", "2017-03-31": "5.13020", "2016-03-31": "-0.76590", "2015-03-31": "-23.86680", "2014-03-31": "17.66620", "2013-03-31": "0.43140", "2012-03-31": "-10.20390", "2011-03-31": "6.78540", "2010-03-31": "-9.97730", "2009-10-31": "-17.14260", "2008-10-31": "9.01900", "2007-10-31": "-13.00660", "2006-10-31": "-16.74000", "2005-10-31": "3.16490"}, "EBITDA Margin": {"2020-03-31": "21.42490", "2019-03-31": "17.67310", "2018-03-31": "16.51850", "2017-03-31": "20.96420", "2016-03-31": "12.56480", "2015-03-31": "-7.37990", "2014-03-31": "30.73530", "2013-03-31": "22.60260", "2012-03-31": "11.23670", "2011-03-31": "21.85850", "2010-03-31": "7.82840", "2009-10-31": "0.98440", "2008-10-31": "22.85510", "2007-10-31": "-9.33220", "2006-10-31": "-11.68070", "2005-10-31": "5.98320"}, "Pre-Tax Profit Margin": {"2020-03-31": "14.84120", "2019-03-31": "8.72380", "2018-03-31": "7.62040", "2017-03-31": "4.32450", "2016-03-31": "-2.71270", "2015-03-31": "-25.19810", "2014-03-31": "16.00250", "2013-03-31": "-2.15010", "2012-03-31": "-12.57380", "2011-03-31": "5.59630", "2010-03-31": "-12.44070", "2009-10-31": "-17.96570", "2008-10-31": "8.75270", "2007-10-31": "-13.05930", "2006-10-31": "-17.77560", "2005-10-31": "3.47310"}, "Net Profit Margin": {"2020-03-31": "13.09370", "2019-03-31": "12.51080", "2018-03-31": "9.67890", "2017-03-31": "3.78160", "2016-03-31": "-0.58730", "2015-03-31": "-25.80670", "2014-03-31": "13.63670", "2013-03-31": "-2.42830", "2012-03-31": "-13.17670", "2011-03-31": "3.98450", "2010-03-31": "-16.12120", "2009-10-31": "-20.03460", "2008-10-31": "7.88700", "2007-10-31": "-14.09730", "2006-10-31": "-17.81480", "2005-10-31": "2.93980"}, "Asset Turnover": {"2020-03-31": "0.62420", "2019-03-31": "0.62890", "2018-03-31": "0.47970", "2017-03-31": "0.56520", "2016-03-31": "0.54580", "2015-03-31": "0.48600", "2014-03-31": "1.30610", "2013-03-31": "0.95040", "2012-03-31": "0.71850", "2011-03-31": "1.17000", "2010-03-31": "0.90900", "2009-10-31": "0.69610", "2008-10-31": "1.13640", "2007-10-31": "1.18130", "2006-10-31": "1.19460", "2005-10-31": "1.28440"}, "Inventory Turnover Ratio": {"2020-03-31": "80.72270", "2019-03-31": "54.02990", "2018-03-31": "59.24750", "2017-03-31": "62.66980", "2016-03-31": "51.22560", "2015-03-31": "39.64230", "2014-03-31": "47.49250", "2013-03-31": "23.68910", "2012-03-31": "23.52870", "2011-03-31": "28.04870", "2010-03-31": "20.20420", "2009-10-31": "17.52070", "2008-10-31": "18.44430", "2007-10-31": "7.39980", "2006-10-31": "8.64190", "2005-10-31": "5.77260"}, "Receiveable Turnover": {"2020-03-31": "5.21300", "2019-03-31": "6.74300", "2018-03-31": "7.23960", "2017-03-31": "8.10610", "2016-03-31": "8.38860", "2015-03-31": "4.97080", "2014-03-31": "44.23100", "2013-03-31": "6.40560", "2012-03-31": "18.33740", "2011-03-31": "13.49940", "2010-03-31": "10.29120", "2009-10-31": "3.87190", "2008-10-31": "10.61250", "2007-10-31": "9.35600", "2006-10-31": "7.24750", "2005-10-31": "6.07100"}, "Days Sales In Receivables": {"2020-03-31": "70.01770", "2019-03-31": "54.13030", "2018-03-31": "50.41680", "2017-03-31": "45.02810", "2016-03-31": "43.51170", "2015-03-31": "73.42890", "2014-03-31": "8.25210", "2013-03-31": "56.98110", "2012-03-31": "19.90470", "2011-03-31": "27.03830", "2010-03-31": "35.46710", "2009-10-31": "94.27010", "2008-10-31": "34.39330", "2007-10-31": "39.01240", "2006-10-31": "50.36190", "2005-10-31": "60.12160"}, "ROE - Return On Equity": {"2020-03-31": "15.92830", "2019-03-31": "16.35990", "2018-03-31": "11.65460", "2017-03-31": "6.70530", "2016-03-31": "-1.42800", "2015-03-31": "-49.63170", "2014-03-31": "45.10950", "2013-03-31": "-5.29970", "2012-03-31": "-18.07880", "2011-03-31": "8.74470", "2010-03-31": "-20.75590", "2009-10-31": "-23.90590", "2008-10-31": "15.36030", "2007-10-31": "-29.37600", "2006-10-31": "-33.59220", "2005-10-31": "5.14910"}, "Return On Tangible Equity": {"2020-03-31": "19.24630", "2019-03-31": "21.05230", "2018-03-31": "17.60400", "2017-03-31": "12.59530", "2016-03-31": "-2.30810", "2015-03-31": "-81.94860", "2014-03-31": "63.45590", "2013-03-31": "-8.82340", "2012-03-31": "-30.65830", "2011-03-31": "14.45270", "2010-03-31": "-38.37290", "2009-10-31": "-43.25970", "2008-10-31": "25.33730", "2007-10-31": "-58.88490", "2006-10-31": "-57.87490", "2005-10-31": "7.93680"}, "ROA - Return On Assets": {"2020-03-31": "8.17280", "2019-03-31": "7.86780", "2018-03-31": "4.64260", "2017-03-31": "2.13720", "2016-03-31": "-0.32050", "2015-03-31": "-12.54310", "2014-03-31": "20.09810", "2013-03-31": "-2.43860", "2012-03-31": "-9.36990", "2011-03-31": "5.53730", "2010-03-31": "-12.87540", "2009-10-31": "-12.95140", "2008-10-31": "8.72140", "2007-10-31": "-16.65250", "2006-10-31": "-21.28080", "2005-10-31": "3.77600"}, "ROI - Return On Investment": {"2020-03-31": "15.92830", "2019-03-31": "16.35990", "2018-03-31": "11.59180", "2017-03-31": "5.36000", "2016-03-31": "-0.76920", "2015-03-31": "-26.97280", "2014-03-31": "28.80080", "2013-03-31": "-3.37540", "2012-03-31": "-11.80830", "2011-03-31": "7.44670", "2010-03-31": "-17.41530", "2009-10-31": "-20.29550", "2008-10-31": "13.79090", "2007-10-31": "-28.29500", "2006-10-31": "-33.59220", "2005-10-31": "5.14910"}, "Book Value Per Share": {"2020-03-31": "22.37100", "2019-03-31": "18.19010", "2018-03-31": "13.05680", "2017-03-31": "9.78090", "2016-03-31": "6.71550", "2015-03-31": "6.37290", "2014-03-31": "9.01740", "2013-03-31": "6.27240", "2012-03-31": "6.60340", "2011-03-31": "7.14450", "2010-03-31": "6.19960", "2009-10-31": "6.66010", "2008-10-31": "7.91720", "2007-10-31": "6.34350", "2006-10-31": "7.56600", "2005-10-31": "9.70510"}, "Operating Cash Flow Per Share": {"2020-03-31": -1.3147, "2019-03-31": 2.9456, "2018-03-31": -0.0411, "2017-03-31": 1.2853, "2016-03-31": 0.4845, "2015-03-31": -3.501, "2014-03-31": 6.2024, "2013-03-31": 0.9659, "2012-03-31": -2.6933, "2011-03-31": 3.4169, "2010-03-31": 0.9936, "2009-10-31": -4.6862, "2008-10-31": 2.8409, "2007-10-31": -1.5018, "2006-10-31": 0.0466, "2005-10-31": 0.564}, "Free Cash Flow Per Share": {"2020-03-31": -1.2012, "2019-03-31": 3.1405, "2018-03-31": -0.588, "2017-03-31": 1.5029, "2016-03-31": 0.6535, "2015-03-31": -3.8551, "2014-03-31": 6.1371, "2013-03-31": 0.8988, "2012-03-31": -2.7028, "2011-03-31": 3.4246, "2010-03-31": 1.0115, "2009-10-31": -4.6756, "2008-10-31": 2.9853, "2007-10-31": -1.4491, "2006-10-31": 0.1029, "2005-10-31": 0.1545}}, "financial ratios, quarterly": {"Current Ratio": {"2020-09-30": "1.69060", "2020-06-30": "1.71590", "2020-03-31": "1.71370", "2019-12-31": "1.63860", "2019-09-30": "1.47950", "2019-06-30": "1.45270", "2019-03-31": "1.44880", "2018-12-31": "1.41700", "2018-09-30": "1.47120", "2018-06-30": "1.49100", "2018-03-31": "1.39510", "2017-12-31": "1.18130", "2017-09-30": "1.32690", "2017-06-30": "1.44140", "2017-03-31": "1.30210", "2016-12-31": "1.31510", "2016-09-30": "1.37900", "2016-06-30": "1.56760", "2016-03-31": "1.67590", "2015-12-31": "1.44770", "2015-09-30": "1.61840", "2015-06-30": "1.72460", "2015-03-31": "1.84200", "2014-12-31": "2.55410", "2014-09-30": "3.34120", "2014-06-30": "4.32700", "2014-03-31": "2.94730", "2013-12-31": "2.22880", "2013-09-30": "1.29520", "2013-06-30": "2.45070", "2013-03-31": "2.57020", "2012-12-31": "2.90840", "2012-09-30": "2.36830", "2012-06-30": "2.79820", "2012-03-31": "3.39980", "2011-12-31": "4.45010", "2011-09-30": "2.31810", "2011-06-30": "2.47830", "2011-03-31": "2.45400", "2010-12-31": "2.68170", "2010-09-30": "", "2010-07-31": "1.98140", "2010-06-30": "", "2010-04-30": "2.34250", "2010-03-31": "2.03270", "2010-01-31": "1.90560", "2009-12-31": "", "2009-10-31": "", "2009-07-31": "2.19900", "2009-04-30": "2.42780", "2009-01-31": "2.23290", "2008-10-31": "", "2008-07-31": "1.82280", "2008-04-30": "1.69350", "2008-01-31": "1.92190", "2007-10-31": "", "2007-07-31": "1.81290", "2007-04-30": "1.82740", "2007-01-31": "2.27490", "2006-10-31": "", "2006-07-31": "2.15800", "2006-04-30": "2.21960", "2006-01-31": "2.85110", "2005-10-31": "", "2005-07-31": "2.81730", "2005-04-30": "3.23690", "2005-01-31": "2.44200"}, "Long-term Debt / Capital": {"2020-09-30": "", "2020-06-30": "", "2020-03-31": "", "2019-12-31": "", "2019-09-30": "", "2019-06-30": "", "2019-03-31": "", "2018-12-31": "", "2018-09-30": "", "2018-06-30": "0.00280", "2018-03-31": "0.00540", "2017-12-31": "0.00980", "2017-09-30": "0.03430", "2017-06-30": "0.16220", "2017-03-31": "0.20060", "2016-12-31": "0.23970", "2016-09-30": "0.46750", "2016-06-30": "0.48600", "2016-03-31": "0.46130", "2015-12-31": "0.48260", "2015-09-30": "0.46360", "2015-06-30": "0.47770", "2015-03-31": "0.45650", "2014-12-31": "0.36590", "2014-09-30": "0.38110", "2014-06-30": "0.36980", "2014-03-31": "0.36150", "2013-12-31": "0.35310", "2013-09-30": "0.47060", "2013-06-30": "0.40250", "2013-03-31": "0.36310", "2012-12-31": "0.36900", "2012-09-30": "0.40190", "2012-06-30": "0.40220", "2012-03-31": "0.34680", "2011-12-31": "0.32720", "2011-09-30": "0.16440", "2011-06-30": "0.15080", "2011-03-31": "0.14840", "2010-12-31": "0.14540", "2010-09-30": "", "2010-07-31": "0.15720", "2010-06-30": "", "2010-04-30": "0.15760", "2010-03-31": "0.16090", "2010-01-31": "0.16200", "2009-12-31": "", "2009-10-31": "", "2009-07-31": "0.21290", "2009-04-30": "0.11210", "2009-01-31": "0.11250", "2008-10-31": "", "2008-07-31": "", "2008-04-30": "0.02620", "2008-01-31": "0.07230", "2007-10-31": "", "2007-07-31": "0.02370", "2007-04-30": "", "2007-01-31": "", "2006-10-31": "", "2006-07-31": "", "2006-04-30": "", "2006-01-31": "", "2005-10-31": "", "2005-07-31": "", "2005-04-30": "", "2005-01-31": ""}, "Debt/Equity Ratio": {"2020-09-30": "", "2020-06-30": "", "2020-03-31": "", "2019-12-31": "", "2019-09-30": "", "2019-06-30": "", "2019-03-31": "", "2018-12-31": "", "2018-09-30": "", "2018-06-30": "0.00280", "2018-03-31": "0.00540", "2017-12-31": "0.00990", "2017-09-30": "0.03560", "2017-06-30": "0.19360", "2017-03-31": "0.25100", "2016-12-31": "0.31530", "2016-09-30": "0.87800", "2016-06-30": "0.94540", "2016-03-31": "0.85650", "2015-12-31": "0.93280", "2015-09-30": "0.86440", "2015-06-30": "0.91450", "2015-03-31": "0.84010", "2014-12-31": "0.57690", "2014-09-30": "0.61570", "2014-06-30": "0.58670", "2014-03-31": "0.56630", "2013-12-31": "0.54590", "2013-09-30": "0.88910", "2013-06-30": "0.94900", "2013-03-31": "0.57010", "2012-12-31": "0.58480", "2012-09-30": "0.67190", "2012-06-30": "0.67270", "2012-03-31": "0.53100", "2011-12-31": "0.48620", "2011-09-30": "0.19670", "2011-06-30": "0.17750", "2011-03-31": "0.17430", "2010-12-31": "0.17010", "2010-09-30": "", "2010-07-31": "0.18650", "2010-06-30": "", "2010-04-30": "0.18700", "2010-03-31": "0.19180", "2010-01-31": "0.19330", "2009-12-31": "", "2009-10-31": "", "2009-07-31": "0.27060", "2009-04-30": "0.12630", "2009-01-31": "0.12670", "2008-10-31": "", "2008-07-31": "", "2008-04-30": "0.02690", "2008-01-31": "0.07790", "2007-10-31": "", "2007-07-31": "0.02430", "2007-04-30": "", "2007-01-31": "", "2006-10-31": "", "2006-07-31": "", "2006-04-30": "", "2006-01-31": "", "2005-10-31": "", "2005-07-31": "", "2005-04-30": "", "2005-01-31": ""}, "Gross Margin": {"2020-09-30": "48.58120", "2020-06-30": "42.65810", "2020-03-31": "47.97920", "2019-12-31": "53.00730", "2019-09-30": "45.41550", "2019-06-30": "55.32150", "2019-03-31": "51.96440", "2018-12-31": "28.04860", "2018-09-30": "52.32480", "2018-06-30": "66.14150", "2018-03-31": "57.97870", "2017-12-31": "44.26770", "2017-09-30": "44.41630", "2017-06-30": "53.47640", "2017-03-31": "44.90480", "2016-12-31": "34.71320", "2016-09-30": "51.06590", "2016-06-30": "38.57210", "2016-03-31": "44.47150", "2015-12-31": "37.74800", "2015-09-30": "58.51560", "2015-06-30": "26.40130", "2015-03-31": "-36.85340", "2014-12-31": "47.65800", "2014-09-30": "58.80800", "2014-06-30": "56.82200", "2014-03-31": "44.52690", "2013-12-31": "39.92420", "2013-09-30": "37.87090", "2013-06-30": "34.22310", "2013-03-31": "48.47190", "2012-12-31": "47.97670", "2012-09-30": "41.96400", "2012-06-30": "17.42650", "2012-03-31": "21.35140", "2011-12-31": "46.48600", "2011-09-30": "30.20630", "2011-06-30": "36.83270", "2011-03-31": "45.60400", "2010-12-31": "43.56170", "2010-09-30": "44.22140", "2010-07-31": "32.14480", "2010-06-30": "34.98870", "2010-04-30": "41.50080", "2010-03-31": "21.37390", "2010-01-31": "38.52040", "2009-12-31": "43.46330", "2009-10-31": "", "2009-07-31": "18.95100", "2009-04-30": "36.94290", "2009-01-31": "31.22440", "2008-10-31": "", "2008-07-31": "40.14880", "2008-04-30": "41.04240", "2008-01-31": "22.63910", "2007-10-31": "", "2007-07-31": "18.47540", "2007-04-30": "22.32030", "2007-01-31": "26.36290", "2006-10-31": "", "2006-07-31": "23.68600", "2006-04-30": "6.70330", "2006-01-31": "21.00790", "2005-10-31": "", "2005-07-31": "28.08730", "2005-04-30": "32.35320", "2005-01-31": "35.93720"}, "Operating Margin": {"2020-09-30": "13.71550", "2020-06-30": "9.88120", "2020-03-31": "16.02600", "2019-12-31": "19.01170", "2019-09-30": "8.72190", "2019-06-30": "9.57150", "2019-03-31": "10.77180", "2018-12-31": "4.14650", "2018-09-30": "5.27450", "2018-06-30": "18.26010", "2018-03-31": "19.50480", "2017-12-31": "1.84090", "2017-09-30": "-2.55180", "2017-06-30": "12.00790", "2017-03-31": "19.50870", "2016-12-31": "-5.96240", "2016-09-30": "11.23220", "2016-06-30": "-12.51250", "2016-03-31": "11.81720", "2015-12-31": "-14.29120", "2015-09-30": "19.14580", "2015-06-30": "-22.75250", "2015-03-31": "-80.76040", "2014-12-31": "12.35290", "2014-09-30": "-38.41790", "2014-06-30": "-26.47720", "2014-03-31": "-12.08140", "2013-12-31": "32.52880", "2013-09-30": "-79.21500", "2013-06-30": "-34.74100", "2013-03-31": "9.70390", "2012-12-31": "19.47990", "2012-09-30": "-1.44020", "2012-06-30": "-44.61060", "2012-03-31": "-41.28880", "2011-12-31": "8.56790", "2011-09-30": "-38.78110", "2011-06-30": "-0.55710", "2011-03-31": "-66.63990", "2010-12-31": "14.56420", "2010-09-30": "5.31860", "2010-07-31": "5.84200", "2010-06-30": "9.42780", "2010-04-30": "9.93950", "2010-03-31": "-28.71410", "2010-01-31": "-16.24810", "2009-12-31": "12.33810", "2009-10-31": "", "2009-07-31": "-55.40350", "2009-04-30": "-8.23640", "2009-01-31": "-37.64090", "2008-10-31": "", "2008-07-31": "13.93040", "2008-04-30": "19.26550", "2008-01-31": "-14.38890", "2007-10-31": "", "2007-07-31": "-27.66560", "2007-04-30": "-24.70360", "2007-01-31": "-7.69240", "2006-10-31": "", "2006-07-31": "-15.92790", "2006-04-30": "-26.74960", "2006-01-31": "-18.41270", "2005-10-31": "", "2005-07-31": "-25.13260", "2005-04-30": "-5.41320", "2005-01-31": "14.47920"}, "EBIT Margin": {"2020-09-30": "13.71550", "2020-06-30": "9.88120", "2020-03-31": "16.02600", "2019-12-31": "19.01170", "2019-09-30": "8.72190", "2019-06-30": "9.57150", "2019-03-31": "10.77180", "2018-12-31": "4.14650", "2018-09-30": "5.27450", "2018-06-30": "18.26010", "2018-03-31": "19.50480", "2017-12-31": "1.84090", "2017-09-30": "-2.55180", "2017-06-30": "12.00790", "2017-03-31": "19.50870", "2016-12-31": "-5.96240", "2016-09-30": "11.23220", "2016-06-30": "-12.51250", "2016-03-31": "11.81720", "2015-12-31": "-14.29120", "2015-09-30": "19.14580", "2015-06-30": "-22.75250", "2015-03-31": "-80.76040", "2014-12-31": "12.35290", "2014-09-30": "-38.41790", "2014-06-30": "-26.47720", "2014-03-31": "-12.08140", "2013-12-31": "32.52880", "2013-09-30": "-79.21500", "2013-06-30": "-34.74100", "2013-03-31": "9.70400", "2012-12-31": "19.47990", "2012-09-30": "-1.44020", "2012-06-30": "-44.61060", "2012-03-31": "-41.28870", "2011-12-31": "8.56790", "2011-09-30": "-38.78110", "2011-06-30": "-0.55710", "2011-03-31": "-6.20750", "2010-12-31": "14.56420", "2010-09-30": "5.31860", "2010-07-31": "5.84200", "2010-06-30": "9.42780", "2010-04-30": "9.93950", "2010-03-31": "-28.71410", "2010-01-31": "-16.24810", "2009-12-31": "12.33810", "2009-10-31": "", "2009-07-31": "-55.40350", "2009-04-30": "-8.23640", "2009-01-31": "-37.64090", "2008-10-31": "", "2008-07-31": "13.93040", "2008-04-30": "19.26550", "2008-01-31": "-14.38890", "2007-10-31": "", "2007-07-31": "-27.66560", "2007-04-30": "-24.70360", "2007-01-31": "-7.69240", "2006-10-31": "", "2006-07-31": "-15.92790", "2006-04-30": "-26.74960", "2006-01-31": "-18.41270", "2005-10-31": "", "2005-07-31": "-25.13260", "2005-04-30": "-5.41320", "2005-01-31": "14.47920"}, "EBITDA Margin": {"2020-09-30": "", "2020-06-30": "", "2020-03-31": "", "2019-12-31": "", "2019-09-30": "", "2019-06-30": "", "2019-03-31": "", "2018-12-31": "", "2018-09-30": "", "2018-06-30": "", "2018-03-31": "", "2017-12-31": "", "2017-09-30": "", "2017-06-30": "", "2017-03-31": "", "2016-12-31": "", "2016-09-30": "", "2016-06-30": "", "2016-03-31": "", "2015-12-31": "", "2015-09-30": "", "2015-06-30": "", "2015-03-31": "", "2014-12-31": "", "2014-09-30": "", "2014-06-30": "", "2014-03-31": "", "2013-12-31": "", "2013-09-30": "", "2013-06-30": "", "2013-03-31": "", "2012-12-31": "", "2012-09-30": "", "2012-06-30": "", "2012-03-31": "", "2011-12-31": "", "2011-09-30": "", "2011-06-30": "", "2011-03-31": "", "2010-12-31": "", "2010-09-30": "", "2010-07-31": "", "2010-06-30": "", "2010-04-30": "", "2010-03-31": "", "2010-01-31": "", "2009-12-31": "", "2009-10-31": "", "2009-07-31": "", "2009-04-30": "", "2009-01-31": "", "2008-10-31": "", "2008-07-31": "", "2008-04-30": "", "2008-01-31": "", "2007-10-31": "", "2007-07-31": "", "2007-04-30": "", "2007-01-31": "", "2006-10-31": "", "2006-07-31": "", "2006-04-30": "", "2006-01-31": "", "2005-10-31": "", "2005-07-31": "", "2005-04-30": "", "2005-01-31": ""}, "Pre-Tax Profit Margin": {"2020-09-30": "13.95940", "2020-06-30": "10.86970", "2020-03-31": "16.38760", "2019-12-31": "20.29570", "2019-09-30": "9.66080", "2019-06-30": "11.50040", "2019-03-31": "11.97150", "2018-12-31": "4.79280", "2018-09-30": "6.28440", "2018-06-30": "19.96150", "2018-03-31": "20.27120", "2017-12-31": "2.54260", "2017-09-30": "-3.22120", "2017-06-30": "11.33650", "2017-03-31": "19.44030", "2016-12-31": "-6.74200", "2016-09-30": "9.54760", "2016-06-30": "-13.52550", "2016-03-31": "10.86970", "2015-12-31": "-16.22680", "2015-09-30": "16.72600", "2015-06-30": "-25.48920", "2015-03-31": "-83.16100", "2014-12-31": "10.28980", "2014-09-30": "-29.33950", "2014-06-30": "-32.63150", "2014-03-31": "-15.94150", "2013-12-31": "32.20970", "2013-09-30": "-88.88350", "2013-06-30": "-42.61460", "2013-03-31": "7.10310", "2012-12-31": "17.53310", "2012-09-30": "-4.15700", "2012-06-30": "-48.16990", "2012-03-31": "-44.91370", "2011-12-31": "5.94860", "2011-09-30": "-42.82940", "2011-06-30": "-1.65770", "2011-03-31": "-8.94380", "2010-12-31": "13.36360", "2010-09-30": "4.64750", "2010-07-31": "4.58290", "2010-06-30": "8.16560", "2010-04-30": "7.04250", "2010-03-31": "-33.00050", "2010-01-31": "-19.19650", "2009-12-31": "11.33050", "2009-10-31": "", "2009-07-31": "-59.78570", "2009-04-30": "-9.10470", "2009-01-31": "-36.04190", "2008-10-31": "", "2008-07-31": "13.81100", "2008-04-30": "18.94800", "2008-01-31": "-13.82040", "2007-10-31": "", "2007-07-31": "-27.30330", "2007-04-30": "-24.20610", "2007-01-31": "-7.38160", "2006-10-31": "", "2006-07-31": "-18.96710", "2006-04-30": "-29.10510", "2006-01-31": "-18.31720", "2005-10-31": "", "2005-07-31": "-24.39210", "2005-04-30": "-4.88900", "2005-01-31": "14.58660"}, "Net Profit Margin": {"2020-09-30": "11.80790", "2020-06-30": "10.64650", "2020-03-31": "16.13620", "2019-12-31": "17.59350", "2019-09-30": "8.37160", "2019-06-30": "8.56310", "2019-03-31": "10.54330", "2018-12-31": "14.41040", "2018-09-30": "5.14890", "2018-06-30": "18.47840", "2018-03-31": "20.17730", "2017-12-31": "5.22840", "2017-09-30": "-0.61680", "2017-06-30": "14.41270", "2017-03-31": "17.50050", "2016-12-31": "-6.26310", "2016-09-30": "8.49350", "2016-06-30": "-12.37900", "2016-03-31": "12.30070", "2015-12-31": "-10.23920", "2015-09-30": "15.77500", "2015-06-30": "-24.34570", "2015-03-31": "-79.86430", "2014-12-31": "6.95970", "2014-09-30": "-32.76050", "2014-06-30": "-28.22640", "2014-03-31": "3.07620", "2013-12-31": "26.85650", "2013-09-30": "-83.40050", "2013-06-30": "-43.39760", "2013-03-31": "9.44310", "2012-12-31": "15.76750", "2012-09-30": "-4.57410", "2012-06-30": "-49.01320", "2012-03-31": "-44.49980", "2011-12-31": "5.57070", "2011-09-30": "-44.25790", "2011-06-30": "-2.60570", "2011-03-31": "-10.10200", "2010-12-31": "12.22380", "2010-09-30": "1.36300", "2010-07-31": "1.67200", "2010-06-30": "7.00980", "2010-04-30": "6.25290", "2010-03-31": "-48.87200", "2010-01-31": "-20.75130", "2009-12-31": "10.52270", "2009-10-31": "", "2009-07-31": "-59.48130", "2009-04-30": "-5.78480", "2009-01-31": "-33.73800", "2008-10-31": "", "2008-07-31": "11.94600", "2008-04-30": "18.19570", "2008-01-31": "-15.80300", "2007-10-31": "", "2007-07-31": "-28.36330", "2007-04-30": "-24.94650", "2007-01-31": "-7.76950", "2006-10-31": "", "2006-07-31": "-37.88810", "2006-04-30": "-18.99990", "2006-01-31": "-10.99020", "2005-10-31": "", "2005-07-31": "-17.05480", "2005-04-30": "-3.68630", "2005-01-31": "10.99540"}, "Asset Turnover": {"2020-09-30": "0.14410", "2020-06-30": "0.15480", "2020-03-31": "0.15370", "2019-12-31": "0.19060", "2019-09-30": "0.17820", "2019-06-30": "0.12380", "2019-03-31": "0.12700", "2018-12-31": "0.28460", "2018-09-30": "0.13480", "2018-06-30": "0.11230", "2018-03-31": "0.12050", "2017-12-31": "0.13060", "2017-09-30": "0.12000", "2017-06-30": "0.12990", "2017-03-31": "0.18150", "2016-12-31": "0.15420", "2016-09-30": "0.14100", "2016-06-30": "0.12270", "2016-03-31": "0.14560", "2015-12-31": "0.16020", "2015-09-30": "0.14360", "2015-06-30": "0.11700", "2015-03-31": "0.13470", "2014-12-31": "0.23570", "2014-09-30": "0.07580", "2014-06-30": "0.07800", "2014-03-31": "0.10850", "2013-12-31": "0.93880", "2013-09-30": "0.05510", "2013-06-30": "0.09850", "2013-03-31": "0.23440", "2012-12-31": "0.34950", "2012-09-30": "0.23450", "2012-06-30": "0.21070", "2012-03-31": "0.12880", "2011-12-31": "0.20720", "2011-09-30": "0.11490", "2011-06-30": "0.33320", "2011-03-31": "0.18580", "2010-12-31": "0.34230", "2010-09-30": "", "2010-07-31": "0.37500", "2010-06-30": "", "2010-04-30": "0.30940", "2010-03-31": "0.17210", "2010-01-31": "0.18270", "2009-12-31": "", "2009-10-31": "", "2009-07-31": "0.10710", "2009-04-30": "0.20380", "2009-01-31": "0.16580", "2008-10-31": "", "2008-07-31": "0.39710", "2008-04-30": "0.49200", "2008-01-31": "0.31100", "2007-10-31": "", "2007-07-31": "0.27220", "2007-04-30": "0.26490", "2007-01-31": "0.34950", "2006-10-31": "", "2006-07-31": "0.28210", "2006-04-30": "0.29260", "2006-01-31": "0.30500", "2005-10-31": "", "2005-07-31": "0.19260", "2005-04-30": "0.24030", "2005-01-31": "0.50300"}, "Inventory Turnover Ratio": {"2020-09-30": "16.05800", "2020-06-30": "24.46320", "2020-03-31": "20.70550", "2019-12-31": "17.89460", "2019-09-30": "11.91680", "2019-06-30": "10.12580", "2019-03-31": "9.18140", "2018-12-31": "22.58290", "2018-09-30": "5.79360", "2018-06-30": "12.34400", "2018-03-31": "12.47930", "2017-12-31": "8.68470", "2017-09-30": "6.76750", "2017-06-30": "16.72130", "2017-03-31": "19.29180", "2016-12-31": "11.66600", "2016-09-30": "2.65090", "2016-06-30": "15.02910", "2016-03-31": "13.18340", "2015-12-31": "12.76100", "2015-09-30": "5.99250", "2015-06-30": "16.27040", "2015-03-31": "20.48190", "2014-12-31": "11.29350", "2014-09-30": "0.92970", "2014-06-30": "2.33970", "2014-03-31": "3.63630", "2013-12-31": "24.86360", "2013-09-30": "1.10030", "2013-06-30": "3.36930", "2013-03-31": "5.10690", "2012-12-31": "7.28600", "2012-09-30": "2.61670", "2012-06-30": "6.67210", "2012-03-31": "5.18160", "2011-12-31": "5.61680", "2011-09-30": "1.65720", "2011-06-30": "8.14230", "2011-03-31": "4.21890", "2010-12-31": "6.59800", "2010-09-30": "", "2010-07-31": "11.29730", "2010-06-30": "", "2010-04-30": "6.33170", "2010-03-31": "4.63840", "2010-01-31": "1.98090", "2009-12-31": "", "2009-10-31": "", "2009-07-31": "1.20940", "2009-04-30": "1.48440", "2009-01-31": "1.35200", "2008-10-31": "", "2008-07-31": "3.62780", "2008-04-30": "3.46610", "2008-01-31": "2.25500", "2007-10-31": "", "2007-07-31": "2.22030", "2007-04-30": "1.98910", "2007-01-31": "2.48470", "2006-10-31": "", "2006-07-31": "2.21160", "2006-04-30": "2.69390", "2006-01-31": "1.94870", "2005-10-31": "", "2005-07-31": "1.17010", "2005-04-30": "1.28870", "2005-01-31": "2.40040"}, "Receiveable Turnover": {"2020-09-30": "1.06770", "2020-06-30": "1.21330", "2020-03-31": "1.28350", "2019-12-31": "1.43660", "2019-09-30": "0.99910", "2019-06-30": "1.53270", "2019-03-31": "1.36210", "2018-12-31": "1.51640", "2018-09-30": "0.92150", "2018-06-30": "1.61840", "2018-03-31": "1.81820", "2017-12-31": "1.12890", "2017-09-30": "1.03390", "2017-06-30": "1.82470", "2017-03-31": "2.60320", "2016-12-31": "1.45520", "2016-09-30": "1.10110", "2016-06-30": "2.20720", "2016-03-31": "2.23830", "2015-12-31": "1.57090", "2015-09-30": "1.44060", "2015-06-30": "2.10290", "2015-03-31": "1.37740", "2014-12-31": "1.21900", "2014-09-30": "4.96630", "2014-06-30": "2.90570", "2014-03-31": "3.67330", "2013-12-31": "9.83470", "2013-09-30": "0.14710", "2013-06-30": "4.05280", "2013-03-31": "1.57960", "2012-12-31": "4.41180", "2012-09-30": "1.76240", "2012-06-30": "3.15370", "2012-03-31": "3.28820", "2011-12-31": "4.43600", "2011-09-30": "5.46870", "2011-06-30": "2.27940", "2011-03-31": "2.14370", "2010-12-31": "3.98660", "2010-09-30": "", "2010-07-31": "3.67960", "2010-06-30": "", "2010-04-30": "6.82030", "2010-03-31": "1.94790", "2010-01-31": "3.62240", "2009-12-31": "", "2009-10-31": "", "2009-07-31": "1.35360", "2009-04-30": "3.34340", "2009-01-31": "2.47600", "2008-10-31": "", "2008-07-31": "4.07920", "2008-04-30": "1.48800", "2008-01-31": "3.79620", "2007-10-31": "", "2007-07-31": "2.05540", "2007-04-30": "2.91790", "2007-01-31": "3.50590", "2006-10-31": "", "2006-07-31": "2.46040", "2006-04-30": "2.03430", "2006-01-31": "3.14400", "2005-10-31": "", "2005-07-31": "2.75210", "2005-04-30": "1.74470", "2005-01-31": "3.68070"}, "Days Sales In Receivables": {"2020-09-30": "84.29450", "2020-06-30": "74.17840", "2020-03-31": "70.12110", "2019-12-31": "62.64870", "2019-09-30": "90.07930", "2019-06-30": "58.72090", "2019-03-31": "66.07630", "2018-12-31": "59.35060", "2018-09-30": "97.66630", "2018-06-30": "55.61140", "2018-03-31": "49.49970", "2017-12-31": "79.72260", "2017-09-30": "87.04920", "2017-06-30": "49.32320", "2017-03-31": "34.57270", "2016-12-31": "61.84760", "2016-09-30": "81.73620", "2016-06-30": "40.77490", "2016-03-31": "40.20990", "2015-12-31": "57.29330", "2015-09-30": "62.47530", "2015-06-30": "42.79870", "2015-03-31": "65.33860", "2014-12-31": "73.82850", "2014-09-30": "18.12230", "2014-06-30": "30.97350", "2014-03-31": "24.50140", "2013-12-31": "9.15120", "2013-09-30": "611.62980", "2013-06-30": "22.20680", "2013-03-31": "56.97620", "2012-12-31": "20.39980", "2012-09-30": "51.06700", "2012-06-30": "28.53830", "2012-03-31": "27.37060", "2011-12-31": "20.28840", "2011-09-30": "16.45720", "2011-06-30": "39.48340", "2011-03-31": "41.98280", "2010-12-31": "22.57550", "2010-09-30": "", "2010-07-31": "24.45900", "2010-06-30": "", "2010-04-30": "13.19600", "2010-03-31": "46.20290", "2010-01-31": "24.84510", "2009-12-31": "", "2009-10-31": "", "2009-07-31": "66.49150", "2009-04-30": "26.91840", "2009-01-31": "36.34930", "2008-10-31": "", "2008-07-31": "22.06330", "2008-04-30": "60.48210", "2008-01-31": "23.70770", "2007-10-31": "", "2007-07-31": "43.78770", "2007-04-30": "30.84440", "2007-01-31": "25.67110", "2006-10-31": "", "2006-07-31": "36.58010", "2006-04-30": "44.24200", "2006-01-31": "28.62610", "2005-10-31": "", "2005-07-31": "32.70270", "2005-04-30": "51.58340", "2005-01-31": "24.45170"}, "ROE - Return On Equity": {"2020-09-30": "3.42330", "2020-06-30": "3.33850", "2020-03-31": "4.83300", "2019-12-31": "6.81260", "2019-09-30": "3.29160", "2019-06-30": "2.21830", "2019-03-31": "2.78490", "2018-12-31": "8.87550", "2018-09-30": "1.30460", "2018-06-30": "3.87070", "2018-03-31": "6.10170", "2017-12-31": "1.79470", "2017-09-30": "-0.18580", "2017-06-30": "5.48090", "2017-03-31": "9.89110", "2016-12-31": "-3.63520", "2016-09-30": "6.25170", "2016-06-30": "-7.22850", "2016-03-31": "7.98080", "2015-12-31": "-8.04840", "2015-09-30": "9.70370", "2015-06-30": "-12.72170", "2015-03-31": "-43.11780", "2014-12-31": "4.91700", "2014-09-30": "-5.47930", "2014-06-30": "-4.52120", "2014-03-31": "-3.83810", "2013-12-31": "70.37040", "2013-09-30": "-24.87560", "2013-06-30": "-10.19540", "2013-03-31": "3.60040", "2012-12-31": "12.54870", "2012-09-30": "-2.56690", "2012-06-30": "-23.22090", "2012-03-31": "-11.07970", "2011-12-31": "2.21130", "2011-09-30": "-8.35170", "2011-06-30": "-1.40090", "2011-03-31": "-2.65100", "2010-12-31": "6.59350", "2010-09-30": "", "2010-07-31": "2.25810", "2010-06-30": "", "2010-04-30": "3.14980", "2010-03-31": "-15.11310", "2010-01-31": "-6.62150", "2009-12-31": "", "2009-10-31": "", "2009-07-31": "-11.43360", "2009-04-30": "-1.87860", "2009-01-31": "-9.74900", "2008-10-31": "", "2008-07-31": "7.78660", "2008-04-30": "16.49800", "2008-01-31": "-8.22240", "2007-10-31": "", "2007-07-31": "-12.93760", "2007-04-30": "-10.30670", "2007-01-31": "-4.02500", "2006-10-31": "", "2006-07-31": "-16.46390", "2006-04-30": "-7.77930", "2006-01-31": "-4.23720", "2005-10-31": "", "2005-07-31": "-4.26360", "2005-04-30": "-1.12730", "2005-01-31": "7.79000"}, "Return On Tangible Equity": {"2020-09-30": "4.40660", "2020-06-30": "3.99670", "2020-03-31": "5.83980", "2019-12-31": "8.37630", "2019-09-30": "4.13480", "2019-06-30": "2.84460", "2019-03-31": "3.58370", "2018-12-31": "11.50230", "2018-09-30": "1.72880", "2018-06-30": "5.22190", "2018-03-31": "9.21660", "2017-12-31": "2.78410", "2017-09-30": "-0.28070", "2017-06-30": "10.09980", "2017-03-31": "18.57960", "2016-12-31": "-4.93920", "2016-09-30": "10.05060", "2016-06-30": "-12.30960", "2016-03-31": "12.89950", "2015-12-31": "-13.87910", "2015-09-30": "16.01730", "2015-06-30": "-22.11500", "2015-03-31": "-71.19320", "2014-12-31": "6.80090", "2014-09-30": "-7.86200", "2014-06-30": "-6.42720", "2014-03-31": "-5.39910", "2013-12-31": "98.06350", "2013-09-30": "-46.80830", "2013-06-30": "-16.63430", "2013-03-31": "5.99420", "2012-12-31": "21.69300", "2012-09-30": "-5.08010", "2012-06-30": "-46.15770", "2012-03-31": "-18.78920", "2011-12-31": "3.53610", "2011-09-30": "-14.61300", "2011-06-30": "-2.32280", "2011-03-31": "-4.38140", "2010-12-31": "10.72270", "2010-09-30": "", "2010-07-31": "3.99600", "2010-06-30": "", "2010-04-30": "5.67330", "2010-03-31": "-27.94060", "2010-01-31": "-12.56980", "2009-12-31": "", "2009-10-31": "", "2009-07-31": "-23.09150", "2009-04-30": "-3.44500", "2009-01-31": "-17.81920", "2008-10-31": "", "2008-07-31": "13.05150", "2008-04-30": "29.88400", "2008-01-31": "-19.09990", "2007-10-31": "", "2007-07-31": "-25.90230", "2007-04-30": "-18.86240", "2007-01-31": "-7.04800", "2006-10-31": "", "2006-07-31": "-28.49940", "2006-04-30": "-12.49520", "2006-01-31": "-6.74820", "2005-10-31": "", "2005-07-31": "-6.59230", "2005-04-30": "-1.64650", "2005-01-31": "11.35820"}, "ROA - Return On Assets": {"2020-09-30": "1.70180", "2020-06-30": "1.64840", "2020-03-31": "2.47980", "2019-12-31": "3.35360", "2019-09-30": "1.49150", "2019-06-30": "1.06000", "2019-03-31": "1.33930", "2018-12-31": "4.10170", "2018-09-30": "0.69400", "2018-06-30": "2.07440", "2018-03-31": "2.43060", "2017-12-31": "0.68270", "2017-09-30": "-0.07400", "2017-06-30": "1.87220", "2017-03-31": "3.15260", "2016-12-31": "-0.96600", "2016-09-30": "1.22290", "2016-06-30": "-1.51910", "2016-03-31": "1.79130", "2015-12-31": "-1.64070", "2015-09-30": "2.26510", "2015-06-30": "-2.84890", "2015-03-31": "-10.89690", "2014-12-31": "1.77890", "2014-09-30": "-2.48430", "2014-06-30": "-2.20200", "2014-03-31": "-1.71000", "2013-12-31": "29.13560", "2013-09-30": "-4.59390", "2013-06-30": "-4.27340", "2013-03-31": "1.65670", "2012-12-31": "5.95710", "2012-09-30": "-1.06780", "2012-06-30": "-10.32230", "2012-03-31": "-5.74240", "2011-12-31": "1.24360", "2011-09-30": "-5.07140", "2011-06-30": "-0.85880", "2011-03-31": "-1.67870", "2010-12-31": "4.17980", "2010-09-30": "", "2010-07-31": "1.31110", "2010-06-30": "", "2010-04-30": "1.95280", "2010-03-31": "-9.37500", "2010-01-31": "-3.78600", "2009-12-31": "", "2009-10-31": "", "2009-07-31": "-6.57910", "2009-04-30": "-1.21740", "2009-01-31": "-5.97810", "2008-10-31": "", "2008-07-31": "4.74350", "2008-04-30": "8.95260", "2008-01-31": "-4.91500", "2007-10-31": "", "2007-07-31": "-7.72060", "2007-04-30": "-6.60780", "2007-01-31": "-2.71560", "2006-10-31": "", "2006-07-31": "-10.68680", "2006-04-30": "-5.55980", "2006-01-31": "-3.35250", "2005-10-31": "", "2005-07-31": "-3.28440", "2005-04-30": "-0.88570", "2005-01-31": "5.53090"}, "ROI - Return On Investment": {"2020-09-30": "3.42330", "2020-06-30": "3.33850", "2020-03-31": "4.83300", "2019-12-31": "6.81260", "2019-09-30": "3.29160", "2019-06-30": "2.21830", "2019-03-31": "2.78490", "2018-12-31": "8.87550", "2018-09-30": "1.30460", "2018-06-30": "3.85980", "2018-03-31": "6.06890", "2017-12-31": "1.77710", "2017-09-30": "-0.17940", "2017-06-30": "4.59200", "2017-03-31": "7.90660", "2016-12-31": "-2.76370", "2016-09-30": "3.32900", "2016-06-30": "-3.71580", "2016-03-31": "4.29890", "2015-12-31": "-4.16410", "2015-09-30": "5.20460", "2015-06-30": "-6.64500", "2015-03-31": "-23.43280", "2014-12-31": "3.11810", "2014-09-30": "-3.39120", "2014-06-30": "-2.84950", "2014-03-31": "-2.45050", "2013-12-31": "45.52040", "2013-09-30": "-13.16810", "2013-06-30": "-6.09150", "2013-03-31": "2.29310", "2012-12-31": "7.91810", "2012-09-30": "-1.53530", "2012-06-30": "-13.88260", "2012-03-31": "-7.23690", "2011-12-31": "1.48780", "2011-09-30": "-6.97910", "2011-06-30": "-1.18960", "2011-03-31": "-2.25750", "2010-12-31": "5.63500", "2010-09-30": "", "2010-07-31": "1.90320", "2010-06-30": "", "2010-04-30": "2.65350", "2010-03-31": "-12.68070", "2010-01-31": "-5.54900", "2009-12-31": "", "2009-10-31": "", "2009-07-31": "-8.99880", "2009-04-30": "-1.66790", "2009-01-31": "-8.65250", "2008-10-31": "", "2008-07-31": "7.78660", "2008-04-30": "16.06630", "2008-01-31": "-7.62810", "2007-10-31": "", "2007-07-31": "-12.63060", "2007-04-30": "-10.30670", "2007-01-31": "-4.02500", "2006-10-31": "", "2006-07-31": "-16.46390", "2006-04-30": "-7.77930", "2006-01-31": "-4.23720", "2005-10-31": "", "2005-07-31": "-4.26360", "2005-04-30": "-1.12730", "2005-01-31": "7.79000"}, "Book Value Per Share": {"2020-09-30": "25.24430", "2020-06-30": "23.20010", "2020-03-31": "22.37100", "2019-12-31": "21.19130", "2019-09-30": "19.27440", "2019-06-30": "18.44580", "2019-03-31": "18.19010", "2018-12-31": "17.92730", "2018-09-30": "17.08590", "2018-06-30": "16.31770", "2018-03-31": "13.05680", "2017-12-31": "12.25300", "2017-09-30": "12.96960", "2017-06-30": "10.39120", "2017-03-31": "9.78090", "2016-12-31": "8.14420", "2016-09-30": "6.67020", "2016-06-30": "6.10410", "2016-03-31": "6.71550", "2015-12-31": "6.04460", "2015-09-30": "6.48590", "2015-06-30": "5.96430", "2015-03-31": "6.37290", "2014-12-31": "9.22760", "2014-09-30": "8.53680", "2014-06-30": "8.85460", "2014-03-31": "9.01740", "2013-12-31": "9.28300", "2013-09-30": "4.76870", "2013-06-30": "6.40690", "2013-03-31": "6.27240", "2012-12-31": "6.03050", "2012-09-30": "5.26110", "2012-06-30": "5.23810", "2012-03-31": "6.60340", "2011-12-31": "7.12480", "2011-09-30": "6.55210", "2011-06-30": "7.12440", "2011-03-31": "7.14450", "2010-12-31": "7.31680", "2010-09-30": "", "2010-07-31": "6.51440", "2010-06-30": "", "2010-04-30": "6.39500", "2010-03-31": "6.19960", "2010-01-31": "6.09610", "2009-12-31": "", "2009-10-31": "", "2009-07-31": "6.40260", "2009-04-30": "7.04480", "2009-01-31": "7.01330", "2008-10-31": "", "2008-07-31": "8.57860", "2008-04-30": "7.71730", "2008-01-31": "6.07040", "2007-10-31": "", "2007-07-31": "6.11630", "2007-04-30": "6.81420", "2007-01-31": "7.35430", "2006-10-31": "", "2006-07-31": "7.64780", "2006-04-30": "8.92960", "2006-01-31": "9.61660", "2005-10-31": "", "2005-07-31": "9.49340", "2005-04-30": "10.20030", "2005-01-31": "10.19170"}, "Operating Cash Flow Per Share": {"2020-09-30": 1.5557, "2020-06-30": "3.87470", "2020-03-31": 2.1567, "2019-12-31": 2.5872, "2019-09-30": 0.3094, "2019-06-30": "0.95430", "2019-03-31": 3.9215, "2018-12-31": 5.1755, "2018-09-30": -1.6783, "2018-06-30": "-0.09640", "2018-03-31": 2.3274, "2017-12-31": 0.8398, "2017-09-30": 0.7858, "2017-06-30": "0.42370", "2017-03-31": 1.7682, "2016-12-31": 3.0976, "2016-09-30": 0.1106, "2016-06-30": "-0.55860", "2016-03-31": 0.0738, "2015-12-31": 2.082, "2015-09-30": -1.092, "2015-06-30": "1.27340", "2015-03-31": 2.0829, "2014-12-31": 2.2056, "2014-09-30": -0.5379, "2014-06-30": "-1.10260", "2014-03-31": -0.3869, "2013-12-31": 5.0146, "2013-09-30": 1.4385, "2013-06-30": "0.08280", "2013-03-31": -0.4244, "2012-12-31": 1.335, "2012-09-30": -0.3462, "2012-06-30": "-0.61780", "2012-03-31": -0.3659, "2011-12-31": -0.53, "2011-09-30": 0.2209, "2011-06-30": "-0.34430", "2011-03-31": 0.0176, "2010-12-31": 0.8387, "2010-09-30": -0.3899, "2010-07-31": 0.8052, "2010-06-30": "0.40240", "2010-04-30": "0.52010", "2010-03-31": -1.7945, "2010-01-31": 1.8392, "2009-12-31": -1.7876, "2009-10-31": 1.9061, "2009-07-31": -0.6951, "2009-04-30": "-1.21100", "2009-01-31": -0.7465, "2008-10-31": -3.4797, "2008-07-31": 3.6604, "2008-04-30": "-0.18070", "2008-01-31": -0.5382, "2007-10-31": 1.0094, "2007-07-31": -0.8137, "2007-04-30": "-0.19570", "2007-01-31": 0.1699, "2006-10-31": -1.1866, "2006-07-31": 0.5858, "2006-04-30": "0.60080", "2006-01-31": 0.5568, "2005-10-31": -1.5865, "2005-07-31": 0.1799, "2005-04-30": "1.40660", "2005-01-31": 2.7156}, "Free Cash Flow Per Share": {"2020-09-30": 1.4163, "2020-06-30": "3.79730", "2020-03-31": 1.9934, "2019-12-31": 2.5065, "2019-09-30": 0.1732, "2019-06-30": "0.86670", "2019-03-31": 3.7206, "2018-12-31": 5.0461, "2018-09-30": -1.8061, "2018-06-30": "-0.21960", "2018-03-31": 2.1755, "2017-12-31": 0.7518, "2017-09-30": 0.6017, "2017-06-30": "0.07150", "2017-03-31": 1.6978, "2016-12-31": 3.0117, "2016-09-30": 0.0876, "2016-06-30": "-0.60860", "2016-03-31": 0.083, "2015-12-31": 1.9732, "2015-09-30": -1.0992, "2015-06-30": "1.04680", "2015-03-31": 1.8085, "2014-12-31": 2.151, "2014-09-30": -0.719, "2014-06-30": "-1.20840", "2014-03-31": -0.4389, "2013-12-31": 4.9788, "2013-09-30": 1.3564, "2013-06-30": "-0.00910", "2013-03-31": -0.5107, "2012-12-31": 1.3187, "2012-09-30": -0.4014, "2012-06-30": "-0.65650", "2012-03-31": -0.3997, "2011-12-31": -0.568, "2011-09-30": 0.1924, "2011-06-30": "-0.37340", "2011-03-31": -0.0142, "2010-12-31": 0.8217, "2010-09-30": -0.3784, "2010-07-31": 0.7462, "2010-06-30": "0.37880", "2010-04-30": "0.47260", "2010-03-31": -1.8988, "2010-01-31": 1.921, "2009-12-31": -1.8927, "2009-10-31": 2.0073, "2009-07-31": -0.7236, "2009-04-30": "-1.28370", "2009-01-31": -0.7754, "2008-10-31": -3.3624, "2008-07-31": 3.6089, "2008-04-30": "-0.24650", "2008-01-31": -0.5569, "2007-10-31": 1.2402, "2007-07-31": -0.862, "2007-04-30": "-0.37820", "2007-01-31": 0.0614, "2006-10-31": -0.925, "2006-07-31": 0.5075, "2006-04-30": "0.41750", "2006-01-31": 0.4657, "2005-10-31": -1.2683, "2005-07-31": 0.069, "2005-04-30": "1.19930", "2005-01-31": 2.6346}}, "revenue": {"Take-Two Interactive Software Annual Revenue (Millions of US $)": {"2020": "$3,089", "2019": "$2,668", "2018": "$1,793", "2017": "$1,780", "2016": "$1,414", "2015": "$1,083", "2014": "$2,351", "2013": "$1,214", "2012": "$826", "2011": "$1,137", "2010": "$763", "2009": "$701", "2008": "$1,231", "2007": "$982", "2006": "$1,038", "2005": "$1,201"}, "Take-Two Interactive Software Quarterly Revenue (Millions of US $)": {"2020-09-30": "$841", "2020-06-30": "$831", "2020-03-31": "$761", "2019-12-31": "$930", "2019-09-30": "$858", "2019-06-30": "$540", "2019-03-31": "$539", "2018-12-31": "$1,249", "2018-09-30": "$493", "2018-06-30": "$388", "2018-03-31": "$450", "2017-12-31": "$481", "2017-09-30": "$444", "2017-06-30": "$418", "2017-03-31": "$572", "2016-12-31": "$476", "2016-09-30": "$420", "2016-06-30": "$312", "2016-03-31": "$377", "2015-12-31": "$414", "2015-09-30": "$347", "2015-06-30": "$275", "2015-03-31": "$300", "2014-12-31": "$531", "2014-09-30": "$126", "2014-06-30": "$125", "2014-03-31": "$195", "2013-12-31": "$1,864", "2013-09-30": "$149", "2013-06-30": "$143", "2013-03-31": "$299", "2012-12-31": "$416", "2012-09-30": "$273", "2012-06-30": "$226", "2012-03-31": "$148", "2011-12-31": "$236", "2011-09-30": "$107", "2011-06-30": "$334", "2011-03-31": "$181", "2010-12-31": "$334", "2010-09-30": "$245", "2010-07-31": "$354", "2010-06-30": "$375", "2010-04-30": "$268", "2010-03-31": "$144", "2010-01-31": "$163", "2009-12-31": "$360", "2009-10-31": "", "2009-07-31": "$95", "2009-04-30": "$174", "2009-01-31": "$149", "2008-10-31": "", "2008-07-31": "$434", "2008-04-30": "$540", "2008-01-31": "$240", "2007-10-31": "", "2007-07-31": "$206", "2007-04-30": "$205", "2007-01-31": "$277", "2006-10-31": "", "2006-07-31": "$241", "2006-04-30": "$265", "2006-01-31": "$265", "2005-10-31": "", "2005-07-31": "$170", "2005-04-30": "$222", "2005-01-31": "$502"}}, "gross-profit": {"Take-Two Interactive Software Annual Gross Profit (Millions of US $)": {"2020": "$1,547", "2019": "$1,145", "2018": "$895", "2017": "$757", "2016": "$600", "2015": "$288", "2014": "$936", "2013": "$499", "2012": "$297", "2011": "$447", "2010": "$268", "2009": "$233", "2008": "$521", "2007": "$247", "2006": "$212", "2005": "$415"}, "Take-Two Interactive Software Quarterly Gross Profit (Millions of US $)": {"2020-09-30": "$409", "2020-06-30": "$355", "2020-03-31": "$365", "2019-12-31": "$493", "2019-09-30": "$390", "2019-06-30": "$299", "2019-03-31": "$280", "2018-12-31": "$350", "2018-09-30": "$258", "2018-06-30": "$257", "2018-03-31": "$261", "2017-12-31": "$213", "2017-09-30": "$197", "2017-06-30": "$224", "2017-03-31": "$257", "2016-12-31": "$165", "2016-09-30": "$215", "2016-06-30": "$120", "2016-03-31": "$168", "2015-12-31": "$156", "2015-09-30": "$203", "2015-06-30": "$73", "2015-03-31": "$-111", "2014-12-31": "$253", "2014-09-30": "$74", "2014-06-30": "$71", "2014-03-31": "$87", "2013-12-31": "$744", "2013-09-30": "$56", "2013-06-30": "$49", "2013-03-31": "$145", "2012-12-31": "$199", "2012-09-30": "$115", "2012-06-30": "$39", "2012-03-31": "$32", "2011-12-31": "$110", "2011-09-30": "$32", "2011-06-30": "$123", "2011-03-31": "$77", "2010-12-31": "$146", "2010-09-30": "$108", "2010-07-31": "$114", "2010-06-30": "$131", "2010-04-30": "$111", "2010-03-31": "$31", "2010-01-31": "$63", "2009-12-31": "$157", "2009-10-31": "", "2009-07-31": "$18", "2009-04-30": "$64", "2009-01-31": "$47", "2008-10-31": "", "2008-07-31": "$174", "2008-04-30": "$222", "2008-01-31": "$54", "2007-10-31": "", "2007-07-31": "$38", "2007-04-30": "$46", "2007-01-31": "$73", "2006-10-31": "", "2006-07-31": "$57", "2006-04-30": "$18", "2006-01-31": "$56", "2005-10-31": "", "2005-07-31": "$48", "2005-04-30": "$72", "2005-01-31": "$181"}}, "operating-income": {"Take-Two Interactive Software Annual Operating Income (Millions of US $)": {"2020": "$425", "2019": "$207", "2018": "$136", "2017": "$91", "2016": "$-11", "2015": "$-258", "2014": "$415", "2013": "$5", "2012": "$-84", "2011": "$77", "2010": "$-76", "2009": "$-120", "2008": "$111", "2007": "$-128", "2006": "$-174", "2005": "$38"}, "Take-Two Interactive Software Quarterly Operating Income (Millions of US $)": {"2020-09-30": "$115", "2020-06-30": "$82", "2020-03-31": "$122", "2019-12-31": "$177", "2019-09-30": "$75", "2019-06-30": "$52", "2019-03-31": "$58", "2018-12-31": "$52", "2018-09-30": "$26", "2018-06-30": "$71", "2018-03-31": "$88", "2017-12-31": "$9", "2017-09-30": "$-11", "2017-06-30": "$50", "2017-03-31": "$112", "2016-12-31": "$-28", "2016-09-30": "$47", "2016-06-30": "$-39", "2016-03-31": "$45", "2015-12-31": "$-59", "2015-09-30": "$66", "2015-06-30": "$-63", "2015-03-31": "$-242", "2014-12-31": "$66", "2014-09-30": "$-49", "2014-06-30": "$-33", "2014-03-31": "$-24", "2013-12-31": "$606", "2013-09-30": "$-118", "2013-06-30": "$-50", "2013-03-31": "$29", "2012-12-31": "$81", "2012-09-30": "$-4", "2012-06-30": "$-101", "2012-03-31": "$-61", "2011-12-31": "$20", "2011-09-30": "$-42", "2011-06-30": "$-2", "2011-03-31": "$-120", "2010-12-31": "$49", "2010-09-30": "$13", "2010-07-31": "$21", "2010-06-30": "$35", "2010-04-30": "$27", "2010-03-31": "$-41", "2010-01-31": "$-27", "2009-12-31": "$44", "2009-10-31": "", "2009-07-31": "$-53", "2009-04-30": "$-14", "2009-01-31": "$-56", "2008-10-31": "", "2008-07-31": "$60", "2008-04-30": "$104", "2008-01-31": "$-35", "2007-10-31": "", "2007-07-31": "$-57", "2007-04-30": "$-51", "2007-01-31": "$-21", "2006-10-31": "", "2006-07-31": "$-38", "2006-04-30": "$-71", "2006-01-31": "$-49", "2005-10-31": "", "2005-07-31": "$-43", "2005-04-30": "$-12", "2005-01-31": "$73"}}, "ebitda": {"Take-Two Interactive Software Annual EBITDA (Millions of US $)": {"2020": "$662", "2019": "$472", "2018": "$296", "2017": "$373", "2016": "$178", "2015": "$-80", "2014": "$722", "2013": "$275", "2012": "$93", "2011": "$249", "2010": "$60", "2009": "$7", "2008": "$281", "2007": "$-92", "2006": "$-121", "2005": "$72"}, "Take-Two Interactive Software Quarterly EBITDA (Millions of US $)": {"2020-09-30": "$171", "2020-06-30": "$157", "2020-03-31": "$191", "2019-12-31": "$238", "2019-09-30": "$134", "2019-06-30": "$99", "2019-03-31": "$116", "2018-12-31": "$207", "2018-09-30": "$54", "2018-06-30": "$94", "2018-03-31": "$120", "2017-12-31": "$51", "2017-09-30": "$35", "2017-06-30": "$90", "2017-03-31": "$221", "2016-12-31": "$52", "2016-09-30": "$84", "2016-06-30": "$16", "2016-03-31": "$110", "2015-12-31": "$-3", "2015-09-30": "$97", "2015-06-30": "$-26", "2015-03-31": "$-187", "2014-12-31": "$157", "2014-09-30": "$-34", "2014-06-30": "$-16", "2014-03-31": "$-1", "2013-12-31": "$784", "2013-09-30": "$-63", "2013-06-30": "$3", "2013-03-31": "$79", "2012-12-31": "$138", "2012-09-30": "$51", "2012-06-30": "$7", "2012-03-31": "$-20", "2011-12-31": "$60", "2011-09-30": "$-24", "2011-06-30": "$76", "2011-03-31": "$-93", "2010-12-31": "$68", "2010-09-30": "$75", "2010-07-31": "$82", "2010-06-30": "$98", "2010-04-30": "$90", "2010-03-31": "$9", "2010-01-31": "$30", "2009-12-31": "$53", "2009-10-31": "", "2009-07-31": "$-32", "2009-04-30": "$42", "2009-01-31": "$23", "2008-10-31": "", "2008-07-31": "$108", "2008-04-30": "$183", "2008-01-31": "$28", "2007-10-31": "", "2007-07-31": "$-12", "2007-04-30": "$12", "2007-01-31": "$5", "2006-10-31": "", "2006-07-31": "$84", "2006-04-30": "$-44", "2006-01-31": "$-13", "2005-10-31": "", "2005-07-31": "$-15", "2005-04-30": "$24", "2005-01-31": "$109"}}, "net-income": {"Take-Two Interactive Software Annual Net Income (Millions of US $)": {"2020": "$404", "2019": "$334", "2018": "$174", "2017": "$67", "2016": "$-8", "2015": "$-279", "2014": "$321", "2013": "$-29", "2012": "$-109", "2011": "$45", "2010": "$-123", "2009": "$-140", "2008": "$97", "2007": "$-138", "2006": "$-185", "2005": "$35"}, "Take-Two Interactive Software Quarterly Net Income (Millions of US $)": {"2020-09-30": "$99", "2020-06-30": "$89", "2020-03-31": "$123", "2019-12-31": "$164", "2019-09-30": "$72", "2019-06-30": "$46", "2019-03-31": "$57", "2018-12-31": "$180", "2018-09-30": "$25", "2018-06-30": "$72", "2018-03-31": "$91", "2017-12-31": "$25", "2017-09-30": "$-3", "2017-06-30": "$60", "2017-03-31": "$100", "2016-12-31": "$-30", "2016-09-30": "$36", "2016-06-30": "$-39", "2016-03-31": "$46", "2015-12-31": "$-42", "2015-09-30": "$55", "2015-06-30": "$-67", "2015-03-31": "$-240", "2014-12-31": "$37", "2014-09-30": "$-41", "2014-06-30": "$-35", "2014-03-31": "$6", "2013-12-31": "$501", "2013-09-30": "$-124", "2013-06-30": "$-62", "2013-03-31": "$28", "2012-12-31": "$66", "2012-09-30": "$-12", "2012-06-30": "$-111", "2012-03-31": "$-66", "2011-12-31": "$13", "2011-09-30": "$-47", "2011-06-30": "$-9", "2011-03-31": "$-18", "2010-12-31": "$41", "2010-09-30": "$3", "2010-07-31": "$6", "2010-06-30": "$26", "2010-04-30": "$17", "2010-03-31": "$-71", "2010-01-31": "$-34", "2009-12-31": "$38", "2009-10-31": "", "2009-07-31": "$-56", "2009-04-30": "$-10", "2009-01-31": "$-50", "2008-10-31": "", "2008-07-31": "$52", "2008-04-30": "$98", "2008-01-31": "$-38", "2007-10-31": "", "2007-07-31": "$-59", "2007-04-30": "$-51", "2007-01-31": "$-22", "2006-10-31": "", "2006-07-31": "$-91", "2006-04-30": "$-50", "2006-01-31": "$-29", "2005-10-31": "", "2005-07-31": "$-29", "2005-04-30": "$-8", "2005-01-31": "$55"}}, "eps-earnings-per-share-diluted": {"Take-Two Interactive Software Annual EPS": {"2020": "$3.54", "2019": "$2.90", "2018": "$1.54", "2017": "$0.72", "2016": "$-0.10", "2015": "$-3.48", "2014": "$3.20", "2013": "$-0.34", "2012": "$-1.31", "2011": "$0.56", "2010": "$-1.58", "2009": "$-1.83", "2008": "$1.25", "2007": "$-1.93", "2006": "$-2.60", "2005": "$0.50"}, "Take-Two Interactive Software Quarterly EPS": {"2020-09-30": "$0.86", "2020-06-30": "$0.77", "2020-03-31": "$1.07", "2019-12-31": "$1.43", "2019-09-30": "$0.63", "2019-06-30": "$0.41", "2019-03-31": "$0.49", "2018-12-31": "$1.57", "2018-09-30": "$0.22", "2018-06-30": "$0.62", "2018-03-31": "$0.80", "2017-12-31": "$0.21", "2017-09-30": "$-0.03", "2017-06-30": "$0.56", "2017-03-31": "$1.12", "2016-12-31": "$-0.33", "2016-09-30": "$0.39", "2016-06-30": "$-0.46", "2016-03-31": "$0.48", "2015-12-31": "$-0.51", "2015-09-30": "$0.55", "2015-06-30": "$-0.81", "2015-03-31": "$-2.94", "2014-12-31": "$0.42", "2014-09-30": "$-0.51", "2014-06-30": "$-0.45", "2014-03-31": "$0.62", "2013-12-31": "$4.69", "2013-09-30": "$-1.40", "2013-06-30": "$-0.71", "2013-03-31": "$0.45", "2012-12-31": "$0.66", "2012-09-30": "$-0.15", "2012-06-30": "$-1.30", "2012-03-31": "$-0.79", "2011-12-31": "$0.16", "2011-09-30": "$-0.57", "2011-06-30": "$-0.11", "2011-03-31": "$-0.26", "2010-12-31": "$0.45", "2010-09-30": "$0.04", "2010-07-31": "$0.07", "2010-06-30": "$0.30", "2010-04-30": "$0.20", "2010-03-31": "$-0.85", "2010-01-31": "$-0.43", "2009-12-31": "$0.43", "2009-10-31": "$0.00", "2009-07-31": "$-0.73", "2009-04-30": "$-0.13", "2009-01-31": "$-0.66", "2008-10-31": "$0.00", "2008-07-31": "$0.67", "2008-04-30": "$1.29", "2008-01-31": "$-0.52", "2007-10-31": "$0.00", "2007-07-31": "$-0.81", "2007-04-30": "$-0.71", "2007-01-31": "$-0.30", "2006-10-31": "$0.00", "2006-07-31": "$-1.29", "2006-04-30": "$-0.71", "2006-01-31": "$-0.41", "2005-10-31": "$0.00", "2005-07-31": "$-0.41", "2005-04-30": "$-0.12", "2005-01-31": "$0.79"}}, "shares-outstanding": {"Take-Two Interactive Software Annual Shares Outstanding (Millions of Shares)": {"2020": "114", "2019": "115", "2018": "113", "2017": "92", "2016": "83", "2015": "80", "2014": "114", "2013": "86", "2012": "83", "2011": "81", "2010": "78", "2009": "77", "2008": "78", "2007": "72", "2006": "71", "2005": "71"}, "Take-Two Interactive Software Quarterly Shares Outstanding (Millions of Shares)": {"2020-09-30": "115", "2020-06-30": "115", "2020-03-31": "114", "2019-12-31": "114", "2019-09-30": "114", "2019-06-30": "114", "2019-03-31": "115", "2018-12-31": "115", "2018-09-30": "116", "2018-06-30": "116", "2018-03-31": "113", "2017-12-31": "118", "2017-09-30": "109", "2017-06-30": "118", "2017-03-31": "92", "2016-12-31": "90", "2016-09-30": "113", "2016-06-30": "85", "2016-03-31": "112", "2015-12-31": "83", "2015-09-30": "110", "2015-06-30": "83", "2015-03-31": "80", "2014-12-31": "107", "2014-09-30": "80", "2014-06-30": "79", "2014-03-31": "114", "2013-12-31": "112", "2013-09-30": "89", "2013-06-30": "87", "2013-03-31": "86", "2012-12-31": "112", "2012-09-30": "85", "2012-06-30": "85", "2012-03-31": "83", "2011-12-31": "84", "2011-09-30": "83", "2011-06-30": "83", "2011-03-31": "81", "2010-12-31": "94", "2010-09-30": "80", "2010-07-31": "79", "2010-06-30": "92", "2010-04-30": "79", "2010-03-31": "78", "2010-01-31": "78", "2009-12-31": "91", "2009-10-31": "", "2009-07-31": "77", "2009-04-30": "77", "2009-01-31": "76", "2008-10-31": "", "2008-07-31": "77", "2008-04-30": "76", "2008-01-31": "73", "2007-10-31": "", "2007-07-31": "72", "2007-04-30": "72", "2007-01-31": "71", "2006-10-31": "", "2006-07-31": "71", "2006-04-30": "71", "2006-01-31": "71", "2005-10-31": "", "2005-07-31": "71", "2005-04-30": "70", "2005-01-31": "70"}}, "total-assets": {"Take-Two Interactive Software Annual Total Assets (Millions of US $)": {"2020": "$4,949", "2019": "$4,243", "2018": "$3,738", "2017": "$3,149", "2016": "$2,590", "2015": "$2,228", "2014": "$1,800", "2013": "$1,278", "2012": "$1,149", "2011": "$972", "2010": "$839", "2009": "$1,007", "2008": "$1,083", "2007": "$831", "2006": "$869", "2005": "$935"}, "Take-Two Interactive Software Quarterly Total Assets (Millions of US $)": {"2020-09-30": "$5,836", "2020-06-30": "$5,369", "2020-03-31": "$4,949", "2019-12-31": "$4,880", "2019-09-30": "$4,815", "2019-06-30": "$4,366", "2019-03-31": "$4,243", "2018-12-31": "$4,387", "2018-09-30": "$3,655", "2018-06-30": "$3,456", "2018-03-31": "$3,738", "2017-12-31": "$3,683", "2017-09-30": "$3,696", "2017-06-30": "$3,220", "2017-03-31": "$3,149", "2016-12-31": "$3,089", "2016-09-30": "$2,979", "2016-06-30": "$2,539", "2016-03-31": "$2,590", "2015-12-31": "$2,585", "2015-09-30": "$2,416", "2015-06-30": "$2,353", "2015-03-31": "$2,228", "2014-12-31": "$2,254", "2014-09-30": "$1,665", "2014-06-30": "$1,608", "2014-03-31": "$1,800", "2013-12-31": "$1,985", "2013-09-30": "$2,701", "2013-06-30": "$1,448", "2013-03-31": "$1,278", "2012-12-31": "$1,190", "2012-09-30": "$1,165", "2012-06-30": "$1,073", "2012-03-31": "$1,149", "2011-12-31": "$1,141", "2011-09-30": "$932", "2011-06-30": "$1,004", "2011-03-31": "$972", "2010-12-31": "$977", "2010-09-30": "$0", "2010-07-31": "$944", "2010-06-30": "$0", "2010-04-30": "$866", "2010-03-31": "$839", "2010-01-31": "$893", "2009-12-31": "$0", "2009-10-31": "$0", "2009-07-31": "$886", "2009-04-30": "$855", "2009-01-31": "$901", "2008-10-31": "$0", "2008-07-31": "$1,093", "2008-04-30": "$1,097", "2008-01-31": "$773", "2007-10-31": "$0", "2007-07-31": "$758", "2007-04-30": "$776", "2007-01-31": "$793", "2006-10-31": "$0", "2006-07-31": "$855", "2006-04-30": "$906", "2006-01-31": "$869", "2005-10-31": "$0", "2005-07-31": "$882", "2005-04-30": "$924", "2005-01-31": "$999"}}, "cash-on-hand": {"Take-Two Interactive Software Annual Cash on Hand (Millions of US $)": {"2020": "$2,548", "2019": "$2,136", "2018": "$1,862", "2017": "$1,730", "2016": "$1,531", "2015": "$1,268", "2014": "$1,129", "2013": "$410", "2012": "$420", "2011": "$280", "2010": "$146", "2009": "$102", "2008": "$280", "2007": "$78", "2006": "$132", "2005": "$107"}, "Take-Two Interactive Software Quarterly Cash on Hand (Millions of US $)": {"2020-09-30": "$2,836", "2020-06-30": "$2,753", "2020-03-31": "$2,548", "2019-12-31": "$2,442", "2019-09-30": "$2,173", "2019-06-30": "$2,170", "2019-03-31": "$2,136", "2018-12-31": "$1,841", "2018-09-30": "$1,396", "2018-06-30": "$1,612", "2018-03-31": "$1,862", "2017-12-31": "$1,697", "2017-09-30": "$1,732", "2017-06-30": "$1,687", "2017-03-31": "$1,730", "2016-12-31": "$1,722", "2016-09-30": "$1,543", "2016-06-30": "$1,507", "2016-03-31": "$1,531", "2015-12-31": "$1,419", "2015-09-30": "$1,280", "2015-06-30": "$1,421", "2015-03-31": "$1,268", "2014-12-31": "$1,008", "2014-09-30": "$881", "2014-06-30": "$903", "2014-03-31": "$1,129", "2013-12-31": "$972", "2013-09-30": "$662", "2013-06-30": "$646", "2013-03-31": "$410", "2012-12-31": "$449", "2012-09-30": "$328", "2012-06-30": "$367", "2012-03-31": "$420", "2011-12-31": "$453", "2011-09-30": "$270", "2011-06-30": "$249", "2011-03-31": "$280", "2010-12-31": "$297", "2010-09-30": "", "2010-07-31": "$232", "2010-06-30": "", "2010-04-30": "$181", "2010-03-31": "$146", "2010-01-31": "$106", "2009-12-31": "", "2009-10-31": "", "2009-07-31": "$175", "2009-04-30": "$180", "2009-01-31": "$218", "2008-10-31": "", "2008-07-31": "$339", "2008-04-30": "$73", "2008-01-31": "$54", "2007-10-31": "", "2007-07-31": "$62", "2007-04-30": "$109", "2007-01-31": "$138", "2006-10-31": "", "2006-07-31": "$179", "2006-04-30": "$141", "2006-01-31": "$143", "2005-10-31": "", "2005-07-31": "$195", "2005-04-30": "$210", "2005-01-31": "$303"}}, "long-term-debt": {"Take-Two Interactive Software Annual Long Term Debt (Millions of US $)": {"2020": "$", "2019": "$", "2018": "$8", "2017": "$252", "2016": "$498", "2015": "$473", "2014": "$454", "2013": "$335", "2012": "$316", "2011": "$107", "2010": "$100", "2009": "$97", "2008": "$70", "2007": "$18", "2006": "$", "2005": "$"}, "Take-Two Interactive Software Quarterly Long Term Debt (Millions of US $)": {"2020-09-30": "", "2020-06-30": "", "2020-03-31": "", "2019-12-31": "", "2019-09-30": "", "2019-06-30": "", "2019-03-31": "", "2018-12-31": "", "2018-09-30": "", "2018-06-30": "$5", "2018-03-31": "$8", "2017-12-31": "$14", "2017-09-30": "$52", "2017-06-30": "$213", "2017-03-31": "$252", "2016-12-31": "$259", "2016-09-30": "$512", "2016-06-30": "$504", "2016-03-31": "$498", "2015-12-31": "$492", "2015-09-30": "$488", "2015-06-30": "$482", "2015-03-31": "$473", "2014-12-31": "$470", "2014-09-30": "$465", "2014-06-30": "$459", "2014-03-31": "$454", "2013-12-31": "$449", "2013-09-30": "$444", "2013-06-30": "$409", "2013-03-31": "$335", "2012-12-31": "$330", "2012-09-30": "$326", "2012-06-30": "$321", "2012-03-31": "$316", "2011-12-31": "$312", "2011-09-30": "$111", "2011-06-30": "$109", "2011-03-31": "$107", "2010-12-31": "$105", "2010-09-30": "", "2010-07-31": "$102", "2010-06-30": "", "2010-04-30": "$100", "2010-03-31": "$100", "2010-01-31": "$99", "2009-12-31": "", "2009-10-31": "", "2009-07-31": "$138", "2009-04-30": "$70", "2009-01-31": "$70", "2008-10-31": "", "2008-07-31": "", "2008-04-30": "$16", "2008-01-31": "$36", "2007-10-31": "", "2007-07-31": "$11", "2007-04-30": "", "2007-01-31": "", "2006-10-31": "", "2006-07-31": "", "2006-04-30": "", "2006-01-31": "", "2005-10-31": "", "2005-07-31": "", "2005-04-30": "", "2005-01-31": ""}}, "total-liabilities": {"Take-Two Interactive Software Annual Total Liabilities (Millions of US $)": {"2020": "$2,410", "2019": "$2,202", "2018": "$2,249", "2017": "$2,145", "2016": "$2,009", "2015": "$1,665", "2014": "$998", "2013": "$690", "2012": "$554", "2011": "$356", "2010": "$319", "2009": "$462", "2008": "$468", "2007": "$360", "2006": "$318", "2005": "$249"}, "Take-Two Interactive Software Quarterly Total Liabilities (Millions of US $)": {"2020-09-30": "$2,935", "2020-06-30": "$2,718", "2020-03-31": "$2,410", "2019-12-31": "$2,478", "2019-09-30": "$2,633", "2019-06-30": "$2,280", "2019-03-31": "$2,202", "2018-12-31": "$2,360", "2018-09-30": "$1,711", "2018-06-30": "$1,604", "2018-03-31": "$2,249", "2017-12-31": "$2,282", "2017-09-30": "$2,224", "2017-06-30": "$2,120", "2017-03-31": "$2,145", "2016-12-31": "$2,268", "2016-09-30": "$2,396", "2016-06-30": "$2,005", "2016-03-31": "$2,009", "2015-12-31": "$2,058", "2015-09-30": "$1,852", "2015-06-30": "$1,826", "2015-03-31": "$1,665", "2014-12-31": "$1,438", "2014-09-30": "$910", "2014-06-30": "$825", "2014-03-31": "$998", "2013-12-31": "$1,163", "2013-09-30": "$2,202", "2013-06-30": "$841", "2013-03-31": "$690", "2012-12-31": "$625", "2012-09-30": "$680", "2012-06-30": "$596", "2012-03-31": "$554", "2011-12-31": "$499", "2011-09-30": "$366", "2011-06-30": "$388", "2011-03-31": "$356", "2010-12-31": "$358", "2010-09-30": "", "2010-07-31": "$396", "2010-06-30": "", "2010-04-30": "$329", "2010-03-31": "$319", "2010-01-31": "$383", "2009-12-31": "", "2009-10-31": "", "2009-07-31": "$376", "2009-04-30": "$301", "2009-01-31": "$348", "2008-10-31": "", "2008-07-31": "$427", "2008-04-30": "$502", "2008-01-31": "$311", "2007-10-31": "", "2007-07-31": "$306", "2007-04-30": "$278", "2007-01-31": "$258", "2006-10-31": "", "2006-07-31": "$300", "2006-04-30": "$258", "2006-01-31": "$181", "2005-10-31": "", "2005-07-31": "$203", "2005-04-30": "$198", "2005-01-31": "$290"}}, "total-share-holder-equity": {"Take-Two Interactive Software Annual Share Holder Equity (Millions of US $)": {"2020": "$2,539", "2019": "$2,041", "2018": "$1,489", "2017": "$1,004", "2016": "$581", "2015": "$563", "2014": "$802", "2013": "$588", "2012": "$596", "2011": "$615", "2010": "$521", "2009": "$546", "2008": "$615", "2007": "$471", "2006": "$550", "2005": "$686"}, "Take-Two Interactive Software Quarterly Share Holder Equity (Millions of US $)": {"2020-09-30": "$2,901", "2020-06-30": "$2,651", "2020-03-31": "$2,539", "2019-12-31": "$2,402", "2019-09-30": "$2,182", "2019-06-30": "$2,086", "2019-03-31": "$2,041", "2018-12-31": "$2,027", "2018-09-30": "$1,944", "2018-06-30": "$1,852", "2018-03-31": "$1,489", "2017-12-31": "$1,401", "2017-09-30": "$1,472", "2017-06-30": "$1,100", "2017-03-31": "$1,004", "2016-12-31": "$821", "2016-09-30": "$583", "2016-06-30": "$534", "2016-03-31": "$581", "2015-12-31": "$527", "2015-09-30": "$564", "2015-06-30": "$527", "2015-03-31": "$563", "2014-12-31": "$815", "2014-09-30": "$755", "2014-06-30": "$783", "2014-03-31": "$802", "2013-12-31": "$822", "2013-09-30": "$499", "2013-06-30": "$607", "2013-03-31": "$588", "2012-12-31": "$565", "2012-09-30": "$485", "2012-06-30": "$477", "2012-03-31": "$596", "2011-12-31": "$641", "2011-09-30": "$566", "2011-06-30": "$615", "2011-03-31": "$615", "2010-12-31": "$619", "2010-09-30": "", "2010-07-31": "$548", "2010-06-30": "", "2010-04-30": "$537", "2010-03-31": "$521", "2010-01-31": "$511", "2009-12-31": "", "2009-10-31": "", "2009-07-31": "$510", "2009-04-30": "$554", "2009-01-31": "$552", "2008-10-31": "", "2008-07-31": "$666", "2008-04-30": "$595", "2008-01-31": "$462", "2007-10-31": "", "2007-07-31": "$453", "2007-04-30": "$497", "2007-01-31": "$535", "2006-10-31": "", "2006-07-31": "$555", "2006-04-30": "$648", "2006-01-31": "$687", "2005-10-31": "", "2005-07-31": "$680", "2005-04-30": "$726", "2005-01-31": "$709"}}, "profit-margins": {"current": "14.1%"}, "gross margin": {"2020-09-30": "48.23%", "2020-06-30": "47.43%", "2020-03-31": "50.08%", "2019-12-31": "50.99%", "2019-09-30": "41.40%", "2019-06-30": "42.08%", "2019-03-31": "42.90%", "2018-12-31": "43.64%", "2018-09-30": "54.58%", "2018-06-30": "52.64%", "2018-03-31": "49.92%", "2017-12-31": "46.53%", "2017-09-30": "44.14%", "2017-06-30": "45.65%", "2017-03-31": "42.53%", "2016-12-31": "42.15%", "2016-09-30": "43.27%", "2016-06-30": "44.62%", "2016-03-31": "42.46%", "2015-12-31": "24.03%", "2015-09-30": "28.77%", "2015-06-30": "23.46%", "2015-03-31": "26.52%", "2014-12-31": "49.64%", "2014-09-30": "42.25%", "2014-06-30": "41.06%", "2014-03-31": "39.81%", "2013-12-31": "40.49%", "2013-09-30": "44.59%", "2013-06-30": "44.92%", "2013-03-31": "41.02%", "2012-12-31": "36.22%", "2012-09-30": "33.52%", "2012-06-30": "29.71%", "2012-03-31": "36.00%", "2011-12-31": "39.86%", "2011-09-30": "39.54%", "2011-06-30": "41.50%", "2011-03-31": "39.95%", "2010-12-31": "38.15%", "2010-09-30": "37.36%", "2010-07-31": "33.92%", "2010-06-30": "35.37%", "2010-04-30": "38.72%", "2010-01-31": "38.51%", "2009-12-31": "38.00%", "2009-04-30": "37.65%", "2009-01-31": "39.45%", "2008-04-30": "31.85%", "2008-01-31": "21.20%", "2007-04-30": "24.34%", "2007-01-31": "18.90%", "2006-04-30": "17.43%", "2006-01-31": "26.79%"}, "operating margin": {"2020-09-30": "14.75%", "2020-06-30": "13.49%", "2020-03-31": "13.79%", "2019-12-31": "12.63%", "2019-09-30": "7.44%", "2019-06-30": "6.66%", "2019-03-31": "7.76%", "2018-12-31": "9.19%", "2018-09-30": "10.71%", "2018-06-30": "8.91%", "2018-03-31": "7.59%", "2017-12-31": "8.36%", "2017-09-30": "6.44%", "2017-06-30": "9.60%", "2017-03-31": "5.17%", "2016-12-31": "1.58%", "2016-09-30": "-0.39%", "2016-06-30": "0.90%", "2016-03-31": "-0.78%", "2015-12-31": "-22.31%", "2015-09-30": "-11.91%", "2015-06-30": "-23.38%", "2015-03-31": "-23.84%", "2014-12-31": "-4.09%", "2014-09-30": "21.65%", "2014-06-30": "18.47%", "2014-03-31": "17.61%", "2013-12-31": "19.02%", "2013-09-30": "-5.76%", "2013-06-30": "4.95%", "2013-03-31": "0.41%", "2012-12-31": "-8.00%", "2012-09-30": "-16.53%", "2012-06-30": "-25.66%", "2012-03-31": "-10.30%", "2011-12-31": "-16.78%", "2011-09-30": "-12.03%", "2011-06-30": "-5.48%", "2011-03-31": "-3.32%", "2010-12-31": "9.02%", "2010-09-30": "7.73%", "2010-07-31": "3.68%", "2010-06-30": "-0.63%", "2010-04-30": "0.32%", "2010-01-31": "-5.83%", "2009-12-31": "-3.66%", "2009-04-30": "-1.32%", "2009-01-31": "9.62%", "2008-04-30": "1.22%", "2008-01-31": "-21.97%", "2007-04-30": "-15.21%", "2007-01-31": "-16.60%", "2006-04-30": "-23.29%", "2006-01-31": "-15.83%"}, "ebitda margin": {"2020-09-30": "22.51%", "2020-06-30": "21.30%", "2020-03-31": "21.43%", "2019-12-31": "20.47%", "2019-09-30": "17.45%", "2019-06-30": "16.87%", "2019-03-31": "17.65%", "2018-12-31": "18.41%", "2018-09-30": "17.60%", "2018-06-30": "17.02%", "2018-03-31": "16.51%", "2017-12-31": "20.73%", "2017-09-30": "20.84%", "2017-06-30": "23.70%", "2017-03-31": "20.96%", "2016-12-31": "16.53%", "2016-09-30": "13.59%", "2016-06-30": "15.17%", "2016-03-31": "12.60%", "2015-12-31": "-8.91%", "2015-09-30": "2.82%", "2015-06-30": "-7.31%", "2015-03-31": "-7.39%", "2014-12-31": "10.85%", "2014-09-30": "31.73%", "2014-06-30": "30.18%", "2014-03-31": "30.75%", "2013-12-31": "32.71%", "2013-09-30": "15.59%", "2013-06-30": "23.96%", "2013-03-31": "22.65%", "2012-12-31": "16.56%", "2012-09-30": "11.10%", "2012-06-30": "3.21%", "2012-03-31": "11.15%", "2011-12-31": "2.21%", "2011-09-30": "2.82%", "2011-06-30": "11.52%", "2011-03-31": "11.85%", "2010-12-31": "24.69%", "2010-09-30": "27.78%", "2010-07-31": "24.45%", "2010-06-30": "23.89%", "2010-04-30": "19.47%", "2010-01-31": "8.25%", "2009-12-31": "10.02%", "2009-04-30": "22.85%", "2009-01-31": "27.96%", "2008-04-30": "20.18%", "2008-01-31": "4.30%", "2007-04-30": "13.97%", "2007-01-31": "5.75%", "2006-04-30": "-10.29%", "2006-01-31": "-0.61%"}, "pre tax profit margin": {"2020-09-30": "15.49%", "2020-06-30": "14.41%", "2020-03-31": "14.86%", "2019-12-31": "13.92%", "2019-09-30": "8.47%", "2019-06-30": "7.73%", "2019-03-31": "8.73%", "2018-12-31": "10.04%", "2018-09-30": "11.64%", "2018-06-30": "9.42%", "2018-03-31": "7.59%", "2017-12-31": "8.15%", "2017-09-30": "5.86%", "2017-06-30": "8.80%", "2017-03-31": "4.33%", "2016-12-31": "0.44%", "2016-09-30": "-1.84%", "2016-06-30": "-0.69%", "2016-03-31": "-2.69%", "2015-12-31": "-24.63%", "2015-09-30": "-14.25%", "2015-06-30": "-24.51%", "2015-03-31": "-25.23%", "2014-12-31": "-5.53%", "2014-09-30": "21.26%", "2014-06-30": "16.97%", "2014-03-31": "15.99%", "2013-12-31": "17.43%", "2013-09-30": "-9.83%", "2013-06-30": "1.95%", "2013-03-31": "-2.14%", "2012-12-31": "-10.72%", "2012-09-30": "-19.59%", "2012-06-30": "-29.01%", "2012-03-31": "-12.73%", "2011-12-31": "-6.29%", "2011-09-30": "-2.41%", "2011-06-30": "3.11%", "2011-03-31": "5.03%", "2010-12-31": "7.87%", "2010-09-30": "6.20%", "2010-07-31": "1.58%", "2010-06-30": "-3.05%", "2010-04-30": "-2.03%", "2010-01-31": "-7.61%", "2009-12-31": "-5.09%", "2009-04-30": "-1.32%", "2009-01-31": "9.62%", "2008-04-30": "1.32%", "2008-01-31": "-21.35%", "2007-04-30": "-16.04%", "2007-01-31": "-18.26%", "2006-04-30": "-23.86%", "2006-01-31": "-15.37%"}, "net profit margin": {"2020-09-30": "14.12%", "2020-06-30": "13.25%", "2020-03-31": "13.11%", "2019-12-31": "11.82%", "2019-09-30": "11.14%", "2019-06-30": "10.92%", "2019-03-31": "12.51%", "2018-12-31": "14.26%", "2018-09-30": "11.75%", "2018-06-30": "10.49%", "2018-03-31": "9.65%", "2017-12-31": "9.50%", "2017-09-30": "6.65%", "2017-06-30": "8.80%", "2017-03-31": "3.76%", "2016-12-31": "0.82%", "2016-09-30": "0.07%", "2016-06-30": "1.38%", "2016-03-31": "-0.57%", "2015-12-31": "-22.01%", "2015-09-30": "-14.80%", "2015-06-30": "-25.24%", "2015-03-31": "-25.79%", "2014-12-31": "-3.38%", "2014-09-30": "18.66%", "2014-06-30": "14.92%", "2014-03-31": "13.65%", "2013-12-31": "13.97%", "2013-09-30": "-9.14%", "2013-06-30": "1.77%", "2013-03-31": "-2.39%", "2012-12-31": "-11.57%", "2012-09-30": "-19.93%", "2012-06-30": "-29.43%", "2012-03-31": "-13.21%", "2011-12-31": "-7.11%", "2011-09-30": "-3.45%", "2011-06-30": "1.55%", "2011-03-31": "2.87%", "2010-12-31": "5.81%", "2010-09-30": "4.19%", "2010-07-31": "-1.93%", "2010-06-30": "-6.53%", "2010-04-30": "-5.35%", "2010-01-31": "-8.41%", "2009-12-31": "-4.45%", "2009-04-30": "-1.06%", "2009-01-31": "8.90%", "2008-04-30": "0.10%", "2008-01-31": "-22.73%", "2007-04-30": "-22.68%", "2007-01-31": "-20.82%", "2006-04-30": "-15.43%", "2006-01-31": "-10.05%"}, "pe ratio": {"current": "33.25", "2021-02-05": "50.24", "2020-09-30": "40.00", "2020-06-30": "35.79", "2020-03-31": "33.51", "2019-12-31": "41.22", "2019-09-30": "40.30", "2019-06-30": "42.05", "2019-03-31": "32.43", "2018-12-31": "32.37", "2018-09-30": "75.82", "2018-06-30": "75.39", "2018-03-31": "66.97", "2017-12-31": "69.48", "2017-09-30": "98.30", "2017-06-30": "50.26", "2017-03-31": "120.96", "2016-12-31": "616.13", "2016-09-30": "0.00", "2016-06-30": "632.00", "2016-03-31": "0.00", "2015-12-31": "0.00", "2015-09-30": "0.00", "2015-06-30": "0.00", "2015-03-31": "0.00", "2014-12-31": "0.00", "2014-09-30": "6.93", "2014-06-30": "9.11", "2014-03-31": "10.06", "2013-12-31": "6.16", "2013-09-30": "0.00", "2013-06-30": "374.25", "2013-03-31": "0.00", "2012-12-31": "0.00", "2012-09-30": "0.00", "2012-06-30": "0.00", "2012-03-31": "0.00", "2011-12-31": "0.00", "2011-09-30": "0.00", "2011-06-30": "23.51", "2011-03-31": "20.22", "2010-12-31": "11.15", "2010-09-30": "15.60", "2010-07-31": "37.96", "2010-06-30": "33.33", "2010-04-30": "0.00", "2010-03-31": "0.00", "2010-01-31": "0.00", "2009-12-31": "0.00", "2009-10-31": "0.00", "2009-07-31": "0.00", "2009-04-30": "0.00", "2009-01-31": "0.00", "2008-10-31": "0.00", "2008-07-31": "0.00", "2008-04-30": "0.00", "2008-01-31": "0.00", "2007-10-31": "0.00", "2007-07-31": "0.00", "2007-04-30": "0.00", "2007-01-31": "0.00", "2006-10-31": "0.00"}, "price sales": {"2021-02-05": "7.08", "2020-09-30": "5.63", "2020-06-30": "4.72", "2020-03-31": "4.38", "2019-12-31": "4.88", "2019-09-30": "4.50", "2019-06-30": "4.62", "2019-03-31": "4.08", "2018-12-31": "4.58", "2018-09-30": "8.81", "2018-06-30": "7.65", "2018-03-31": "6.23", "2017-12-31": "6.14", "2017-09-30": "5.36", "2017-06-30": "3.92", "2017-03-31": "3.14", "2016-12-31": "3.07", "2016-09-30": "2.87", "2016-06-30": "2.50", "2016-03-31": "2.54", "2015-12-31": "2.30", "2015-09-30": "1.89", "2015-06-30": "2.03", "2015-03-31": "2.15", "2014-12-31": "2.85", "2014-09-30": "1.07", "2014-06-30": "1.03", "2014-03-31": "1.01", "2013-12-31": "0.74", "2013-09-30": "1.72", "2013-06-30": "1.24", "2013-03-31": "1.23", "2012-12-31": "0.97", "2012-09-30": "1.00", "2012-06-30": "1.11", "2012-03-31": "1.55", "2011-12-31": "1.30", "2011-09-30": "1.14", "2011-06-30": "1.18", "2011-03-31": "1.15", "2010-12-31": "0.81", "2010-09-30": "0.68", "2010-07-31": "0.74", "2010-06-30": "0.79", "2010-04-30": "0.96", "2010-03-31": "1.25", "2010-01-31": "1.28", "2009-12-31": "1.35", "2009-10-31": "2.01", "2009-07-31": "1.74", "2009-04-30": "0.92", "2009-01-31": "0.48", "2008-10-31": "0.74", "2008-07-31": "1.42", "2008-04-30": "1.98", "2008-01-31": "1.82", "2007-10-31": "1.95", "2007-07-31": "1.83", "2007-04-30": "1.89", "2007-01-31": "1.58", "2006-10-31": "1.29"}, "price book": {"current": "8.23", "2021-02-05": "8.22", "2020-09-30": "6.54", "2020-06-30": "6.02", "2020-03-31": "5.30", "2019-12-31": "5.78", "2019-09-30": "6.50", "2019-06-30": "6.15", "2019-03-31": "5.19", "2018-12-31": "5.74", "2018-09-30": "8.08", "2018-06-30": "7.25", "2018-03-31": "7.49", "2017-12-31": "8.96", "2017-09-30": "7.88", "2017-06-30": "7.06", "2017-03-31": "6.06", "2016-12-31": "6.05", "2016-09-30": "6.76", "2016-06-30": "6.21", "2016-03-31": "5.61", "2015-12-31": "5.76", "2015-09-30": "4.43", "2015-06-30": "4.62", "2015-03-31": "3.99", "2014-12-31": "3.04", "2014-09-30": "2.70", "2014-06-30": "2.51", "2014-03-31": "2.43", "2013-12-31": "1.87", "2013-09-30": "3.81", "2013-06-30": "2.34", "2013-03-31": "2.57", "2012-12-31": "1.83", "2012-09-30": "1.98", "2012-06-30": "1.81", "2012-03-31": "2.33", "2011-12-31": "1.90", "2011-09-30": "1.94", "2011-06-30": "2.14", "2011-03-31": "2.15", "2010-12-31": "1.68", "2010-09-30": "0.00", "2010-07-31": "1.57", "2010-06-30": "0.00", "2010-04-30": "1.70", "2010-03-31": "1.59", "2010-01-31": "1.52", "2009-12-31": "0.00", "2009-10-31": "0.00", "2009-07-31": "1.49", "2009-04-30": "1.29", "2009-01-31": "1.00", "2008-10-31": "0.00", "2008-07-31": "2.66", "2008-04-30": "3.40", "2008-01-31": "2.71", "2007-10-31": "0.00", "2007-07-31": "2.88", "2007-04-30": "2.81", "2007-01-31": "2.36", "2006-10-31": "0.00", "2006-07-31": "1.40", "2006-04-30": "1.91", "2006-01-31": "1.65"}, "price fcf": {"2021-02-05": "", "2020-09-30": "$9.71", "2020-06-30": "$8.47", "2020-03-31": "$5.54", "2019-12-31": "$7.27", "2019-09-30": "$9.81", "2019-06-30": "$7.83", "2019-03-31": "$6.74", "2018-12-31": "$5.20", "2018-09-30": "$0.90", "2018-06-30": "$3.31", "2018-03-31": "$3.60", "2017-12-31": "$3.12", "2017-09-30": "$5.38", "2017-06-30": "$4.87", "2017-03-31": "$4.19", "2016-12-31": "$2.57", "2016-09-30": "$1.54", "2016-06-30": "$0.35", "2016-03-31": "$2.00", "2015-12-31": "$3.73", "2015-09-30": "$3.91", "2015-06-30": "$4.29", "2015-03-31": "$2.03", "2014-12-31": "$-0.22", "2014-09-30": "$2.61", "2014-06-30": "$4.69", "2014-03-31": "$5.89", "2013-12-31": "$5.82", "2013-09-30": "$2.16", "2013-06-30": "$0.40", "2013-03-31": "$-0.25", "2012-12-31": "$-0.14", "2012-09-30": "$-2.03", "2012-06-30": "$-1.43", "2012-03-31": "$-1.15", "2011-12-31": "$-0.76", "2011-09-30": "$0.63", "2011-06-30": "$0.06", "2011-03-31": "$1.18", "2010-12-31": "$1.57", "2010-09-30": "$1.22", "2010-07-31": "$-0.30", "2010-06-30": "$0.87", "2010-04-30": "$-1.40", "2010-03-31": "$0.14", "2010-01-31": "$1.31", "2009-12-31": "$-1.89", "2009-10-31": "$-0.78", "2009-07-31": "$-6.15", "2009-04-30": "$-1.81", "2009-01-31": "$-0.78", "2008-10-31": "$-0.56", "2008-07-31": "$4.05", "2008-04-30": "$-0.43", "2008-01-31": "$-0.56", "2007-10-31": "$0.06", "2007-07-31": "$-2.10", "2007-04-30": "$-0.73", "2007-01-31": "$0.06", "2006-10-31": "$0.47"}, "net worth": {"value": "$23.87B"}, "current ratio": {"current": "1.69", "2020-09-30": "1.69", "2020-06-30": "1.72", "2020-03-31": "1.71", "2019-12-31": "1.64", "2019-09-30": "1.48", "2019-06-30": "1.45", "2019-03-31": "1.45", "2018-12-31": "1.42", "2018-09-30": "1.47", "2018-06-30": "1.49", "2018-03-31": "1.40", "2017-12-31": "1.18", "2017-09-30": "1.33", "2017-06-30": "1.44", "2017-03-31": "1.30", "2016-12-31": "1.32", "2016-09-30": "1.38", "2016-06-30": "1.57", "2016-03-31": "1.68", "2015-12-31": "1.45", "2015-09-30": "1.62", "2015-06-30": "1.73", "2015-03-31": "1.84", "2014-12-31": "2.55", "2014-09-30": "3.34", "2014-06-30": "4.33", "2014-03-31": "2.95", "2013-12-31": "2.23", "2013-09-30": "1.30", "2013-06-30": "2.45", "2013-03-31": "2.57", "2012-12-31": "2.91", "2012-09-30": "2.37", "2012-06-30": "2.80", "2012-03-31": "3.40", "2011-12-31": "4.45", "2011-09-30": "2.32", "2011-06-30": "2.48", "2011-03-31": "2.45", "2010-12-31": "2.68", "2010-09-30": "0.00", "2010-07-31": "1.98", "2010-06-30": "0.00", "2010-04-30": "2.34", "2010-03-31": "2.03", "2010-01-31": "1.91", "2009-12-31": "0.00", "2009-10-31": "0.00", "2009-07-31": "2.20", "2009-04-30": "2.43", "2009-01-31": "2.23", "2008-10-31": "0.00", "2008-07-31": "1.82", "2008-04-30": "1.69", "2008-01-31": "1.92", "2007-10-31": "0.00", "2007-07-31": "1.81", "2007-04-30": "1.83", "2007-01-31": "2.28", "2006-10-31": "0.00", "2006-07-31": "2.16", "2006-04-30": "2.22", "2006-01-31": "2.85", "2005-10-31": "0.00", "2005-07-31": "2.82", "2005-04-30": "3.24", "2005-01-31": "2.44"}, "quick ratio": {"2020-09-30": "1.68", "2020-06-30": "1.71", "2020-03-31": "1.70", "2019-12-31": "1.63", "2019-09-30": "1.46", "2019-06-30": "1.44", "2019-03-31": "1.43", "2018-12-31": "1.40", "2018-09-30": "1.44", "2018-06-30": "1.48", "2018-03-31": "1.39", "2017-12-31": "1.17", "2017-09-30": "1.31", "2017-06-30": "1.43", "2017-03-31": "1.29", "2016-12-31": "1.30", "2016-09-30": "1.33", "2016-06-30": "1.56", "2016-03-31": "1.66", "2015-12-31": "1.43", "2015-09-30": "1.60", "2015-06-30": "1.71", "2015-03-31": "1.82", "2014-12-31": "2.52", "2014-09-30": "3.19", "2014-06-30": "4.25", "2014-03-31": "2.89", "2013-12-31": "2.16", "2013-09-30": "1.25", "2013-06-30": "2.38", "2013-03-31": "2.48", "2012-12-31": "2.80", "2012-09-30": "2.19", "2012-06-30": "2.69", "2012-03-31": "3.30", "2011-12-31": "4.32", "2011-09-30": "2.13", "2011-06-30": "2.38", "2011-03-31": "2.35", "2010-12-31": "2.56", "2010-09-30": "0.00", "2010-07-31": "1.91", "2010-06-30": "0.00", "2010-04-30": "2.23", "2010-03-31": "1.92", "2010-01-31": "1.72", "2009-12-31": "0.00", "2009-10-31": "0.00", "2009-07-31": "1.92", "2009-04-30": "2.08", "2009-01-31": "1.92", "2008-10-31": "0.00", "2008-07-31": "1.64", "2008-04-30": "1.48", "2008-01-31": "1.54", "2007-10-31": "0.00", "2007-07-31": "1.50", "2007-04-30": "1.50", "2007-01-31": "1.87", "2006-10-31": "0.00", "2006-07-31": "1.82", "2006-04-30": "1.86", "2006-01-31": "2.26", "2005-10-31": "0.00", "2005-07-31": "2.26", "2005-04-30": "2.60", "2005-01-31": "1.96"}, "debt equity ratio": {"current": "0.00", "2020-09-30": "1.01", "2020-06-30": "1.03", "2020-03-31": "0.95", "2019-12-31": "1.03", "2019-09-30": "1.21", "2019-06-30": "1.09", "2019-03-31": "1.08", "2018-12-31": "1.16", "2018-09-30": "0.88", "2018-06-30": "0.87", "2018-03-31": "1.51", "2017-12-31": "1.63", "2017-09-30": "1.51", "2017-06-30": "1.93", "2017-03-31": "2.14", "2016-12-31": "2.76", "2016-09-30": "4.11", "2016-06-30": "3.76", "2016-03-31": "3.46", "2015-12-31": "3.91", "2015-09-30": "3.28", "2015-06-30": "3.47", "2015-03-31": "2.96", "2014-12-31": "1.76", "2014-09-30": "1.21", "2014-06-30": "1.05", "2014-03-31": "1.24", "2013-12-31": "1.42", "2013-09-30": "4.42", "2013-06-30": "1.39", "2013-03-31": "1.17", "2012-12-31": "1.11", "2012-09-30": "1.40", "2012-06-30": "1.25", "2012-03-31": "0.93", "2011-12-31": "0.78", "2011-09-30": "0.65", "2011-06-30": "0.63", "2011-03-31": "0.58", "2010-12-31": "0.58", "2010-09-30": "0.00", "2010-07-31": "0.72", "2010-06-30": "0.00", "2010-04-30": "0.61", "2010-03-31": "0.61", "2010-01-31": "0.75", "2009-12-31": "0.00", "2009-10-31": "0.00", "2009-07-31": "0.74", "2009-04-30": "0.54", "2009-01-31": "0.63", "2008-10-31": "0.00", "2008-07-31": "0.64", "2008-04-30": "0.84", "2008-01-31": "0.67", "2007-10-31": "0.00", "2007-07-31": "0.68", "2007-04-30": "0.56", "2007-01-31": "0.48", "2006-10-31": "0.00", "2006-07-31": "0.54", "2006-04-30": "0.40", "2006-01-31": "0.26", "2005-10-31": "0.00", "2005-07-31": "0.30", "2005-04-30": "0.27", "2005-01-31": "0.41"}, "return on equity": {"2020-09-30": "18.11%", "2020-06-30": "18.33%", "2020-03-31": "17.59%", "2019-12-31": "15.57%", "2019-09-30": "17.03%", "2019-06-30": "15.21%", "2019-03-31": "16.99%", "2018-12-31": "20.13%", "2018-09-30": "12.74%", "2018-06-30": "11.91%", "2018-03-31": "12.67%", "2017-12-31": "14.63%", "2017-09-30": "11.55%", "2017-06-30": "18.93%", "2017-03-31": "9.11%", "2016-12-31": "2.06%", "2016-09-30": "0.18%", "2016-06-30": "3.63%", "2016-03-31": "-1.46%", "2015-12-31": "-53.92%", "2015-09-30": "-34.83%", "2015-06-30": "-46.77%", "2015-03-31": "-38.27%", "2014-12-31": "-4.18%", "2014-09-30": "54.52%", "2014-06-30": "47.90%", "2014-03-31": "47.03%", "2013-12-31": "54.53%", "2013-09-30": "-16.29%", "2013-06-30": "3.56%", "2013-03-31": "-5.48%", "2012-12-31": "-23.17%", "2012-09-30": "-32.01%", "2012-06-30": "-37.02%", "2012-03-31": "-18.03%", "2011-12-31": "-10.01%", "2011-09-30": "-5.47%", "2011-06-30": "3.68%", "2011-03-31": "7.18%", "2010-12-31": "26.05%", "2010-09-30": "19.17%", "2010-07-31": "-5.48%", "2010-06-30": "-15.81%", "2010-04-30": "-12.75%", "2010-01-31": "-20.37%", "2009-12-31": "-10.53%", "2009-04-30": "-1.81%", "2009-01-31": "22.06%", "2008-04-30": "0.26%", "2008-01-31": "-41.93%", "2007-04-30": "-41.34%", "2007-01-31": "-37.51%", "2006-04-30": "-21.44%", "2006-01-31": "-12.61%"}, "return on assets": {"2020-09-30": "9.03%", "2020-06-30": "8.95%", "2020-03-31": "8.52%", "2019-12-31": "7.41%", "2019-09-30": "7.97%", "2019-06-30": "7.40%", "2019-03-31": "8.49%", "2018-12-31": "9.66%", "2018-09-30": "5.86%", "2018-06-30": "5.08%", "2018-03-31": "4.83%", "2017-12-31": "5.30%", "2017-09-30": "3.86%", "2017-06-30": "5.34%", "2017-03-31": "2.28%", "2016-12-31": "0.46%", "2016-09-30": "0.04%", "2016-06-30": "0.79%", "2016-03-31": "-0.32%", "2015-12-31": "-12.27%", "2015-09-30": "-9.30%", "2015-06-30": "-14.64%", "2015-03-31": "-14.39%", "2014-12-31": "-1.80%", "2014-09-30": "24.43%", "2014-06-30": "17.20%", "2014-03-31": "16.18%", "2013-12-31": "18.51%", "2013-09-30": "-5.56%", "2013-06-30": "1.57%", "2013-03-31": "-2.46%", "2012-12-31": "-10.75%", "2012-09-30": "-15.55%", "2012-06-30": "-19.65%", "2012-03-31": "-10.32%", "2011-12-31": "-6.03%", "2011-09-30": "-3.40%", "2011-06-30": "2.30%", "2011-03-31": "4.42%", "2010-12-31": "15.83%", "2010-09-30": "11.49%", "2010-07-31": "-3.32%", "2010-06-30": "-9.55%", "2010-04-30": "-7.70%", "2010-01-31": "-11.69%", "2009-12-31": "-6.43%", "2009-04-30": "-1.12%", "2009-01-31": "12.94%", "2008-04-30": "0.15%", "2008-01-31": "-25.66%", "2007-04-30": "-27.06%", "2007-01-31": "-25.53%", "2006-04-30": "-16.26%", "2006-01-31": "-9.87%"}, "return on investments": {"2020-09-30": "inf%", "2020-06-30": "inf%", "2020-03-31": "inf%", "2019-12-31": "inf%", "2019-09-30": "inf%", "2019-06-30": "inf%", "2019-03-31": "44.59%", "2018-12-31": "28.26%", "2018-09-30": "16.27%", "2018-06-30": "9.98%", "2018-03-31": "9.46%", "2017-12-31": "11.62%", "2017-09-30": "9.51%", "2017-06-30": "15.26%", "2017-03-31": "8.24%", "2016-12-31": "2.33%", "2016-09-30": "-0.57%", "2016-06-30": "1.24%", "2016-03-31": "-1.06%", "2015-12-31": "-28.96%", "2015-09-30": "-15.79%", "2015-06-30": "-25.31%", "2015-03-31": "-21.57%", "2014-12-31": "-3.20%", "2014-09-30": "40.09%", "2014-06-30": "36.60%", "2014-03-31": "36.92%", "2013-12-31": "44.99%", "2013-09-30": "-6.14%", "2013-06-30": "6.15%", "2013-03-31": "0.58%", "2012-12-31": "-9.96%", "2012-09-30": "-16.82%", "2012-06-30": "-22.04%", "2012-03-31": "-10.41%", "2011-12-31": "-18.71%", "2011-09-30": "-16.15%", "2011-06-30": "-11.05%", "2011-03-31": "-7.06%", "2010-12-31": "34.35%", "2010-09-30": "29.84%", "2010-07-31": "8.81%", "2010-06-30": "-1.29%", "2010-04-30": "0.64%", "2010-01-31": "-11.45%", "2009-12-31": "-7.23%", "2009-04-30": "-3.21%", "2009-01-31": "35.04%", "2008-04-30": "3.05%", "2008-01-31": "-59.46%", "2007-04-30": "inf%", "2007-01-31": "inf%", "2006-04-30": "inf%", "2006-01-31": "inf%"}, "return on tangible equity": {"2020-09-30": "22.29%", "2020-06-30": "22.38%", "2020-03-31": "21.84%", "2019-12-31": "19.64%", "2019-09-30": "21.80%", "2019-06-30": "19.73%", "2019-03-31": "22.30%", "2018-12-31": "27.31%", "2018-09-30": "18.02%", "2018-06-30": "17.47%", "2018-03-31": "19.99%", "2017-12-31": "24.19%", "2017-09-30": "18.75%", "2017-06-30": "31.66%", "2017-03-31": "14.78%", "2016-12-31": "3.17%", "2016-09-30": "0.30%", "2016-06-30": "6.06%", "2016-03-31": "-2.44%", "2015-12-31": "-91.02%", "2015-09-30": "-54.57%", "2015-06-30": "-70.68%", "2015-03-31": "-55.58%", "2014-12-31": "-5.90%", "2014-09-30": "77.07%", "2014-06-30": "70.45%", "2014-03-31": "71.45%", "2013-12-31": "86.84%", "2013-09-30": "-27.94%", "2013-06-30": "6.17%", "2013-03-31": "-9.96%", "2012-12-31": "-42.30%", "2012-09-30": "-56.91%", "2012-06-30": "-64.18%", "2012-03-31": "-30.15%", "2011-12-31": "-16.63%", "2011-09-30": "-9.12%", "2011-06-30": "6.05%", "2011-03-31": "12.04%", "2010-12-31": "43.99%", "2010-09-30": "34.21%", "2010-07-31": "-9.89%", "2010-06-30": "-29.21%", "2010-04-30": "-23.56%", "2010-01-31": "-39.85%", "2009-12-31": "-20.18%", "2009-04-30": "-3.20%", "2009-01-31": "38.91%", "2008-04-30": "0.53%", "2008-01-31": "-84.94%", "2007-04-30": "-72.97%", "2007-01-31": "-63.30%", "2006-04-30": "-33.88%", "2006-01-31": "-19.28%"}, "dividend yield history": {"last payout": "$0.00", "last yield": "0.00%"}}