{"ticker": "TGT", "price": {"title": "Target Historical Annual Stock Price Data", "value": 188.86, "historical": {"2021": {"Average Stock Price": "188.6613", "Year Open": "177.6300", "Year High": "199.1000", "Year Low": "177.6300", "Year Close": "188.8600", "Annual % Change": "6.98%"}, "2020": {"Average Stock Price": "132.5330", "Year Open": "126.0700", "Year High": "179.8200", "Year Low": "91.0400", "Year Close": "176.5300", "Annual % Change": "37.69%"}, "2019": {"Average Stock Price": "91.8575", "Year Open": "66.4400", "Year High": "129.2100", "Year Low": "65.5300", "Year Close": "128.2100", "Annual % Change": "93.99%"}, "2018": {"Average Stock Price": "76.6443", "Year Open": "67.6300", "Year High": "89.2600", "Year Low": "61.1300", "Year Close": "66.0900", "Annual % Change": "1.29%"}, "2017": {"Average Stock Price": "58.2961", "Year Open": "72.7500", "Year High": "73.8100", "Year Low": "50.1800", "Year Close": "65.2500", "Annual % Change": "-9.66%"}, "2016": {"Average Stock Price": "73.5251", "Year Open": "73.5500", "Year High": "83.9800", "Year Low": "66.5300", "Year Close": "72.2300", "Annual % Change": "-0.52%"}, "2015": {"Average Stock Price": "78.1561", "Year Open": "75.3300", "Year High": "85.0100", "Year Low": "69.7800", "Year Close": "72.6100", "Annual % Change": "-4.35%"}, "2014": {"Average Stock Price": "61.5828", "Year Open": "63.1800", "Year High": "75.9100", "Year Low": "55.0700", "Year Close": "75.9100", "Annual % Change": "19.98%"}, "2013": {"Average Stock Price": "66.3134", "Year Open": "58.8200", "Year High": "73.3200", "Year Low": "58.8200", "Year Close": "63.2700", "Annual % Change": "6.93%"}, "2012": {"Average Stock Price": "58.9419", "Year Open": "51.1200", "Year High": "65.4400", "Year Low": "48.5100", "Year Close": "59.1700", "Annual % Change": "15.52%"}, "2011": {"Average Stock Price": "51.2577", "Year Open": "60.7700", "Year High": "60.7700", "Year Low": "46.3300", "Year Close": "51.2200", "Annual % Change": "-14.82%"}, "2010": {"Average Stock Price": "53.5223", "Year Open": "48.5500", "Year High": "60.2600", "Year Low": "48.5500", "Year Close": "60.1300", "Annual % Change": "24.31%"}, "2009": {"Average Stock Price": "41.0466", "Year Open": "34.6300", "Year High": "51.3500", "Year Low": "25.3700", "Year Close": "48.3700", "Annual % Change": "40.08%"}, "2008": {"Average Stock Price": "47.5238", "Year Open": "49.5100", "Year High": "57.8900", "Year Low": "26.9600", "Year Close": "34.5300", "Annual % Change": "-30.94%"}, "2007": {"Average Stock Price": "61.0048", "Year Open": "57.1800", "Year High": "70.1400", "Year Low": "50.0000", "Year Close": "50.0000", "Annual % Change": "-12.36%"}, "2006": {"Average Stock Price": "52.9923", "Year Open": "54.7200", "Year High": "59.7500", "Year Low": "45.2800", "Year Close": "57.0500", "Annual % Change": "3.78%"}, "2005": {"Average Stock Price": "52.9503", "Year Open": "51.8000", "Year High": "59.9800", "Year Low": "46.2800", "Year Close": "54.9700", "Annual % Change": "5.85%"}, "2004": {"Average Stock Price": "44.9953", "Year Open": "37.7200", "Year High": "52.4300", "Year Low": "37.0500", "Year Close": "51.9300", "Annual % Change": "35.23%"}, "2003": {"Average Stock Price": "35.3113", "Year Open": "31.1100", "Year High": "41.5400", "Year Low": "26.0600", "Year Close": "38.4000", "Annual % Change": "28.00%"}, "2002": {"Average Stock Price": "37.4095", "Year Open": "41.0000", "Year High": "45.7200", "Year Low": "26.1500", "Year Close": "30.0000", "Annual % Change": "-26.92%"}, "2001": {"Average Stock Price": "35.8304", "Year Open": "33.2500", "Year High": "41.2500", "Year Low": "26.6800", "Year Close": "41.0500", "Annual % Change": "27.29%"}, "2000": {"Average Stock Price": "30.3375", "Year Open": "36.0300", "Year High": "38.5950", "Year Low": "22.7500", "Year Close": "32.2500", "Annual % Change": "-12.17%"}, "1999": {"Average Stock Price": "32.1488", "Year Open": "27.0300", "Year High": "37.8750", "Year Low": "26.5600", "Year Close": "36.7200", "Annual % Change": "35.37%"}, "1998": {"Average Stock Price": "21.7439", "Year Open": "17.0625", "Year High": "27.1250", "Year Low": "16.7350", "Year Close": "27.1250", "Annual % Change": "60.74%"}, "1997": {"Average Stock Price": "13.2940", "Year Open": "9.5625", "Year High": "18.1875", "Year Low": "8.9700", "Year Close": "16.8750", "Annual % Change": "71.97%"}, "1996": {"Average Stock Price": "8.0055", "Year Open": "6.3858", "Year High": "9.9700", "Year Low": "5.7817", "Year Close": "9.8125", "Annual % Change": "57.00%"}, "1995": {"Average Stock Price": "6.0211", "Year Open": "5.8333", "Year High": "6.6358", "Year Low": "5.3750", "Year Close": "6.2500", "Annual % Change": "6.01%"}, "1994": {"Average Stock Price": "6.4055", "Year Open": "5.5208", "Year High": "7.1667", "Year Low": "5.4267", "Year Close": "5.8958", "Annual % Change": "6.20%"}, "1993": {"Average Stock Price": "5.9637", "Year Open": "6.2083", "Year High": "6.9792", "Year Low": "5.2708", "Year Close": "5.5517", "Annual % Change": "-12.05%"}, "1992": {"Average Stock Price": "5.6135", "Year Open": "5.1458", "Year High": "6.5933", "Year Low": "4.8433", "Year Close": "6.3125", "Annual % Change": "22.41%"}, "1991": {"Average Stock Price": "5.7293", "Year Open": "4.7500", "Year High": "6.6667", "Year Low": "4.5417", "Year Close": "5.1567", "Annual % Change": "8.09%"}, "1990": {"Average Stock Price": "5.2265", "Year Open": "5.4067", "Year High": "6.5108", "Year Low": "3.9167", "Year Close": "4.7708", "Annual % Change": "-10.01%"}, "1989": {"Average Stock Price": "4.5049", "Year Open": "3.2500", "Year High": "5.4892", "Year Low": "3.2500", "Year Close": "5.3017", "Annual % Change": "60.57%"}, "1988": {"Average Stock Price": "3.0969", "Year Open": "2.5000", "Year High": "3.7608", "Year Low": "2.4892", "Year Close": "3.3017", "Annual % Change": "43.45%"}, "1987": {"Average Stock Price": "3.6731", "Year Open": "3.5933", "Year High": "5.0000", "Year Low": "2.1250", "Year Close": "2.3017", "Annual % Change": "-35.01%"}, "1986": {"Average Stock Price": "3.9486", "Year Open": "3.8125", "Year High": "4.8750", "Year Low": "3.3958", "Year Close": "3.5417", "Annual % Change": "-7.37%"}, "1985": {"Average Stock Price": "3.3128", "Year Open": "2.5417", "Year High": "4.0208", "Year Low": "2.5000", "Year Close": "3.8233", "Annual % Change": "45.65%"}, "1984": {"Average Stock Price": "2.6283", "Year Open": "2.5625", "Year High": "3.0000", "Year Low": "2.1875", "Year Close": "2.6250", "Annual % Change": "1.22%"}}}, "market cap": {"value": "$94.58B"}, "income statement": {"Revenue": {"2020-01-31": "78112.00000", "2019-01-31": "75356.00000", "2018-01-31": "72714.00000", "2017-01-31": "70271.00000", "2016-01-31": "73785.00000", "2015-01-31": "72618.00000", "2014-01-31": "71279.00000", "2013-01-31": "73301.00000", "2012-01-31": "69865.00000", "2011-01-31": "67390.00000", "2010-01-31": "65357.00000", "2009-01-31": "64948.00000", "2008-01-31": "63367.00000", "2007-01-31": "59490.00000", "2006-01-31": "52620.00000", "2005-01-31": "46839.00000"}, "Cost Of Goods Sold": {"2020-01-31": "54864.00000", "2019-01-31": "53299.00000", "2018-01-31": "51125.00000", "2017-01-31": "49145.00000", "2016-01-31": "52241.00000", "2015-01-31": "51278.00000", "2014-01-31": "50039.00000", "2013-01-31": "51035.00000", "2012-01-31": "48306.00000", "2011-01-31": "46585.00000", "2010-01-31": "45583.00000", "2009-01-31": "45766.00000", "2008-01-31": "43766.00000", "2007-01-31": "41073.00000", "2006-01-31": "35703.00000", "2005-01-31": "32182.00000"}, "Gross Profit": {"2020-01-31": "23248.00000", "2019-01-31": "22057.00000", "2018-01-31": "21589.00000", "2017-01-31": "21126.00000", "2016-01-31": "21544.00000", "2015-01-31": "21340.00000", "2014-01-31": "21240.00000", "2013-01-31": "22266.00000", "2012-01-31": "21559.00000", "2011-01-31": "20805.00000", "2010-01-31": "19774.00000", "2009-01-31": "19182.00000", "2008-01-31": "19601.00000", "2007-01-31": "18417.00000", "2006-01-31": "16917.00000", "2005-01-31": "14657.00000"}, "Research And Development Expenses": {"2020-01-31": "", "2019-01-31": "", "2018-01-31": "", "2017-01-31": "", "2016-01-31": "", "2015-01-31": "", "2014-01-31": "", "2013-01-31": "", "2012-01-31": "", "2011-01-31": "", "2010-01-31": "", "2009-01-31": "", "2008-01-31": "", "2007-01-31": "", "2006-01-31": "", "2005-01-31": ""}, "SG&A Expenses": {"2020-01-31": "16233.00000", "2019-01-31": "15723.00000", "2018-01-31": "15140.00000", "2017-01-31": "14217.00000", "2016-01-31": "14665.00000", "2015-01-31": "14676.00000", "2014-01-31": "14465.00000", "2013-01-31": "14643.00000", "2012-01-31": "14106.00000", "2011-01-31": "13469.00000", "2010-01-31": "13078.00000", "2009-01-31": "12954.00000", "2008-01-31": "12670.00000", "2007-01-31": "11852.00000", "2006-01-31": "11185.00000", "2005-01-31": "9797.00000"}, "Other Operating Income Or Expenses": {"2020-01-31": "", "2019-01-31": "", "2018-01-31": "", "2017-01-31": "", "2016-01-31": "620.00000", "2015-01-31": "", "2014-01-31": "391.00000", "2013-01-31": "", "2012-01-31": "", "2011-01-31": "", "2010-01-31": "", "2009-01-31": "", "2008-01-31": "", "2007-01-31": "", "2006-01-31": "", "2005-01-31": ""}, "Operating Expenses": {"2020-01-31": "73454.00000", "2019-01-31": "71246.00000", "2018-01-31": "68490.00000", "2017-01-31": "65407.00000", "2016-01-31": "68255.00000", "2015-01-31": "68083.00000", "2014-01-31": "66109.00000", "2013-01-31": "67722.00000", "2012-01-31": "64543.00000", "2011-01-31": "62138.00000", "2010-01-31": "60684.00000", "2009-01-31": "60546.00000", "2008-01-31": "58095.00000", "2007-01-31": "54421.00000", "2006-01-31": "48297.00000", "2005-01-31": "43238.00000"}, "Operating Income": {"2020-01-31": "4658.00000", "2019-01-31": "4110.00000", "2018-01-31": "4224.00000", "2017-01-31": "4864.00000", "2016-01-31": "5530.00000", "2015-01-31": "4535.00000", "2014-01-31": "5170.00000", "2013-01-31": "5579.00000", "2012-01-31": "5322.00000", "2011-01-31": "5252.00000", "2010-01-31": "4673.00000", "2009-01-31": "4402.00000", "2008-01-31": "5272.00000", "2007-01-31": "5069.00000", "2006-01-31": "4323.00000", "2005-01-31": "3601.00000"}, "Total Non-Operating Income/Expense": {"2020-01-31": "-468.00000", "2019-01-31": "-434.00000", "2018-01-31": "-594.00000", "2017-01-31": "-903.00000", "2016-01-31": "-607.00000", "2015-01-31": "-882.00000", "2014-01-31": "-1049.00000", "2013-01-31": "-523.00000", "2012-01-31": "-866.00000", "2011-01-31": "-757.00000", "2010-01-31": "-801.00000", "2009-01-31": "-866.00000", "2008-01-31": "-647.00000", "2007-01-31": "-572.00000", "2006-01-31": "-463.00000", "2005-01-31": "-570.00000"}, "Pre-Tax Income": {"2020-01-31": "4190.00000", "2019-01-31": "3676.00000", "2018-01-31": "3630.00000", "2017-01-31": "3961.00000", "2016-01-31": "4923.00000", "2015-01-31": "3653.00000", "2014-01-31": "4121.00000", "2013-01-31": "5056.00000", "2012-01-31": "4456.00000", "2011-01-31": "4495.00000", "2010-01-31": "3872.00000", "2009-01-31": "3536.00000", "2008-01-31": "4625.00000", "2007-01-31": "4497.00000", "2006-01-31": "3860.00000", "2005-01-31": "3031.00000"}, "Income Taxes": {"2020-01-31": "921.00000", "2019-01-31": "746.00000", "2018-01-31": "722.00000", "2017-01-31": "1295.00000", "2016-01-31": "1602.00000", "2015-01-31": "1204.00000", "2014-01-31": "1427.00000", "2013-01-31": "1741.00000", "2012-01-31": "1527.00000", "2011-01-31": "1575.00000", "2010-01-31": "1384.00000", "2009-01-31": "1322.00000", "2008-01-31": "1776.00000", "2007-01-31": "1710.00000", "2006-01-31": "1452.00000", "2005-01-31": "1146.00000"}, "Income After Taxes": {"2020-01-31": "3269.00000", "2019-01-31": "2930.00000", "2018-01-31": "2908.00000", "2017-01-31": "2666.00000", "2016-01-31": "3321.00000", "2015-01-31": "2449.00000", "2014-01-31": "2694.00000", "2013-01-31": "3315.00000", "2012-01-31": "2929.00000", "2011-01-31": "2920.00000", "2010-01-31": "2488.00000", "2009-01-31": "2214.00000", "2008-01-31": "2849.00000", "2007-01-31": "2787.00000", "2006-01-31": "2408.00000", "2005-01-31": "1885.00000"}, "Other Income": {"2020-01-31": "", "2019-01-31": "", "2018-01-31": "", "2017-01-31": "", "2016-01-31": "", "2015-01-31": "", "2014-01-31": "", "2013-01-31": "", "2012-01-31": "", "2011-01-31": "", "2010-01-31": "", "2009-01-31": "", "2008-01-31": "", "2007-01-31": "", "2006-01-31": "", "2005-01-31": ""}, "Income From Continuous Operations": {"2020-01-31": "3269.00000", "2019-01-31": "2930.00000", "2018-01-31": "2908.00000", "2017-01-31": "2666.00000", "2016-01-31": "3321.00000", "2015-01-31": "2449.00000", "2014-01-31": "2694.00000", "2013-01-31": "3315.00000", "2012-01-31": "2929.00000", "2011-01-31": "2920.00000", "2010-01-31": "2488.00000", "2009-01-31": "2214.00000", "2008-01-31": "2849.00000", "2007-01-31": "2787.00000", "2006-01-31": "2408.00000", "2005-01-31": "1885.00000"}, "Income From Discontinued Operations": {"2020-01-31": "12.00000", "2019-01-31": "7.00000", "2018-01-31": "6.00000", "2017-01-31": "68.00000", "2016-01-31": "42.00000", "2015-01-31": "-4085.00000", "2014-01-31": "-723.00000", "2013-01-31": "-316.00000", "2012-01-31": "", "2011-01-31": "", "2010-01-31": "", "2009-01-31": "", "2008-01-31": "", "2007-01-31": "", "2006-01-31": "", "2005-01-31": "1313.00000"}, "Net Income": {"2020-01-31": "3281.00000", "2019-01-31": "2937.00000", "2018-01-31": "2914.00000", "2017-01-31": "2734.00000", "2016-01-31": "3363.00000", "2015-01-31": "-1636.00000", "2014-01-31": "1971.00000", "2013-01-31": "2999.00000", "2012-01-31": "2929.00000", "2011-01-31": "2920.00000", "2010-01-31": "2488.00000", "2009-01-31": "2214.00000", "2008-01-31": "2849.00000", "2007-01-31": "2787.00000", "2006-01-31": "2408.00000", "2005-01-31": "3198.00000"}, "EBITDA": {"2020-01-31": "7262.00000", "2019-01-31": "6584.00000", "2018-01-31": "6700.00000", "2017-01-31": "7182.00000", "2016-01-31": "7743.00000", "2015-01-31": "6664.00000", "2014-01-31": "7166.00000", "2013-01-31": "7623.00000", "2012-01-31": "7453.00000", "2011-01-31": "7336.00000", "2010-01-31": "6696.00000", "2009-01-31": "6228.00000", "2008-01-31": "6931.00000", "2007-01-31": "6565.00000", "2006-01-31": "5732.00000", "2005-01-31": "4860.00000"}, "EBIT": {"2020-01-31": "4658.00000", "2019-01-31": "4110.00000", "2018-01-31": "4224.00000", "2017-01-31": "4864.00000", "2016-01-31": "5530.00000", "2015-01-31": "4535.00000", "2014-01-31": "5170.00000", "2013-01-31": "5579.00000", "2012-01-31": "5322.00000", "2011-01-31": "5252.00000", "2010-01-31": "4673.00000", "2009-01-31": "4402.00000", "2008-01-31": "5272.00000", "2007-01-31": "5069.00000", "2006-01-31": "4323.00000", "2005-01-31": "3601.00000"}, "Basic Shares Outstanding": {"2020-01-31": "510.90000", "2019-01-31": "528.60000", "2018-01-31": "546.80000", "2017-01-31": "577.60000", "2016-01-31": "627.70000", "2015-01-31": "634.70000", "2014-01-31": "635.10000", "2013-01-31": "656.70000", "2012-01-31": "679.10000", "2011-01-31": "723.60000", "2010-01-31": "752.00000", "2009-01-31": "770.40000", "2008-01-31": "845.40000", "2007-01-31": "861.90000", "2006-01-31": "882.00000", "2005-01-31": "903.80000"}, "Shares Outstanding": {"2020-01-31": "515.60000", "2019-01-31": "533.20000", "2018-01-31": "550.30000", "2017-01-31": "582.50000", "2016-01-31": "632.90000", "2015-01-31": "640.10000", "2014-01-31": "641.80000", "2013-01-31": "663.30000", "2012-01-31": "683.90000", "2011-01-31": "729.40000", "2010-01-31": "754.80000", "2009-01-31": "773.60000", "2008-01-31": "850.80000", "2007-01-31": "868.60000", "2006-01-31": "889.20000", "2005-01-31": "912.10000"}, "Basic EPS": {"2020-01-31": "6.42000", "2019-01-31": "5.55000", "2018-01-31": "5.32000", "2017-01-31": "4.73000", "2016-01-31": "5.35000", "2015-01-31": "-2.58000", "2014-01-31": "3.10000", "2013-01-31": "4.57000", "2012-01-31": "4.31000", "2011-01-31": "4.03000", "2010-01-31": "3.31000", "2009-01-31": "2.87000", "2008-01-31": "3.37000", "2007-01-31": "3.23000", "2006-01-31": "2.73000", "2005-01-31": "3.54000"}, "EPS - Earnings Per Share": {"2020-01-31": "6.36000", "2019-01-31": "5.51000", "2018-01-31": "5.29000", "2017-01-31": "4.69000", "2016-01-31": "5.31000", "2015-01-31": "-2.56000", "2014-01-31": "3.07000", "2013-01-31": "4.52000", "2012-01-31": "4.28000", "2011-01-31": "4.00000", "2010-01-31": "3.30000", "2009-01-31": "2.86000", "2008-01-31": "3.33000", "2007-01-31": "3.21000", "2006-01-31": "2.71000", "2005-01-31": "3.51000"}}, "income statement, quarterly": {"Revenue": {"2020-10-31": "22632.00000", "2020-07-31": "22975.00000", "2020-04-30": "19615.00000", "2020-01-31": "23398.00000", "2019-10-31": "18665.00000", "2019-07-31": "18422.00000", "2019-04-30": "17627.00000", "2019-01-31": "22978.00000", "2018-10-31": "17821.00000", "2018-07-31": "17776.00000", "2018-04-30": "16781.00000", "2018-01-31": "22983.00000", "2017-10-31": "16874.00000", "2017-07-31": "16634.00000", "2017-04-30": "16223.00000", "2017-01-31": "21465.00000", "2016-10-31": "16441.00000", "2016-07-31": "16169.00000", "2016-04-30": "16196.00000", "2016-01-31": "21626.00000", "2015-10-31": "17613.00000", "2015-07-31": "17427.00000", "2015-04-30": "17119.00000", "2015-01-31": "21750.00000", "2014-10-31": "17254.00000", "2014-07-31": "16957.00000", "2014-04-30": "16657.00000", "2014-01-31": "20198.00000", "2013-10-31": "17258.00000", "2013-07-31": "17117.00000", "2013-04-30": "16706.00000", "2013-01-31": "22726.00000", "2012-10-31": "16929.00000", "2012-07-31": "16779.00000", "2012-04-30": "16867.00000", "2012-01-31": "21288.00000", "2011-10-31": "16402.00000", "2011-07-31": "16240.00000", "2011-04-30": "15935.00000", "2011-01-31": "20660.00000", "2010-10-31": "15605.00000", "2010-07-31": "15532.00000", "2010-04-30": "15593.00000", "2010-01-31": "20181.00000", "2009-10-31": "15276.00000", "2009-07-31": "15067.00000", "2009-04-30": "14833.00000", "2009-01-31": "19560.00000", "2008-10-31": "15114.00000", "2008-07-31": "15472.00000", "2008-04-30": "14802.00000", "2008-01-31": "19871.00000", "2007-10-31": "14835.00000", "2007-07-31": "14620.00000", "2007-04-30": "14041.00000", "2007-01-31": "19710.00000", "2006-10-31": "13570.00000", "2006-07-31": "13347.00000", "2006-04-30": "12863.00000", "2006-01-31": "16947.00000", "2005-10-31": "12206.00000", "2005-07-31": "11990.00000", "2005-04-30": "11477.00000", "2005-01-31": "15194.00000"}, "Cost Of Goods Sold": {"2020-10-31": "15509.00000", "2020-07-31": "15673.00000", "2020-04-30": "14510.00000", "2020-01-31": "17056.00000", "2019-10-31": "12935.00000", "2019-07-31": "12625.00000", "2019-04-30": "12248.00000", "2019-01-31": "16900.00000", "2018-10-31": "12535.00000", "2018-07-31": "12239.00000", "2018-04-30": "11625.00000", "2018-01-31": "16795.00000", "2017-10-31": "11712.00000", "2017-07-31": "11419.00000", "2017-04-30": "11199.00000", "2017-01-31": "15252.00000", "2016-10-31": "11536.00000", "2016-07-31": "11172.00000", "2016-04-30": "11185.00000", "2016-01-31": "15839.00000", "2015-10-31": "12440.00000", "2015-07-31": "12051.00000", "2015-04-30": "11911.00000", "2015-01-31": "15561.00000", "2014-10-31": "12171.00000", "2014-07-31": "11798.00000", "2014-04-30": "11748.00000", "2014-01-31": "14598.00000", "2013-10-31": "12133.00000", "2013-07-31": "11745.00000", "2013-04-30": "11563.00000", "2013-01-31": "16294.00000", "2012-10-31": "11675.00000", "2012-07-31": "11405.00000", "2012-04-30": "11661.00000", "2012-01-31": "15148.00000", "2011-10-31": "11274.00000", "2011-07-31": "10958.00000", "2011-04-30": "10926.00000", "2011-01-31": "14626.00000", "2010-10-31": "10760.00000", "2010-07-31": "10507.00000", "2010-04-30": "10692.00000", "2010-01-31": "14351.00000", "2009-10-31": "10610.00000", "2009-07-31": "10302.00000", "2009-04-30": "10320.00000", "2009-01-31": "14410.00000", "2008-10-31": "10533.00000", "2008-07-31": "10651.00000", "2008-04-30": "10172.00000", "2008-01-31": "14045.00000", "2007-10-31": "10257.00000", "2007-07-31": "9878.00000", "2007-04-30": "9586.00000", "2007-01-31": "14511.00000", "2006-10-31": "9073.00000", "2006-07-31": "8856.00000", "2006-04-30": "8633.00000", "2006-01-31": "11718.00000", "2005-10-31": "8235.00000", "2005-07-31": "8015.00000", "2005-04-30": "7735.00000", "2005-01-31": "10553.00000"}, "Gross Profit": {"2020-10-31": "7123.00000", "2020-07-31": "7302.00000", "2020-04-30": "5105.00000", "2020-01-31": "6342.00000", "2019-10-31": "5730.00000", "2019-07-31": "5797.00000", "2019-04-30": "5379.00000", "2019-01-31": "6078.00000", "2018-10-31": "5286.00000", "2018-07-31": "5537.00000", "2018-04-30": "5156.00000", "2018-01-31": "6188.00000", "2017-10-31": "5162.00000", "2017-07-31": "5215.00000", "2017-04-30": "5024.00000", "2017-01-31": "6213.00000", "2016-10-31": "4905.00000", "2016-07-31": "4997.00000", "2016-04-30": "5011.00000", "2016-01-31": "5787.00000", "2015-10-31": "5173.00000", "2015-07-31": "5376.00000", "2015-04-30": "5208.00000", "2015-01-31": "6189.00000", "2014-10-31": "5083.00000", "2014-07-31": "5159.00000", "2014-04-30": "4909.00000", "2014-01-31": "5600.00000", "2013-10-31": "5125.00000", "2013-07-31": "5372.00000", "2013-04-30": "5143.00000", "2013-01-31": "6432.00000", "2012-10-31": "5254.00000", "2012-07-31": "5374.00000", "2012-04-30": "5206.00000", "2012-01-31": "6140.00000", "2011-10-31": "5128.00000", "2011-07-31": "5282.00000", "2011-04-30": "5009.00000", "2011-01-31": "6034.00000", "2010-10-31": "4845.00000", "2010-07-31": "5025.00000", "2010-04-30": "4901.00000", "2010-01-31": "5830.00000", "2009-10-31": "4666.00000", "2009-07-31": "4765.00000", "2009-04-30": "4513.00000", "2009-01-31": "5150.00000", "2008-10-31": "4581.00000", "2008-07-31": "4821.00000", "2008-04-30": "4630.00000", "2008-01-31": "5826.00000", "2007-10-31": "4578.00000", "2007-07-31": "4742.00000", "2007-04-30": "4455.00000", "2007-01-31": "5199.00000", "2006-10-31": "4497.00000", "2006-07-31": "4491.00000", "2006-04-30": "4230.00000", "2006-01-31": "5229.00000", "2005-10-31": "3971.00000", "2005-07-31": "3975.00000", "2005-04-30": "3742.00000", "2005-01-31": "4641.00000"}, "Research And Development Expenses": {"2020-10-31": "", "2020-07-31": "", "2020-04-30": "", "2020-01-31": "", "2019-10-31": "", "2019-07-31": "", "2019-04-30": "", "2019-01-31": "", "2018-10-31": "", "2018-07-31": "", "2018-04-30": "", "2018-01-31": "", "2017-10-31": "", "2017-07-31": "", "2017-04-30": "", "2017-01-31": "", "2016-10-31": "", "2016-07-31": "", "2016-04-30": "", "2016-01-31": "", "2015-10-31": "", "2015-07-31": "", "2015-04-30": "", "2015-01-31": "", "2014-10-31": "", "2014-07-31": "", "2014-04-30": "", "2014-01-31": "", "2013-10-31": "", "2013-07-31": "", "2013-04-30": "", "2013-01-31": "", "2012-10-31": "", "2012-07-31": "", "2012-04-30": "", "2012-01-31": "", "2011-10-31": "", "2011-07-31": "", "2011-04-30": "", "2011-01-31": "", "2010-10-31": "", "2010-07-31": "", "2010-04-30": "", "2010-01-31": "", "2009-10-31": "", "2009-07-31": "", "2009-04-30": "", "2009-01-31": "", "2008-10-31": "", "2008-07-31": "", "2008-04-30": "", "2008-01-31": "", "2007-10-31": "", "2007-07-31": "", "2007-04-30": "", "2007-01-31": "", "2006-10-31": "", "2006-07-31": "", "2006-04-30": "", "2006-01-31": "", "2005-10-31": "", "2005-07-31": "", "2005-04-30": "", "2005-01-31": ""}, "SG&A Expenses": {"2020-10-31": "4647.00000", "2020-07-31": "4460.00000", "2020-04-30": "4060.00000", "2020-01-31": "4505.00000", "2019-10-31": "4153.00000", "2019-07-31": "3912.00000", "2019-04-30": "3663.00000", "2019-01-31": "4376.00000", "2018-10-31": "3937.00000", "2018-07-31": "3865.00000", "2018-04-30": "3545.00000", "2018-01-31": "4453.00000", "2017-10-31": "3733.00000", "2017-07-31": "3601.00000", "2017-04-30": "3353.00000", "2017-01-31": "4476.00000", "2016-10-31": "3339.00000", "2016-07-31": "3249.00000", "2016-04-30": "3153.00000", "2016-01-31": "3920.00000", "2015-10-31": "3736.00000", "2015-07-31": "3495.00000", "2015-04-30": "3514.00000", "2015-01-31": "4057.00000", "2014-10-31": "3644.00000", "2014-07-31": "3599.00000", "2014-04-30": "3376.00000", "2014-01-31": "3324.00000", "2013-10-31": "3853.00000", "2013-07-31": "3698.00000", "2013-04-30": "3590.00000", "2013-01-31": "3959.00000", "2012-10-31": "3704.00000", "2012-07-31": "3588.00000", "2012-04-30": "3392.00000", "2012-01-31": "3875.00000", "2011-10-31": "3525.00000", "2011-07-31": "3473.00000", "2011-04-30": "3233.00000", "2011-01-31": "3718.00000", "2010-10-31": "3345.00000", "2010-07-31": "3263.00000", "2010-04-30": "3143.00000", "2010-01-31": "3672.00000", "2009-10-31": "3255.00000", "2009-07-31": "3136.00000", "2009-04-30": "3015.00000", "2009-01-31": "3519.00000", "2008-10-31": "3245.00000", "2008-07-31": "3153.00000", "2008-04-30": "3037.00000", "2008-01-31": "3545.00000", "2007-10-31": "3191.00000", "2007-07-31": "3071.00000", "2007-04-30": "2863.00000", "2007-01-31": "2835.00000", "2006-10-31": "3151.00000", "2006-07-31": "2987.00000", "2006-04-30": "2879.00000", "2006-01-31": "3254.00000", "2005-10-31": "2786.00000", "2005-07-31": "2650.00000", "2005-04-30": "2495.00000", "2005-01-31": "2888.00000"}, "Other Operating Income Or Expenses": {"2020-10-31": "", "2020-07-31": "", "2020-04-30": "", "2020-01-31": "", "2019-10-31": "", "2019-07-31": "", "2019-04-30": "", "2019-01-31": "", "2018-10-31": "", "2018-07-31": "", "2018-04-30": "", "2018-01-31": "", "2017-10-31": "", "2017-07-31": "", "2017-04-30": "", "2017-01-31": "", "2016-10-31": "", "2016-07-31": "", "2016-04-30": "", "2016-01-31": "", "2015-10-31": "", "2015-07-31": "", "2015-04-30": "", "2015-01-31": "", "2014-10-31": "", "2014-07-31": "", "2014-04-30": "", "2014-01-31": "", "2013-10-31": "", "2013-07-31": "", "2013-04-30": "", "2013-01-31": "", "2012-10-31": "", "2012-07-31": "", "2012-04-30": "", "2012-01-31": "", "2011-10-31": "", "2011-07-31": "", "2011-04-30": "", "2011-01-31": "", "2010-10-31": "", "2010-07-31": "", "2010-04-30": "", "2010-01-31": "", "2009-10-31": "", "2009-07-31": "", "2009-04-30": "", "2009-01-31": "", "2008-10-31": "", "2008-07-31": "", "2008-04-30": "", "2008-01-31": "", "2007-10-31": "", "2007-07-31": "", "2007-04-30": "", "2007-01-31": "", "2006-10-31": "", "2006-07-31": "", "2006-04-30": "", "2006-01-31": "", "2005-10-31": "", "2005-07-31": "", "2005-04-30": "", "2005-01-31": ""}, "Operating Expenses": {"2020-10-31": "20697.00000", "2020-07-31": "20675.00000", "2020-04-30": "19147.00000", "2020-01-31": "22201.00000", "2019-10-31": "17663.00000", "2019-07-31": "17098.00000", "2019-04-30": "16492.00000", "2019-01-31": "21861.00000", "2018-10-31": "17002.00000", "2018-07-31": "16643.00000", "2018-04-30": "15740.00000", "2018-01-31": "21854.00000", "2017-10-31": "16027.00000", "2017-07-31": "15541.00000", "2017-04-30": "15068.00000", "2017-01-31": "20222.00000", "2016-10-31": "15380.00000", "2016-07-31": "14921.00000", "2016-04-30": "14884.00000", "2016-01-31": "19456.00000", "2015-10-31": "16737.00000", "2015-07-31": "16097.00000", "2015-04-30": "15965.00000", "2015-01-31": "20164.00000", "2014-10-31": "16350.00000", "2014-07-31": "15934.00000", "2014-04-30": "15635.00000", "2014-01-31": "17880.00000", "2013-10-31": "16555.00000", "2013-07-31": "15985.00000", "2013-04-30": "15689.00000", "2013-01-31": "20695.00000", "2012-10-31": "15921.00000", "2012-07-31": "15524.00000", "2012-04-30": "15582.00000", "2012-01-31": "19587.00000", "2011-10-31": "15345.00000", "2011-07-31": "14940.00000", "2011-04-30": "14671.00000", "2011-01-31": "18883.00000", "2010-10-31": "14638.00000", "2010-07-31": "14266.00000", "2010-04-30": "14351.00000", "2010-01-31": "18559.00000", "2009-10-31": "14402.00000", "2009-07-31": "13916.00000", "2009-04-30": "13807.00000", "2009-01-31": "18403.00000", "2008-10-31": "14247.00000", "2008-07-31": "14252.00000", "2008-04-30": "13644.00000", "2008-01-31": "18024.00000", "2007-10-31": "13877.00000", "2007-07-31": "13353.00000", "2007-04-30": "12841.00000", "2007-01-31": "17749.00000", "2006-10-31": "12613.00000", "2006-07-31": "12213.00000", "2006-04-30": "11846.00000", "2006-01-31": "15341.00000", "2005-10-31": "11375.00000", "2005-07-31": "11011.00000", "2005-04-30": "10570.00000", "2005-01-31": "13785.00000"}, "Operating Income": {"2020-10-31": "1935.00000", "2020-07-31": "2300.00000", "2020-04-30": "468.00000", "2020-01-31": "1197.00000", "2019-10-31": "1002.00000", "2019-07-31": "1324.00000", "2019-04-30": "1135.00000", "2019-01-31": "1117.00000", "2018-10-31": "819.00000", "2018-07-31": "1133.00000", "2018-04-30": "1041.00000", "2018-01-31": "1129.00000", "2017-10-31": "847.00000", "2017-07-31": "1093.00000", "2017-04-30": "1155.00000", "2017-01-31": "1243.00000", "2016-10-31": "1061.00000", "2016-07-31": "1248.00000", "2016-04-30": "1312.00000", "2016-01-31": "2170.00000", "2015-10-31": "876.00000", "2015-07-31": "1330.00000", "2015-04-30": "1154.00000", "2015-01-31": "1586.00000", "2014-10-31": "904.00000", "2014-07-31": "1023.00000", "2014-04-30": "1022.00000", "2014-01-31": "2318.00000", "2013-10-31": "703.00000", "2013-07-31": "1132.00000", "2013-04-30": "1017.00000", "2013-01-31": "2031.00000", "2012-10-31": "1008.00000", "2012-07-31": "1255.00000", "2012-04-30": "1285.00000", "2012-01-31": "1701.00000", "2011-10-31": "1057.00000", "2011-07-31": "1300.00000", "2011-04-30": "1264.00000", "2011-01-31": "1777.00000", "2010-10-31": "967.00000", "2010-07-31": "1266.00000", "2010-04-30": "1242.00000", "2010-01-31": "1622.00000", "2009-10-31": "874.00000", "2009-07-31": "1151.00000", "2009-04-30": "1026.00000", "2009-01-31": "1157.00000", "2008-10-31": "867.00000", "2008-07-31": "1220.00000", "2008-04-30": "1158.00000", "2008-01-31": "1847.00000", "2007-10-31": "958.00000", "2007-07-31": "1267.00000", "2007-04-30": "1200.00000", "2007-01-31": "1961.00000", "2006-10-31": "957.00000", "2006-07-31": "1134.00000", "2006-04-30": "1017.00000", "2006-01-31": "1606.00000", "2005-10-31": "831.00000", "2005-07-31": "979.00000", "2005-04-30": "907.00000", "2005-01-31": "1409.00000"}, "Total Non-Operating Income/Expense": {"2020-10-31": "-637.00000", "2020-07-31": "-111.00000", "2020-04-30": "-139.00000", "2020-01-31": "-146.00000", "2019-10-31": "-101.00000", "2019-07-31": "-107.00000", "2019-04-30": "-114.00000", "2019-01-31": "-103.00000", "2018-10-31": "-106.00000", "2018-07-31": "-111.00000", "2018-04-30": "-114.00000", "2018-01-31": "-117.00000", "2017-10-31": "-236.00000", "2017-07-31": "-116.00000", "2017-04-30": "-125.00000", "2017-01-31": "-39.00000", "2016-10-31": "-142.00000", "2016-07-31": "-307.00000", "2016-04-30": "-415.00000", "2016-01-31": "-153.00000", "2015-10-31": "-151.00000", "2015-07-31": "-148.00000", "2015-04-30": "-155.00000", "2015-01-31": "-151.00000", "2014-10-31": "-146.00000", "2014-07-31": "-433.00000", "2014-04-30": "-152.00000", "2014-01-31": "-475.00000", "2013-10-31": "-165.00000", "2013-07-31": "-171.00000", "2013-04-30": "-238.00000", "2013-01-31": "-119.00000", "2012-10-31": "-36.00000", "2012-07-31": "-184.00000", "2012-04-30": "-184.00000", "2012-01-31": "-292.00000", "2011-10-31": "-200.00000", "2011-07-31": "-191.00000", "2011-04-30": "-183.00000", "2011-01-31": "-191.00000", "2010-10-31": "-194.00000", "2010-07-31": "-185.00000", "2010-04-30": "-187.00000", "2010-01-31": "-214.00000", "2009-10-31": "-191.00000", "2009-07-31": "-194.00000", "2009-04-30": "-202.00000", "2009-01-31": "-214.00000", "2008-10-31": "-234.00000", "2008-07-31": "-217.00000", "2008-04-30": "-201.00000", "2008-01-31": "-180.00000", "2007-10-31": "-177.00000", "2007-07-31": "-154.00000", "2007-04-30": "-136.00000", "2007-01-31": "-152.00000", "2006-10-31": "-149.00000", "2006-07-31": "-140.00000", "2006-04-30": "-131.00000", "2006-01-31": "-124.00000", "2005-10-31": "-118.00000", "2005-07-31": "-110.00000", "2005-04-30": "-111.00000", "2005-01-31": "-107.00000"}, "Pre-Tax Income": {"2020-10-31": "1298.00000", "2020-07-31": "2189.00000", "2020-04-30": "329.00000", "2020-01-31": "1051.00000", "2019-10-31": "901.00000", "2019-07-31": "1217.00000", "2019-04-30": "1021.00000", "2019-01-31": "1014.00000", "2018-10-31": "713.00000", "2018-07-31": "1022.00000", "2018-04-30": "927.00000", "2018-01-31": "1012.00000", "2017-10-31": "611.00000", "2017-07-31": "977.00000", "2017-04-30": "1030.00000", "2017-01-31": "1204.00000", "2016-10-31": "919.00000", "2016-07-31": "941.00000", "2016-04-30": "897.00000", "2016-01-31": "2017.00000", "2015-10-31": "725.00000", "2015-07-31": "1182.00000", "2015-04-30": "999.00000", "2015-01-31": "1435.00000", "2014-10-31": "758.00000", "2014-07-31": "590.00000", "2014-04-30": "870.00000", "2014-01-31": "1843.00000", "2013-10-31": "538.00000", "2013-07-31": "961.00000", "2013-04-30": "779.00000", "2013-01-31": "1912.00000", "2012-10-31": "972.00000", "2012-07-31": "1071.00000", "2012-04-30": "1101.00000", "2012-01-31": "1409.00000", "2011-10-31": "857.00000", "2011-07-31": "1109.00000", "2011-04-30": "1081.00000", "2011-01-31": "1586.00000", "2010-10-31": "773.00000", "2010-07-31": "1081.00000", "2010-04-30": "1055.00000", "2010-01-31": "1408.00000", "2009-10-31": "683.00000", "2009-07-31": "957.00000", "2009-04-30": "824.00000", "2009-01-31": "943.00000", "2008-10-31": "633.00000", "2008-07-31": "1003.00000", "2008-04-30": "957.00000", "2008-01-31": "1667.00000", "2007-10-31": "781.00000", "2007-07-31": "1113.00000", "2007-04-30": "1064.00000", "2007-01-31": "1809.00000", "2006-10-31": "808.00000", "2006-07-31": "994.00000", "2006-04-30": "886.00000", "2006-01-31": "1482.00000", "2005-10-31": "713.00000", "2005-07-31": "869.00000", "2005-04-30": "796.00000", "2005-01-31": "1302.00000"}, "Income Taxes": {"2020-10-31": "284.00000", "2020-07-31": "499.00000", "2020-04-30": "45.00000", "2020-01-31": "218.00000", "2019-10-31": "195.00000", "2019-07-31": "279.00000", "2019-04-30": "229.00000", "2019-01-31": "216.00000", "2018-10-31": "97.00000", "2018-07-31": "223.00000", "2018-04-30": "210.00000", "2018-01-31": "-75.00000", "2017-10-31": "135.00000", "2017-07-31": "307.00000", "2017-04-30": "355.00000", "2017-01-31": "385.00000", "2016-10-31": "311.00000", "2016-07-31": "316.00000", "2016-04-30": "283.00000", "2016-01-31": "596.00000", "2015-10-31": "249.00000", "2015-07-31": "409.00000", "2015-04-30": "348.00000", "2015-01-31": "474.00000", "2014-10-31": "232.00000", "2014-07-31": "199.00000", "2014-04-30": "299.00000", "2014-01-31": "599.00000", "2013-10-31": "197.00000", "2013-07-31": "350.00000", "2013-04-30": "281.00000", "2013-01-31": "635.00000", "2012-10-31": "335.00000", "2012-07-31": "367.00000", "2012-04-30": "404.00000", "2012-01-31": "428.00000", "2011-10-31": "302.00000", "2011-07-31": "405.00000", "2011-04-30": "392.00000", "2011-01-31": "551.00000", "2010-10-31": "238.00000", "2010-07-31": "402.00000", "2010-04-30": "384.00000", "2010-01-31": "472.00000", "2009-10-31": "247.00000", "2009-07-31": "363.00000", "2009-04-30": "302.00000", "2009-01-31": "334.00000", "2008-10-31": "264.00000", "2008-07-31": "369.00000", "2008-04-30": "355.00000", "2008-01-31": "638.00000", "2007-10-31": "298.00000", "2007-07-31": "427.00000", "2007-04-30": "413.00000", "2007-01-31": "691.00000", "2006-10-31": "302.00000", "2006-07-31": "385.00000", "2006-04-30": "332.00000", "2006-01-31": "543.00000", "2005-10-31": "278.00000", "2005-07-31": "329.00000", "2005-04-30": "302.00000", "2005-01-31": "493.00000"}, "Income After Taxes": {"2020-10-31": "1014.00000", "2020-07-31": "1690.00000", "2020-04-30": "284.00000", "2020-01-31": "833.00000", "2019-10-31": "706.00000", "2019-07-31": "938.00000", "2019-04-30": "792.00000", "2019-01-31": "798.00000", "2018-10-31": "616.00000", "2018-07-31": "799.00000", "2018-04-30": "717.00000", "2018-01-31": "1087.00000", "2017-10-31": "476.00000", "2017-07-31": "670.00000", "2017-04-30": "675.00000", "2017-01-31": "819.00000", "2016-10-31": "608.00000", "2016-07-31": "625.00000", "2016-04-30": "614.00000", "2016-01-31": "1421.00000", "2015-10-31": "476.00000", "2015-07-31": "773.00000", "2015-04-30": "651.00000", "2015-01-31": "961.00000", "2014-10-31": "526.00000", "2014-07-31": "391.00000", "2014-04-30": "571.00000", "2014-01-31": "1244.00000", "2013-10-31": "341.00000", "2013-07-31": "611.00000", "2013-04-30": "498.00000", "2013-01-31": "1277.00000", "2012-10-31": "637.00000", "2012-07-31": "704.00000", "2012-04-30": "697.00000", "2012-01-31": "981.00000", "2011-10-31": "555.00000", "2011-07-31": "704.00000", "2011-04-30": "689.00000", "2011-01-31": "1035.00000", "2010-10-31": "535.00000", "2010-07-31": "679.00000", "2010-04-30": "671.00000", "2010-01-31": "936.00000", "2009-10-31": "436.00000", "2009-07-31": "594.00000", "2009-04-30": "522.00000", "2009-01-31": "609.00000", "2008-10-31": "369.00000", "2008-07-31": "634.00000", "2008-04-30": "602.00000", "2008-01-31": "1029.00000", "2007-10-31": "483.00000", "2007-07-31": "686.00000", "2007-04-30": "651.00000", "2007-01-31": "1118.00000", "2006-10-31": "506.00000", "2006-07-31": "609.00000", "2006-04-30": "554.00000", "2006-01-31": "939.00000", "2005-10-31": "435.00000", "2005-07-31": "540.00000", "2005-04-30": "494.00000", "2005-01-31": "809.00000"}, "Other Income": {"2020-10-31": "", "2020-07-31": "", "2020-04-30": "", "2020-01-31": "", "2019-10-31": "", "2019-07-31": "", "2019-04-30": "", "2019-01-31": "", "2018-10-31": "", "2018-07-31": "", "2018-04-30": "", "2018-01-31": "", "2017-10-31": "", "2017-07-31": "", "2017-04-30": "", "2017-01-31": "", "2016-10-31": "", "2016-07-31": "", "2016-04-30": "", "2016-01-31": "", "2015-10-31": "", "2015-07-31": "", "2015-04-30": "", "2015-01-31": "", "2014-10-31": "", "2014-07-31": "", "2014-04-30": "", "2014-01-31": "", "2013-10-31": "", "2013-07-31": "", "2013-04-30": "", "2013-01-31": "", "2012-10-31": "", "2012-07-31": "", "2012-04-30": "", "2012-01-31": "", "2011-10-31": "", "2011-07-31": "", "2011-04-30": "", "2011-01-31": "", "2010-10-31": "", "2010-07-31": "", "2010-04-30": "", "2010-01-31": "", "2009-10-31": "", "2009-07-31": "", "2009-04-30": "", "2009-01-31": "", "2008-10-31": "", "2008-07-31": "", "2008-04-30": "", "2008-01-31": "", "2007-10-31": "", "2007-07-31": "", "2007-04-30": "", "2007-01-31": "", "2006-10-31": "", "2006-07-31": "", "2006-04-30": "", "2006-01-31": "", "2005-10-31": "", "2005-07-31": "", "2005-04-30": "", "2005-01-31": ""}, "Income From Continuous Operations": {"2020-10-31": "1014.00000", "2020-07-31": "1690.00000", "2020-04-30": "284.00000", "2020-01-31": "833.00000", "2019-10-31": "706.00000", "2019-07-31": "938.00000", "2019-04-30": "792.00000", "2019-01-31": "798.00000", "2018-10-31": "616.00000", "2018-07-31": "799.00000", "2018-04-30": "717.00000", "2018-01-31": "1087.00000", "2017-10-31": "476.00000", "2017-07-31": "670.00000", "2017-04-30": "675.00000", "2017-01-31": "819.00000", "2016-10-31": "608.00000", "2016-07-31": "625.00000", "2016-04-30": "614.00000", "2016-01-31": "1421.00000", "2015-10-31": "476.00000", "2015-07-31": "773.00000", "2015-04-30": "651.00000", "2015-01-31": "961.00000", "2014-10-31": "526.00000", "2014-07-31": "391.00000", "2014-04-30": "571.00000", "2014-01-31": "1244.00000", "2013-10-31": "341.00000", "2013-07-31": "611.00000", "2013-04-30": "498.00000", "2013-01-31": "1277.00000", "2012-10-31": "637.00000", "2012-07-31": "704.00000", "2012-04-30": "697.00000", "2012-01-31": "981.00000", "2011-10-31": "555.00000", "2011-07-31": "704.00000", "2011-04-30": "689.00000", "2011-01-31": "1035.00000", "2010-10-31": "535.00000", "2010-07-31": "679.00000", "2010-04-30": "671.00000", "2010-01-31": "936.00000", "2009-10-31": "436.00000", "2009-07-31": "594.00000", "2009-04-30": "522.00000", "2009-01-31": "609.00000", "2008-10-31": "369.00000", "2008-07-31": "634.00000", "2008-04-30": "602.00000", "2008-01-31": "1029.00000", "2007-10-31": "483.00000", "2007-07-31": "686.00000", "2007-04-30": "651.00000", "2007-01-31": "1118.00000", "2006-10-31": "506.00000", "2006-07-31": "609.00000", "2006-04-30": "554.00000", "2006-01-31": "939.00000", "2005-10-31": "435.00000", "2005-07-31": "540.00000", "2005-04-30": "494.00000", "2005-01-31": "809.00000"}, "Income From Discontinued Operations": {"2020-10-31": "", "2020-07-31": "", "2020-04-30": "", "2020-01-31": "1.00000", "2019-10-31": "8.00000", "2019-07-31": "", "2019-04-30": "3.00000", "2019-01-31": "", "2018-10-31": "6.00000", "2018-07-31": "", "2018-04-30": "1.00000", "2018-01-31": "", "2017-10-31": "2.00000", "2017-07-31": "1.00000", "2017-04-30": "3.00000", "2017-01-31": "-5.00000", "2016-10-31": "", "2016-07-31": "55.00000", "2016-04-30": "18.00000", "2016-01-31": "5.00000", "2015-10-31": "73.00000", "2015-07-31": "-20.00000", "2015-04-30": "-16.00000", "2015-01-31": "-3601.00000", "2014-10-31": "-174.00000", "2014-07-31": "-157.00000", "2014-04-30": "-153.00000", "2014-01-31": "", "2013-10-31": "", "2013-07-31": "", "2013-04-30": "", "2013-01-31": "", "2012-10-31": "", "2012-07-31": "", "2012-04-30": "", "2012-01-31": "", "2011-10-31": "", "2011-07-31": "", "2011-04-30": "", "2011-01-31": "", "2010-10-31": "", "2010-07-31": "", "2010-04-30": "", "2010-01-31": "", "2009-10-31": "", "2009-07-31": "", "2009-04-30": "", "2009-01-31": "", "2008-10-31": "", "2008-07-31": "", "2008-04-30": "", "2008-01-31": "", "2007-10-31": "", "2007-07-31": "", "2007-04-30": "", "2007-01-31": "", "2006-10-31": "", "2006-07-31": "", "2006-04-30": "", "2006-01-31": "", "2005-10-31": "", "2005-07-31": "", "2005-04-30": "", "2005-01-31": "16.00000"}, "Net Income": {"2020-10-31": "1014.00000", "2020-07-31": "1690.00000", "2020-04-30": "284.00000", "2020-01-31": "834.00000", "2019-10-31": "714.00000", "2019-07-31": "938.00000", "2019-04-30": "795.00000", "2019-01-31": "798.00000", "2018-10-31": "622.00000", "2018-07-31": "799.00000", "2018-04-30": "718.00000", "2018-01-31": "1087.00000", "2017-10-31": "478.00000", "2017-07-31": "671.00000", "2017-04-30": "678.00000", "2017-01-31": "814.00000", "2016-10-31": "608.00000", "2016-07-31": "680.00000", "2016-04-30": "632.00000", "2016-01-31": "1426.00000", "2015-10-31": "549.00000", "2015-07-31": "753.00000", "2015-04-30": "635.00000", "2015-01-31": "-2640.00000", "2014-10-31": "352.00000", "2014-07-31": "234.00000", "2014-04-30": "418.00000", "2014-01-31": "521.00000", "2013-10-31": "341.00000", "2013-07-31": "611.00000", "2013-04-30": "498.00000", "2013-01-31": "961.00000", "2012-10-31": "637.00000", "2012-07-31": "704.00000", "2012-04-30": "697.00000", "2012-01-31": "981.00000", "2011-10-31": "555.00000", "2011-07-31": "704.00000", "2011-04-30": "689.00000", "2011-01-31": "1035.00000", "2010-10-31": "535.00000", "2010-07-31": "679.00000", "2010-04-30": "671.00000", "2010-01-31": "936.00000", "2009-10-31": "436.00000", "2009-07-31": "594.00000", "2009-04-30": "522.00000", "2009-01-31": "609.00000", "2008-10-31": "369.00000", "2008-07-31": "634.00000", "2008-04-30": "602.00000", "2008-01-31": "1029.00000", "2007-10-31": "483.00000", "2007-07-31": "686.00000", "2007-04-30": "651.00000", "2007-01-31": "1118.00000", "2006-10-31": "506.00000", "2006-07-31": "609.00000", "2006-04-30": "554.00000", "2006-01-31": "939.00000", "2005-10-31": "435.00000", "2005-07-31": "540.00000", "2005-04-30": "494.00000", "2005-01-31": "825.00000"}, "EBITDA": {"2020-10-31": "2538.00000", "2020-07-31": "2904.00000", "2020-04-30": "1109.00000", "2020-01-31": "1896.00000", "2019-10-31": "1640.00000", "2019-07-31": "1947.00000", "2019-04-30": "1779.00000", "2019-01-31": "1765.00000", "2018-10-31": "1411.00000", "2018-07-31": "1736.00000", "2018-04-30": "1672.00000", "2018-01-31": "1796.00000", "2017-10-31": "1490.00000", "2017-07-31": "1678.00000", "2017-04-30": "1736.00000", "2017-01-31": "1875.00000", "2016-10-31": "1631.00000", "2016-07-31": "1818.00000", "2016-04-30": "1858.00000", "2016-01-31": "2732.00000", "2015-10-31": "1437.00000", "2015-07-31": "1880.00000", "2015-04-30": "1694.00000", "2015-01-31": "2131.00000", "2014-10-31": "1439.00000", "2014-07-31": "1561.00000", "2014-04-30": "1533.00000", "2014-01-31": "2666.00000", "2013-10-31": "1272.00000", "2013-07-31": "1675.00000", "2013-04-30": "1553.00000", "2013-01-31": "2472.00000", "2012-10-31": "1551.00000", "2012-07-31": "1786.00000", "2012-04-30": "1814.00000", "2012-01-31": "2264.00000", "2011-10-31": "1603.00000", "2011-07-31": "1810.00000", "2011-04-30": "1776.00000", "2011-01-31": "2316.00000", "2010-10-31": "1500.00000", "2010-07-31": "1762.00000", "2010-04-30": "1758.00000", "2010-01-31": "2158.00000", "2009-10-31": "1411.00000", "2009-07-31": "1629.00000", "2009-04-30": "1498.00000", "2009-01-31": "1631.00000", "2008-10-31": "1335.00000", "2008-07-31": "1669.00000", "2008-04-30": "1593.00000", "2008-01-31": "2281.00000", "2007-10-31": "1387.00000", "2007-07-31": "1671.00000", "2007-04-30": "1592.00000", "2007-01-31": "2363.00000", "2006-10-31": "1347.00000", "2006-07-31": "1504.00000", "2006-04-30": "1351.00000", "2006-01-31": "1975.00000", "2005-10-31": "1185.00000", "2005-07-31": "1325.00000", "2005-04-30": "1247.00000", "2005-01-31": "1753.00000"}, "EBIT": {"2020-10-31": "1935.00000", "2020-07-31": "2300.00000", "2020-04-30": "468.00000", "2020-01-31": "1197.00000", "2019-10-31": "1002.00000", "2019-07-31": "1324.00000", "2019-04-30": "1135.00000", "2019-01-31": "1117.00000", "2018-10-31": "819.00000", "2018-07-31": "1133.00000", "2018-04-30": "1041.00000", "2018-01-31": "1129.00000", "2017-10-31": "847.00000", "2017-07-31": "1093.00000", "2017-04-30": "1155.00000", "2017-01-31": "1243.00000", "2016-10-31": "1061.00000", "2016-07-31": "1248.00000", "2016-04-30": "1312.00000", "2016-01-31": "2170.00000", "2015-10-31": "876.00000", "2015-07-31": "1330.00000", "2015-04-30": "1154.00000", "2015-01-31": "1586.00000", "2014-10-31": "904.00000", "2014-07-31": "1023.00000", "2014-04-30": "1022.00000", "2014-01-31": "2318.00000", "2013-10-31": "703.00000", "2013-07-31": "1132.00000", "2013-04-30": "1017.00000", "2013-01-31": "2031.00000", "2012-10-31": "1008.00000", "2012-07-31": "1255.00000", "2012-04-30": "1285.00000", "2012-01-31": "1701.00000", "2011-10-31": "1057.00000", "2011-07-31": "1300.00000", "2011-04-30": "1264.00000", "2011-01-31": "1777.00000", "2010-10-31": "967.00000", "2010-07-31": "1266.00000", "2010-04-30": "1242.00000", "2010-01-31": "1622.00000", "2009-10-31": "874.00000", "2009-07-31": "1151.00000", "2009-04-30": "1026.00000", "2009-01-31": "1157.00000", "2008-10-31": "867.00000", "2008-07-31": "1220.00000", "2008-04-30": "1158.00000", "2008-01-31": "1847.00000", "2007-10-31": "958.00000", "2007-07-31": "1267.00000", "2007-04-30": "1200.00000", "2007-01-31": "1961.00000", "2006-10-31": "957.00000", "2006-07-31": "1134.00000", "2006-04-30": "1017.00000", "2006-01-31": "1606.00000", "2005-10-31": "831.00000", "2005-07-31": "979.00000", "2005-04-30": "907.00000", "2005-01-31": "1409.00000"}, "Basic Shares Outstanding": {"2020-10-31": "500.60000", "2020-07-31": "500.10000", "2020-04-30": "501.00000", "2020-01-31": "510.90000", "2019-10-31": "509.70000", "2019-07-31": "512.10000", "2019-04-30": "515.70000", "2019-01-31": "528.60000", "2018-10-31": "525.90000", "2018-07-31": "531.70000", "2018-04-30": "536.90000", "2018-01-31": "546.80000", "2017-10-31": "544.50000", "2017-07-31": "549.30000", "2017-04-30": "552.40000", "2017-01-31": "577.60000", "2016-10-31": "570.10000", "2016-07-31": "582.20000", "2016-04-30": "598.30000", "2016-01-31": "627.70000", "2015-10-31": "623.70000", "2015-07-31": "635.80000", "2015-04-30": "640.90000", "2015-01-31": "634.70000", "2014-10-31": "634.00000", "2014-07-31": "633.50000", "2014-04-30": "633.30000", "2014-01-31": "635.10000", "2013-10-31": "631.30000", "2013-07-31": "634.80000", "2013-04-30": "642.10000", "2013-01-31": "656.70000", "2012-10-31": "654.80000", "2012-07-31": "656.70000", "2012-04-30": "666.30000", "2012-01-31": "679.10000", "2011-10-31": "673.20000", "2011-07-31": "680.80000", "2011-04-30": "693.00000", "2011-01-31": "723.60000", "2010-10-31": "715.40000", "2010-07-31": "731.10000", "2010-04-30": "739.90000", "2010-01-31": "752.00000", "2009-10-31": "751.80000", "2009-07-31": "752.00000", "2009-04-30": "752.20000", "2009-01-31": "770.40000", "2008-10-31": "753.50000", "2008-07-31": "770.30000", "2008-04-30": "805.50000", "2008-01-31": "845.40000", "2007-10-31": "845.60000", "2007-07-31": "850.80000", "2007-04-30": "855.90000", "2007-01-31": "861.90000", "2006-10-31": "857.80000", "2006-07-31": "860.80000", "2006-04-30": "870.70000", "2006-01-31": "882.00000", "2005-10-31": "881.20000", "2005-07-31": "883.30000", "2005-04-30": "887.00000", "2005-01-31": "903.80000"}, "Shares Outstanding": {"2020-10-31": "505.40000", "2020-07-31": "504.40000", "2020-04-30": "505.80000", "2020-01-31": "515.60000", "2019-10-31": "514.80000", "2019-07-31": "516.10000", "2019-04-30": "519.50000", "2019-01-31": "533.20000", "2018-10-31": "531.20000", "2018-07-31": "536.30000", "2018-04-30": "541.00000", "2018-01-31": "550.30000", "2017-10-31": "547.90000", "2017-07-31": "551.90000", "2017-04-30": "555.20000", "2017-01-31": "582.50000", "2016-10-31": "574.80000", "2016-07-31": "586.80000", "2016-04-30": "603.80000", "2016-01-31": "632.90000", "2015-10-31": "628.80000", "2015-07-31": "641.00000", "2015-04-30": "646.40000", "2015-01-31": "640.10000", "2014-10-31": "639.60000", "2014-07-31": "638.40000", "2014-04-30": "638.20000", "2014-01-31": "641.80000", "2013-10-31": "637.40000", "2013-07-31": "642.00000", "2013-04-30": "649.50000", "2013-01-31": "663.30000", "2012-10-31": "662.20000", "2012-07-31": "662.90000", "2012-04-30": "672.40000", "2012-01-31": "683.90000", "2011-10-31": "678.30000", "2011-07-31": "685.10000", "2011-04-30": "697.00000", "2011-01-31": "729.40000", "2010-10-31": "721.00000", "2010-07-31": "736.60000", "2010-04-30": "745.70000", "2010-01-31": "754.80000", "2009-10-31": "755.70000", "2009-07-31": "754.40000", "2009-04-30": "753.00000", "2009-01-31": "773.60000", "2008-10-31": "756.60000", "2008-07-31": "773.90000", "2008-04-30": "809.60000", "2008-01-31": "850.80000", "2007-10-31": "851.00000", "2007-07-31": "857.40000", "2007-04-30": "862.80000", "2007-01-31": "868.60000", "2006-10-31": "864.40000", "2006-07-31": "867.20000", "2006-04-30": "877.60000", "2006-01-31": "889.20000", "2005-10-31": "887.00000", "2005-07-31": "891.20000", "2005-04-30": "893.50000", "2005-01-31": "912.10000"}, "Basic EPS": {"2020-10-31": "2.02000", "2020-07-31": "3.38000", "2020-04-30": "0.57000", "2020-01-31": "1.65000", "2019-10-31": "1.40000", "2019-07-31": "1.83000", "2019-04-30": "1.54000", "2019-01-31": "1.53000", "2018-10-31": "1.18000", "2018-07-31": "1.50000", "2018-04-30": "1.34000", "2018-01-31": "1.99000", "2017-10-31": "0.88000", "2017-07-31": "1.22000", "2017-04-30": "1.23000", "2017-01-31": "1.43000", "2016-10-31": "1.07000", "2016-07-31": "1.17000", "2016-04-30": "1.06000", "2016-01-31": "2.30000", "2015-10-31": "0.88000", "2015-07-31": "1.18000", "2015-04-30": "0.99000", "2015-01-31": "-4.16000", "2014-10-31": "0.55000", "2014-07-31": "0.37000", "2014-04-30": "0.66000", "2014-01-31": "0.82000", "2013-10-31": "0.54000", "2013-07-31": "0.96000", "2013-04-30": "0.78000", "2013-01-31": "1.48000", "2012-10-31": "0.97000", "2012-07-31": "1.07000", "2012-04-30": "1.05000", "2012-01-31": "1.47000", "2011-10-31": "0.82000", "2011-07-31": "1.03000", "2011-04-30": "0.99000", "2011-01-31": "1.44000", "2010-10-31": "0.75000", "2010-07-31": "0.93000", "2010-04-30": "0.91000", "2010-01-31": "1.25000", "2009-10-31": "0.58000", "2009-07-31": "0.79000", "2009-04-30": "0.69000", "2009-01-31": "0.81000", "2008-10-31": "0.49000", "2008-07-31": "0.82000", "2008-04-30": "0.75000", "2008-01-31": "1.23000", "2007-10-31": "0.57000", "2007-07-31": "0.81000", "2007-04-30": "0.76000", "2007-01-31": "1.29000", "2006-10-31": "0.59000", "2006-07-31": "0.71000", "2006-04-30": "0.64000", "2006-01-31": "1.07000", "2005-10-31": "0.49000", "2005-07-31": "0.61000", "2005-04-30": "0.56000", "2005-01-31": "0.93000"}, "EPS - Earnings Per Share": {"2020-10-31": "2.01000", "2020-07-31": "3.35000", "2020-04-30": "0.56000", "2020-01-31": "1.62000", "2019-10-31": "1.39000", "2019-07-31": "1.82000", "2019-04-30": "1.53000", "2019-01-31": "1.52000", "2018-10-31": "1.17000", "2018-07-31": "1.49000", "2018-04-30": "1.33000", "2018-01-31": "1.98000", "2017-10-31": "0.87000", "2017-07-31": "1.22000", "2017-04-30": "1.22000", "2017-01-31": "1.42000", "2016-10-31": "1.06000", "2016-07-31": "1.16000", "2016-04-30": "1.05000", "2016-01-31": "2.28000", "2015-10-31": "0.87000", "2015-07-31": "1.18000", "2015-04-30": "0.98000", "2015-01-31": "-4.14000", "2014-10-31": "0.55000", "2014-07-31": "0.37000", "2014-04-30": "0.66000", "2014-01-31": "0.81000", "2013-10-31": "0.54000", "2013-07-31": "0.95000", "2013-04-30": "0.77000", "2013-01-31": "1.46000", "2012-10-31": "0.96000", "2012-07-31": "1.06000", "2012-04-30": "1.04000", "2012-01-31": "1.44000", "2011-10-31": "0.82000", "2011-07-31": "1.03000", "2011-04-30": "0.99000", "2011-01-31": "1.44000", "2010-10-31": "0.74000", "2010-07-31": "0.92000", "2010-04-30": "0.90000", "2010-01-31": "1.24000", "2009-10-31": "0.58000", "2009-07-31": "0.79000", "2009-04-30": "0.69000", "2009-01-31": "0.81000", "2008-10-31": "0.49000", "2008-07-31": "0.82000", "2008-04-30": "0.74000", "2008-01-31": "1.22000", "2007-10-31": "0.56000", "2007-07-31": "0.80000", "2007-04-30": "0.75000", "2007-01-31": "1.29000", "2006-10-31": "0.59000", "2006-07-31": "0.70000", "2006-04-30": "0.63000", "2006-01-31": "1.06000", "2005-10-31": "0.49000", "2005-07-31": "0.61000", "2005-04-30": "0.55000", "2005-01-31": "0.92000"}}, "balance sheet": {"Cash On Hand": {"2020-01-31": "2577.00000", "2019-01-31": "1556.00000", "2018-01-31": "2643.00000", "2017-01-31": "2512.00000", "2016-01-31": "4046.00000", "2015-01-31": "2210.00000", "2014-01-31": "670.00000", "2013-01-31": "784.00000", "2012-01-31": "794.00000", "2011-01-31": "1712.00000", "2010-01-31": "2200.00000", "2009-01-31": "864.00000", "2008-01-31": "2450.00000", "2007-01-31": "813.00000", "2006-01-31": "1648.00000", "2005-01-31": "2245.00000"}, "Receivables": {"2020-01-31": "", "2019-01-31": "", "2018-01-31": "", "2017-01-31": "", "2016-01-31": "", "2015-01-31": "", "2014-01-31": "", "2013-01-31": "5841.00000", "2012-01-31": "5927.00000", "2011-01-31": "6153.00000", "2010-01-31": "6966.00000", "2009-01-31": "8084.00000", "2008-01-31": "8054.00000", "2007-01-31": "6194.00000", "2006-01-31": "5666.00000", "2005-01-31": "5069.00000"}, "Inventory": {"2020-01-31": "8992.00000", "2019-01-31": "9497.00000", "2018-01-31": "8597.00000", "2017-01-31": "8309.00000", "2016-01-31": "8601.00000", "2015-01-31": "8282.00000", "2014-01-31": "8278.00000", "2013-01-31": "7903.00000", "2012-01-31": "7918.00000", "2011-01-31": "7596.00000", "2010-01-31": "7179.00000", "2009-01-31": "6705.00000", "2008-01-31": "6780.00000", "2007-01-31": "6254.00000", "2006-01-31": "5838.00000", "2005-01-31": "5384.00000"}, "Pre-Paid Expenses": {"2020-01-31": "", "2019-01-31": "", "2018-01-31": "", "2017-01-31": "", "2016-01-31": "", "2015-01-31": "", "2014-01-31": "", "2013-01-31": "", "2012-01-31": "", "2011-01-31": "", "2010-01-31": "", "2009-01-31": "", "2008-01-31": "", "2007-01-31": "", "2006-01-31": "", "2005-01-31": ""}, "Other Current Assets": {"2020-01-31": "1333.00000", "2019-01-31": "1466.00000", "2018-01-31": "1300.00000", "2017-01-31": "1169.00000", "2016-01-31": "1161.00000", "2015-01-31": "2074.00000", "2014-01-31": "1832.00000", "2013-01-31": "1860.00000", "2012-01-31": "1810.00000", "2011-01-31": "1752.00000", "2010-01-31": "2079.00000", "2009-01-31": "1835.00000", "2008-01-31": "1622.00000", "2007-01-31": "1445.00000", "2006-01-31": "1253.00000", "2005-01-31": "1224.00000"}, "Total Current Assets": {"2020-01-31": "12902.00000", "2019-01-31": "12519.00000", "2018-01-31": "12540.00000", "2017-01-31": "11990.00000", "2016-01-31": "14130.00000", "2015-01-31": "13624.00000", "2014-01-31": "11573.00000", "2013-01-31": "16388.00000", "2012-01-31": "16449.00000", "2011-01-31": "17213.00000", "2010-01-31": "18424.00000", "2009-01-31": "17488.00000", "2008-01-31": "18906.00000", "2007-01-31": "14706.00000", "2006-01-31": "14405.00000", "2005-01-31": "13922.00000"}, "Property, Plant, And Equipment": {"2020-01-31": "26283.00000", "2019-01-31": "25533.00000", "2018-01-31": "24536.00000", "2017-01-31": "24658.00000", "2016-01-31": "25217.00000", "2015-01-31": "25952.00000", "2014-01-31": "26412.00000", "2013-01-31": "30653.00000", "2012-01-31": "29149.00000", "2011-01-31": "25493.00000", "2010-01-31": "25280.00000", "2009-01-31": "25756.00000", "2008-01-31": "24095.00000", "2007-01-31": "21431.00000", "2006-01-31": "19038.00000", "2005-01-31": "16860.00000"}, "Long-Term Investments": {"2020-01-31": "", "2019-01-31": "", "2018-01-31": "", "2017-01-31": "", "2016-01-31": "", "2015-01-31": "", "2014-01-31": "", "2013-01-31": "", "2012-01-31": "", "2011-01-31": "", "2010-01-31": "", "2009-01-31": "", "2008-01-31": "", "2007-01-31": "", "2006-01-31": "", "2005-01-31": ""}, "Goodwill And Intangible Assets": {"2020-01-31": "", "2019-01-31": "", "2018-01-31": "", "2017-01-31": "", "2016-01-31": "", "2015-01-31": "", "2014-01-31": "", "2013-01-31": "", "2012-01-31": "", "2011-01-31": "", "2010-01-31": "", "2009-01-31": "", "2008-01-31": "", "2007-01-31": "", "2006-01-31": "", "2005-01-31": ""}, "Other Long-Term Assets": {"2020-01-31": "1358.00000", "2019-01-31": "1273.00000", "2018-01-31": "1343.00000", "2017-01-31": "783.00000", "2016-01-31": "840.00000", "2015-01-31": "879.00000", "2014-01-31": "1107.00000", "2013-01-31": "1122.00000", "2012-01-31": "1032.00000", "2011-01-31": "999.00000", "2010-01-31": "829.00000", "2009-01-31": "862.00000", "2008-01-31": "1559.00000", "2007-01-31": "1212.00000", "2006-01-31": "1552.00000", "2005-01-31": "1511.00000"}, "Total Long-Term Assets": {"2020-01-31": "29877.00000", "2019-01-31": "28771.00000", "2018-01-31": "27763.00000", "2017-01-31": "25441.00000", "2016-01-31": "26132.00000", "2015-01-31": "27548.00000", "2014-01-31": "32980.00000", "2013-01-31": "31775.00000", "2012-01-31": "30181.00000", "2011-01-31": "26492.00000", "2010-01-31": "26109.00000", "2009-01-31": "26618.00000", "2008-01-31": "25654.00000", "2007-01-31": "22643.00000", "2006-01-31": "20590.00000", "2005-01-31": "18371.00000"}, "Total Assets": {"2020-01-31": "42779.00000", "2019-01-31": "41290.00000", "2018-01-31": "40303.00000", "2017-01-31": "37431.00000", "2016-01-31": "40262.00000", "2015-01-31": "41172.00000", "2014-01-31": "44553.00000", "2013-01-31": "48163.00000", "2012-01-31": "46630.00000", "2011-01-31": "43705.00000", "2010-01-31": "44533.00000", "2009-01-31": "44106.00000", "2008-01-31": "44560.00000", "2007-01-31": "37349.00000", "2006-01-31": "34995.00000", "2005-01-31": "32293.00000"}, "Total Current Liabilities": {"2020-01-31": "14487.00000", "2019-01-31": "15014.00000", "2018-01-31": "13052.00000", "2017-01-31": "12707.00000", "2016-01-31": "12622.00000", "2015-01-31": "11736.00000", "2014-01-31": "12777.00000", "2013-01-31": "14031.00000", "2012-01-31": "14287.00000", "2011-01-31": "10070.00000", "2010-01-31": "11327.00000", "2009-01-31": "10512.00000", "2008-01-31": "11782.00000", "2007-01-31": "11117.00000", "2006-01-31": "9588.00000", "2005-01-31": "8220.00000"}, "Long Term Debt": {"2020-01-31": "11338.00000", "2019-01-31": "10223.00000", "2018-01-31": "11117.00000", "2017-01-31": "11031.00000", "2016-01-31": "11945.00000", "2015-01-31": "12634.00000", "2014-01-31": "11429.00000", "2013-01-31": "14654.00000", "2012-01-31": "13697.00000", "2011-01-31": "15607.00000", "2010-01-31": "15118.00000", "2009-01-31": "17490.00000", "2008-01-31": "15126.00000", "2007-01-31": "8675.00000", "2006-01-31": "9119.00000", "2005-01-31": "9034.00000"}, "Other Non-Current Liabilities": {"2020-01-31": "1724.00000", "2019-01-31": "1780.00000", "2018-01-31": "1866.00000", "2017-01-31": "1879.00000", "2016-01-31": "1897.00000", "2015-01-31": "1452.00000", "2014-01-31": "1471.00000", "2013-01-31": "1609.00000", "2012-01-31": "1634.00000", "2011-01-31": "1607.00000", "2010-01-31": "1906.00000", "2009-01-31": "1937.00000", "2008-01-31": "1875.00000", "2007-01-31": "1347.00000", "2006-01-31": "1232.00000", "2005-01-31": "1037.00000"}, "Total Long Term Liabilities": {"2020-01-31": "16459.00000", "2019-01-31": "14979.00000", "2018-01-31": "15600.00000", "2017-01-31": "13771.00000", "2016-01-31": "14683.00000", "2015-01-31": "15439.00000", "2014-01-31": "15545.00000", "2013-01-31": "17574.00000", "2012-01-31": "16522.00000", "2011-01-31": "18148.00000", "2010-01-31": "17859.00000", "2009-01-31": "19882.00000", "2008-01-31": "17471.00000", "2007-01-31": "10599.00000", "2006-01-31": "11202.00000", "2005-01-31": "11044.00000"}, "Total Liabilities": {"2020-01-31": "30946.00000", "2019-01-31": "29993.00000", "2018-01-31": "28652.00000", "2017-01-31": "26478.00000", "2016-01-31": "27305.00000", "2015-01-31": "27175.00000", "2014-01-31": "28322.00000", "2013-01-31": "31605.00000", "2012-01-31": "30809.00000", "2011-01-31": "28218.00000", "2010-01-31": "29186.00000", "2009-01-31": "30394.00000", "2008-01-31": "29253.00000", "2007-01-31": "21716.00000", "2006-01-31": "20790.00000", "2005-01-31": "19264.00000"}, "Common Stock Net": {"2020-01-31": "42.00000", "2019-01-31": "43.00000", "2018-01-31": "45.00000", "2017-01-31": "46.00000", "2016-01-31": "50.00000", "2015-01-31": "53.00000", "2014-01-31": "53.00000", "2013-01-31": "54.00000", "2012-01-31": "56.00000", "2011-01-31": "59.00000", "2010-01-31": "62.00000", "2009-01-31": "63.00000", "2008-01-31": "68.00000", "2007-01-31": "72.00000", "2006-01-31": "73.00000", "2005-01-31": "74.00000"}, "Retained Earnings (Accumulated Deficit)": {"2020-01-31": "6433.00000", "2019-01-31": "6017.00000", "2018-01-31": "6495.00000", "2017-01-31": "5884.00000", "2016-01-31": "8188.00000", "2015-01-31": "9644.00000", "2014-01-31": "12599.00000", "2013-01-31": "13155.00000", "2012-01-31": "12959.00000", "2011-01-31": "12698.00000", "2010-01-31": "12947.00000", "2009-01-31": "11443.00000", "2008-01-31": "12761.00000", "2007-01-31": "13417.00000", "2006-01-31": "12013.00000", "2005-01-31": "11148.00000"}, "Comprehensive Income": {"2020-01-31": "-868.00000", "2019-01-31": "-805.00000", "2018-01-31": "-747.00000", "2017-01-31": "-638.00000", "2016-01-31": "-629.00000", "2015-01-31": "-599.00000", "2014-01-31": "-891.00000", "2013-01-31": "-576.00000", "2012-01-31": "-681.00000", "2011-01-31": "-581.00000", "2010-01-31": "-581.00000", "2009-01-31": "-556.00000", "2008-01-31": "-178.00000", "2007-01-31": "-243.00000", "2006-01-31": "-2.00000", "2005-01-31": "-3.00000"}, "Other Share Holders Equity": {"2020-01-31": "", "2019-01-31": "", "2018-01-31": "", "2017-01-31": "", "2016-01-31": "", "2015-01-31": "", "2014-01-31": "", "2013-01-31": "", "2012-01-31": "", "2011-01-31": "", "2010-01-31": "", "2009-01-31": "", "2008-01-31": "", "2007-01-31": "", "2006-01-31": "", "2005-01-31": ""}, "Share Holder Equity": {"2020-01-31": "11833.00000", "2019-01-31": "11297.00000", "2018-01-31": "11651.00000", "2017-01-31": "10953.00000", "2016-01-31": "12957.00000", "2015-01-31": "13997.00000", "2014-01-31": "16231.00000", "2013-01-31": "16558.00000", "2012-01-31": "15821.00000", "2011-01-31": "15487.00000", "2010-01-31": "15347.00000", "2009-01-31": "13712.00000", "2008-01-31": "15307.00000", "2007-01-31": "15633.00000", "2006-01-31": "14205.00000", "2005-01-31": "13029.00000"}, "Total Liabilities And Share Holders Equity": {"2020-01-31": "42779.00000", "2019-01-31": "41290.00000", "2018-01-31": "40303.00000", "2017-01-31": "37431.00000", "2016-01-31": "40262.00000", "2015-01-31": "41172.00000", "2014-01-31": "44553.00000", "2013-01-31": "48163.00000", "2012-01-31": "46630.00000", "2011-01-31": "43705.00000", "2010-01-31": "44533.00000", "2009-01-31": "44106.00000", "2008-01-31": "44560.00000", "2007-01-31": "37349.00000", "2006-01-31": "34995.00000", "2005-01-31": "32293.00000"}}, "balance sheet, quarterly": {"Cash On Hand": {"2020-10-31": "5996.00000", "2020-07-31": "7284.00000", "2020-04-30": "4566.00000", "2020-01-31": "2577.00000", "2019-10-31": "969.00000", "2019-07-31": "1656.00000", "2019-04-30": "1173.00000", "2019-01-31": "1556.00000", "2018-10-31": "825.00000", "2018-07-31": "1180.00000", "2018-04-30": "1060.00000", "2018-01-31": "2643.00000", "2017-10-31": "2725.00000", "2017-07-31": "2291.00000", "2017-04-30": "2680.00000", "2017-01-31": "2512.00000", "2016-10-31": "1231.00000", "2016-07-31": "1480.00000", "2016-04-30": "4036.00000", "2016-01-31": "4046.00000", "2015-10-31": "1977.00000", "2015-07-31": "2742.00000", "2015-04-30": "2768.00000", "2015-01-31": "2210.00000", "2014-10-31": "718.00000", "2014-07-31": "766.00000", "2014-04-30": "677.00000", "2014-01-31": "670.00000", "2013-10-31": "706.00000", "2013-07-31": "1018.00000", "2013-04-30": "1819.00000", "2013-01-31": "784.00000", "2012-10-31": "1469.00000", "2012-07-31": "1442.00000", "2012-04-30": "675.00000", "2012-01-31": "794.00000", "2011-10-31": "821.00000", "2011-07-31": "890.00000", "2011-04-30": "1424.00000", "2011-01-31": "1712.00000", "2010-10-31": "936.00000", "2010-07-31": "1540.00000", "2010-04-30": "1578.00000", "2010-01-31": "2200.00000", "2009-10-31": "864.00000", "2009-07-31": "957.00000", "2009-04-30": "1371.00000", "2009-01-31": "864.00000", "2008-10-31": "918.00000", "2008-07-31": "1527.00000", "2008-04-30": "620.00000", "2008-01-31": "2450.00000", "2007-10-31": "627.00000", "2007-07-31": "555.00000", "2007-04-30": "969.00000", "2007-01-31": "813.00000", "2006-10-31": "451.00000", "2006-07-31": "477.00000", "2006-04-30": "989.00000", "2006-01-31": "1648.00000", "2005-10-31": "503.00000", "2005-07-31": "696.00000", "2005-04-30": "1152.00000", "2005-01-31": "2245.00000"}, "Receivables": {"2020-10-31": "", "2020-07-31": "", "2020-04-30": "", "2020-01-31": "", "2019-10-31": "", "2019-07-31": "", "2019-04-30": "", "2019-01-31": "", "2018-10-31": "", "2018-07-31": "", "2018-04-30": "", "2018-01-31": "", "2017-10-31": "", "2017-07-31": "", "2017-04-30": "", "2017-01-31": "", "2016-10-31": "", "2016-07-31": "", "2016-04-30": "", "2016-01-31": "", "2015-10-31": "", "2015-07-31": "", "2015-04-30": "", "2015-01-31": "", "2014-10-31": "", "2014-07-31": "", "2014-04-30": "", "2014-01-31": "", "2013-10-31": "", "2013-07-31": "", "2013-04-30": "", "2013-01-31": "5841.00000", "2012-10-31": "5647.00000", "2012-07-31": "5540.00000", "2012-04-30": "5548.00000", "2012-01-31": "5927.00000", "2011-10-31": "5713.00000", "2011-07-31": "5722.00000", "2011-04-30": "5721.00000", "2011-01-31": "6153.00000", "2010-10-31": "5955.00000", "2010-07-31": "6137.00000", "2010-04-30": "6330.00000", "2010-01-31": "6966.00000", "2009-10-31": "7023.00000", "2009-07-31": "7288.00000", "2009-04-30": "7452.00000", "2009-01-31": "8084.00000", "2008-10-31": "7999.00000", "2008-07-31": "7980.00000", "2008-04-30": "7830.00000", "2008-01-31": "8054.00000", "2007-10-31": "7120.00000", "2007-07-31": "6397.00000", "2007-04-30": "6006.00000", "2007-01-31": "6194.00000", "2006-10-31": "5634.00000", "2006-07-31": "5540.00000", "2006-04-30": "5368.00000", "2006-01-31": "5666.00000", "2005-10-31": "5127.00000", "2005-07-31": "5012.00000", "2005-04-30": "4857.00000", "2005-01-31": "5069.00000"}, "Inventory": {"2020-10-31": "12712.00000", "2020-07-31": "8876.00000", "2020-04-30": "8584.00000", "2020-01-31": "8992.00000", "2019-10-31": "11396.00000", "2019-07-31": "9122.00000", "2019-04-30": "9060.00000", "2019-01-31": "9497.00000", "2018-10-31": "12393.00000", "2018-07-31": "9112.00000", "2018-04-30": "8652.00000", "2018-01-31": "8597.00000", "2017-10-31": "10517.00000", "2017-07-31": "8192.00000", "2017-04-30": "7920.00000", "2017-01-31": "8309.00000", "2016-10-31": "10057.00000", "2016-07-31": "8631.00000", "2016-04-30": "8459.00000", "2016-01-31": "8601.00000", "2015-10-31": "10374.00000", "2015-07-31": "8261.00000", "2015-04-30": "8108.00000", "2015-01-31": "8282.00000", "2014-10-31": "9957.00000", "2014-07-31": "7929.00000", "2014-04-30": "7905.00000", "2014-01-31": "8278.00000", "2013-10-31": "10376.00000", "2013-07-31": "8441.00000", "2013-04-30": "8099.00000", "2013-01-31": "7903.00000", "2012-10-31": "9533.00000", "2012-07-31": "7733.00000", "2012-04-30": "7670.00000", "2012-01-31": "7918.00000", "2011-10-31": "9890.00000", "2011-07-31": "7926.00000", "2011-04-30": "7696.00000", "2011-01-31": "7596.00000", "2010-10-31": "9550.00000", "2010-07-31": "7728.00000", "2010-04-30": "7249.00000", "2010-01-31": "7179.00000", "2009-10-31": "9382.00000", "2009-07-31": "7528.00000", "2009-04-30": "6993.00000", "2009-01-31": "6705.00000", "2008-10-31": "9050.00000", "2008-07-31": "7313.00000", "2008-04-30": "6836.00000", "2008-01-31": "6780.00000", "2007-10-31": "8746.00000", "2007-07-31": "6645.00000", "2007-04-30": "6387.00000", "2007-01-31": "6254.00000", "2006-10-31": "7797.00000", "2006-07-31": "6275.00000", "2006-04-30": "6030.00000", "2006-01-31": "5838.00000", "2005-10-31": "7488.00000", "2005-07-31": "5628.00000", "2005-04-30": "5407.00000", "2005-01-31": "5384.00000"}, "Pre-Paid Expenses": {"2020-10-31": "", "2020-07-31": "", "2020-04-30": "", "2020-01-31": "", "2019-10-31": "", "2019-07-31": "", "2019-04-30": "", "2019-01-31": "", "2018-10-31": "", "2018-07-31": "", "2018-04-30": "", "2018-01-31": "", "2017-10-31": "", "2017-07-31": "", "2017-04-30": "", "2017-01-31": "", "2016-10-31": "", "2016-07-31": "", "2016-04-30": "", "2016-01-31": "", "2015-10-31": "", "2015-07-31": "", "2015-04-30": "", "2015-01-31": "", "2014-10-31": "", "2014-07-31": "", "2014-04-30": "", "2014-01-31": "", "2013-10-31": "", "2013-07-31": "", "2013-04-30": "", "2013-01-31": "", "2012-10-31": "", "2012-07-31": "", "2012-04-30": "", "2012-01-31": "", "2011-10-31": "", "2011-07-31": "", "2011-04-30": "", "2011-01-31": "", "2010-10-31": "", "2010-07-31": "", "2010-04-30": "", "2010-01-31": "", "2009-10-31": "", "2009-07-31": "", "2009-04-30": "", "2009-01-31": "", "2008-10-31": "", "2008-07-31": "", "2008-04-30": "", "2008-01-31": "", "2007-10-31": "", "2007-07-31": "", "2007-04-30": "", "2007-01-31": "", "2006-10-31": "", "2006-07-31": "", "2006-04-30": "", "2006-01-31": "", "2005-10-31": "", "2005-07-31": "", "2005-04-30": "", "2005-01-31": ""}, "Other Current Assets": {"2020-10-31": "1601.00000", "2020-07-31": "1463.00000", "2020-04-30": "1465.00000", "2020-01-31": "1333.00000", "2019-10-31": "1440.00000", "2019-07-31": "1341.00000", "2019-04-30": "1374.00000", "2019-01-31": "1466.00000", "2018-10-31": "1421.00000", "2018-07-31": "1211.00000", "2018-04-30": "1164.00000", "2018-01-31": "1300.00000", "2017-10-31": "1444.00000", "2017-07-31": "1114.00000", "2017-04-30": "1116.00000", "2017-01-31": "1169.00000", "2016-10-31": "1492.00000", "2016-07-31": "1309.00000", "2016-04-30": "1099.00000", "2016-01-31": "1161.00000", "2015-10-31": "2194.00000", "2015-07-31": "2104.00000", "2015-04-30": "2037.00000", "2015-01-31": "2074.00000", "2014-10-31": "2355.00000", "2014-07-31": "2166.00000", "2014-04-30": "1723.00000", "2014-01-31": "1832.00000", "2013-10-31": "2071.00000", "2013-07-31": "1944.00000", "2013-04-30": "1939.00000", "2013-01-31": "1860.00000", "2012-10-31": "1846.00000", "2012-07-31": "1700.00000", "2012-04-30": "1698.00000", "2012-01-31": "1810.00000", "2011-10-31": "1948.00000", "2011-07-31": "1521.00000", "2011-04-30": "1527.00000", "2011-01-31": "1752.00000", "2010-10-31": "1905.00000", "2010-07-31": "1840.00000", "2010-04-30": "2065.00000", "2010-01-31": "2079.00000", "2009-10-31": "2314.00000", "2009-07-31": "1910.00000", "2009-04-30": "1735.00000", "2009-01-31": "1835.00000", "2008-10-31": "2272.00000", "2008-07-31": "1800.00000", "2008-04-30": "1473.00000", "2008-01-31": "1622.00000", "2007-10-31": "1841.00000", "2007-07-31": "1535.00000", "2007-04-30": "1347.00000", "2007-01-31": "1445.00000", "2006-10-31": "1466.00000", "2006-07-31": "1297.00000", "2006-04-30": "1169.00000", "2006-01-31": "1253.00000", "2005-10-31": "1293.00000", "2005-07-31": "1001.00000", "2005-04-30": "1039.00000", "2005-01-31": "1224.00000"}, "Total Current Assets": {"2020-10-31": "20309.00000", "2020-07-31": "17623.00000", "2020-04-30": "14615.00000", "2020-01-31": "12902.00000", "2019-10-31": "13805.00000", "2019-07-31": "12119.00000", "2019-04-30": "11607.00000", "2019-01-31": "12519.00000", "2018-10-31": "14639.00000", "2018-07-31": "11503.00000", "2018-04-30": "10876.00000", "2018-01-31": "12540.00000", "2017-10-31": "14686.00000", "2017-07-31": "11597.00000", "2017-04-30": "11716.00000", "2017-01-31": "11990.00000", "2016-10-31": "12842.00000", "2016-07-31": "11503.00000", "2016-04-30": "13948.00000", "2016-01-31": "14130.00000", "2015-10-31": "14944.00000", "2015-07-31": "13240.00000", "2015-04-30": "13056.00000", "2015-01-31": "13624.00000", "2014-10-31": "13838.00000", "2014-07-31": "11554.00000", "2014-04-30": "11023.00000", "2014-01-31": "11573.00000", "2013-10-31": "13153.00000", "2013-07-31": "11403.00000", "2013-04-30": "11857.00000", "2013-01-31": "16388.00000", "2012-10-31": "18495.00000", "2012-07-31": "16415.00000", "2012-04-30": "15591.00000", "2012-01-31": "16449.00000", "2011-10-31": "18372.00000", "2011-07-31": "16059.00000", "2011-04-30": "16368.00000", "2011-01-31": "17213.00000", "2010-10-31": "18346.00000", "2010-07-31": "17245.00000", "2010-04-30": "17222.00000", "2010-01-31": "18424.00000", "2009-10-31": "19583.00000", "2009-07-31": "17683.00000", "2009-04-30": "17551.00000", "2009-01-31": "17488.00000", "2008-10-31": "20239.00000", "2008-07-31": "18620.00000", "2008-04-30": "16759.00000", "2008-01-31": "18906.00000", "2007-10-31": "18334.00000", "2007-07-31": "15132.00000", "2007-04-30": "14709.00000", "2007-01-31": "14706.00000", "2006-10-31": "15348.00000", "2006-07-31": "13589.00000", "2006-04-30": "13556.00000", "2006-01-31": "14405.00000", "2005-10-31": "14411.00000", "2005-07-31": "12337.00000", "2005-04-30": "12455.00000", "2005-01-31": "13922.00000"}, "Property, Plant, And Equipment": {"2020-10-31": "26773.00000", "2020-07-31": "26739.00000", "2020-04-30": "26589.00000", "2020-01-31": "26283.00000", "2019-10-31": "26384.00000", "2019-07-31": "26012.00000", "2019-04-30": "25706.00000", "2019-01-31": "25533.00000", "2018-10-31": "25607.00000", "2018-07-31": "25172.00000", "2018-04-30": "24767.00000", "2018-01-31": "24536.00000", "2017-10-31": "24649.00000", "2017-07-31": "24404.00000", "2017-04-30": "24242.00000", "2017-01-31": "24658.00000", "2016-10-31": "24902.00000", "2016-07-31": "24934.00000", "2016-04-30": "25049.00000", "2016-01-31": "25217.00000", "2015-10-31": "25472.00000", "2015-07-31": "25583.00000", "2015-04-30": "25779.00000", "2015-01-31": "25952.00000", "2014-10-31": "26033.00000", "2014-07-31": "26132.00000", "2014-04-30": "26334.00000", "2014-01-31": "26412.00000", "2013-10-31": "31726.00000", "2013-07-31": "31405.00000", "2013-04-30": "31074.00000", "2013-01-31": "30653.00000", "2012-10-31": "30069.00000", "2012-07-31": "29774.00000", "2012-04-30": "29508.00000", "2012-01-31": "29149.00000", "2011-10-31": "29040.00000", "2011-07-31": "28373.00000", "2011-04-30": "25648.00000", "2011-01-31": "25493.00000", "2010-10-31": "25590.00000", "2010-07-31": "25401.00000", "2010-04-30": "25212.00000", "2010-01-31": "25280.00000", "2009-10-31": "25591.00000", "2009-07-31": "25712.00000", "2009-04-30": "25800.00000", "2009-01-31": "25756.00000", "2008-10-31": "25525.00000", "2008-07-31": "25152.00000", "2008-04-30": "24666.00000", "2008-01-31": "24095.00000", "2007-10-31": "23606.00000", "2007-07-31": "23027.00000", "2007-04-30": "22260.00000", "2007-01-31": "21431.00000", "2006-10-31": "20926.00000", "2006-07-31": "20257.00000", "2006-04-30": "19614.00000", "2006-01-31": "19038.00000", "2005-10-31": "18573.00000", "2005-07-31": "18023.00000", "2005-04-30": "17328.00000", "2005-01-31": "16860.00000"}, "Long-Term Investments": {"2020-10-31": "", "2020-07-31": "", "2020-04-30": "", "2020-01-31": "", "2019-10-31": "", "2019-07-31": "", "2019-04-30": "", "2019-01-31": "", "2018-10-31": "", "2018-07-31": "", "2018-04-30": "", "2018-01-31": "", "2017-10-31": "", "2017-07-31": "", "2017-04-30": "", "2017-01-31": "", "2016-10-31": "", "2016-07-31": "", "2016-04-30": "", "2016-01-31": "", "2015-10-31": "", "2015-07-31": "", "2015-04-30": "", "2015-01-31": "", "2014-10-31": "", "2014-07-31": "", "2014-04-30": "", "2014-01-31": "", "2013-10-31": "", "2013-07-31": "", "2013-04-30": "", "2013-01-31": "", "2012-10-31": "", "2012-07-31": "", "2012-04-30": "", "2012-01-31": "", "2011-10-31": "", "2011-07-31": "", "2011-04-30": "", "2011-01-31": "", "2010-10-31": "", "2010-07-31": "", "2010-04-30": "", "2010-01-31": "", "2009-10-31": "", "2009-07-31": "", "2009-04-30": "", "2009-01-31": "", "2008-10-31": "", "2008-07-31": "", "2008-04-30": "", "2008-01-31": "", "2007-10-31": "", "2007-07-31": "", "2007-04-30": "", "2007-01-31": "", "2006-10-31": "", "2006-07-31": "", "2006-04-30": "", "2006-01-31": "", "2005-10-31": "", "2005-07-31": "", "2005-04-30": "", "2005-01-31": ""}, "Goodwill And Intangible Assets": {"2020-10-31": "", "2020-07-31": "", "2020-04-30": "", "2020-01-31": "", "2019-10-31": "", "2019-07-31": "", "2019-04-30": "", "2019-01-31": "", "2018-10-31": "", "2018-07-31": "", "2018-04-30": "", "2018-01-31": "", "2017-10-31": "", "2017-07-31": "", "2017-04-30": "", "2017-01-31": "", "2016-10-31": "", "2016-07-31": "", "2016-04-30": "", "2016-01-31": "", "2015-10-31": "", "2015-07-31": "", "2015-04-30": "", "2015-01-31": "", "2014-10-31": "", "2014-07-31": "", "2014-04-30": "", "2014-01-31": "", "2013-10-31": "", "2013-07-31": "", "2013-04-30": "", "2013-01-31": "", "2012-10-31": "", "2012-07-31": "", "2012-04-30": "", "2012-01-31": "", "2011-10-31": "", "2011-07-31": "", "2011-04-30": "", "2011-01-31": "", "2010-10-31": "", "2010-07-31": "", "2010-04-30": "", "2010-01-31": "", "2009-10-31": "", "2009-07-31": "", "2009-04-30": "", "2009-01-31": "", "2008-10-31": "", "2008-07-31": "", "2008-04-30": "", "2008-01-31": "", "2007-10-31": "", "2007-07-31": "", "2007-04-30": "", "2007-01-31": "", "2006-10-31": "", "2006-07-31": "", "2006-04-30": "", "2006-01-31": "", "2005-10-31": "", "2005-07-31": "", "2005-04-30": "", "2005-01-31": ""}, "Other Long-Term Assets": {"2020-10-31": "1371.00000", "2020-07-31": "1405.00000", "2020-04-30": "1367.00000", "2020-01-31": "1358.00000", "2019-10-31": "1401.00000", "2019-07-31": "1373.00000", "2019-04-30": "1287.00000", "2019-01-31": "1273.00000", "2018-10-31": "1329.00000", "2018-07-31": "1345.00000", "2018-04-30": "1328.00000", "2018-01-31": "1343.00000", "2017-10-31": "813.00000", "2017-07-31": "809.00000", "2017-04-30": "723.00000", "2017-01-31": "783.00000", "2016-10-31": "842.00000", "2016-07-31": "834.00000", "2016-04-30": "830.00000", "2016-01-31": "840.00000", "2015-10-31": "941.00000", "2015-07-31": "950.00000", "2015-04-30": "969.00000", "2015-01-31": "879.00000", "2014-10-31": "1050.00000", "2014-07-31": "1064.00000", "2014-04-30": "1080.00000", "2014-01-31": "1107.00000", "2013-10-31": "1494.00000", "2013-07-31": "1354.00000", "2013-04-30": "1303.00000", "2013-01-31": "1122.00000", "2012-10-31": "1015.00000", "2012-07-31": "1136.00000", "2012-04-30": "1076.00000", "2012-01-31": "1032.00000", "2011-10-31": "1035.00000", "2011-07-31": "1067.00000", "2011-04-30": "980.00000", "2011-01-31": "999.00000", "2010-10-31": "1013.00000", "2010-07-31": "1009.00000", "2010-04-30": "889.00000", "2010-01-31": "829.00000", "2009-10-31": "805.00000", "2009-07-31": "838.00000", "2009-04-30": "861.00000", "2009-01-31": "862.00000", "2008-10-31": "1277.00000", "2008-07-31": "1368.00000", "2008-04-30": "1405.00000", "2008-01-31": "1559.00000", "2007-10-31": "1349.00000", "2007-07-31": "1307.00000", "2007-04-30": "1315.00000", "2007-01-31": "1212.00000", "2006-10-31": "1593.00000", "2006-07-31": "1577.00000", "2006-04-30": "1579.00000", "2006-01-31": "1552.00000", "2005-10-31": "1514.00000", "2005-07-31": "1559.00000", "2005-04-30": "1512.00000", "2005-01-31": "1511.00000"}, "Total Long-Term Assets": {"2020-10-31": "30352.00000", "2020-07-31": "30377.00000", "2020-04-30": "30191.00000", "2020-01-31": "29877.00000", "2019-10-31": "29936.00000", "2019-07-31": "29447.00000", "2019-04-30": "29012.00000", "2019-01-31": "28771.00000", "2018-10-31": "28933.00000", "2018-07-31": "28493.00000", "2018-04-30": "28053.00000", "2018-01-31": "27763.00000", "2017-10-31": "27323.00000", "2017-07-31": "27070.00000", "2017-04-30": "26844.00000", "2017-01-31": "25441.00000", "2016-10-31": "25761.00000", "2016-07-31": "25785.00000", "2016-04-30": "25960.00000", "2016-01-31": "26132.00000", "2015-10-31": "26507.00000", "2015-07-31": "26953.00000", "2015-04-30": "27212.00000", "2015-01-31": "27548.00000", "2014-10-31": "32623.00000", "2014-07-31": "32901.00000", "2014-04-30": "33019.00000", "2014-01-31": "32980.00000", "2013-10-31": "33220.00000", "2013-07-31": "32759.00000", "2013-04-30": "32377.00000", "2013-01-31": "31775.00000", "2012-10-31": "31084.00000", "2012-07-31": "30910.00000", "2012-04-30": "30584.00000", "2012-01-31": "30181.00000", "2011-10-31": "30075.00000", "2011-07-31": "29440.00000", "2011-04-30": "26628.00000", "2011-01-31": "26492.00000", "2010-10-31": "26603.00000", "2010-07-31": "26410.00000", "2010-04-30": "26101.00000", "2010-01-31": "26109.00000", "2009-10-31": "26396.00000", "2009-07-31": "26550.00000", "2009-04-30": "26661.00000", "2009-01-31": "26618.00000", "2008-10-31": "26802.00000", "2008-07-31": "26520.00000", "2008-04-30": "26071.00000", "2008-01-31": "25654.00000", "2007-10-31": "24955.00000", "2007-07-31": "24334.00000", "2007-04-30": "23575.00000", "2007-01-31": "22643.00000", "2006-10-31": "22519.00000", "2006-07-31": "21834.00000", "2006-04-30": "21193.00000", "2006-01-31": "20590.00000", "2005-10-31": "20087.00000", "2005-07-31": "19582.00000", "2005-04-30": "18840.00000", "2005-01-31": "18371.00000"}, "Total Assets": {"2020-10-31": "50661.00000", "2020-07-31": "48000.00000", "2020-04-30": "44806.00000", "2020-01-31": "42779.00000", "2019-10-31": "43741.00000", "2019-07-31": "41566.00000", "2019-04-30": "40619.00000", "2019-01-31": "41290.00000", "2018-10-31": "43572.00000", "2018-07-31": "39996.00000", "2018-04-30": "38929.00000", "2018-01-31": "40303.00000", "2017-10-31": "42009.00000", "2017-07-31": "38667.00000", "2017-04-30": "38560.00000", "2017-01-31": "37431.00000", "2016-10-31": "38603.00000", "2016-07-31": "37288.00000", "2016-04-30": "39908.00000", "2016-01-31": "40262.00000", "2015-10-31": "41451.00000", "2015-07-31": "40193.00000", "2015-04-30": "40268.00000", "2015-01-31": "41172.00000", "2014-10-31": "46461.00000", "2014-07-31": "44455.00000", "2014-04-30": "44042.00000", "2014-01-31": "44553.00000", "2013-10-31": "46373.00000", "2013-07-31": "44162.00000", "2013-04-30": "44234.00000", "2013-01-31": "48163.00000", "2012-10-31": "49579.00000", "2012-07-31": "47325.00000", "2012-04-30": "46175.00000", "2012-01-31": "46630.00000", "2011-10-31": "48447.00000", "2011-07-31": "45499.00000", "2011-04-30": "42996.00000", "2011-01-31": "43705.00000", "2010-10-31": "44949.00000", "2010-07-31": "43655.00000", "2010-04-30": "43323.00000", "2010-01-31": "44533.00000", "2009-10-31": "45979.00000", "2009-07-31": "44233.00000", "2009-04-30": "44212.00000", "2009-01-31": "44106.00000", "2008-10-31": "47041.00000", "2008-07-31": "45140.00000", "2008-04-30": "42830.00000", "2008-01-31": "44560.00000", "2007-10-31": "43289.00000", "2007-07-31": "39466.00000", "2007-04-30": "38284.00000", "2007-01-31": "37349.00000", "2006-10-31": "37867.00000", "2006-07-31": "35423.00000", "2006-04-30": "34749.00000", "2006-01-31": "34995.00000", "2005-10-31": "34498.00000", "2005-07-31": "31919.00000", "2005-04-30": "31295.00000", "2005-01-31": "32293.00000"}, "Total Current Liabilities": {"2020-10-31": "19357.00000", "2020-07-31": "15892.00000", "2020-04-30": "14412.00000", "2020-01-31": "14487.00000", "2019-10-31": "16608.00000", "2019-07-31": "14364.00000", "2019-04-30": "13239.00000", "2019-01-31": "15014.00000", "2018-10-31": "17590.00000", "2018-07-31": "14038.00000", "2018-04-30": "12044.00000", "2018-01-31": "13052.00000", "2017-10-31": "15227.00000", "2017-07-31": "12576.00000", "2017-04-30": "12239.00000", "2017-01-31": "12707.00000", "2016-10-31": "12641.00000", "2016-07-31": "11003.00000", "2016-04-30": "12019.00000", "2016-01-31": "12622.00000", "2015-10-31": "13858.00000", "2015-07-31": "11613.00000", "2015-04-30": "10649.00000", "2015-01-31": "11736.00000", "2014-10-31": "13525.00000", "2014-07-31": "11336.00000", "2014-04-30": "12040.00000", "2014-01-31": "12777.00000", "2013-10-31": "14551.00000", "2013-07-31": "12616.00000", "2013-04-30": "11159.00000", "2013-01-31": "14031.00000", "2012-10-31": "15709.00000", "2012-07-31": "13329.00000", "2012-04-30": "12446.00000", "2012-01-31": "14287.00000", "2011-10-31": "14139.00000", "2011-07-31": "11620.00000", "2011-04-30": "10838.00000", "2011-01-31": "10070.00000", "2010-10-31": "11790.00000", "2010-07-31": "10100.00000", "2010-04-30": "10197.00000", "2010-01-31": "11327.00000", "2009-10-31": "12398.00000", "2009-07-31": "9810.00000", "2009-04-30": "10249.00000", "2009-01-31": "10512.00000", "2008-10-31": "13496.00000", "2008-07-31": "11359.00000", "2008-04-30": "10959.00000", "2008-01-31": "11782.00000", "2007-10-31": "13563.00000", "2007-07-31": "11022.00000", "2007-04-30": "10097.00000", "2007-01-31": "11117.00000", "2006-10-31": "11921.00000", "2006-07-31": "9660.00000", "2006-04-30": "9708.00000", "2006-01-31": "9588.00000", "2005-10-31": "9641.00000", "2005-07-31": "8037.00000", "2005-04-30": "7173.00000", "2005-01-31": "8220.00000"}, "Long Term Debt": {"2020-10-31": "12490.00000", "2020-07-31": "14188.00000", "2020-04-30": "14073.00000", "2020-01-31": "11338.00000", "2019-10-31": "10513.00000", "2019-07-31": "10365.00000", "2019-04-30": "11357.00000", "2019-01-31": "10223.00000", "2018-10-31": "10104.00000", "2018-07-31": "10108.00000", "2018-04-30": "11107.00000", "2018-01-31": "11117.00000", "2017-10-31": "11090.00000", "2017-07-31": "10706.00000", "2017-04-30": "10916.00000", "2017-01-31": "11031.00000", "2016-10-31": "12097.00000", "2016-07-31": "12063.00000", "2016-04-30": "12596.00000", "2016-01-31": "11945.00000", "2015-10-31": "11887.00000", "2015-07-31": "11817.00000", "2015-04-30": "12585.00000", "2015-01-31": "12634.00000", "2014-10-31": "12623.00000", "2014-07-31": "12625.00000", "2014-04-30": "11391.00000", "2014-01-31": "11429.00000", "2013-10-31": "12665.00000", "2013-07-31": "12655.00000", "2013-04-30": "13691.00000", "2013-01-31": "14654.00000", "2012-10-31": "14526.00000", "2012-07-31": "15229.00000", "2012-04-30": "14967.00000", "2012-01-31": "13697.00000", "2011-10-31": "16156.00000", "2011-07-31": "16160.00000", "2011-04-30": "14416.00000", "2011-01-31": "15607.00000", "2010-10-31": "15680.00000", "2010-07-31": "15737.00000", "2010-04-30": "14794.00000", "2010-01-31": "15118.00000", "2009-10-31": "15895.00000", "2009-07-31": "17441.00000", "2009-04-30": "17514.00000", "2009-01-31": "17490.00000", "2008-10-31": "17444.00000", "2008-07-31": "17932.00000", "2008-04-30": "15130.00000", "2008-01-31": "15126.00000", "2007-10-31": "11239.00000", "2007-07-31": "10152.00000", "2007-04-30": "10151.00000", "2007-01-31": "8675.00000", "2006-10-31": "9123.00000", "2006-07-31": "9351.00000", "2006-04-30": "8596.00000", "2006-01-31": "9119.00000", "2005-10-31": "9143.00000", "2005-07-31": "8226.00000", "2005-04-30": "9005.00000", "2005-01-31": "9034.00000"}, "Other Non-Current Liabilities": {"2020-10-31": "2128.00000", "2020-07-31": "1980.00000", "2020-04-30": "1781.00000", "2020-01-31": "1724.00000", "2019-10-31": "1652.00000", "2019-07-31": "1808.00000", "2019-04-30": "1808.00000", "2019-01-31": "1780.00000", "2018-10-31": "1782.00000", "2018-07-31": "1827.00000", "2018-04-30": "1869.00000", "2018-01-31": "1866.00000", "2017-10-31": "1784.00000", "2017-07-31": "1676.00000", "2017-04-30": "1660.00000", "2017-01-31": "1879.00000", "2016-10-31": "1857.00000", "2016-07-31": "1872.00000", "2016-04-30": "1889.00000", "2016-01-31": "1897.00000", "2015-10-31": "1279.00000", "2015-07-31": "1353.00000", "2015-04-30": "1404.00000", "2015-01-31": "1452.00000", "2014-10-31": "1453.00000", "2014-07-31": "1495.00000", "2014-04-30": "1504.00000", "2014-01-31": "1471.00000", "2013-10-31": "1535.00000", "2013-07-31": "1540.00000", "2013-04-30": "1569.00000", "2013-01-31": "1609.00000", "2012-10-31": "1713.00000", "2012-07-31": "1697.00000", "2012-04-30": "1690.00000", "2012-01-31": "1634.00000", "2011-10-31": "1689.00000", "2011-07-31": "1644.00000", "2011-04-30": "1596.00000", "2011-01-31": "1607.00000", "2010-10-31": "1786.00000", "2010-07-31": "1810.00000", "2010-04-30": "1819.00000", "2010-01-31": "1906.00000", "2009-10-31": "1911.00000", "2009-07-31": "1886.00000", "2009-04-30": "1843.00000", "2009-01-31": "1937.00000", "2008-10-31": "1932.00000", "2008-07-31": "1858.00000", "2008-04-30": "1891.00000", "2008-01-31": "1875.00000", "2007-10-31": "1906.00000", "2007-07-31": "1930.00000", "2007-04-30": "1895.00000", "2007-01-31": "1347.00000", "2006-10-31": "1309.00000", "2006-07-31": "1271.00000", "2006-04-30": "1271.00000", "2006-01-31": "1232.00000", "2005-10-31": "1185.00000", "2005-07-31": "1161.00000", "2005-04-30": "1097.00000", "2005-01-31": "1037.00000"}, "Total Long Term Liabilities": {"2020-10-31": "17985.00000", "2020-07-31": "19530.00000", "2020-04-30": "19225.00000", "2020-01-31": "16459.00000", "2019-10-31": "15588.00000", "2019-07-31": "15366.00000", "2019-04-30": "16263.00000", "2019-01-31": "14979.00000", "2018-10-31": "14902.00000", "2018-07-31": "14791.00000", "2018-04-30": "15727.00000", "2018-01-31": "15600.00000", "2017-10-31": "15690.00000", "2017-07-31": "15036.00000", "2017-04-30": "15342.00000", "2017-01-31": "13771.00000", "2016-10-31": "14893.00000", "2016-07-31": "14708.00000", "2016-04-30": "15344.00000", "2016-01-31": "14683.00000", "2015-10-31": "14337.00000", "2015-07-31": "14638.00000", "2015-04-30": "15445.00000", "2015-01-31": "15439.00000", "2014-10-31": "16563.00000", "2014-07-31": "16686.00000", "2014-04-30": "15516.00000", "2014-01-31": "15545.00000", "2013-10-31": "15666.00000", "2013-07-31": "15526.00000", "2013-04-30": "16555.00000", "2013-01-31": "17574.00000", "2012-10-31": "17518.00000", "2012-07-31": "18099.00000", "2012-04-30": "17866.00000", "2012-01-31": "16522.00000", "2011-10-31": "19044.00000", "2011-07-31": "18773.00000", "2011-04-30": "16928.00000", "2011-01-31": "18148.00000", "2010-10-31": "18280.00000", "2010-07-31": "18287.00000", "2010-04-30": "17529.00000", "2010-01-31": "17859.00000", "2009-10-31": "18610.00000", "2009-07-31": "19821.00000", "2009-04-30": "19844.00000", "2009-01-31": "19882.00000", "2008-10-31": "19965.00000", "2008-07-31": "20324.00000", "2008-04-30": "17514.00000", "2008-01-31": "17471.00000", "2007-10-31": "13566.00000", "2007-07-31": "12490.00000", "2007-04-30": "12476.00000", "2007-01-31": "10599.00000", "2006-10-31": "11146.00000", "2006-07-31": "11390.00000", "2006-04-30": "10671.00000", "2006-01-31": "11202.00000", "2005-10-31": "11301.00000", "2005-07-31": "10360.00000", "2005-04-30": "11075.00000", "2005-01-31": "11044.00000"}, "Total Liabilities": {"2020-10-31": "37342.00000", "2020-07-31": "35422.00000", "2020-04-30": "33637.00000", "2020-01-31": "30946.00000", "2019-10-31": "32196.00000", "2019-07-31": "29730.00000", "2019-04-30": "29502.00000", "2019-01-31": "29993.00000", "2018-10-31": "32492.00000", "2018-07-31": "28829.00000", "2018-04-30": "27771.00000", "2018-01-31": "28652.00000", "2017-10-31": "30917.00000", "2017-07-31": "27612.00000", "2017-04-30": "27581.00000", "2017-01-31": "26478.00000", "2016-10-31": "27534.00000", "2016-07-31": "25711.00000", "2016-04-30": "27363.00000", "2016-01-31": "27305.00000", "2015-10-31": "28195.00000", "2015-07-31": "26251.00000", "2015-04-30": "26094.00000", "2015-01-31": "27175.00000", "2014-10-31": "30088.00000", "2014-07-31": "28022.00000", "2014-04-30": "27556.00000", "2014-01-31": "28322.00000", "2013-10-31": "30217.00000", "2013-07-31": "28142.00000", "2013-04-30": "27714.00000", "2013-01-31": "31605.00000", "2012-10-31": "33227.00000", "2012-07-31": "31428.00000", "2012-04-30": "30312.00000", "2012-01-31": "30809.00000", "2011-10-31": "33183.00000", "2011-07-31": "30393.00000", "2011-04-30": "27766.00000", "2011-01-31": "28218.00000", "2010-10-31": "30070.00000", "2010-07-31": "28387.00000", "2010-04-30": "27726.00000", "2010-01-31": "29186.00000", "2009-10-31": "31008.00000", "2009-07-31": "29631.00000", "2009-04-30": "30093.00000", "2009-01-31": "30394.00000", "2008-10-31": "33461.00000", "2008-07-31": "31683.00000", "2008-04-30": "28473.00000", "2008-01-31": "29253.00000", "2007-10-31": "27129.00000", "2007-07-31": "23512.00000", "2007-04-30": "22573.00000", "2007-01-31": "21716.00000", "2006-10-31": "23067.00000", "2006-07-31": "21050.00000", "2006-04-30": "20379.00000", "2006-01-31": "20790.00000", "2005-10-31": "20942.00000", "2005-07-31": "18397.00000", "2005-04-30": "18248.00000", "2005-01-31": "19264.00000"}, "Common Stock Net": {"2020-10-31": "42.00000", "2020-07-31": "42.00000", "2020-04-30": "42.00000", "2020-01-31": "42.00000", "2019-10-31": "42.00000", "2019-07-31": "43.00000", "2019-04-30": "43.00000", "2019-01-31": "43.00000", "2018-10-31": "43.00000", "2018-07-31": "44.00000", "2018-04-30": "44.00000", "2018-01-31": "45.00000", "2017-10-31": "45.00000", "2017-07-31": "46.00000", "2017-04-30": "46.00000", "2017-01-31": "46.00000", "2016-10-31": "47.00000", "2016-07-31": "48.00000", "2016-04-30": "49.00000", "2016-01-31": "50.00000", "2015-10-31": "52.00000", "2015-07-31": "53.00000", "2015-04-30": "53.00000", "2015-01-31": "53.00000", "2014-10-31": "53.00000", "2014-07-31": "53.00000", "2014-04-30": "53.00000", "2014-01-31": "53.00000", "2013-10-31": "53.00000", "2013-07-31": "53.00000", "2013-04-30": "53.00000", "2013-01-31": "54.00000", "2012-10-31": "55.00000", "2012-07-31": "54.00000", "2012-04-30": "55.00000", "2012-01-31": "56.00000", "2011-10-31": "56.00000", "2011-07-31": "56.00000", "2011-04-30": "57.00000", "2011-01-31": "59.00000", "2010-10-31": "59.00000", "2010-07-31": "60.00000", "2010-04-30": "62.00000", "2010-01-31": "62.00000", "2009-10-31": "63.00000", "2009-07-31": "63.00000", "2009-04-30": "63.00000", "2009-01-31": "63.00000", "2008-10-31": "63.00000", "2008-07-31": "63.00000", "2008-04-30": "66.00000", "2008-01-31": "68.00000", "2007-10-31": "70.00000", "2007-07-31": "71.00000", "2007-04-30": "71.00000", "2007-01-31": "72.00000", "2006-10-31": "72.00000", "2006-07-31": "71.00000", "2006-04-30": "72.00000", "2006-01-31": "73.00000", "2005-10-31": "", "2005-07-31": "", "2005-04-30": "", "2005-01-31": "74.00000"}, "Retained Earnings (Accumulated Deficit)": {"2020-10-31": "7789.00000", "2020-07-31": "7121.00000", "2020-04-30": "5775.00000", "2020-01-31": "6433.00000", "2019-10-31": "6270.00000", "2019-07-31": "6461.00000", "2019-04-30": "5958.00000", "2019-01-31": "6017.00000", "2018-10-31": "5884.00000", "2018-07-31": "6058.00000", "2018-04-30": "6187.00000", "2018-01-31": "6495.00000", "2017-10-31": "5895.00000", "2017-07-31": "5918.00000", "2017-04-30": "5885.00000", "2017-01-31": "5884.00000", "2016-10-31": "6031.00000", "2016-07-31": "6579.00000", "2016-04-30": "7593.00000", "2016-01-31": "8188.00000", "2015-10-31": "8359.00000", "2015-07-31": "9099.00000", "2015-04-30": "9441.00000", "2015-01-31": "9644.00000", "2014-10-31": "12631.00000", "2014-07-31": "12611.00000", "2014-04-30": "12743.00000", "2014-01-31": "12599.00000", "2013-10-31": "12353.00000", "2013-07-31": "12285.00000", "2013-04-30": "12873.00000", "2013-01-31": "13155.00000", "2012-10-31": "13069.00000", "2012-07-31": "12774.00000", "2012-04-30": "12854.00000", "2012-01-31": "12959.00000", "2011-10-31": "12340.00000", "2011-07-31": "12213.00000", "2011-04-30": "12398.00000", "2011-01-31": "12698.00000", "2010-10-31": "12254.00000", "2010-07-31": "12690.00000", "2010-04-30": "13098.00000", "2010-01-31": "12947.00000", "2009-10-31": "12559.00000", "2009-07-31": "12266.00000", "2009-04-30": "11821.00000", "2009-01-31": "11443.00000", "2008-10-31": "10967.00000", "2008-07-31": "10861.00000", "2008-04-30": "11789.00000", "2008-01-31": "12761.00000", "2007-10-31": "13630.00000", "2007-07-31": "13451.00000", "2007-04-30": "13386.00000", "2007-01-31": "13417.00000", "2006-10-31": "12423.00000", "2006-07-31": "12087.00000", "2006-04-30": "12131.00000", "2006-01-31": "12013.00000", "2005-10-31": "", "2005-07-31": "", "2005-04-30": "", "2005-01-31": "11148.00000"}, "Comprehensive Income": {"2020-10-31": "-797.00000", "2020-07-31": "-833.00000", "2020-04-30": "-854.00000", "2020-01-31": "-868.00000", "2019-10-31": "-773.00000", "2019-07-31": "-782.00000", "2019-04-30": "-792.00000", "2019-01-31": "-805.00000", "2018-10-31": "-714.00000", "2018-07-31": "-723.00000", "2018-04-30": "-737.00000", "2018-01-31": "-747.00000", "2017-10-31": "-610.00000", "2017-07-31": "-616.00000", "2017-04-30": "-626.00000", "2017-01-31": "-638.00000", "2016-10-31": "-607.00000", "2016-07-31": "-612.00000", "2016-04-30": "-617.00000", "2016-01-31": "-629.00000", "2015-10-31": "-469.00000", "2015-07-31": "-481.00000", "2015-04-30": "-490.00000", "2015-01-31": "-599.00000", "2014-10-31": "-923.00000", "2014-07-31": "-792.00000", "2014-04-30": "-822.00000", "2014-01-31": "-891.00000", "2013-10-31": "-653.00000", "2013-07-31": "-653.00000", "2013-04-30": "-565.00000", "2013-01-31": "-576.00000", "2012-10-31": "-626.00000", "2012-07-31": "-652.00000", "2012-04-30": "-641.00000", "2012-01-31": "-681.00000", "2011-10-31": "-563.00000", "2011-07-31": "-548.00000", "2011-04-30": "-570.00000", "2011-01-31": "-581.00000", "2010-10-31": "-562.00000", "2010-07-31": "-567.00000", "2010-04-30": "-573.00000", "2010-01-31": "-581.00000", "2009-10-31": "-517.00000", "2009-07-31": "-549.00000", "2009-04-30": "-553.00000", "2009-01-31": "-556.00000", "2008-10-31": "-175.00000", "2008-07-31": "-174.00000", "2008-04-30": "-176.00000", "2008-01-31": "-178.00000", "2007-10-31": "-176.00000", "2007-07-31": "-178.00000", "2007-04-30": "-183.00000", "2007-01-31": "-243.00000", "2006-10-31": "-2.00000", "2006-07-31": "-2.00000", "2006-04-30": "-2.00000", "2006-01-31": "-2.00000", "2005-10-31": "", "2005-07-31": "", "2005-04-30": "", "2005-01-31": "-3.00000"}, "Other Share Holders Equity": {"2020-10-31": "", "2020-07-31": "", "2020-04-30": "", "2020-01-31": "", "2019-10-31": "", "2019-07-31": "", "2019-04-30": "", "2019-01-31": "", "2018-10-31": "", "2018-07-31": "", "2018-04-30": "", "2018-01-31": "", "2017-10-31": "", "2017-07-31": "", "2017-04-30": "", "2017-01-31": "", "2016-10-31": "", "2016-07-31": "", "2016-04-30": "", "2016-01-31": "", "2015-10-31": "", "2015-07-31": "", "2015-04-30": "", "2015-01-31": "", "2014-10-31": "", "2014-07-31": "", "2014-04-30": "", "2014-01-31": "", "2013-10-31": "", "2013-07-31": "", "2013-04-30": "", "2013-01-31": "", "2012-10-31": "", "2012-07-31": "", "2012-04-30": "", "2012-01-31": "", "2011-10-31": "", "2011-07-31": "", "2011-04-30": "", "2011-01-31": "", "2010-10-31": "", "2010-07-31": "", "2010-04-30": "", "2010-01-31": "", "2009-10-31": "", "2009-07-31": "", "2009-04-30": "", "2009-01-31": "", "2008-10-31": "", "2008-07-31": "", "2008-04-30": "", "2008-01-31": "", "2007-10-31": "", "2007-07-31": "", "2007-04-30": "", "2007-01-31": "", "2006-10-31": "", "2006-07-31": "", "2006-04-30": "", "2006-01-31": "", "2005-10-31": "", "2005-07-31": "", "2005-04-30": "", "2005-01-31": ""}, "Share Holder Equity": {"2020-10-31": "13319.00000", "2020-07-31": "12578.00000", "2020-04-30": "11169.00000", "2020-01-31": "11833.00000", "2019-10-31": "11545.00000", "2019-07-31": "11836.00000", "2019-04-30": "11117.00000", "2019-01-31": "11297.00000", "2018-10-31": "11080.00000", "2018-07-31": "11167.00000", "2018-04-30": "11158.00000", "2018-01-31": "11651.00000", "2017-10-31": "11092.00000", "2017-07-31": "11055.00000", "2017-04-30": "10979.00000", "2017-01-31": "10953.00000", "2016-10-31": "11069.00000", "2016-07-31": "11577.00000", "2016-04-30": "12545.00000", "2016-01-31": "12957.00000", "2015-10-31": "13256.00000", "2015-07-31": "13942.00000", "2015-04-30": "14174.00000", "2015-01-31": "13997.00000", "2014-10-31": "16373.00000", "2014-07-31": "16433.00000", "2014-04-30": "16486.00000", "2014-01-31": "16231.00000", "2013-10-31": "16156.00000", "2013-07-31": "16020.00000", "2013-04-30": "16520.00000", "2013-01-31": "16558.00000", "2012-10-31": "16352.00000", "2012-07-31": "15897.00000", "2012-04-30": "15863.00000", "2012-01-31": "15821.00000", "2011-10-31": "15264.00000", "2011-07-31": "15106.00000", "2011-04-30": "15230.00000", "2011-01-31": "15487.00000", "2010-10-31": "14879.00000", "2010-07-31": "15268.00000", "2010-04-30": "15597.00000", "2010-01-31": "15347.00000", "2009-10-31": "14971.00000", "2009-07-31": "14602.00000", "2009-04-30": "14119.00000", "2009-01-31": "13712.00000", "2008-10-31": "13580.00000", "2008-07-31": "13457.00000", "2008-04-30": "14357.00000", "2008-01-31": "15307.00000", "2007-10-31": "16160.00000", "2007-07-31": "15954.00000", "2007-04-30": "15711.00000", "2007-01-31": "15633.00000", "2006-10-31": "14800.00000", "2006-07-31": "14373.00000", "2006-04-30": "14370.00000", "2006-01-31": "14205.00000", "2005-10-31": "13556.00000", "2005-07-31": "13522.00000", "2005-04-30": "13047.00000", "2005-01-31": "13029.00000"}, "Total Liabilities And Share Holders Equity": {"2020-10-31": "50661.00000", "2020-07-31": "48000.00000", "2020-04-30": "44806.00000", "2020-01-31": "42779.00000", "2019-10-31": "43741.00000", "2019-07-31": "41566.00000", "2019-04-30": "40619.00000", "2019-01-31": "41290.00000", "2018-10-31": "43572.00000", "2018-07-31": "39996.00000", "2018-04-30": "38929.00000", "2018-01-31": "40303.00000", "2017-10-31": "42009.00000", "2017-07-31": "38667.00000", "2017-04-30": "38560.00000", "2017-01-31": "37431.00000", "2016-10-31": "38603.00000", "2016-07-31": "37288.00000", "2016-04-30": "39908.00000", "2016-01-31": "40262.00000", "2015-10-31": "41451.00000", "2015-07-31": "40193.00000", "2015-04-30": "40268.00000", "2015-01-31": "41172.00000", "2014-10-31": "46461.00000", "2014-07-31": "44455.00000", "2014-04-30": "44042.00000", "2014-01-31": "44553.00000", "2013-10-31": "46373.00000", "2013-07-31": "44162.00000", "2013-04-30": "44234.00000", "2013-01-31": "48163.00000", "2012-10-31": "49579.00000", "2012-07-31": "47325.00000", "2012-04-30": "46175.00000", "2012-01-31": "46630.00000", "2011-10-31": "48447.00000", "2011-07-31": "45499.00000", "2011-04-30": "42996.00000", "2011-01-31": "43705.00000", "2010-10-31": "44949.00000", "2010-07-31": "43655.00000", "2010-04-30": "43323.00000", "2010-01-31": "44533.00000", "2009-10-31": "45979.00000", "2009-07-31": "44233.00000", "2009-04-30": "44212.00000", "2009-01-31": "44106.00000", "2008-10-31": "47041.00000", "2008-07-31": "45140.00000", "2008-04-30": "42830.00000", "2008-01-31": "44560.00000", "2007-10-31": "43289.00000", "2007-07-31": "39466.00000", "2007-04-30": "38284.00000", "2007-01-31": "37349.00000", "2006-10-31": "37867.00000", "2006-07-31": "35423.00000", "2006-04-30": "34749.00000", "2006-01-31": "34995.00000", "2005-10-31": "34498.00000", "2005-07-31": "31919.00000", "2005-04-30": "31295.00000", "2005-01-31": "32293.00000"}}, "cash flow statement": {"Net Income/Loss": {"2020-01-31": "3281.00000", "2019-01-31": "2937.00000", "2018-01-31": "2914.00000", "2017-01-31": "2734.00000", "2016-01-31": "3363.00000", "2015-01-31": "-1636.00000", "2014-01-31": "1971.00000", "2013-01-31": "2999.00000", "2012-01-31": "2929.00000", "2011-01-31": "2920.00000", "2010-01-31": "2488.00000", "2009-01-31": "2214.00000", "2008-01-31": "2849.00000", "2007-01-31": "2787.00000", "2006-01-31": "2408.00000", "2005-01-31": "3198.00000"}, "Total Depreciation And Amortization - Cash Flow": {"2020-01-31": "2604.00000", "2019-01-31": "2474.00000", "2018-01-31": "2476.00000", "2017-01-31": "2318.00000", "2016-01-31": "2213.00000", "2015-01-31": "2129.00000", "2014-01-31": "1996.00000", "2013-01-31": "2044.00000", "2012-01-31": "2131.00000", "2011-01-31": "2084.00000", "2010-01-31": "2023.00000", "2009-01-31": "1826.00000", "2008-01-31": "1659.00000", "2007-01-31": "1496.00000", "2006-01-31": "1409.00000", "2005-01-31": "1259.00000"}, "Other Non-Cash Items": {"2020-01-31": "370.00000", "2019-01-31": "545.00000", "2018-01-31": "323.00000", "2017-01-31": "603.00000", "2016-01-31": "-108.00000", "2015-01-31": "3796.00000", "2014-01-31": "29.00000", "2013-01-31": "301.00000", "2012-01-31": "637.00000", "2011-01-31": "937.00000", "2010-01-31": "1795.00000", "2009-01-31": "1730.00000", "2008-01-31": "564.00000", "2007-01-31": "296.00000", "2006-01-31": "457.00000", "2005-01-31": "-437.00000"}, "Total Non-Cash Items": {"2020-01-31": "2974.00000", "2019-01-31": "3019.00000", "2018-01-31": "2799.00000", "2017-01-31": "2921.00000", "2016-01-31": "2105.00000", "2015-01-31": "5925.00000", "2014-01-31": "2025.00000", "2013-01-31": "2345.00000", "2012-01-31": "2768.00000", "2011-01-31": "3021.00000", "2010-01-31": "3818.00000", "2009-01-31": "3556.00000", "2008-01-31": "2223.00000", "2007-01-31": "1792.00000", "2006-01-31": "1866.00000", "2005-01-31": "822.00000"}, "Change In Accounts Receivable": {"2020-01-31": "", "2019-01-31": "", "2018-01-31": "", "2017-01-31": "", "2016-01-31": "", "2015-01-31": "", "2014-01-31": "2860.00000", "2013-01-31": "-217.00000", "2012-01-31": "-187.00000", "2011-01-31": "-78.00000", "2010-01-31": "-57.00000", "2009-01-31": "-458.00000", "2008-01-31": "-602.00000", "2007-01-31": "-226.00000", "2006-01-31": "-244.00000", "2005-01-31": "-209.00000"}, "Change In Inventories": {"2020-01-31": "505.00000", "2019-01-31": "-900.00000", "2018-01-31": "-348.00000", "2017-01-31": "293.00000", "2016-01-31": "-316.00000", "2015-01-31": "-512.00000", "2014-01-31": "-504.00000", "2013-01-31": "160.00000", "2012-01-31": "-322.00000", "2011-01-31": "-417.00000", "2010-01-31": "-474.00000", "2009-01-31": "77.00000", "2008-01-31": "-525.00000", "2007-01-31": "-431.00000", "2006-01-31": "-454.00000", "2005-01-31": "-853.00000"}, "Change In Accounts Payable": {"2020-01-31": "140.00000", "2019-01-31": "1127.00000", "2018-01-31": "1307.00000", "2017-01-31": "-166.00000", "2016-01-31": "-362.00000", "2015-01-31": "803.00000", "2014-01-31": "247.00000", "2013-01-31": "193.00000", "2012-01-31": "232.00000", "2011-01-31": "115.00000", "2010-01-31": "174.00000", "2009-01-31": "-389.00000", "2008-01-31": "111.00000", "2007-01-31": "435.00000", "2006-01-31": "489.00000", "2005-01-31": "823.00000"}, "Change In Assets/Liabilities": {"2020-01-31": "18.00000", "2019-01-31": "-299.00000", "2018-01-31": "-156.00000", "2017-01-31": "56.00000", "2016-01-31": "221.00000", "2015-01-31": "-115.00000", "2014-01-31": "-79.00000", "2013-01-31": "-155.00000", "2012-01-31": "-204.00000", "2011-01-31": "-439.00000", "2010-01-31": "-325.00000", "2009-01-31": "-340.00000", "2008-01-31": "86.00000", "2007-01-31": "75.00000", "2006-01-31": "-50.00000", "2005-01-31": "-200.00000"}, "Total Change In Assets/Liabilities": {"2020-01-31": "862.00000", "2019-01-31": "17.00000", "2018-01-31": "1222.00000", "2017-01-31": "-211.00000", "2016-01-31": "490.00000", "2015-01-31": "176.00000", "2014-01-31": "2524.00000", "2013-01-31": "-19.00000", "2012-01-31": "-263.00000", "2011-01-31": "-670.00000", "2010-01-31": "-425.00000", "2009-01-31": "-1340.00000", "2008-01-31": "-868.00000", "2007-01-31": "283.00000", "2006-01-31": "162.00000", "2005-01-31": "-211.00000"}, "Cash Flow From Operating Activities": {"2020-01-31": "7117.00000", "2019-01-31": "5973.00000", "2018-01-31": "6935.00000", "2017-01-31": "5444.00000", "2016-01-31": "5958.00000", "2015-01-31": "4465.00000", "2014-01-31": "6520.00000", "2013-01-31": "5325.00000", "2012-01-31": "5434.00000", "2011-01-31": "5271.00000", "2010-01-31": "5881.00000", "2009-01-31": "4430.00000", "2008-01-31": "4125.00000", "2007-01-31": "4862.00000", "2006-01-31": "4451.00000", "2005-01-31": "3808.00000"}, "Net Change In Property, Plant, And Equipment": {"2020-01-31": "-2964.00000", "2019-01-31": "-3431.00000", "2018-01-31": "-2502.00000", "2017-01-31": "-1501.00000", "2016-01-31": "-1410.00000", "2015-01-31": "-1691.00000", "2014-01-31": "-1816.00000", "2013-01-31": "-2280.00000", "2012-01-31": "-4331.00000", "2011-01-31": "-2060.00000", "2010-01-31": "-1696.00000", "2009-01-31": "-3508.00000", "2008-01-31": "-4274.00000", "2007-01-31": "-3866.00000", "2006-01-31": "-3330.00000", "2005-01-31": "-3012.00000"}, "Net Change In Intangible Assets": {"2020-01-31": "", "2019-01-31": "", "2018-01-31": "", "2017-01-31": "", "2016-01-31": "", "2015-01-31": "", "2014-01-31": "", "2013-01-31": "", "2012-01-31": "", "2011-01-31": "", "2010-01-31": "", "2009-01-31": "", "2008-01-31": "", "2007-01-31": "", "2006-01-31": "", "2005-01-31": ""}, "Net Acquisitions/Divestitures": {"2020-01-31": "", "2019-01-31": "", "2018-01-31": "-518.00000", "2017-01-31": "", "2016-01-31": "1875.00000", "2015-01-31": "-20.00000", "2014-01-31": "-157.00000", "2013-01-31": "", "2012-01-31": "", "2011-01-31": "", "2010-01-31": "", "2009-01-31": "", "2008-01-31": "", "2007-01-31": "", "2006-01-31": "", "2005-01-31": "4881.00000"}, "Net Change In Short-term Investments": {"2020-01-31": "", "2019-01-31": "", "2018-01-31": "", "2017-01-31": "", "2016-01-31": "", "2015-01-31": "", "2014-01-31": "", "2013-01-31": "", "2012-01-31": "", "2011-01-31": "", "2010-01-31": "", "2009-01-31": "", "2008-01-31": "", "2007-01-31": "", "2006-01-31": "", "2005-01-31": ""}, "Net Change In Long-Term Investments": {"2020-01-31": "", "2019-01-31": "", "2018-01-31": "", "2017-01-31": "", "2016-01-31": "", "2015-01-31": "", "2014-01-31": "", "2013-01-31": "", "2012-01-31": "", "2011-01-31": "", "2010-01-31": "", "2009-01-31": "", "2008-01-31": "", "2007-01-31": "", "2006-01-31": "", "2005-01-31": ""}, "Net Change In Investments - Total": {"2020-01-31": "", "2019-01-31": "", "2018-01-31": "", "2017-01-31": "", "2016-01-31": "", "2015-01-31": "", "2014-01-31": "", "2013-01-31": "", "2012-01-31": "", "2011-01-31": "", "2010-01-31": "", "2009-01-31": "", "2008-01-31": "", "2007-01-31": "", "2006-01-31": "", "2005-01-31": ""}, "Investing Activities - Other": {"2020-01-31": "20.00000", "2019-01-31": "15.00000", "2018-01-31": "-55.00000", "2017-01-31": "28.00000", "2016-01-31": "43.00000", "2015-01-31": "-215.00000", "2014-01-31": "1702.00000", "2013-01-31": "-575.00000", "2012-01-31": "151.00000", "2011-01-31": "316.00000", "2010-01-31": "-7.00000", "2009-01-31": "-865.00000", "2008-01-31": "-1921.00000", "2007-01-31": "-827.00000", "2006-01-31": "-819.00000", "2005-01-31": "-690.00000"}, "Cash Flow From Investing Activities": {"2020-01-31": "-2944.00000", "2019-01-31": "-3416.00000", "2018-01-31": "-3075.00000", "2017-01-31": "-1473.00000", "2016-01-31": "508.00000", "2015-01-31": "-1926.00000", "2014-01-31": "-271.00000", "2013-01-31": "-2855.00000", "2012-01-31": "-4180.00000", "2011-01-31": "-1744.00000", "2010-01-31": "-1703.00000", "2009-01-31": "-4373.00000", "2008-01-31": "-6195.00000", "2007-01-31": "-4693.00000", "2006-01-31": "-4149.00000", "2005-01-31": "1179.00000"}, "Net Long-Term Debt": {"2020-01-31": "-330.00000", "2019-01-31": "-281.00000", "2018-01-31": "-1453.00000", "2017-01-31": "-672.00000", "2016-01-31": "-85.00000", "2015-01-31": "-86.00000", "2014-01-31": "-3463.00000", "2013-01-31": "442.00000", "2012-01-31": "-1131.00000", "2011-01-31": "-1248.00000", "2010-01-31": "-1970.00000", "2009-01-31": "2102.00000", "2008-01-31": "6291.00000", "2007-01-31": "101.00000", "2006-01-31": "386.00000", "2005-01-31": "-1477.00000"}, "Net Current Debt": {"2020-01-31": "", "2019-01-31": "", "2018-01-31": "", "2017-01-31": "", "2016-01-31": "", "2015-01-31": "-80.00000", "2014-01-31": "-890.00000", "2013-01-31": "-530.00000", "2012-01-31": "1500.00000", "2011-01-31": "", "2010-01-31": "", "2009-01-31": "-500.00000", "2008-01-31": "500.00000", "2007-01-31": "", "2006-01-31": "", "2005-01-31": ""}, "Debt Issuance/Retirement Net - Total": {"2020-01-31": "-330.00000", "2019-01-31": "-281.00000", "2018-01-31": "-1453.00000", "2017-01-31": "-672.00000", "2016-01-31": "-85.00000", "2015-01-31": "-166.00000", "2014-01-31": "-4353.00000", "2013-01-31": "-88.00000", "2012-01-31": "369.00000", "2011-01-31": "-1248.00000", "2010-01-31": "-1970.00000", "2009-01-31": "1602.00000", "2008-01-31": "6791.00000", "2007-01-31": "101.00000", "2006-01-31": "386.00000", "2005-01-31": "-1477.00000"}, "Net Common Equity Issued/Repurchased": {"2020-01-31": "-1492.00000", "2019-01-31": "-2028.00000", "2018-01-31": "-938.00000", "2017-01-31": "-3485.00000", "2016-01-31": "-3183.00000", "2015-01-31": "347.00000", "2014-01-31": "-1005.00000", "2013-01-31": "-1515.00000", "2012-01-31": "-1753.00000", "2011-01-31": "-2158.00000", "2010-01-31": "-376.00000", "2009-01-31": "-2772.00000", "2008-01-31": "-2477.00000", "2007-01-31": "-720.00000", "2006-01-31": "-966.00000", "2005-01-31": "-1075.00000"}, "Net Total Equity Issued/Repurchased": {"2020-01-31": "-1492.00000", "2019-01-31": "-2028.00000", "2018-01-31": "-938.00000", "2017-01-31": "-3485.00000", "2016-01-31": "-3183.00000", "2015-01-31": "347.00000", "2014-01-31": "-1005.00000", "2013-01-31": "-1515.00000", "2012-01-31": "-1753.00000", "2011-01-31": "-2158.00000", "2010-01-31": "-376.00000", "2009-01-31": "-2772.00000", "2008-01-31": "-2477.00000", "2007-01-31": "-720.00000", "2006-01-31": "-966.00000", "2005-01-31": "-1075.00000"}, "Total Common And Preferred Stock Dividends Paid": {"2020-01-31": "-1330.00000", "2019-01-31": "-1335.00000", "2018-01-31": "-1338.00000", "2017-01-31": "-1348.00000", "2016-01-31": "-1362.00000", "2015-01-31": "-1205.00000", "2014-01-31": "-1006.00000", "2013-01-31": "-869.00000", "2012-01-31": "-750.00000", "2011-01-31": "-609.00000", "2010-01-31": "-496.00000", "2009-01-31": "-465.00000", "2008-01-31": "-442.00000", "2007-01-31": "-380.00000", "2006-01-31": "-318.00000", "2005-01-31": "-272.00000"}, "Financial Activities - Other": {"2020-01-31": "", "2019-01-31": "", "2018-01-31": "", "2017-01-31": "", "2016-01-31": "", "2015-01-31": "", "2014-01-31": "", "2013-01-31": "-16.00000", "2012-01-31": "-6.00000", "2011-01-31": "", "2010-01-31": "", "2009-01-31": "-8.00000", "2008-01-31": "-165.00000", "2007-01-31": "-5.00000", "2006-01-31": "-1.00000", "2005-01-31": ""}, "Cash Flow From Financial Activities": {"2020-01-31": "-3152.00000", "2019-01-31": "-3644.00000", "2018-01-31": "-3729.00000", "2017-01-31": "-5505.00000", "2016-01-31": "-4630.00000", "2015-01-31": "-1024.00000", "2014-01-31": "-6364.00000", "2013-01-31": "-2488.00000", "2012-01-31": "-2140.00000", "2011-01-31": "-4015.00000", "2010-01-31": "-2842.00000", "2009-01-31": "-1643.00000", "2008-01-31": "3707.00000", "2007-01-31": "-1004.00000", "2006-01-31": "-899.00000", "2005-01-31": "-2824.00000"}, "Net Cash Flow": {"2020-01-31": "1021.00000", "2019-01-31": "-1087.00000", "2018-01-31": "131.00000", "2017-01-31": "-1534.00000", "2016-01-31": "1836.00000", "2015-01-31": "1515.00000", "2014-01-31": "-89.00000", "2013-01-31": "-10.00000", "2012-01-31": "-918.00000", "2011-01-31": "-488.00000", "2010-01-31": "1336.00000", "2009-01-31": "-1586.00000", "2008-01-31": "1637.00000", "2007-01-31": "-835.00000", "2006-01-31": "-597.00000", "2005-01-31": "1537.00000"}, "Stock-Based Compensation": {"2020-01-31": "147.00000", "2019-01-31": "132.00000", "2018-01-31": "112.00000", "2017-01-31": "113.00000", "2016-01-31": "115.00000", "2015-01-31": "71.00000", "2014-01-31": "106.00000", "2013-01-31": "102.00000", "2012-01-31": "90.00000", "2011-01-31": "109.00000", "2010-01-31": "103.00000", "2009-01-31": "72.00000", "2008-01-31": "73.00000", "2007-01-31": "99.00000", "2006-01-31": "93.00000", "2005-01-31": "60.00000"}, "Common Stock Dividends Paid": {"2020-01-31": "-1330.00000", "2019-01-31": "-1335.00000", "2018-01-31": "-1338.00000", "2017-01-31": "-1348.00000", "2016-01-31": "-1362.00000", "2015-01-31": "-1205.00000", "2014-01-31": "-1006.00000", "2013-01-31": "-869.00000", "2012-01-31": "-750.00000", "2011-01-31": "-609.00000", "2010-01-31": "-496.00000", "2009-01-31": "-465.00000", "2008-01-31": "-442.00000", "2007-01-31": "-380.00000", "2006-01-31": "-318.00000", "2005-01-31": "-272.00000"}}, "cash flow statement, quarterly": {"Net Income/Loss": {"2020-10-31": 1014, "2020-07-31": 1690, "2020-04-30": "284.00000", "2020-01-31": 834, "2019-10-31": 714, "2019-07-31": 938, "2019-04-30": "795.00000", "2019-01-31": 798, "2018-10-31": 622, "2018-07-31": 799, "2018-04-30": "718.00000", "2018-01-31": 1087, "2017-10-31": 478, "2017-07-31": 671, "2017-04-30": "678.00000", "2017-01-31": 814, "2016-10-31": 608, "2016-07-31": 680, "2016-04-30": "632.00000", "2016-01-31": 1426, "2015-10-31": 549, "2015-07-31": 753, "2015-04-30": "635.00000", "2015-01-31": -2640, "2014-10-31": 351, "2014-07-31": 235, "2014-04-30": "418.00000", "2014-01-31": 520, "2013-10-31": 341, "2013-07-31": 612, "2013-04-30": "498.00000", "2013-01-31": 961, "2012-10-31": 637, "2012-07-31": 704, "2012-04-30": "697.00000", "2012-01-31": 981, "2011-10-31": 555, "2011-07-31": 704, "2011-04-30": "689.00000", "2011-01-31": 1035, "2010-10-31": 535, "2010-07-31": 679, "2010-04-30": "671.00000", "2010-01-31": 936, "2009-10-31": 436, "2009-07-31": 594, "2009-04-30": "522.00000", "2009-01-31": 609, "2008-10-31": 368, "2008-07-31": 635, "2008-04-30": "602.00000", "2008-01-31": 1028, "2007-10-31": 484, "2007-07-31": 686, "2007-04-30": "651.00000", "2007-01-31": 1119, "2006-10-31": 506, "2006-07-31": 608, "2006-04-30": "554.00000", "2006-01-31": 939, "2005-10-31": 435, "2005-07-31": 540, "2005-04-30": "494.00000", "2005-01-31": 3198}, "Total Depreciation And Amortization - Cash Flow": {"2020-10-31": 603, "2020-07-31": 604, "2020-04-30": "641.00000", "2020-01-31": 699, "2019-10-31": 638, "2019-07-31": 623, "2019-04-30": "644.00000", "2019-01-31": 648, "2018-10-31": 592, "2018-07-31": 603, "2018-04-30": "631.00000", "2018-01-31": 667, "2017-10-31": 643, "2017-07-31": 585, "2017-04-30": "581.00000", "2017-01-31": 632, "2016-10-31": 570, "2016-07-31": 570, "2016-04-30": "546.00000", "2016-01-31": 562, "2015-10-31": 561, "2015-07-31": 550, "2015-04-30": "540.00000", "2015-01-31": 545, "2014-10-31": 535, "2014-07-31": 538, "2014-04-30": "511.00000", "2014-01-31": 348, "2013-10-31": 569, "2013-07-31": 543, "2013-04-30": "536.00000", "2013-01-31": 441, "2012-10-31": 543, "2012-07-31": 531, "2012-04-30": "529.00000", "2012-01-31": 563, "2011-10-31": 546, "2011-07-31": 510, "2011-04-30": "512.00000", "2011-01-31": 539, "2010-10-31": 533, "2010-07-31": 496, "2010-04-30": "516.00000", "2010-01-31": 536, "2009-10-31": 537, "2009-07-31": 478, "2009-04-30": "472.00000", "2009-01-31": 474, "2008-10-31": 468, "2008-07-31": 449, "2008-04-30": "435.00000", "2008-01-31": 434, "2007-10-31": 429, "2007-07-31": 404, "2007-04-30": "392.00000", "2007-01-31": 402, "2006-10-31": 390, "2006-07-31": 370, "2006-04-30": "334.00000", "2006-01-31": 369, "2005-10-31": 354, "2005-07-31": 346, "2005-04-30": "340.00000", "2005-01-31": 1259}, "Other Non-Cash Items": {"2020-10-31": 645, "2020-07-31": 128, "2020-04-30": "50.00000", "2020-01-31": 6, "2019-10-31": 133, "2019-07-31": 119, "2019-04-30": "112.00000", "2019-01-31": 90, "2018-10-31": 156, "2018-07-31": 168, "2018-04-30": "131.00000", "2018-01-31": -191, "2017-10-31": 414, "2017-07-31": 56, "2017-04-30": "44.00000", "2017-01-31": -20, "2016-10-31": 220, "2016-07-31": 148, "2016-04-30": "255.00000", "2016-01-31": -885, "2015-10-31": -117, "2015-07-31": 19, "2015-04-30": "875.00000", "2015-01-31": 3760, "2014-10-31": -45, "2014-07-31": 253, "2014-04-30": "-172.00000", "2014-01-31": -150, "2013-10-31": 167, "2013-07-31": -54, "2013-04-30": "66.00000", "2013-01-31": 184, "2012-10-31": 67, "2012-07-31": -36, "2012-04-30": "86.00000", "2012-01-31": 36, "2011-10-31": 346, "2011-07-31": 103, "2011-04-30": "152.00000", "2011-01-31": 278, "2010-10-31": 163, "2010-07-31": 284, "2010-04-30": "212.00000", "2010-01-31": 243, "2009-10-31": 738, "2009-07-31": 397, "2009-04-30": "417.00000", "2009-01-31": 770, "2008-10-31": 342, "2008-07-31": 371, "2008-04-30": "247.00000", "2008-01-31": 150, "2007-10-31": 159, "2007-07-31": 145, "2007-04-30": "110.00000", "2007-01-31": 30, "2006-10-31": 92, "2006-07-31": 109, "2006-04-30": "65.00000", "2006-01-31": 4, "2005-10-31": 169, "2005-07-31": 129, "2005-04-30": "155.00000", "2005-01-31": -437}, "Total Non-Cash Items": {"2020-10-31": 1248, "2020-07-31": 732, "2020-04-30": "691.00000", "2020-01-31": 705, "2019-10-31": 771, "2019-07-31": 742, "2019-04-30": "756.00000", "2019-01-31": 738, "2018-10-31": 748, "2018-07-31": 771, "2018-04-30": "762.00000", "2018-01-31": 476, "2017-10-31": 1057, "2017-07-31": 641, "2017-04-30": "625.00000", "2017-01-31": 612, "2016-10-31": 790, "2016-07-31": 718, "2016-04-30": "801.00000", "2016-01-31": -323, "2015-10-31": 444, "2015-07-31": 569, "2015-04-30": "1415.00000", "2015-01-31": 4305, "2014-10-31": 490, "2014-07-31": 791, "2014-04-30": "339.00000", "2014-01-31": 198, "2013-10-31": 736, "2013-07-31": 489, "2013-04-30": "602.00000", "2013-01-31": 625, "2012-10-31": 610, "2012-07-31": 495, "2012-04-30": "615.00000", "2012-01-31": 599, "2011-10-31": 892, "2011-07-31": 613, "2011-04-30": "664.00000", "2011-01-31": 817, "2010-10-31": 696, "2010-07-31": 780, "2010-04-30": "728.00000", "2010-01-31": 779, "2009-10-31": 1275, "2009-07-31": 875, "2009-04-30": "889.00000", "2009-01-31": 1244, "2008-10-31": 810, "2008-07-31": 820, "2008-04-30": "682.00000", "2008-01-31": 584, "2007-10-31": 588, "2007-07-31": 549, "2007-04-30": "502.00000", "2007-01-31": 432, "2006-10-31": 482, "2006-07-31": 479, "2006-04-30": "399.00000", "2006-01-31": 373, "2005-10-31": 523, "2005-07-31": 475, "2005-04-30": "495.00000", "2005-01-31": 822}, "Change In Accounts Receivable": {"2020-10-31": 0, "2020-07-31": 0, "2020-04-30": "", "2020-01-31": 0, "2019-10-31": 0, "2019-07-31": 0, "2019-04-30": "", "2019-01-31": 0, "2018-10-31": 0, "2018-07-31": 0, "2018-04-30": "", "2018-01-31": 0, "2017-10-31": 0, "2017-07-31": 0, "2017-04-30": "", "2017-01-31": 0, "2016-10-31": 0, "2016-07-31": 0, "2016-04-30": "", "2016-01-31": 0, "2015-10-31": 0, "2015-07-31": 0, "2015-04-30": "", "2015-01-31": 0, "2014-10-31": 0, "2014-07-31": 736, "2014-04-30": "-736.00000", "2014-01-31": 0, "2013-10-31": 0, "2013-07-31": -14, "2013-04-30": "2874.00000", "2013-01-31": -314, "2012-10-31": -19, "2012-07-31": -26, "2012-04-30": "142.00000", "2012-01-31": -307, "2011-10-31": -23, "2011-07-31": -6, "2011-04-30": "149.00000", "2011-01-31": -319, "2010-10-31": 0, "2010-07-31": 40, "2010-04-30": "201.00000", "2010-01-31": -247, "2009-10-31": 36, "2009-07-31": -6, "2009-04-30": "160.00000", "2009-01-31": -145, "2008-10-31": -163, "2008-07-31": -171, "2008-04-30": "21.00000", "2008-01-31": -342, "2007-10-31": -196, "2007-07-31": -112, "2007-04-30": "48.00000", "2007-01-31": -182, "2006-10-31": -61, "2006-07-31": -82, "2006-04-30": "99.00000", "2006-01-31": -218, "2005-10-31": -43, "2005-07-31": -73, "2005-04-30": "90.00000", "2005-01-31": -209}, "Change In Inventories": {"2020-10-31": -3836, "2020-07-31": -292, "2020-04-30": "408.00000", "2020-01-31": 2404, "2019-10-31": -2274, "2019-07-31": -63, "2019-04-30": "438.00000", "2019-01-31": 2896, "2018-10-31": -3281, "2018-07-31": -460, "2018-04-30": "-55.00000", "2018-01-31": 1929, "2017-10-31": -2329, "2017-07-31": -271, "2017-04-30": "323.00000", "2017-01-31": 1748, "2016-10-31": -1426, "2016-07-31": -171, "2016-04-30": "142.00000", "2016-01-31": 1780, "2015-10-31": -2114, "2015-07-31": -162, "2015-04-30": "180.00000", "2015-01-31": 1674, "2014-10-31": -2056, "2014-07-31": -502, "2014-04-30": "372.00000", "2014-01-31": 1957, "2013-10-31": -1934, "2013-07-31": -352, "2013-04-30": "-175.00000", "2013-01-31": 1775, "2012-10-31": -1800, "2012-07-31": -63, "2012-04-30": "248.00000", "2012-01-31": 1972, "2011-10-31": -1964, "2011-07-31": -231, "2011-04-30": "-99.00000", "2011-01-31": 1954, "2010-10-31": -1822, "2010-07-31": -479, "2010-04-30": "-70.00000", "2010-01-31": 2203, "2009-10-31": -1854, "2009-07-31": -535, "2009-04-30": "-288.00000", "2009-01-31": 2347, "2008-10-31": -1737, "2008-07-31": -477, "2008-04-30": "-56.00000", "2008-01-31": 1967, "2007-10-31": -2101, "2007-07-31": -258, "2007-04-30": "-133.00000", "2007-01-31": 1530, "2006-10-31": -1524, "2006-07-31": -245, "2006-04-30": "-192.00000", "2006-01-31": 1650, "2005-10-31": -1860, "2005-07-31": -221, "2005-04-30": "-23.00000", "2005-01-31": -853}, "Change In Accounts Payable": {"2020-10-31": 3492, "2020-07-31": 1075, "2020-04-30": "-280.00000", "2020-01-31": -1333, "2019-10-31": 2204, "2019-07-31": 671, "2019-04-30": "-1402.00000", "2019-01-31": -2171, "2018-10-31": 2956, "2018-07-31": 946, "2018-04-30": "-604.00000", "2018-01-31": -1428, "2017-10-31": 2403, "2017-07-31": 1047, "2017-04-30": "-715.00000", "2017-01-31": -998, "2016-10-31": 1439, "2016-07-31": 417, "2016-04-30": "-1024.00000", "2016-01-31": -1837, "2015-10-31": 2158, "2015-07-31": 74, "2015-04-30": "-757.00000", "2015-01-31": -717, "2014-10-31": 1838, "2014-07-31": -318, "2014-04-30": "", "2014-01-31": -1497, "2013-10-31": 1727, "2013-07-31": 392, "2013-04-30": "-375.00000", "2013-01-31": -1000, "2012-10-31": 1545, "2012-07-31": 214, "2012-04-30": "-566.00000", "2012-01-31": -1196, "2011-10-31": 1547, "2011-07-31": 211, "2011-04-30": "-330.00000", "2011-01-31": -1135, "2010-10-31": 1533, "2010-07-31": 78, "2010-04-30": "-361.00000", "2010-01-31": -1129, "2009-10-31": 1406, "2009-07-31": 230, "2009-04-30": "-333.00000", "2009-01-31": -1258, "2008-10-31": 984, "2008-07-31": 647, "2008-04-30": "-762.00000", "2008-01-31": -1166, "2007-10-31": 1752, "2007-07-31": 223, "2007-04-30": "-698.00000", "2007-01-31": -383, "2006-10-31": 1218, "2006-07-31": 161, "2006-04-30": "-561.00000", "2006-01-31": -698, "2005-10-31": 1494, "2005-07-31": 362, "2005-04-30": "-669.00000", "2005-01-31": 823}, "Change In Assets/Liabilities": {"2020-10-31": -160, "2020-07-31": -25, "2020-04-30": "11.00000", "2020-01-31": 28, "2019-10-31": -74, "2019-07-31": 47, "2019-04-30": "17.00000", "2019-01-31": -159, "2018-10-31": -141, "2018-07-31": -25, "2018-04-30": "26.00000", "2018-01-31": -68, "2017-10-31": -159, "2017-07-31": 49, "2017-04-30": "22.00000", "2017-01-31": 70, "2016-10-31": -145, "2016-07-31": 32, "2016-04-30": "99.00000", "2016-01-31": 126, "2015-10-31": -61, "2015-07-31": 18, "2015-04-30": "138.00000", "2015-01-31": -207, "2014-10-31": -87, "2014-07-31": 52, "2014-04-30": "127.00000", "2014-01-31": 126, "2013-10-31": -166, "2013-07-31": 9, "2013-04-30": "-48.00000", "2013-01-31": -179, "2012-10-31": -137, "2012-07-31": 18, "2012-04-30": "143.00000", "2012-01-31": -168, "2011-10-31": -137, "2011-07-31": 19, "2011-04-30": "82.00000", "2011-01-31": -223, "2010-10-31": -24, "2010-07-31": -118, "2010-04-30": "-74.00000", "2010-01-31": -93, "2009-10-31": -145, "2009-07-31": -23, "2009-04-30": "-64.00000", "2009-01-31": -27, "2008-10-31": -145, "2008-07-31": -249, "2008-04-30": "81.00000", "2008-01-31": 188, "2007-10-31": -8, "2007-07-31": -218, "2007-04-30": "124.00000", "2007-01-31": 138, "2006-10-31": -116, "2006-07-31": -46, "2006-04-30": "99.00000", "2006-01-31": 31, "2005-10-31": -264, "2005-07-31": 34, "2005-04-30": "149.00000", "2005-01-31": -200}, "Total Change In Assets/Liabilities": {"2020-10-31": -334, "2020-07-31": 1410, "2020-04-30": "309.00000", "2020-01-31": 1419, "2019-10-31": -138, "2019-07-31": 809, "2019-04-30": "-1228.00000", "2019-01-31": 813, "2018-10-31": -470, "2018-07-31": 640, "2018-04-30": "-966.00000", "2018-01-31": 877, "2017-10-31": 34, "2017-07-31": 309, "2017-04-30": "2.00000", "2017-01-31": 1137, "2016-10-31": -5, "2016-07-31": -157, "2016-04-30": "-1186.00000", "2016-01-31": 1016, "2015-10-31": -17, "2015-07-31": -70, "2015-04-30": "-439.00000", "2015-01-31": 750, "2014-10-31": -305, "2014-07-31": -32, "2014-04-30": "-237.00000", "2014-01-31": 1049, "2013-10-31": -433, "2013-07-31": -222, "2013-04-30": "2130.00000", "2013-01-31": 391, "2012-10-31": -370, "2012-07-31": -35, "2012-04-30": "-5.00000", "2012-01-31": 879, "2011-10-31": -808, "2011-07-31": -33, "2011-04-30": "-301.00000", "2011-01-31": 567, "2010-10-31": -207, "2010-07-31": -789, "2010-04-30": "-241.00000", "2010-01-31": 991, "2009-10-31": -587, "2009-07-31": -417, "2009-04-30": "-412.00000", "2009-01-31": 957, "2008-10-31": -1152, "2008-07-31": -441, "2008-04-30": "-704.00000", "2008-01-31": 1006, "2007-10-31": -689, "2007-07-31": -494, "2007-04-30": "-691.00000", "2007-01-31": 1599, "2006-10-31": -434, "2006-07-31": -456, "2006-04-30": "-426.00000", "2006-01-31": 1304, "2005-10-31": -578, "2005-07-31": -181, "2005-04-30": "-383.00000", "2005-01-31": -211}, "Cash Flow From Operating Activities": {"2020-10-31": 1928, "2020-07-31": 3832, "2020-04-30": "1284.00000", "2020-01-31": 2958, "2019-10-31": 1347, "2019-07-31": 2489, "2019-04-30": "323.00000", "2019-01-31": 2349, "2018-10-31": 900, "2018-07-31": 2210, "2018-04-30": "514.00000", "2018-01-31": 2440, "2017-10-31": 1569, "2017-07-31": 1621, "2017-04-30": "1305.00000", "2017-01-31": 2563, "2016-10-31": 1393, "2016-07-31": 1241, "2016-04-30": "247.00000", "2016-01-31": 2119, "2015-10-31": 976, "2015-07-31": 1252, "2015-04-30": "1611.00000", "2015-01-31": 2415, "2014-10-31": 536, "2014-07-31": 994, "2014-04-30": "520.00000", "2014-01-31": 1767, "2013-10-31": 644, "2013-07-31": 879, "2013-04-30": "3230.00000", "2013-01-31": 1977, "2012-10-31": 877, "2012-07-31": 1164, "2012-04-30": "1307.00000", "2012-01-31": 2459, "2011-10-31": 639, "2011-07-31": 1284, "2011-04-30": "1052.00000", "2011-01-31": 2419, "2010-10-31": 1024, "2010-07-31": 670, "2010-04-30": "1158.00000", "2010-01-31": 2854, "2009-10-31": 976, "2009-07-31": 1052, "2009-04-30": "999.00000", "2009-01-31": 2650, "2008-10-31": 26, "2008-07-31": 1014, "2008-04-30": "740.00000", "2008-01-31": 2539, "2007-10-31": 383, "2007-07-31": 741, "2007-04-30": "462.00000", "2007-01-31": 3150, "2006-10-31": 543, "2006-07-31": 642, "2006-04-30": "527.00000", "2006-01-31": 2631, "2005-10-31": 362, "2005-07-31": 858, "2005-04-30": "600.00000", "2005-01-31": 3808}, "Net Change In Property, Plant, And Equipment": {"2020-10-31": -578, "2020-07-31": -659, "2020-04-30": "-745.00000", "2020-01-31": -590, "2019-10-31": -990, "2019-07-31": -734, "2019-04-30": "-650.00000", "2019-01-31": -597, "2018-10-31": -993, "2018-07-31": -1018, "2018-04-30": "-823.00000", "2018-01-31": -480, "2017-10-31": -841, "2017-07-31": -708, "2017-04-30": "-473.00000", "2017-01-31": -340, "2016-10-31": -491, "2016-07-31": -388, "2016-04-30": "-282.00000", "2016-01-31": -302, "2015-10-31": -411, "2015-07-31": -351, "2015-04-30": "-346.00000", "2015-01-31": -413, "2014-10-31": -441, "2014-07-31": -371, "2014-04-30": "-466.00000", "2014-01-31": 950, "2013-10-31": -897, "2013-07-31": -987, "2013-04-30": "-882.00000", "2013-01-31": 23, "2012-10-31": -718, "2012-07-31": -757, "2012-04-30": "-828.00000", "2012-01-31": -588, "2011-10-31": -1366, "2011-07-31": -1746, "2011-04-30": "-631.00000", "2011-01-31": -489, "2010-10-31": -612, "2010-07-31": -564, "2010-04-30": "-395.00000", "2010-01-31": -281, "2009-10-31": -397, "2009-07-31": -484, "2009-04-30": "-534.00000", "2009-01-31": -707, "2008-10-31": -862, "2008-07-31": -991, "2008-04-30": "-948.00000", "2008-01-31": -909, "2007-10-31": -1018, "2007-07-31": -1168, "2007-04-30": "-1179.00000", "2007-01-31": -882, "2006-10-31": -1100, "2006-07-31": -1005, "2006-04-30": "-879.00000", "2006-01-31": -695, "2005-10-31": -874, "2005-07-31": -1048, "2005-04-30": "-713.00000", "2005-01-31": -3012}, "Net Change In Intangible Assets": {"2020-10-31": 0, "2020-07-31": 0, "2020-04-30": "", "2020-01-31": 0, "2019-10-31": 0, "2019-07-31": 0, "2019-04-30": "", "2019-01-31": 0, "2018-10-31": 0, "2018-07-31": 0, "2018-04-30": "", "2018-01-31": 0, "2017-10-31": 0, "2017-07-31": 0, "2017-04-30": "", "2017-01-31": 0, "2016-10-31": 0, "2016-07-31": 0, "2016-04-30": "", "2016-01-31": 0, "2015-10-31": 0, "2015-07-31": 0, "2015-04-30": "", "2015-01-31": 0, "2014-10-31": 0, "2014-07-31": 0, "2014-04-30": "", "2014-01-31": 0, "2013-10-31": 0, "2013-07-31": 0, "2013-04-30": "", "2013-01-31": 0, "2012-10-31": 0, "2012-07-31": 0, "2012-04-30": "", "2012-01-31": 0, "2011-10-31": 0, "2011-07-31": 0, "2011-04-30": "", "2011-01-31": 0, "2010-10-31": 0, "2010-07-31": 0, "2010-04-30": "", "2010-01-31": 0, "2009-10-31": 0, "2009-07-31": 0, "2009-04-30": "", "2009-01-31": 0, "2008-10-31": 0, "2008-07-31": 0, "2008-04-30": "", "2008-01-31": 0, "2007-10-31": 0, "2007-07-31": 0, "2007-04-30": "", "2007-01-31": 0, "2006-10-31": 0, "2006-07-31": 0, "2006-04-30": "", "2006-01-31": 0, "2005-10-31": 0, "2005-07-31": 0, "2005-04-30": "", "2005-01-31": 0}, "Net Acquisitions/Divestitures": {"2020-10-31": 0, "2020-07-31": 0, "2020-04-30": "", "2020-01-31": 0, "2019-10-31": 0, "2019-07-31": 0, "2019-04-30": "", "2019-01-31": 0, "2018-10-31": 0, "2018-07-31": 0, "2018-04-30": "", "2018-01-31": -518, "2017-10-31": 0, "2017-07-31": 0, "2017-04-30": "", "2017-01-31": 0, "2016-10-31": 0, "2016-07-31": 0, "2016-04-30": "", "2016-01-31": 1867, "2015-10-31": 0, "2015-07-31": 8, "2015-04-30": "", "2015-01-31": -2, "2014-10-31": 2, "2014-07-31": 70, "2014-04-30": "-90.00000", "2014-01-31": 0, "2013-10-31": -99, "2013-07-31": 0, "2013-04-30": "-58.00000", "2013-01-31": 0, "2012-10-31": 0, "2012-07-31": 0, "2012-04-30": "", "2012-01-31": 0, "2011-10-31": 0, "2011-07-31": 0, "2011-04-30": "", "2011-01-31": 0, "2010-10-31": 0, "2010-07-31": 0, "2010-04-30": "", "2010-01-31": 0, "2009-10-31": 0, "2009-07-31": 0, "2009-04-30": "", "2009-01-31": 0, "2008-10-31": 0, "2008-07-31": 0, "2008-04-30": "", "2008-01-31": 0, "2007-10-31": 0, "2007-07-31": 0, "2007-04-30": "", "2007-01-31": 0, "2006-10-31": 0, "2006-07-31": 0, "2006-04-30": "", "2006-01-31": 0, "2005-10-31": 0, "2005-07-31": 0, "2005-04-30": "", "2005-01-31": 4881}, "Net Change In Short-term Investments": {"2020-10-31": 0, "2020-07-31": 0, "2020-04-30": "", "2020-01-31": 0, "2019-10-31": 0, "2019-07-31": 0, "2019-04-30": "", "2019-01-31": 0, "2018-10-31": 0, "2018-07-31": 0, "2018-04-30": "", "2018-01-31": 0, "2017-10-31": 0, "2017-07-31": 0, "2017-04-30": "", "2017-01-31": 0, "2016-10-31": 0, "2016-07-31": 0, "2016-04-30": "", "2016-01-31": 0, "2015-10-31": 0, "2015-07-31": 0, "2015-04-30": "", "2015-01-31": 0, "2014-10-31": 0, "2014-07-31": 0, "2014-04-30": "", "2014-01-31": 0, "2013-10-31": 0, "2013-07-31": 0, "2013-04-30": "", "2013-01-31": 0, "2012-10-31": 0, "2012-07-31": 0, "2012-04-30": "", "2012-01-31": 0, "2011-10-31": 0, "2011-07-31": 0, "2011-04-30": "", "2011-01-31": 0, "2010-10-31": 0, "2010-07-31": 0, "2010-04-30": "", "2010-01-31": 0, "2009-10-31": 0, "2009-07-31": 0, "2009-04-30": "", "2009-01-31": 0, "2008-10-31": 0, "2008-07-31": 0, "2008-04-30": "", "2008-01-31": 0, "2007-10-31": 0, "2007-07-31": 0, "2007-04-30": "", "2007-01-31": 0, "2006-10-31": 0, "2006-07-31": 0, "2006-04-30": "", "2006-01-31": 0, "2005-10-31": 0, "2005-07-31": 0, "2005-04-30": "", "2005-01-31": 0}, "Net Change In Long-Term Investments": {"2020-10-31": 0, "2020-07-31": 0, "2020-04-30": "", "2020-01-31": 0, "2019-10-31": 0, "2019-07-31": 0, "2019-04-30": "", "2019-01-31": 0, "2018-10-31": 0, "2018-07-31": 0, "2018-04-30": "", "2018-01-31": 0, "2017-10-31": 0, "2017-07-31": 0, "2017-04-30": "", "2017-01-31": 0, "2016-10-31": 0, "2016-07-31": 0, "2016-04-30": "", "2016-01-31": 0, "2015-10-31": 0, "2015-07-31": 0, "2015-04-30": "", "2015-01-31": 0, "2014-10-31": 0, "2014-07-31": 0, "2014-04-30": "", "2014-01-31": 0, "2013-10-31": 0, "2013-07-31": 0, "2013-04-30": "", "2013-01-31": 0, "2012-10-31": 0, "2012-07-31": 0, "2012-04-30": "", "2012-01-31": 0, "2011-10-31": 0, "2011-07-31": 0, "2011-04-30": "", "2011-01-31": 0, "2010-10-31": 0, "2010-07-31": 0, "2010-04-30": "", "2010-01-31": 0, "2009-10-31": 0, "2009-07-31": 0, "2009-04-30": "", "2009-01-31": 0, "2008-10-31": 0, "2008-07-31": 0, "2008-04-30": "", "2008-01-31": 0, "2007-10-31": 0, "2007-07-31": 0, "2007-04-30": "", "2007-01-31": 0, "2006-10-31": 0, "2006-07-31": 0, "2006-04-30": "", "2006-01-31": 0, "2005-10-31": 0, "2005-07-31": 0, "2005-04-30": "", "2005-01-31": 0}, "Net Change In Investments - Total": {"2020-10-31": 0, "2020-07-31": 0, "2020-04-30": "", "2020-01-31": 0, "2019-10-31": 0, "2019-07-31": 0, "2019-04-30": "", "2019-01-31": 0, "2018-10-31": 0, "2018-07-31": 0, "2018-04-30": "", "2018-01-31": 0, "2017-10-31": 0, "2017-07-31": 0, "2017-04-30": "", "2017-01-31": 0, "2016-10-31": 0, "2016-07-31": 0, "2016-04-30": "", "2016-01-31": 0, "2015-10-31": 0, "2015-07-31": 0, "2015-04-30": "", "2015-01-31": 0, "2014-10-31": 0, "2014-07-31": 0, "2014-04-30": "", "2014-01-31": 0, "2013-10-31": 0, "2013-07-31": 0, "2013-04-30": "", "2013-01-31": 0, "2012-10-31": 0, "2012-07-31": 0, "2012-04-30": "", "2012-01-31": 0, "2011-10-31": 0, "2011-07-31": 0, "2011-04-30": "", "2011-01-31": 0, "2010-10-31": 0, "2010-07-31": 0, "2010-04-30": "", "2010-01-31": 0, "2009-10-31": 0, "2009-07-31": 0, "2009-04-30": "", "2009-01-31": 0, "2008-10-31": 0, "2008-07-31": 0, "2008-04-30": "", "2008-01-31": 0, "2007-10-31": 0, "2007-07-31": 0, "2007-04-30": "", "2007-01-31": 0, "2006-10-31": 0, "2006-07-31": 0, "2006-04-30": "", "2006-01-31": 0, "2005-10-31": 0, "2005-07-31": 0, "2005-04-30": "", "2005-01-31": 0}, "Investing Activities - Other": {"2020-10-31": -5, "2020-07-31": 1, "2020-04-30": "1.00000", "2020-01-31": 6, "2019-10-31": 14, "2019-07-31": -1, "2019-04-30": "1.00000", "2019-01-31": 0, "2018-10-31": 12, "2018-07-31": -2, "2018-04-30": "5.00000", "2018-01-31": 7, "2017-10-31": 18, "2017-07-31": -71, "2017-04-30": "-9.00000", "2017-01-31": 5, "2016-10-31": 22, "2016-07-31": -2, "2016-04-30": "3.00000", "2016-01-31": 12, "2015-10-31": -26, "2015-07-31": 17, "2015-04-30": "40.00000", "2015-01-31": -95, "2014-10-31": 5, "2014-07-31": -143, "2014-04-30": "18.00000", "2014-01-31": -1532, "2013-10-31": 38, "2013-07-31": 3, "2013-04-30": "3193.00000", "2013-01-31": -853, "2012-10-31": 120, "2012-07-31": -11, "2012-04-30": "169.00000", "2012-01-31": 12, "2011-10-31": -103, "2011-07-31": -19, "2011-04-30": "261.00000", "2011-01-31": 61, "2010-10-31": 21, "2010-07-31": 14, "2010-04-30": "220.00000", "2010-01-31": 12, "2009-10-31": -65, "2009-07-31": -116, "2009-04-30": "162.00000", "2009-01-31": -303, "2008-10-31": -296, "2008-07-31": -248, "2008-04-30": "-18.00000", "2008-01-31": -754, "2007-10-31": -777, "2007-07-31": -438, "2007-04-30": "48.00000", "2007-01-31": -505, "2006-10-31": -138, "2006-07-31": -284, "2006-04-30": "100.00000", "2006-01-31": -450, "2005-10-31": -192, "2005-07-31": -193, "2005-04-30": "16.00000", "2005-01-31": -690}, "Cash Flow From Investing Activities": {"2020-10-31": -583, "2020-07-31": -658, "2020-04-30": "-744.00000", "2020-01-31": -584, "2019-10-31": -976, "2019-07-31": -735, "2019-04-30": "-649.00000", "2019-01-31": -597, "2018-10-31": -981, "2018-07-31": -1020, "2018-04-30": "-818.00000", "2018-01-31": -991, "2017-10-31": -823, "2017-07-31": -779, "2017-04-30": "-482.00000", "2017-01-31": -335, "2016-10-31": -469, "2016-07-31": -390, "2016-04-30": "-279.00000", "2016-01-31": 1577, "2015-10-31": -437, "2015-07-31": -326, "2015-04-30": "-306.00000", "2015-01-31": -510, "2014-10-31": -434, "2014-07-31": -444, "2014-04-30": "-538.00000", "2014-01-31": -582, "2013-10-31": -958, "2013-07-31": -984, "2013-04-30": "2253.00000", "2013-01-31": -830, "2012-10-31": -598, "2012-07-31": -768, "2012-04-30": "-659.00000", "2012-01-31": -576, "2011-10-31": -1469, "2011-07-31": -1765, "2011-04-30": "-370.00000", "2011-01-31": -428, "2010-10-31": -591, "2010-07-31": -550, "2010-04-30": "-175.00000", "2010-01-31": -269, "2009-10-31": -462, "2009-07-31": -600, "2009-04-30": "-372.00000", "2009-01-31": -1010, "2008-10-31": -1158, "2008-07-31": -1239, "2008-04-30": "-966.00000", "2008-01-31": -1663, "2007-10-31": -1795, "2007-07-31": -1606, "2007-04-30": "-1131.00000", "2007-01-31": -1387, "2006-10-31": -1238, "2006-07-31": -1289, "2006-04-30": "-779.00000", "2006-01-31": -1145, "2005-10-31": -1066, "2005-07-31": -1241, "2005-04-30": "-697.00000", "2005-01-31": 1179}, "Net Long-Term Debt": {"2020-10-31": -2269, "2020-07-31": -109, "2020-04-30": "2463.00000", "2020-01-31": -283, "2019-10-31": -15, "2019-07-31": -1013, "2019-04-30": "981.00000", "2019-01-31": -13, "2018-10-31": -13, "2018-07-31": -243, "2018-04-30": "-12.00000", "2018-01-31": -1099, "2017-10-31": 263, "2017-07-31": -607, "2017-04-30": "-10.00000", "2017-01-31": -24, "2016-10-31": -16, "2016-07-31": -1748, "2016-04-30": "1116.00000", "2016-01-31": -13, "2015-10-31": -18, "2015-07-31": -40, "2015-04-30": "-14.00000", "2015-01-31": -17, "2014-10-31": -23, "2014-07-31": -15, "2014-04-30": "-31.00000", "2014-01-31": -10, "2013-10-31": -29, "2013-07-31": -508, "2013-04-30": "-2916.00000", "2013-01-31": -505, "2012-10-31": -13, "2012-07-31": 1465, "2012-04-30": "-505.00000", "2012-01-31": -1859, "2011-10-31": -34, "2011-07-31": 762, "2011-04-30": "", "2011-01-31": -795, "2010-10-31": -111, "2010-07-31": 828, "2010-04-30": "-1170.00000", "2010-01-31": -715, "2009-10-31": -501, "2009-07-31": -753, "2009-04-30": "-1.00000", "2009-01-31": -201, "2008-10-31": -751, "2008-07-31": 3555, "2008-04-30": "-501.00000", "2008-01-31": 3895, "2007-10-31": 1749, "2007-07-31": -752, "2007-04-30": "1399.00000", "2007-01-31": -397, "2006-10-31": 498, "2006-07-31": 0, "2006-04-30": "", "2006-01-31": 900, "2005-10-31": -1, "2005-07-31": -2, "2005-04-30": "-511.00000", "2005-01-31": -1477}, "Net Current Debt": {"2020-10-31": 0, "2020-07-31": 0, "2020-04-30": "", "2020-01-31": 0, "2019-10-31": 0, "2019-07-31": 0, "2019-04-30": "", "2019-01-31": -490, "2018-10-31": 490, "2018-07-31": 0, "2018-04-30": "", "2018-01-31": 0, "2017-10-31": 0, "2017-07-31": 0, "2017-04-30": "", "2017-01-31": -89, "2016-10-31": 89, "2016-07-31": 0, "2016-04-30": "", "2016-01-31": 0, "2015-10-31": 0, "2015-07-31": 0, "2015-04-30": "", "2015-01-31": -385, "2014-10-31": 196, "2014-07-31": -197, "2014-04-30": "306.00000", "2014-01-31": -997, "2013-10-31": 270, "2013-07-31": 807, "2013-04-30": "-970.00000", "2013-01-31": -530, "2012-10-31": 0, "2012-07-31": -450, "2012-04-30": "450.00000", "2012-01-31": 289, "2011-10-31": 1211, "2011-07-31": 0, "2011-04-30": "", "2011-01-31": 0, "2010-10-31": 0, "2010-07-31": 0, "2010-04-30": "", "2010-01-31": 0, "2009-10-31": 0, "2009-07-31": 0, "2009-04-30": "", "2009-01-31": -1382, "2008-10-31": 1382, "2008-07-31": -902, "2008-04-30": "402.00000", "2008-01-31": -1078, "2007-10-31": -8, "2007-07-31": 1586, "2007-04-30": "", "2007-01-31": -955, "2006-10-31": 207, "2006-07-31": 748, "2006-04-30": "", "2006-01-31": -924, "2005-10-31": 924, "2005-07-31": 0, "2005-04-30": "", "2005-01-31": 0}, "Debt Issuance/Retirement Net - Total": {"2020-10-31": -2269, "2020-07-31": -109, "2020-04-30": "2463.00000", "2020-01-31": -283, "2019-10-31": -15, "2019-07-31": -1013, "2019-04-30": "981.00000", "2019-01-31": -503, "2018-10-31": 477, "2018-07-31": -243, "2018-04-30": "-12.00000", "2018-01-31": -1099, "2017-10-31": 263, "2017-07-31": -607, "2017-04-30": "-10.00000", "2017-01-31": -113, "2016-10-31": 73, "2016-07-31": -1748, "2016-04-30": "1116.00000", "2016-01-31": -13, "2015-10-31": -18, "2015-07-31": -40, "2015-04-30": "-14.00000", "2015-01-31": -402, "2014-10-31": 173, "2014-07-31": -212, "2014-04-30": "275.00000", "2014-01-31": -1007, "2013-10-31": 241, "2013-07-31": 299, "2013-04-30": "-3886.00000", "2013-01-31": -1035, "2012-10-31": -13, "2012-07-31": 1015, "2012-04-30": "-55.00000", "2012-01-31": -1570, "2011-10-31": 1177, "2011-07-31": 762, "2011-04-30": "", "2011-01-31": -795, "2010-10-31": -111, "2010-07-31": 828, "2010-04-30": "-1170.00000", "2010-01-31": -715, "2009-10-31": -501, "2009-07-31": -753, "2009-04-30": "-1.00000", "2009-01-31": -1583, "2008-10-31": 631, "2008-07-31": 2653, "2008-04-30": "-99.00000", "2008-01-31": 2817, "2007-10-31": 1741, "2007-07-31": 834, "2007-04-30": "1399.00000", "2007-01-31": -1352, "2006-10-31": 705, "2006-07-31": 748, "2006-04-30": "", "2006-01-31": -24, "2005-10-31": 923, "2005-07-31": -2, "2005-04-30": "-511.00000", "2005-01-31": -1477}, "Net Common Equity Issued/Repurchased": {"2020-10-31": -24, "2020-07-31": -17, "2020-04-30": "-682.00000", "2020-01-31": -148, "2019-10-31": -706, "2019-07-31": 70, "2019-04-30": "-708.00000", "2019-01-31": -184, "2018-10-31": -415, "2018-07-31": -496, "2018-04-30": "-933.00000", "2018-01-31": -95, "2017-10-31": -237, "2017-07-31": -293, "2017-04-30": "-313.00000", "2017-01-31": -497, "2016-10-31": -901, "2016-07-31": -1329, "2016-04-30": "-758.00000", "2016-01-31": -1269, "2015-10-31": -934, "2015-07-31": -580, "2015-04-30": "-400.00000", "2015-01-31": 259, "2014-10-31": 33, "2014-07-31": 29, "2014-04-30": "26.00000", "2014-01-31": 61, "2013-10-31": 32, "2013-07-31": -767, "2013-04-30": "-331.00000", "2013-01-31": -564, "2012-10-31": -4, "2012-07-31": -437, "2012-04-30": "-510.00000", "2012-01-31": -126, "2011-10-31": -168, "2011-07-31": -663, "2011-04-30": "-796.00000", "2011-01-31": -236, "2010-10-31": -753, "2010-07-31": -860, "2010-04-30": "-309.00000", "2010-01-31": -407, "2009-10-31": 22, "2009-07-31": 7, "2009-04-30": "2.00000", "2009-01-31": 9, "2008-10-31": 13, "2008-07-31": -1404, "2008-04-30": "-1390.00000", "2008-01-31": -1610, "2007-10-31": -122, "2007-07-31": -281, "2007-04-30": "-464.00000", "2007-01-31": 55, "2006-10-31": 67, "2006-07-31": -522, "2006-04-30": "-320.00000", "2006-01-31": -229, "2005-10-31": -324, "2005-07-31": 1, "2005-04-30": "-414.00000", "2005-01-31": -1075}, "Net Total Equity Issued/Repurchased": {"2020-10-31": -24, "2020-07-31": -17, "2020-04-30": "-682.00000", "2020-01-31": -148, "2019-10-31": -706, "2019-07-31": 70, "2019-04-30": "-708.00000", "2019-01-31": -184, "2018-10-31": -415, "2018-07-31": -496, "2018-04-30": "-933.00000", "2018-01-31": -95, "2017-10-31": -237, "2017-07-31": -293, "2017-04-30": "-313.00000", "2017-01-31": -497, "2016-10-31": -901, "2016-07-31": -1329, "2016-04-30": "-758.00000", "2016-01-31": -1269, "2015-10-31": -934, "2015-07-31": -580, "2015-04-30": "-400.00000", "2015-01-31": 259, "2014-10-31": 33, "2014-07-31": 29, "2014-04-30": "26.00000", "2014-01-31": 61, "2013-10-31": 32, "2013-07-31": -767, "2013-04-30": "-331.00000", "2013-01-31": -564, "2012-10-31": -4, "2012-07-31": -437, "2012-04-30": "-510.00000", "2012-01-31": -126, "2011-10-31": -168, "2011-07-31": -663, "2011-04-30": "-796.00000", "2011-01-31": -236, "2010-10-31": -753, "2010-07-31": -860, "2010-04-30": "-309.00000", "2010-01-31": -407, "2009-10-31": 22, "2009-07-31": 7, "2009-04-30": "2.00000", "2009-01-31": 9, "2008-10-31": 13, "2008-07-31": -1404, "2008-04-30": "-1390.00000", "2008-01-31": -1610, "2007-10-31": -122, "2007-07-31": -281, "2007-04-30": "-464.00000", "2007-01-31": 55, "2006-10-31": 67, "2006-07-31": -522, "2006-04-30": "-320.00000", "2006-01-31": -229, "2005-10-31": -324, "2005-07-31": 1, "2005-04-30": "-414.00000", "2005-01-31": -1075}, "Total Common And Preferred Stock Dividends Paid": {"2020-10-31": -340, "2020-07-31": -330, "2020-04-30": "-332.00000", "2020-01-31": -335, "2019-10-31": -337, "2019-07-31": -328, "2019-04-30": "-330.00000", "2019-01-31": -334, "2018-10-31": -336, "2018-07-31": -331, "2018-04-30": "-334.00000", "2018-01-31": -337, "2017-10-31": -338, "2017-07-31": -331, "2017-04-30": "-332.00000", "2017-01-31": -337, "2016-10-31": -345, "2016-07-31": -330, "2016-04-30": "-336.00000", "2016-01-31": -345, "2015-10-31": -352, "2015-07-31": -332, "2015-04-30": "-333.00000", "2015-01-31": -331, "2014-10-31": -329, "2014-07-31": -273, "2014-04-30": "-272.00000", "2014-01-31": -272, "2013-10-31": -271, "2013-07-31": -231, "2013-04-30": "-232.00000", "2013-01-31": -234, "2012-10-31": -236, "2012-07-31": -198, "2012-04-30": "-201.00000", "2012-01-31": -201, "2011-10-31": -203, "2011-07-31": -172, "2011-04-30": "-174.00000", "2011-01-31": -177, "2010-10-31": -180, "2010-07-31": -126, "2010-04-30": "-126.00000", "2010-01-31": -127, "2009-10-31": -128, "2009-07-31": -120, "2009-04-30": "-121.00000", "2009-01-31": -120, "2008-10-31": -121, "2008-07-31": -109, "2008-04-30": "-115.00000", "2008-01-31": -118, "2007-10-31": -119, "2007-07-31": -102, "2007-04-30": "-103.00000", "2007-01-31": -103, "2006-10-31": -103, "2006-07-31": -87, "2006-04-30": "-87.00000", "2006-01-31": -88, "2005-10-31": -88, "2005-07-31": -71, "2005-04-30": "-71.00000", "2005-01-31": -272}, "Financial Activities - Other": {"2020-10-31": 0, "2020-07-31": 0, "2020-04-30": "", "2020-01-31": 0, "2019-10-31": 0, "2019-07-31": 0, "2019-04-30": "", "2019-01-31": 0, "2018-10-31": 0, "2018-07-31": 0, "2018-04-30": "", "2018-01-31": 0, "2017-10-31": 0, "2017-07-31": 0, "2017-04-30": "", "2017-01-31": 0, "2016-10-31": 0, "2016-07-31": 0, "2016-04-30": "", "2016-01-31": 0, "2015-10-31": 0, "2015-07-31": 0, "2015-04-30": "", "2015-01-31": 0, "2014-10-31": 0, "2014-07-31": 0, "2014-04-30": "", "2014-01-31": 0, "2013-10-31": 0, "2013-07-31": 0, "2013-04-30": "", "2013-01-31": 0, "2012-10-31": 0, "2012-07-31": -14, "2012-04-30": "-2.00000", "2012-01-31": -7, "2011-10-31": -19, "2011-07-31": 20, "2011-04-30": "", "2011-01-31": -7, "2010-10-31": 7, "2010-07-31": 0, "2010-04-30": "", "2010-01-31": 0, "2009-10-31": 0, "2009-07-31": 0, "2009-04-30": "", "2009-01-31": 0, "2008-10-31": 0, "2008-07-31": -8, "2008-04-30": "", "2008-01-31": -142, "2007-10-31": -16, "2007-07-31": 0, "2007-04-30": "-7.00000", "2007-01-31": -1, "2006-10-31": 0, "2006-07-31": -4, "2006-04-30": "", "2006-01-31": 0, "2005-10-31": 0, "2005-07-31": -1, "2005-04-30": "", "2005-01-31": 0}, "Cash Flow From Financial Activities": {"2020-10-31": -2633, "2020-07-31": -456, "2020-04-30": "1449.00000", "2020-01-31": -766, "2019-10-31": -1058, "2019-07-31": -1271, "2019-04-30": "-57.00000", "2019-01-31": -1021, "2018-10-31": -274, "2018-07-31": -1070, "2018-04-30": "-1279.00000", "2018-01-31": -1531, "2017-10-31": -312, "2017-07-31": -1231, "2017-04-30": "-655.00000", "2017-01-31": -947, "2016-10-31": -1173, "2016-07-31": -3407, "2016-04-30": "22.00000", "2016-01-31": -1627, "2015-10-31": -1304, "2015-07-31": -952, "2015-04-30": "-747.00000", "2015-01-31": -474, "2014-10-31": -123, "2014-07-31": -456, "2014-04-30": "29.00000", "2014-01-31": -1218, "2013-10-31": 2, "2013-07-31": -699, "2013-04-30": "-4449.00000", "2013-01-31": -1833, "2012-10-31": -253, "2012-07-31": 366, "2012-04-30": "-768.00000", "2012-01-31": -1904, "2011-10-31": 787, "2011-07-31": -53, "2011-04-30": "-970.00000", "2011-01-31": -1215, "2010-10-31": -1037, "2010-07-31": -158, "2010-04-30": "-1605.00000", "2010-01-31": -1249, "2009-10-31": -607, "2009-07-31": -866, "2009-04-30": "-120.00000", "2009-01-31": -1694, "2008-10-31": 523, "2008-07-31": 1132, "2008-04-30": "-1604.00000", "2008-01-31": 947, "2007-10-31": 1484, "2007-07-31": 451, "2007-04-30": "825.00000", "2007-01-31": -1401, "2006-10-31": 669, "2006-07-31": 135, "2006-04-30": "-407.00000", "2006-01-31": -341, "2005-10-31": 511, "2005-07-31": -73, "2005-04-30": "-996.00000", "2005-01-31": -2824}, "Net Cash Flow": {"2020-10-31": -1288, "2020-07-31": 2718, "2020-04-30": "1989.00000", "2020-01-31": 1608, "2019-10-31": -687, "2019-07-31": 483, "2019-04-30": "-383.00000", "2019-01-31": 731, "2018-10-31": -355, "2018-07-31": 120, "2018-04-30": "-1583.00000", "2018-01-31": -82, "2017-10-31": 434, "2017-07-31": -389, "2017-04-30": "168.00000", "2017-01-31": 1281, "2016-10-31": -249, "2016-07-31": -2556, "2016-04-30": "-10.00000", "2016-01-31": 2069, "2015-10-31": -765, "2015-07-31": -26, "2015-04-30": "558.00000", "2015-01-31": 1430, "2014-10-31": -23, "2014-07-31": 88, "2014-04-30": "20.00000", "2014-01-31": -11, "2013-10-31": -312, "2013-07-31": -801, "2013-04-30": "1035.00000", "2013-01-31": -685, "2012-10-31": 27, "2012-07-31": 767, "2012-04-30": "-119.00000", "2012-01-31": -27, "2011-10-31": -69, "2011-07-31": -534, "2011-04-30": "-288.00000", "2011-01-31": 776, "2010-10-31": -604, "2010-07-31": -38, "2010-04-30": "-622.00000", "2010-01-31": 1336, "2009-10-31": -93, "2009-07-31": -414, "2009-04-30": "507.00000", "2009-01-31": -54, "2008-10-31": -609, "2008-07-31": 907, "2008-04-30": "-1830.00000", "2008-01-31": 1823, "2007-10-31": 72, "2007-07-31": -414, "2007-04-30": "156.00000", "2007-01-31": 362, "2006-10-31": -26, "2006-07-31": -512, "2006-04-30": "-659.00000", "2006-01-31": 1145, "2005-10-31": -193, "2005-07-31": -456, "2005-04-30": "-1093.00000", "2005-01-31": 1537}, "Stock-Based Compensation": {"2020-10-31": 57, "2020-07-31": 55, "2020-04-30": "49.00000", "2020-01-31": 31, "2019-10-31": 30, "2019-07-31": 40, "2019-04-30": "46.00000", "2019-01-31": 26, "2018-10-31": 35, "2018-07-31": 29, "2018-04-30": "42.00000", "2018-01-31": 31, "2017-10-31": 38, "2017-07-31": 27, "2017-04-30": "16.00000", "2017-01-31": 28, "2016-10-31": 18, "2016-07-31": 32, "2016-04-30": "35.00000", "2016-01-31": 31, "2015-10-31": 30, "2015-07-31": 28, "2015-04-30": "26.00000", "2015-01-31": 10, "2014-10-31": 21, "2014-07-31": 20, "2014-04-30": "20.00000", "2014-01-31": 25, "2013-10-31": 26, "2013-07-31": 26, "2013-04-30": "29.00000", "2013-01-31": 28, "2012-10-31": 26, "2012-07-31": 23, "2012-04-30": "25.00000", "2012-01-31": 29, "2011-10-31": 17, "2011-07-31": 23, "2011-04-30": "21.00000", "2011-01-31": 32, "2010-10-31": 25, "2010-07-31": 27, "2010-04-30": "25.00000", "2010-01-31": 31, "2009-10-31": 24, "2009-07-31": 24, "2009-04-30": "24.00000", "2009-01-31": 29, "2008-10-31": 6, "2008-07-31": 21, "2008-04-30": "16.00000", "2008-01-31": 14, "2007-10-31": 17, "2007-07-31": 24, "2007-04-30": "18.00000", "2007-01-31": 35, "2006-10-31": 26, "2006-07-31": 18, "2006-04-30": "20.00000", "2006-01-31": 25, "2005-10-31": 11, "2005-07-31": 27, "2005-04-30": "30.00000", "2005-01-31": 60}, "Common Stock Dividends Paid": {"2020-10-31": -340, "2020-07-31": -330, "2020-04-30": "-332.00000", "2020-01-31": -335, "2019-10-31": -337, "2019-07-31": -328, "2019-04-30": "-330.00000", "2019-01-31": -334, "2018-10-31": -336, "2018-07-31": -331, "2018-04-30": "-334.00000", "2018-01-31": -337, "2017-10-31": -338, "2017-07-31": -331, "2017-04-30": "-332.00000", "2017-01-31": -337, "2016-10-31": -345, "2016-07-31": -330, "2016-04-30": "-336.00000", "2016-01-31": -345, "2015-10-31": -352, "2015-07-31": -332, "2015-04-30": "-333.00000", "2015-01-31": -331, "2014-10-31": -329, "2014-07-31": -273, "2014-04-30": "-272.00000", "2014-01-31": -272, "2013-10-31": -271, "2013-07-31": -231, "2013-04-30": "-232.00000", "2013-01-31": -234, "2012-10-31": -236, "2012-07-31": -198, "2012-04-30": "-201.00000", "2012-01-31": -201, "2011-10-31": -203, "2011-07-31": -172, "2011-04-30": "-174.00000", "2011-01-31": -177, "2010-10-31": -180, "2010-07-31": -126, "2010-04-30": "-126.00000", "2010-01-31": -127, "2009-10-31": -128, "2009-07-31": -120, "2009-04-30": "-121.00000", "2009-01-31": -120, "2008-10-31": -121, "2008-07-31": -109, "2008-04-30": "-115.00000", "2008-01-31": -118, "2007-10-31": -119, "2007-07-31": -102, "2007-04-30": "-103.00000", "2007-01-31": -103, "2006-10-31": -103, "2006-07-31": -87, "2006-04-30": "-87.00000", "2006-01-31": -88, "2005-10-31": -88, "2005-07-31": -71, "2005-04-30": "-71.00000", "2005-01-31": -272}}, "financial ratios": {"Current Ratio": {"2020-01-31": "0.89060", "2019-01-31": "0.83380", "2018-01-31": "0.96080", "2017-01-31": "0.94360", "2016-01-31": "1.11950", "2015-01-31": "1.16090", "2014-01-31": "0.90580", "2013-01-31": "1.16800", "2012-01-31": "1.15130", "2011-01-31": "1.70930", "2010-01-31": "1.62660", "2009-01-31": "1.66360", "2008-01-31": "1.60470", "2007-01-31": "1.32280", "2006-01-31": "1.50240", "2005-01-31": "1.69370"}, "Long-term Debt / Capital": {"2020-01-31": "0.48930", "2019-01-31": "0.47500", "2018-01-31": "0.48830", "2017-01-31": "0.50180", "2016-01-31": "0.47970", "2015-01-31": "0.47440", "2014-01-31": "0.41320", "2013-01-31": "0.46950", "2012-01-31": "0.46400", "2011-01-31": "0.50190", "2010-01-31": "0.49620", "2009-01-31": "0.56050", "2008-01-31": "0.49700", "2007-01-31": "0.35690", "2006-01-31": "0.39100", "2005-01-31": "0.40950"}, "Debt/Equity Ratio": {"2020-01-31": "0.97180", "2019-01-31": "0.99810", "2018-01-31": "0.97830", "2017-01-31": "1.16400", "2016-01-31": "0.98480", "2015-01-31": "0.90910", "2014-01-31": "0.77460", "2013-01-31": "1.06580", "2012-01-31": "1.10510", "2011-01-31": "1.01540", "2010-01-31": "1.09560", "2009-01-31": "1.36760", "2008-01-31": "1.11650", "2007-01-31": "0.64200", "2006-01-31": "0.69500", "2005-01-31": "0.73210"}, "Gross Margin": {"2020-01-31": "29.76240", "2019-01-31": "29.27040", "2018-01-31": "29.69030", "2017-01-31": "30.06360", "2016-01-31": "29.19840", "2015-01-31": "29.38670", "2014-01-31": "29.79840", "2013-01-31": "30.37610", "2012-01-31": "30.85810", "2011-01-31": "30.87250", "2010-01-31": "30.25540", "2009-01-31": "29.53440", "2008-01-31": "30.93250", "2007-01-31": "30.95810", "2006-01-31": "32.14940", "2005-01-31": "31.29230"}, "Operating Margin": {"2020-01-31": "5.96320", "2019-01-31": "5.45410", "2018-01-31": "5.80910", "2017-01-31": "6.92180", "2016-01-31": "7.49470", "2015-01-31": "6.24500", "2014-01-31": "7.25320", "2013-01-31": "7.61110", "2012-01-31": "7.61750", "2011-01-31": "7.79340", "2010-01-31": "7.15000", "2009-01-31": "6.77770", "2008-01-31": "8.31980", "2007-01-31": "8.52080", "2006-01-31": "8.21550", "2005-01-31": "7.68800"}, "EBIT Margin": {"2020-01-31": "5.96320", "2019-01-31": "5.45410", "2018-01-31": "5.80910", "2017-01-31": "6.92180", "2016-01-31": "7.49470", "2015-01-31": "6.24500", "2014-01-31": "7.25320", "2013-01-31": "7.61110", "2012-01-31": "7.61750", "2011-01-31": "7.79340", "2010-01-31": "7.15000", "2009-01-31": "6.77770", "2008-01-31": "8.31980", "2007-01-31": "8.52080", "2006-01-31": "8.21550", "2005-01-31": "7.68800"}, "EBITDA Margin": {"2020-01-31": "9.29690", "2019-01-31": "8.73720", "2018-01-31": "9.21420", "2017-01-31": "10.22040", "2016-01-31": "10.49400", "2015-01-31": "9.17680", "2014-01-31": "10.05350", "2013-01-31": "10.39960", "2012-01-31": "10.66770", "2011-01-31": "10.88590", "2010-01-31": "10.24530", "2009-01-31": "9.58920", "2008-01-31": "10.93790", "2007-01-31": "11.03550", "2006-01-31": "10.89320", "2005-01-31": "10.37600"}, "Pre-Tax Profit Margin": {"2020-01-31": "5.36410", "2019-01-31": "4.87820", "2018-01-31": "4.99220", "2017-01-31": "5.63670", "2016-01-31": "6.67210", "2015-01-31": "5.03040", "2014-01-31": "5.78150", "2013-01-31": "6.89760", "2012-01-31": "6.37800", "2011-01-31": "6.67010", "2010-01-31": "5.92440", "2009-01-31": "5.44440", "2008-01-31": "7.29880", "2007-01-31": "7.55930", "2006-01-31": "7.33560", "2005-01-31": "6.47110"}, "Net Profit Margin": {"2020-01-31": "4.20040", "2019-01-31": "3.89750", "2018-01-31": "4.00750", "2017-01-31": "3.89070", "2016-01-31": "4.55780", "2015-01-31": "-2.25290", "2014-01-31": "2.76520", "2013-01-31": "4.09130", "2012-01-31": "4.19240", "2011-01-31": "4.33300", "2010-01-31": "3.80680", "2009-01-31": "3.40890", "2008-01-31": "4.49600", "2007-01-31": "4.68480", "2006-01-31": "4.57620", "2005-01-31": "6.82760"}, "Asset Turnover": {"2020-01-31": "1.82590", "2019-01-31": "1.82500", "2018-01-31": "1.80420", "2017-01-31": "1.87730", "2016-01-31": "1.83260", "2015-01-31": "1.76380", "2014-01-31": "1.59990", "2013-01-31": "1.52190", "2012-01-31": "1.49830", "2011-01-31": "1.54190", "2010-01-31": "1.46760", "2009-01-31": "1.47250", "2008-01-31": "1.42210", "2007-01-31": "1.59280", "2006-01-31": "1.50360", "2005-01-31": "1.45040"}, "Inventory Turnover Ratio": {"2020-01-31": "6.10140", "2019-01-31": "5.61220", "2018-01-31": "5.94680", "2017-01-31": "5.91470", "2016-01-31": "6.07380", "2015-01-31": "6.19150", "2014-01-31": "6.04480", "2013-01-31": "6.45770", "2012-01-31": "6.10080", "2011-01-31": "6.13280", "2010-01-31": "6.34950", "2009-01-31": "6.82570", "2008-01-31": "6.45520", "2007-01-31": "6.56750", "2006-01-31": "6.11560", "2005-01-31": "5.97730"}, "Receiveable Turnover": {"2020-01-31": "", "2019-01-31": "", "2018-01-31": "", "2017-01-31": "", "2016-01-31": "", "2015-01-31": "", "2014-01-31": "", "2013-01-31": "12.54940", "2012-01-31": "11.78760", "2011-01-31": "10.95240", "2010-01-31": "9.38230", "2009-01-31": "8.03410", "2008-01-31": "7.86780", "2007-01-31": "9.60450", "2006-01-31": "9.28700", "2005-01-31": "9.24030"}, "Days Sales In Receivables": {"2020-01-31": "", "2019-01-31": "", "2018-01-31": "", "2017-01-31": "", "2016-01-31": "", "2015-01-31": "", "2014-01-31": "", "2013-01-31": "29.08510", "2012-01-31": "30.96480", "2011-01-31": "33.32610", "2010-01-31": "38.90310", "2009-01-31": "45.43110", "2008-01-31": "46.39180", "2007-01-31": "38.00320", "2006-01-31": "39.30240", "2005-01-31": "39.50100"}, "ROE - Return On Equity": {"2020-01-31": "27.62610", "2019-01-31": "25.93610", "2018-01-31": "24.95920", "2017-01-31": "24.34040", "2016-01-31": "25.63090", "2015-01-31": "17.49660", "2014-01-31": "16.59790", "2013-01-31": "20.02050", "2012-01-31": "18.51340", "2011-01-31": "18.85450", "2010-01-31": "16.21160", "2009-01-31": "16.14640", "2008-01-31": "18.61240", "2007-01-31": "17.82770", "2006-01-31": "16.95180", "2005-01-31": "14.46770"}, "Return On Tangible Equity": {"2020-01-31": "27.62610", "2019-01-31": "25.93610", "2018-01-31": "24.95920", "2017-01-31": "24.34040", "2016-01-31": "25.63090", "2015-01-31": "17.49660", "2014-01-31": "16.59790", "2013-01-31": "20.02050", "2012-01-31": "18.51340", "2011-01-31": "18.85450", "2010-01-31": "16.21160", "2009-01-31": "16.14640", "2008-01-31": "18.61240", "2007-01-31": "17.82770", "2006-01-31": "16.95180", "2005-01-31": "14.46770"}, "ROA - Return On Assets": {"2020-01-31": "7.64160", "2019-01-31": "7.09610", "2018-01-31": "7.21530", "2017-01-31": "7.12240", "2016-01-31": "8.24850", "2015-01-31": "5.94820", "2014-01-31": "6.04670", "2013-01-31": "6.88290", "2012-01-31": "6.28140", "2011-01-31": "6.68120", "2010-01-31": "5.58690", "2009-01-31": "5.01970", "2008-01-31": "6.39360", "2007-01-31": "7.46200", "2006-01-31": "6.88100", "2005-01-31": "5.83720"}, "ROI - Return On Investment": {"2020-01-31": "14.10820", "2019-01-31": "13.61520", "2018-01-31": "12.77230", "2017-01-31": "12.12700", "2016-01-31": "13.33630", "2015-01-31": "9.19610", "2014-01-31": "9.73970", "2013-01-31": "10.62090", "2012-01-31": "9.92280", "2011-01-31": "9.39090", "2010-01-31": "8.16670", "2009-01-31": "7.09570", "2008-01-31": "9.36150", "2007-01-31": "11.46540", "2006-01-31": "10.32410", "2005-01-31": "8.54370"}, "Book Value Per Share": {"2020-01-31": "23.46890", "2019-01-31": "21.81890", "2018-01-31": "21.50890", "2017-01-31": "19.69410", "2016-01-31": "21.51510", "2015-01-31": "21.86300", "2014-01-31": "25.64420", "2013-01-31": "25.65940", "2012-01-31": "23.63810", "2011-01-31": "21.99740", "2010-01-31": "20.60990", "2009-01-31": "18.21680", "2008-01-31": "18.69590", "2007-01-31": "18.18280", "2006-01-31": "16.25150", "2005-01-31": "14.62880"}, "Operating Cash Flow Per Share": {"2020-01-31": 2.6011, "2019-01-31": -1.4, "2018-01-31": 3.2563, "2017-01-31": -0.0679, "2016-01-31": 2.4383, "2015-01-31": -3.1834, "2014-01-31": 2.1309, "2013-01-31": 0.0824, "2012-01-31": 0.7191, "2011-01-31": -0.565, "2010-01-31": 2.065, "2009-01-31": 0.8781, "2008-01-31": -0.7491, "2007-01-31": 0.5919, "2006-01-31": 0.8306, "2005-01-31": 4.175}, "Free Cash Flow Per Share": {"2020-01-31": 3.2873, "2019-01-31": -3.2882, "2018-01-31": 1.2865, "2017-01-31": -0.4169, "2016-01-31": 2.8523, "2015-01-31": -2.9957, "2014-01-31": 2.7387, "2013-01-31": 2.9779, "2012-01-31": -2.7894, "2011-01-31": -1.1423, "2010-01-31": 4.3527, "2009-01-31": 1.3669, "2008-01-31": -1.3218, "2007-01-31": -0.114, "2006-01-31": 0.388, "2005-01-31": 0.8727}}, "financial ratios, quarterly": {"Current Ratio": {"2020-10-31": "1.04920", "2020-07-31": "1.10890", "2020-04-30": "1.01410", "2020-01-31": "0.89060", "2019-10-31": "0.83120", "2019-07-31": "0.84370", "2019-04-30": "0.87670", "2019-01-31": "0.83380", "2018-10-31": "0.83220", "2018-07-31": "0.81940", "2018-04-30": "0.90300", "2018-01-31": "0.96080", "2017-10-31": "0.96450", "2017-07-31": "0.92220", "2017-04-30": "0.95730", "2017-01-31": "0.94360", "2016-10-31": "1.01590", "2016-07-31": "1.04540", "2016-04-30": "1.16050", "2016-01-31": "1.11950", "2015-10-31": "1.07840", "2015-07-31": "1.14010", "2015-04-30": "1.22600", "2015-01-31": "1.16090", "2014-10-31": "1.02310", "2014-07-31": "1.01920", "2014-04-30": "0.91550", "2014-01-31": "0.90580", "2013-10-31": "0.90390", "2013-07-31": "0.90390", "2013-04-30": "1.06260", "2013-01-31": "1.16800", "2012-10-31": "1.17740", "2012-07-31": "1.23150", "2012-04-30": "1.25270", "2012-01-31": "1.15130", "2011-10-31": "1.29940", "2011-07-31": "1.38200", "2011-04-30": "1.51020", "2011-01-31": "1.70930", "2010-10-31": "1.55610", "2010-07-31": "1.70740", "2010-04-30": "1.68890", "2010-01-31": "1.62660", "2009-10-31": "1.57950", "2009-07-31": "1.80250", "2009-04-30": "1.71250", "2009-01-31": "1.66360", "2008-10-31": "1.49960", "2008-07-31": "1.63920", "2008-04-30": "1.52920", "2008-01-31": "1.60470", "2007-10-31": "1.35180", "2007-07-31": "1.37290", "2007-04-30": "1.45680", "2007-01-31": "1.32280", "2006-10-31": "1.28750", "2006-07-31": "1.40670", "2006-04-30": "1.39640", "2006-01-31": "1.50240", "2005-10-31": "1.49480", "2005-07-31": "1.53500", "2005-04-30": "1.73640", "2005-01-31": "1.69370"}, "Long-term Debt / Capital": {"2020-10-31": "0.48390", "2020-07-31": "0.53010", "2020-04-30": "0.55750", "2020-01-31": "0.48930", "2019-10-31": "0.47660", "2019-07-31": "0.46690", "2019-04-30": "0.50530", "2019-01-31": "0.47500", "2018-10-31": "0.47700", "2018-07-31": "0.47510", "2018-04-30": "0.49890", "2018-01-31": "0.48830", "2017-10-31": "0.50000", "2017-07-31": "0.49200", "2017-04-30": "0.49860", "2017-01-31": "0.50180", "2016-10-31": "0.52220", "2016-07-31": "0.51030", "2016-04-30": "0.50100", "2016-01-31": "0.47970", "2015-10-31": "0.47280", "2015-07-31": "0.45880", "2015-04-30": "0.47030", "2015-01-31": "0.47440", "2014-10-31": "0.43530", "2014-07-31": "0.43450", "2014-04-30": "0.40860", "2014-01-31": "0.41320", "2013-10-31": "0.43940", "2013-07-31": "0.44130", "2013-04-30": "0.45320", "2013-01-31": "0.46950", "2012-10-31": "0.47040", "2012-07-31": "0.48930", "2012-04-30": "0.48550", "2012-01-31": "0.46400", "2011-10-31": "0.51420", "2011-07-31": "0.51690", "2011-04-30": "0.48630", "2011-01-31": "0.50190", "2010-10-31": "0.51310", "2010-07-31": "0.50760", "2010-04-30": "0.48680", "2010-01-31": "0.49620", "2009-10-31": "0.51500", "2009-07-31": "0.54430", "2009-04-30": "0.55370", "2009-01-31": "0.56050", "2008-10-31": "0.56230", "2008-07-31": "0.57130", "2008-04-30": "0.51310", "2008-01-31": "0.49700", "2007-10-31": "0.41020", "2007-07-31": "0.38890", "2007-04-30": "0.39250", "2007-01-31": "0.35690", "2006-10-31": "0.38130", "2006-07-31": "0.39420", "2006-04-30": "0.37430", "2006-01-31": "0.39100", "2005-10-31": "0.40280", "2005-07-31": "0.37820", "2005-04-30": "0.40840", "2005-01-31": "0.40950"}, "Debt/Equity Ratio": {"2020-10-31": "0.94760", "2020-07-31": "1.13670", "2020-04-30": "1.27500", "2020-01-31": "0.97180", "2019-10-31": "1.01100", "2019-07-31": "0.97310", "2019-04-30": "1.11660", "2019-01-31": "0.99810", "2018-10-31": "1.05050", "2018-07-31": "0.99870", "2018-04-30": "1.02080", "2018-01-31": "0.97830", "2017-10-31": "1.12300", "2017-07-31": "1.09190", "2017-04-30": "1.15170", "2017-01-31": "1.16400", "2016-10-31": "1.15870", "2016-07-31": "1.09790", "2016-04-30": "1.13380", "2016-01-31": "0.98480", "2015-10-31": "0.95900", "2015-07-31": "0.90790", "2015-04-30": "0.89580", "2015-01-31": "0.90910", "2014-10-31": "0.80050", "2014-07-31": "0.78620", "2014-04-30": "0.77990", "2014-01-31": "0.77460", "2013-10-31": "0.91530", "2013-07-31": "0.90440", "2013-04-30": "0.86040", "2013-01-31": "1.06580", "2012-10-31": "1.13470", "2012-07-31": "1.16460", "2012-04-30": "1.10000", "2012-01-31": "1.10510", "2011-10-31": "1.24270", "2011-07-31": "1.16110", "2011-04-30": "1.03280", "2011-01-31": "1.01540", "2010-10-31": "1.11100", "2010-07-31": "1.08410", "2010-04-30": "1.00390", "2010-01-31": "1.09560", "2009-10-31": "1.17130", "2009-07-31": "1.23370", "2009-04-30": "1.32930", "2009-01-31": "1.36760", "2008-10-31": "1.49430", "2008-07-31": "1.46060", "2008-04-30": "1.18360", "2008-01-31": "1.11650", "2007-10-31": "0.87490", "2007-07-31": "0.77170", "2007-04-30": "0.73030", "2007-01-31": "0.64200", "2006-10-31": "0.76860", "2006-07-31": "0.73810", "2006-04-30": "0.68550", "2006-01-31": "0.69500", "2005-10-31": "0.72990", "2005-07-31": "0.66400", "2005-04-30": "0.69050", "2005-01-31": "0.73210"}, "Gross Margin": {"2020-10-31": "31.47310", "2020-07-31": "31.78240", "2020-04-30": "26.02600", "2020-01-31": "27.10490", "2019-10-31": "30.69920", "2019-07-31": "31.46780", "2019-04-30": "30.51570", "2019-01-31": "26.45140", "2018-10-31": "29.66160", "2018-07-31": "31.14870", "2018-04-30": "30.72520", "2018-01-31": "26.92430", "2017-10-31": "30.59140", "2017-07-31": "31.35150", "2017-04-30": "30.96840", "2017-01-31": "28.94480", "2016-10-31": "29.83400", "2016-07-31": "30.90480", "2016-04-30": "30.93970", "2016-01-31": "26.75950", "2015-10-31": "29.37040", "2015-07-31": "30.84870", "2015-04-30": "30.42230", "2015-01-31": "28.45520", "2014-10-31": "29.45980", "2014-07-31": "30.42400", "2014-04-30": "29.47110", "2014-01-31": "27.72550", "2013-10-31": "29.69640", "2013-07-31": "31.38400", "2013-04-30": "30.78540", "2013-01-31": "28.30240", "2012-10-31": "31.03550", "2012-07-31": "32.02810", "2012-04-30": "30.86500", "2012-01-31": "28.84250", "2011-10-31": "31.26450", "2011-07-31": "32.52460", "2011-04-30": "31.43400", "2011-01-31": "29.20620", "2010-10-31": "31.04770", "2010-07-31": "32.35260", "2010-04-30": "31.43080", "2010-01-31": "28.88860", "2009-10-31": "30.54470", "2009-07-31": "31.62540", "2009-04-30": "30.42540", "2009-01-31": "26.32920", "2008-10-31": "30.30970", "2008-07-31": "31.15950", "2008-04-30": "31.27960", "2008-01-31": "29.31910", "2007-10-31": "30.85950", "2007-07-31": "32.43500", "2007-04-30": "31.72850", "2007-01-31": "26.37750", "2006-10-31": "33.13930", "2006-07-31": "33.64800", "2006-04-30": "32.88500", "2006-01-31": "30.85500", "2005-10-31": "32.53320", "2005-07-31": "33.15260", "2005-04-30": "32.60430", "2005-01-31": "30.54500"}, "Operating Margin": {"2020-10-31": "8.54980", "2020-07-31": "10.01090", "2020-04-30": "2.38590", "2020-01-31": "5.11580", "2019-10-31": "5.36830", "2019-07-31": "7.18710", "2019-04-30": "6.43900", "2019-01-31": "4.86120", "2018-10-31": "4.59570", "2018-07-31": "6.37380", "2018-04-30": "6.20340", "2018-01-31": "4.91230", "2017-10-31": "5.01960", "2017-07-31": "6.57090", "2017-04-30": "7.11950", "2017-01-31": "5.79080", "2016-10-31": "6.45340", "2016-07-31": "7.71850", "2016-04-30": "8.10080", "2016-01-31": "10.03420", "2015-10-31": "4.97360", "2015-07-31": "7.63180", "2015-04-30": "6.74100", "2015-01-31": "7.29200", "2014-10-31": "5.23940", "2014-07-31": "6.03290", "2014-04-30": "6.13560", "2014-01-31": "11.47640", "2013-10-31": "4.07350", "2013-07-31": "6.61330", "2013-04-30": "6.08760", "2013-01-31": "8.93690", "2012-10-31": "5.95430", "2012-07-31": "7.47960", "2012-04-30": "7.61840", "2012-01-31": "7.99040", "2011-10-31": "6.44430", "2011-07-31": "8.00490", "2011-04-30": "7.93220", "2011-01-31": "8.60120", "2010-10-31": "6.19670", "2010-07-31": "8.15090", "2010-04-30": "7.96510", "2010-01-31": "8.03730", "2009-10-31": "5.72140", "2009-07-31": "7.63920", "2009-04-30": "6.91700", "2009-01-31": "5.91510", "2008-10-31": "5.73640", "2008-07-31": "7.88520", "2008-04-30": "7.82330", "2008-01-31": "9.29500", "2007-10-31": "6.45770", "2007-07-31": "8.66620", "2007-04-30": "8.54640", "2007-01-31": "9.94930", "2006-10-31": "7.05230", "2006-07-31": "8.49630", "2006-04-30": "7.90640", "2006-01-31": "9.47660", "2005-10-31": "6.80810", "2005-07-31": "8.16510", "2005-04-30": "7.90280", "2005-01-31": "9.27340"}, "EBIT Margin": {"2020-10-31": "8.54980", "2020-07-31": "10.01090", "2020-04-30": "2.38590", "2020-01-31": "5.11580", "2019-10-31": "5.36830", "2019-07-31": "7.18710", "2019-04-30": "6.43900", "2019-01-31": "4.86120", "2018-10-31": "4.59570", "2018-07-31": "6.37380", "2018-04-30": "6.20340", "2018-01-31": "4.91230", "2017-10-31": "5.01960", "2017-07-31": "6.57090", "2017-04-30": "7.11950", "2017-01-31": "5.79080", "2016-10-31": "6.45340", "2016-07-31": "7.71850", "2016-04-30": "8.10080", "2016-01-31": "10.03420", "2015-10-31": "4.97360", "2015-07-31": "7.63180", "2015-04-30": "6.74100", "2015-01-31": "7.29200", "2014-10-31": "5.23940", "2014-07-31": "6.03290", "2014-04-30": "6.13560", "2014-01-31": "11.47640", "2013-10-31": "4.07350", "2013-07-31": "6.61330", "2013-04-30": "6.08760", "2013-01-31": "8.93690", "2012-10-31": "5.95430", "2012-07-31": "7.47960", "2012-04-30": "7.61840", "2012-01-31": "7.99040", "2011-10-31": "6.44430", "2011-07-31": "8.00490", "2011-04-30": "7.93220", "2011-01-31": "8.60120", "2010-10-31": "6.19670", "2010-07-31": "8.15090", "2010-04-30": "7.96510", "2010-01-31": "8.03730", "2009-10-31": "5.72140", "2009-07-31": "7.63920", "2009-04-30": "6.91700", "2009-01-31": "5.91510", "2008-10-31": "5.73640", "2008-07-31": "7.88520", "2008-04-30": "7.82330", "2008-01-31": "9.29500", "2007-10-31": "6.45770", "2007-07-31": "8.66620", "2007-04-30": "8.54640", "2007-01-31": "9.94930", "2006-10-31": "7.05230", "2006-07-31": "8.49630", "2006-04-30": "7.90640", "2006-01-31": "9.47660", "2005-10-31": "6.80810", "2005-07-31": "8.16510", "2005-04-30": "7.90280", "2005-01-31": "9.27340"}, "EBITDA Margin": {"2020-10-31": "", "2020-07-31": "", "2020-04-30": "", "2020-01-31": "", "2019-10-31": "", "2019-07-31": "", "2019-04-30": "", "2019-01-31": "", "2018-10-31": "", "2018-07-31": "", "2018-04-30": "", "2018-01-31": "", "2017-10-31": "", "2017-07-31": "", "2017-04-30": "", "2017-01-31": "", "2016-10-31": "", "2016-07-31": "", "2016-04-30": "", "2016-01-31": "", "2015-10-31": "", "2015-07-31": "", "2015-04-30": "", "2015-01-31": "", "2014-10-31": "", "2014-07-31": "", "2014-04-30": "", "2014-01-31": "", "2013-10-31": "", "2013-07-31": "", "2013-04-30": "", "2013-01-31": "", "2012-10-31": "", "2012-07-31": "", "2012-04-30": "", "2012-01-31": "", "2011-10-31": "", "2011-07-31": "", "2011-04-30": "", "2011-01-31": "", "2010-10-31": "", "2010-07-31": "", "2010-04-30": "", "2010-01-31": "", "2009-10-31": "", "2009-07-31": "", "2009-04-30": "", "2009-01-31": "", "2008-10-31": "", "2008-07-31": "", "2008-04-30": "", "2008-01-31": "", "2007-10-31": "", "2007-07-31": "", "2007-04-30": "", "2007-01-31": "", "2006-10-31": "", "2006-07-31": "", "2006-04-30": "", "2006-01-31": "", "2005-10-31": "", "2005-07-31": "", "2005-04-30": "", "2005-01-31": ""}, "Pre-Tax Profit Margin": {"2020-10-31": "5.73520", "2020-07-31": "9.52770", "2020-04-30": "1.67730", "2020-01-31": "4.49180", "2019-10-31": "4.82720", "2019-07-31": "6.60620", "2019-04-30": "5.79230", "2019-01-31": "4.41290", "2018-10-31": "4.00090", "2018-07-31": "5.74930", "2018-04-30": "5.52410", "2018-01-31": "4.40330", "2017-10-31": "3.62100", "2017-07-31": "5.87350", "2017-04-30": "6.34900", "2017-01-31": "5.60910", "2016-10-31": "5.58970", "2016-07-31": "5.81980", "2016-04-30": "5.53840", "2016-01-31": "9.32670", "2015-10-31": "4.11630", "2015-07-31": "6.78260", "2015-04-30": "5.83560", "2015-01-31": "6.59770", "2014-10-31": "4.39320", "2014-07-31": "3.47940", "2014-04-30": "5.22300", "2014-01-31": "9.12470", "2013-10-31": "3.11740", "2013-07-31": "5.61430", "2013-04-30": "4.66300", "2013-01-31": "8.41330", "2012-10-31": "5.74160", "2012-07-31": "6.38300", "2012-04-30": "6.52750", "2012-01-31": "6.61880", "2011-10-31": "5.22500", "2011-07-31": "6.82880", "2011-04-30": "6.78380", "2011-01-31": "7.67670", "2010-10-31": "4.95350", "2010-07-31": "6.95980", "2010-04-30": "6.76590", "2010-01-31": "6.97690", "2009-10-31": "4.47110", "2009-07-31": "6.35160", "2009-04-30": "5.55520", "2009-01-31": "4.82110", "2008-10-31": "4.18820", "2008-07-31": "6.48270", "2008-04-30": "6.46530", "2008-01-31": "8.38910", "2007-10-31": "5.26460", "2007-07-31": "7.61290", "2007-04-30": "7.57780", "2007-01-31": "9.17810", "2006-10-31": "5.95430", "2006-07-31": "7.44740", "2006-04-30": "6.88800", "2006-01-31": "8.74490", "2005-10-31": "5.84140", "2005-07-31": "7.24770", "2005-04-30": "6.93560", "2005-01-31": "8.56920"}, "Net Profit Margin": {"2020-10-31": "4.48040", "2020-07-31": "7.35580", "2020-04-30": "1.44790", "2020-01-31": "3.56440", "2019-10-31": "3.82530", "2019-07-31": "5.09170", "2019-04-30": "4.51010", "2019-01-31": "3.47290", "2018-10-31": "3.49030", "2018-07-31": "4.49480", "2018-04-30": "4.27860", "2018-01-31": "4.72960", "2017-10-31": "2.83280", "2017-07-31": "4.03390", "2017-04-30": "4.17930", "2017-01-31": "3.79220", "2016-10-31": "3.69810", "2016-07-31": "4.20560", "2016-04-30": "3.90220", "2016-01-31": "6.59390", "2015-10-31": "3.11700", "2015-07-31": "4.32090", "2015-04-30": "3.70930", "2015-01-31": "-12.13790", "2014-10-31": "2.04010", "2014-07-31": "1.38000", "2014-04-30": "2.50950", "2014-01-31": "2.57950", "2013-10-31": "1.97590", "2013-07-31": "3.56960", "2013-04-30": "2.98100", "2013-01-31": "4.22860", "2012-10-31": "3.76280", "2012-07-31": "4.19570", "2012-04-30": "4.13230", "2012-01-31": "4.60820", "2011-10-31": "3.38370", "2011-07-31": "4.33500", "2011-04-30": "4.32380", "2011-01-31": "5.00970", "2010-10-31": "3.42840", "2010-07-31": "4.37160", "2010-04-30": "4.30320", "2010-01-31": "4.63800", "2009-10-31": "2.85420", "2009-07-31": "3.94240", "2009-04-30": "3.51920", "2009-01-31": "3.11350", "2008-10-31": "2.44140", "2008-07-31": "4.09770", "2008-04-30": "4.06700", "2008-01-31": "5.17840", "2007-10-31": "3.25580", "2007-07-31": "4.69220", "2007-04-30": "4.63640", "2007-01-31": "5.67220", "2006-10-31": "3.72880", "2006-07-31": "4.56280", "2006-04-30": "4.30690", "2006-01-31": "5.54080", "2005-10-31": "3.56380", "2005-07-31": "4.50380", "2005-04-30": "4.30430", "2005-01-31": "5.42980"}, "Asset Turnover": {"2020-10-31": "0.44670", "2020-07-31": "0.47860", "2020-04-30": "0.43780", "2020-01-31": "0.54700", "2019-10-31": "0.42670", "2019-07-31": "0.44320", "2019-04-30": "0.43400", "2019-01-31": "0.55650", "2018-10-31": "0.40900", "2018-07-31": "0.44440", "2018-04-30": "0.43110", "2018-01-31": "0.57030", "2017-10-31": "0.40170", "2017-07-31": "0.43020", "2017-04-30": "0.42070", "2017-01-31": "0.57350", "2016-10-31": "0.42590", "2016-07-31": "0.43360", "2016-04-30": "0.40580", "2016-01-31": "0.53710", "2015-10-31": "0.42490", "2015-07-31": "0.43360", "2015-04-30": "0.42510", "2015-01-31": "0.52830", "2014-10-31": "0.37140", "2014-07-31": "0.38140", "2014-04-30": "0.37820", "2014-01-31": "0.45330", "2013-10-31": "0.37220", "2013-07-31": "0.38760", "2013-04-30": "0.37770", "2013-01-31": "0.47190", "2012-10-31": "0.34150", "2012-07-31": "0.35450", "2012-04-30": "0.36530", "2012-01-31": "0.45650", "2011-10-31": "0.33860", "2011-07-31": "0.35690", "2011-04-30": "0.37060", "2011-01-31": "0.47270", "2010-10-31": "0.34720", "2010-07-31": "0.35580", "2010-04-30": "0.35990", "2010-01-31": "0.45320", "2009-10-31": "0.33220", "2009-07-31": "0.34060", "2009-04-30": "0.33550", "2009-01-31": "0.44350", "2008-10-31": "0.32130", "2008-07-31": "0.34280", "2008-04-30": "0.34560", "2008-01-31": "0.44590", "2007-10-31": "0.34270", "2007-07-31": "0.37040", "2007-04-30": "0.36680", "2007-01-31": "0.52770", "2006-10-31": "0.35840", "2006-07-31": "0.37680", "2006-04-30": "0.37020", "2006-01-31": "0.48430", "2005-10-31": "0.35380", "2005-07-31": "0.37560", "2005-04-30": "0.36670", "2005-01-31": "0.47050"}, "Inventory Turnover Ratio": {"2020-10-31": "1.22000", "2020-07-31": "1.76580", "2020-04-30": "1.69040", "2020-01-31": "1.89680", "2019-10-31": "1.13500", "2019-07-31": "1.38400", "2019-04-30": "1.35190", "2019-01-31": "1.77950", "2018-10-31": "1.01150", "2018-07-31": "1.34320", "2018-04-30": "1.34360", "2018-01-31": "1.95360", "2017-10-31": "1.11360", "2017-07-31": "1.39390", "2017-04-30": "1.41400", "2017-01-31": "1.83560", "2016-10-31": "1.14710", "2016-07-31": "1.29440", "2016-04-30": "1.32230", "2016-01-31": "1.84150", "2015-10-31": "1.19920", "2015-07-31": "1.45880", "2015-04-30": "1.46900", "2015-01-31": "1.87890", "2014-10-31": "1.22240", "2014-07-31": "1.48800", "2014-04-30": "1.48610", "2014-01-31": "1.76350", "2013-10-31": "1.16930", "2013-07-31": "1.39140", "2013-04-30": "1.42770", "2013-01-31": "2.06170", "2012-10-31": "1.22470", "2012-07-31": "1.47480", "2012-04-30": "1.52030", "2012-01-31": "1.91310", "2011-10-31": "1.13990", "2011-07-31": "1.38250", "2011-04-30": "1.41970", "2011-01-31": "1.92550", "2010-10-31": "1.12670", "2010-07-31": "1.35960", "2010-04-30": "1.47500", "2010-01-31": "1.99900", "2009-10-31": "1.13090", "2009-07-31": "1.36850", "2009-04-30": "1.47580", "2009-01-31": "2.14910", "2008-10-31": "1.16390", "2008-07-31": "1.45640", "2008-04-30": "1.48800", "2008-01-31": "2.07150", "2007-10-31": "1.17280", "2007-07-31": "1.48650", "2007-04-30": "1.50090", "2007-01-31": "2.32030", "2006-10-31": "1.16370", "2006-07-31": "1.41130", "2006-04-30": "1.43170", "2006-01-31": "2.00720", "2005-10-31": "1.09980", "2005-07-31": "1.42410", "2005-04-30": "1.43060", "2005-01-31": "1.96010"}, "Receiveable Turnover": {"2020-10-31": "", "2020-07-31": "", "2020-04-30": "", "2020-01-31": "", "2019-10-31": "", "2019-07-31": "", "2019-04-30": "", "2019-01-31": "", "2018-10-31": "", "2018-07-31": "", "2018-04-30": "", "2018-01-31": "", "2017-10-31": "", "2017-07-31": "", "2017-04-30": "", "2017-01-31": "", "2016-10-31": "", "2016-07-31": "", "2016-04-30": "", "2016-01-31": "", "2015-10-31": "", "2015-07-31": "", "2015-04-30": "", "2015-01-31": "", "2014-10-31": "", "2014-07-31": "", "2014-04-30": "", "2014-01-31": "", "2013-10-31": "", "2013-07-31": "", "2013-04-30": "", "2013-01-31": "3.89080", "2012-10-31": "2.99790", "2012-07-31": "3.02870", "2012-04-30": "3.04020", "2012-01-31": "3.59170", "2011-10-31": "2.87100", "2011-07-31": "2.83820", "2011-04-30": "2.78540", "2011-01-31": "3.35770", "2010-10-31": "2.62050", "2010-07-31": "2.53090", "2010-04-30": "2.46330", "2010-01-31": "2.89710", "2009-10-31": "2.17510", "2009-07-31": "2.06740", "2009-04-30": "1.99050", "2009-01-31": "2.41960", "2008-10-31": "1.88950", "2008-07-31": "1.93880", "2008-04-30": "1.89040", "2008-01-31": "2.46720", "2007-10-31": "2.08360", "2007-07-31": "2.28540", "2007-04-30": "2.33780", "2007-01-31": "3.18210", "2006-10-31": "2.40860", "2006-07-31": "2.40920", "2006-04-30": "2.39620", "2006-01-31": "2.99100", "2005-10-31": "2.38070", "2005-07-31": "2.39230", "2005-04-30": "2.36300", "2005-01-31": "2.99740"}, "Days Sales In Receivables": {"2020-10-31": "", "2020-07-31": "", "2020-04-30": "", "2020-01-31": "", "2019-10-31": "", "2019-07-31": "", "2019-04-30": "", "2019-01-31": "", "2018-10-31": "", "2018-07-31": "", "2018-04-30": "", "2018-01-31": "", "2017-10-31": "", "2017-07-31": "", "2017-04-30": "", "2017-01-31": "", "2016-10-31": "", "2016-07-31": "", "2016-04-30": "", "2016-01-31": "", "2015-10-31": "", "2015-07-31": "", "2015-04-30": "", "2015-01-31": "", "2014-10-31": "", "2014-07-31": "", "2014-04-30": "", "2014-01-31": "", "2013-10-31": "", "2013-07-31": "", "2013-04-30": "", "2013-01-31": "23.13170", "2012-10-31": "30.02130", "2012-07-31": "29.71570", "2012-04-30": "29.60340", "2012-01-31": "25.05780", "2011-10-31": "31.34800", "2011-07-31": "31.71060", "2011-04-30": "32.31190", "2011-01-31": "26.80400", "2010-10-31": "34.34480", "2010-07-31": "35.56080", "2010-04-30": "36.53560", "2010-01-31": "31.06590", "2009-10-31": "41.37670", "2009-07-31": "43.53360", "2009-04-30": "45.21540", "2009-01-31": "37.19630", "2008-10-31": "47.63200", "2008-07-31": "46.41930", "2008-04-30": "47.60840", "2008-01-31": "36.47830", "2007-10-31": "43.19520", "2007-07-31": "39.37960", "2007-04-30": "38.49730", "2007-01-31": "28.28310", "2006-10-31": "37.36630", "2006-07-31": "37.35670", "2006-04-30": "37.55890", "2006-01-31": "30.09030", "2005-10-31": "37.80350", "2005-07-31": "37.62140", "2005-04-30": "38.08750", "2005-01-31": "30.02570"}, "ROE - Return On Equity": {"2020-10-31": "7.61320", "2020-07-31": "13.43620", "2020-04-30": "2.54280", "2020-01-31": "7.03960", "2019-10-31": "6.11520", "2019-07-31": "7.92500", "2019-04-30": "7.12420", "2019-01-31": "7.06380", "2018-10-31": "5.55960", "2018-07-31": "7.15500", "2018-04-30": "6.42590", "2018-01-31": "9.32970", "2017-10-31": "4.29140", "2017-07-31": "6.06060", "2017-04-30": "6.14810", "2017-01-31": "7.47740", "2016-10-31": "5.49280", "2016-07-31": "5.39860", "2016-04-30": "4.89440", "2016-01-31": "10.96700", "2015-10-31": "3.59080", "2015-07-31": "5.54440", "2015-04-30": "4.59290", "2015-01-31": "6.86580", "2014-10-31": "3.21260", "2014-07-31": "2.37940", "2014-04-30": "3.46350", "2014-01-31": "7.66430", "2013-10-31": "2.11070", "2013-07-31": "3.81400", "2013-04-30": "3.01450", "2013-01-31": "7.71230", "2012-10-31": "3.89550", "2012-07-31": "4.42850", "2012-04-30": "4.39390", "2012-01-31": "6.20060", "2011-10-31": "3.63600", "2011-07-31": "4.66040", "2011-04-30": "4.52400", "2011-01-31": "6.68300", "2010-10-31": "3.59570", "2010-07-31": "4.44720", "2010-04-30": "4.30210", "2010-01-31": "6.09890", "2009-10-31": "2.91230", "2009-07-31": "4.06790", "2009-04-30": "3.69710", "2009-01-31": "4.44140", "2008-10-31": "2.71720", "2008-07-31": "4.71130", "2008-04-30": "4.19310", "2008-01-31": "6.72240", "2007-10-31": "2.98890", "2007-07-31": "4.29990", "2007-04-30": "4.14360", "2007-01-31": "7.15150", "2006-10-31": "3.41890", "2006-07-31": "4.23710", "2006-04-30": "3.85530", "2006-01-31": "6.61030", "2005-10-31": "", "2005-07-31": "", "2005-04-30": "", "2005-01-31": "6.20920"}, "Return On Tangible Equity": {"2020-10-31": "7.61320", "2020-07-31": "13.43620", "2020-04-30": "2.54280", "2020-01-31": "7.03960", "2019-10-31": "6.11520", "2019-07-31": "7.92500", "2019-04-30": "7.12420", "2019-01-31": "7.06380", "2018-10-31": "5.55960", "2018-07-31": "7.15500", "2018-04-30": "6.42590", "2018-01-31": "9.32970", "2017-10-31": "4.29140", "2017-07-31": "6.06060", "2017-04-30": "6.14810", "2017-01-31": "7.47740", "2016-10-31": "5.49280", "2016-07-31": "5.39860", "2016-04-30": "4.89440", "2016-01-31": "10.96700", "2015-10-31": "3.59080", "2015-07-31": "5.54440", "2015-04-30": "4.59290", "2015-01-31": "6.86580", "2014-10-31": "3.21260", "2014-07-31": "2.37940", "2014-04-30": "3.46350", "2014-01-31": "7.66430", "2013-10-31": "2.11070", "2013-07-31": "3.81400", "2013-04-30": "3.01450", "2013-01-31": "7.71230", "2012-10-31": "3.89550", "2012-07-31": "4.42850", "2012-04-30": "4.39390", "2012-01-31": "6.20060", "2011-10-31": "3.63600", "2011-07-31": "4.66040", "2011-04-30": "4.52400", "2011-01-31": "6.68300", "2010-10-31": "3.59570", "2010-07-31": "4.44720", "2010-04-30": "4.30210", "2010-01-31": "6.09890", "2009-10-31": "2.91230", "2009-07-31": "4.06790", "2009-04-30": "3.69710", "2009-01-31": "4.44140", "2008-10-31": "2.71720", "2008-07-31": "4.71130", "2008-04-30": "4.19310", "2008-01-31": "6.72240", "2007-10-31": "2.98890", "2007-07-31": "4.29990", "2007-04-30": "4.14360", "2007-01-31": "7.15150", "2006-10-31": "3.41890", "2006-07-31": "4.23710", "2006-04-30": "3.85530", "2006-01-31": "6.61030", "2005-10-31": "3.20890", "2005-07-31": "3.99350", "2005-04-30": "3.78630", "2005-01-31": "6.20920"}, "ROA - Return On Assets": {"2020-10-31": "2.00150", "2020-07-31": "3.52080", "2020-04-30": "0.63380", "2020-01-31": "1.94720", "2019-10-31": "1.61400", "2019-07-31": "2.25670", "2019-04-30": "1.94980", "2019-01-31": "1.93270", "2018-10-31": "1.41380", "2018-07-31": "1.99770", "2018-04-30": "1.84180", "2018-01-31": "2.69710", "2017-10-31": "1.13310", "2017-07-31": "1.73270", "2017-04-30": "1.75050", "2017-01-31": "2.18800", "2016-10-31": "1.57500", "2016-07-31": "1.67610", "2016-04-30": "1.53850", "2016-01-31": "3.52940", "2015-10-31": "1.14830", "2015-07-31": "1.92320", "2015-04-30": "1.61670", "2015-01-31": "2.33410", "2014-10-31": "1.13210", "2014-07-31": "0.87950", "2014-04-30": "1.29650", "2014-01-31": "2.79220", "2013-10-31": "0.73530", "2013-07-31": "1.38350", "2013-04-30": "1.12580", "2013-01-31": "2.65140", "2012-10-31": "1.28480", "2012-07-31": "1.48760", "2012-04-30": "1.50950", "2012-01-31": "2.10380", "2011-10-31": "1.14560", "2011-07-31": "1.54730", "2011-04-30": "1.60250", "2011-01-31": "2.36820", "2010-10-31": "1.19020", "2010-07-31": "1.55540", "2010-04-30": "1.54880", "2010-01-31": "2.10180", "2009-10-31": "0.94830", "2009-07-31": "1.34290", "2009-04-30": "1.18070", "2009-01-31": "1.38080", "2008-10-31": "0.78440", "2008-07-31": "1.40450", "2008-04-30": "1.40560", "2008-01-31": "2.30920", "2007-10-31": "1.11580", "2007-07-31": "1.73820", "2007-04-30": "1.70040", "2007-01-31": "2.99340", "2006-10-31": "1.33630", "2006-07-31": "1.71920", "2006-04-30": "1.59430", "2006-01-31": "2.68320", "2005-10-31": "1.26090", "2005-07-31": "1.69180", "2005-04-30": "1.57850", "2005-01-31": "2.50520"}, "ROI - Return On Investment": {"2020-10-31": "3.92890", "2020-07-31": "6.31400", "2020-04-30": "1.12510", "2020-01-31": "3.59500", "2019-10-31": "3.20070", "2019-07-31": "4.22500", "2019-04-30": "3.52410", "2019-01-31": "3.70820", "2018-10-31": "2.90790", "2018-07-31": "3.75560", "2018-04-30": "3.22030", "2018-01-31": "4.77420", "2017-10-31": "2.14590", "2017-07-31": "3.07890", "2017-04-30": "3.08290", "2017-01-31": "3.72540", "2016-10-31": "2.62450", "2016-07-31": "2.64380", "2016-04-30": "2.44220", "2016-01-31": "5.70640", "2015-10-31": "1.89320", "2015-07-31": "3.00090", "2015-04-30": "2.43280", "2015-01-31": "3.60860", "2014-10-31": "1.81400", "2014-07-31": "1.34560", "2014-04-30": "2.04830", "2014-01-31": "4.49750", "2013-10-31": "1.18320", "2013-07-31": "2.13080", "2013-04-30": "1.64840", "2013-01-31": "4.09140", "2012-10-31": "2.06300", "2012-07-31": "2.26180", "2012-04-30": "2.26080", "2012-01-31": "3.32340", "2011-10-31": "1.76640", "2011-07-31": "2.25160", "2011-04-30": "2.32410", "2011-01-31": "3.32860", "2010-10-31": "1.75070", "2010-07-31": "2.19000", "2010-04-30": "2.20790", "2010-01-31": "3.07240", "2009-10-31": "1.41260", "2009-07-31": "1.85380", "2009-04-30": "1.65020", "2009-01-31": "1.95180", "2008-10-31": "1.18940", "2008-07-31": "2.01980", "2008-04-30": "2.04160", "2008-01-31": "3.38120", "2007-10-31": "1.76280", "2007-07-31": "2.62770", "2007-04-30": "2.51720", "2007-01-31": "4.59930", "2006-10-31": "2.11510", "2006-07-31": "2.56700", "2006-04-30": "2.41230", "2006-01-31": "4.02590", "2005-10-31": "1.91640", "2005-07-31": "2.48300", "2005-04-30": "2.24020", "2005-01-31": "3.66680"}, "Book Value Per Share": {"2020-10-31": "26.59780", "2020-07-31": "25.14330", "2020-04-30": "22.34160", "2020-01-31": "23.46890", "2019-10-31": "22.78570", "2019-07-31": "23.14730", "2019-04-30": "21.69970", "2019-01-31": "21.81890", "2018-10-31": "21.23370", "2018-07-31": "21.22550", "2018-04-30": "20.93760", "2018-01-31": "21.50890", "2017-10-31": "20.39300", "2017-07-31": "20.24050", "2017-04-30": "19.90180", "2017-01-31": "19.69410", "2016-10-31": "19.63710", "2016-07-31": "20.14090", "2016-04-30": "21.13430", "2016-01-31": "21.51510", "2015-10-31": "21.42890", "2015-07-31": "22.11450", "2015-04-30": "22.20210", "2015-01-31": "21.86300", "2014-10-31": "25.80950", "2014-07-31": "25.93410", "2014-04-30": "26.01900", "2014-01-31": "25.64420", "2013-10-31": "25.57300", "2013-07-31": "25.39130", "2013-04-30": "25.76210", "2013-01-31": "25.65940", "2012-10-31": "24.98530", "2012-07-31": "24.31080", "2012-04-30": "23.99500", "2012-01-31": "23.63810", "2011-10-31": "22.73460", "2011-07-31": "22.37260", "2011-04-30": "22.10450", "2011-01-31": "21.99740", "2010-10-31": "21.01850", "2010-07-31": "21.12930", "2010-04-30": "21.10840", "2010-01-31": "20.60990", "2009-10-31": "19.90300", "2009-07-31": "19.42010", "2009-04-30": "18.77530", "2009-01-31": "18.21680", "2008-10-31": "18.03930", "2008-07-31": "17.82380", "2008-04-30": "18.20570", "2008-01-31": "18.69590", "2007-10-31": "19.12430", "2007-07-31": "18.81810", "2007-04-30": "18.45310", "2007-01-31": "18.18280", "2006-10-31": "17.23130", "2006-07-31": "16.75570", "2006-04-30": "16.54960", "2006-01-31": "16.25150", "2005-10-31": "15.41860", "2005-07-31": "15.28430", "2005-04-30": "14.76910", "2005-01-31": "14.62880"}, "Operating Cash Flow Per Share": {"2020-10-31": 3.7948, "2020-07-31": 7.6041, "2020-04-30": "2.53860", "2020-01-31": 5.7244, "2019-10-31": 2.6303, "2019-07-31": 4.8268, "2019-04-30": "0.62180", "2019-01-31": 4.3799, "2018-10-31": 1.7431, "2018-07-31": 4.1291, "2018-04-30": "0.95010", "2018-01-31": 4.3981, "2017-10-31": 2.9024, "2017-07-31": 2.9512, "2017-04-30": "2.35050", "2017-01-31": 4.3337, "2016-10-31": 2.4764, "2016-07-31": 2.1267, "2016-04-30": "0.40910", "2016-01-31": 3.3085, "2015-10-31": 1.6388, "2015-07-31": 1.9742, "2015-04-30": "2.49230", "2015-01-31": 3.7704, "2014-10-31": 0.8335, "2014-07-31": 1.5568, "2014-04-30": "0.81480", "2014-01-31": 2.702, "2013-10-31": 1.0566, "2013-07-31": 1.4272, "2013-04-30": "4.97310", "2013-01-31": 2.9721, "2012-10-31": 1.3283, "2012-07-31": 1.7838, "2012-04-30": "1.94380", "2012-01-31": 3.5596, "2011-10-31": 0.9763, "2011-07-31": 1.9004, "2011-04-30": "1.50930", "2011-01-31": 3.2709, "2010-10-31": 1.4739, "2010-07-31": 0.9288, "2010-04-30": "1.55290", "2010-01-31": 3.7859, "2009-10-31": 1.2869, "2009-07-31": 1.392, "2009-04-30": "1.32670", "2009-01-31": 3.3739, "2008-10-31": 0.0862, "2008-07-31": 1.3524, "2008-04-30": "0.91400", "2008-01-31": 2.9847, "2007-10-31": 0.4606, "2007-07-31": 0.8676, "2007-04-30": "0.53550", "2007-01-31": 3.6169, "2006-10-31": 0.6326, "2006-07-31": 0.7475, "2006-04-30": "0.60050", "2006-01-31": 2.9537, "2005-10-31": 0.4159, "2005-07-31": 0.9645, "2005-04-30": "0.67150", "2005-01-31": 4.175}, "Free Cash Flow Per Share": {"2020-10-31": 2.6566, "2020-07-31": 6.2936, "2020-04-30": "1.06560", "2020-01-31": 4.5873, "2019-10-31": 0.7005, "2019-07-31": 3.3964, "2019-04-30": "-0.62950", "2019-01-31": 3.2802, "2018-10-31": -0.1593, "2018-07-31": 2.2177, "2018-04-30": "-0.57120", "2018-01-31": 3.542, "2017-10-31": 1.3518, "2017-07-31": 1.6632, "2017-04-30": "1.49860", "2017-01-31": 3.7768, "2016-10-31": 1.5983, "2016-07-31": 1.452, "2016-04-30": "-0.05800", "2016-01-31": 2.8428, "2015-10-31": 0.9641, "2015-07-31": 1.4221, "2015-04-30": "1.95700", "2015-01-31": 3.1267, "2014-10-31": 0.1465, "2014-07-31": 0.9759, "2014-04-30": "0.08460", "2014-01-31": 4.212, "2013-10-31": -0.3717, "2013-07-31": -0.126, "2013-04-30": "3.61510", "2013-01-31": 3.0126, "2012-10-31": 0.2415, "2012-07-31": 0.6242, "2012-04-30": "0.71240", "2012-01-31": 2.745, "2011-10-31": -1.0724, "2011-07-31": -0.6638, "2011-04-30": "0.60400", "2011-01-31": 2.6255, "2010-10-31": 0.597, "2010-07-31": 0.1565, "2010-04-30": "1.02320", "2010-01-31": 3.4114, "2009-10-31": 0.7638, "2009-07-31": 0.7518, "2009-04-30": "0.61750", "2009-01-31": 2.5413, "2008-10-31": -1.1105, "2008-07-31": 0.0179, "2008-04-30": "-0.25690", "2008-01-31": 1.9154, "2007-10-31": -0.7562, "2007-07-31": -0.5033, "2007-04-30": "-0.83100", "2007-01-31": 2.6182, "2006-10-31": -0.647, "2006-07-31": -0.4234, "2006-04-30": "-0.40110", "2006-01-31": 2.1795, "2005-10-31": -0.5788, "2005-07-31": -0.2135, "2005-04-30": "-0.12650", "2005-01-31": 0.8727}}, "revenue": {"Target Annual Revenue (Millions of US $)": {"2020": "$78,112", "2019": "$75,356", "2018": "$72,714", "2017": "$70,271", "2016": "$73,785", "2015": "$72,618", "2014": "$71,279", "2013": "$73,301", "2012": "$69,865", "2011": "$67,390", "2010": "$65,357", "2009": "$64,948", "2008": "$63,367", "2007": "$59,490", "2006": "$52,620", "2005": "$46,839"}, "Target Quarterly Revenue (Millions of US $)": {"2020-10-31": "$22,632", "2020-07-31": "$22,975", "2020-04-30": "$19,615", "2020-01-31": "$23,398", "2019-10-31": "$18,665", "2019-07-31": "$18,422", "2019-04-30": "$17,627", "2019-01-31": "$22,978", "2018-10-31": "$17,821", "2018-07-31": "$17,776", "2018-04-30": "$16,781", "2018-01-31": "$22,983", "2017-10-31": "$16,874", "2017-07-31": "$16,634", "2017-04-30": "$16,223", "2017-01-31": "$21,465", "2016-10-31": "$16,441", "2016-07-31": "$16,169", "2016-04-30": "$16,196", "2016-01-31": "$21,626", "2015-10-31": "$17,613", "2015-07-31": "$17,427", "2015-04-30": "$17,119", "2015-01-31": "$21,750", "2014-10-31": "$17,254", "2014-07-31": "$16,957", "2014-04-30": "$16,657", "2014-01-31": "$20,198", "2013-10-31": "$17,258", "2013-07-31": "$17,117", "2013-04-30": "$16,706", "2013-01-31": "$22,726", "2012-10-31": "$16,929", "2012-07-31": "$16,779", "2012-04-30": "$16,867", "2012-01-31": "$21,288", "2011-10-31": "$16,402", "2011-07-31": "$16,240", "2011-04-30": "$15,935", "2011-01-31": "$20,660", "2010-10-31": "$15,605", "2010-07-31": "$15,532", "2010-04-30": "$15,593", "2010-01-31": "$20,181", "2009-10-31": "$15,276", "2009-07-31": "$15,067", "2009-04-30": "$14,833", "2009-01-31": "$19,560", "2008-10-31": "$15,114", "2008-07-31": "$15,472", "2008-04-30": "$14,802", "2008-01-31": "$19,871", "2007-10-31": "$14,835", "2007-07-31": "$14,620", "2007-04-30": "$14,041", "2007-01-31": "$19,710", "2006-10-31": "$13,570", "2006-07-31": "$13,347", "2006-04-30": "$12,863", "2006-01-31": "$16,947", "2005-10-31": "$12,206", "2005-07-31": "$11,990", "2005-04-30": "$11,477", "2005-01-31": "$15,194"}}, "gross-profit": {"Target Annual Gross Profit (Millions of US $)": {"2020": "$23,248", "2019": "$22,057", "2018": "$21,589", "2017": "$21,126", "2016": "$21,544", "2015": "$21,340", "2014": "$21,240", "2013": "$22,266", "2012": "$21,559", "2011": "$20,805", "2010": "$19,774", "2009": "$19,182", "2008": "$19,601", "2007": "$18,417", "2006": "$16,917", "2005": "$14,657"}, "Target Quarterly Gross Profit (Millions of US $)": {"2020-10-31": "$7,123", "2020-07-31": "$7,302", "2020-04-30": "$5,105", "2020-01-31": "$6,342", "2019-10-31": "$5,730", "2019-07-31": "$5,797", "2019-04-30": "$5,379", "2019-01-31": "$6,078", "2018-10-31": "$5,286", "2018-07-31": "$5,537", "2018-04-30": "$5,156", "2018-01-31": "$6,188", "2017-10-31": "$5,162", "2017-07-31": "$5,215", "2017-04-30": "$5,024", "2017-01-31": "$6,213", "2016-10-31": "$4,905", "2016-07-31": "$4,997", "2016-04-30": "$5,011", "2016-01-31": "$5,787", "2015-10-31": "$5,173", "2015-07-31": "$5,376", "2015-04-30": "$5,208", "2015-01-31": "$6,189", "2014-10-31": "$5,083", "2014-07-31": "$5,159", "2014-04-30": "$4,909", "2014-01-31": "$5,600", "2013-10-31": "$5,125", "2013-07-31": "$5,372", "2013-04-30": "$5,143", "2013-01-31": "$6,432", "2012-10-31": "$5,254", "2012-07-31": "$5,374", "2012-04-30": "$5,206", "2012-01-31": "$6,140", "2011-10-31": "$5,128", "2011-07-31": "$5,282", "2011-04-30": "$5,009", "2011-01-31": "$6,034", "2010-10-31": "$4,845", "2010-07-31": "$5,025", "2010-04-30": "$4,901", "2010-01-31": "$5,830", "2009-10-31": "$4,666", "2009-07-31": "$4,765", "2009-04-30": "$4,513", "2009-01-31": "$5,150", "2008-10-31": "$4,581", "2008-07-31": "$4,821", "2008-04-30": "$4,630", "2008-01-31": "$5,826", "2007-10-31": "$4,578", "2007-07-31": "$4,742", "2007-04-30": "$4,455", "2007-01-31": "$5,199", "2006-10-31": "$4,497", "2006-07-31": "$4,491", "2006-04-30": "$4,230", "2006-01-31": "$5,229", "2005-10-31": "$3,971", "2005-07-31": "$3,975", "2005-04-30": "$3,742", "2005-01-31": "$4,641"}}, "operating-income": {"Target Annual Operating Income (Millions of US $)": {"2020": "$4,658", "2019": "$4,110", "2018": "$4,224", "2017": "$4,864", "2016": "$5,530", "2015": "$4,535", "2014": "$5,170", "2013": "$5,579", "2012": "$5,322", "2011": "$5,252", "2010": "$4,673", "2009": "$4,402", "2008": "$5,272", "2007": "$5,069", "2006": "$4,323", "2005": "$3,601"}, "Target Quarterly Operating Income (Millions of US $)": {"2020-10-31": "$1,935", "2020-07-31": "$2,300", "2020-04-30": "$468", "2020-01-31": "$1,197", "2019-10-31": "$1,002", "2019-07-31": "$1,324", "2019-04-30": "$1,135", "2019-01-31": "$1,117", "2018-10-31": "$819", "2018-07-31": "$1,133", "2018-04-30": "$1,041", "2018-01-31": "$1,129", "2017-10-31": "$847", "2017-07-31": "$1,093", "2017-04-30": "$1,155", "2017-01-31": "$1,243", "2016-10-31": "$1,061", "2016-07-31": "$1,248", "2016-04-30": "$1,312", "2016-01-31": "$2,170", "2015-10-31": "$876", "2015-07-31": "$1,330", "2015-04-30": "$1,154", "2015-01-31": "$1,586", "2014-10-31": "$904", "2014-07-31": "$1,023", "2014-04-30": "$1,022", "2014-01-31": "$2,318", "2013-10-31": "$703", "2013-07-31": "$1,132", "2013-04-30": "$1,017", "2013-01-31": "$2,031", "2012-10-31": "$1,008", "2012-07-31": "$1,255", "2012-04-30": "$1,285", "2012-01-31": "$1,701", "2011-10-31": "$1,057", "2011-07-31": "$1,300", "2011-04-30": "$1,264", "2011-01-31": "$1,777", "2010-10-31": "$967", "2010-07-31": "$1,266", "2010-04-30": "$1,242", "2010-01-31": "$1,622", "2009-10-31": "$874", "2009-07-31": "$1,151", "2009-04-30": "$1,026", "2009-01-31": "$1,157", "2008-10-31": "$867", "2008-07-31": "$1,220", "2008-04-30": "$1,158", "2008-01-31": "$1,847", "2007-10-31": "$958", "2007-07-31": "$1,267", "2007-04-30": "$1,200", "2007-01-31": "$1,961", "2006-10-31": "$957", "2006-07-31": "$1,134", "2006-04-30": "$1,017", "2006-01-31": "$1,606", "2005-10-31": "$831", "2005-07-31": "$979", "2005-04-30": "$907", "2005-01-31": "$1,409"}}, "ebitda": {"Target Annual EBITDA (Millions of US $)": {"2020": "$7,262", "2019": "$6,584", "2018": "$6,700", "2017": "$7,182", "2016": "$7,743", "2015": "$6,664", "2014": "$7,166", "2013": "$7,623", "2012": "$7,453", "2011": "$7,336", "2010": "$6,696", "2009": "$6,228", "2008": "$6,931", "2007": "$6,565", "2006": "$5,732", "2005": "$4,860"}, "Target Quarterly EBITDA (Millions of US $)": {"2020-10-31": "$2,538", "2020-07-31": "$2,904", "2020-04-30": "$1,109", "2020-01-31": "$1,896", "2019-10-31": "$1,640", "2019-07-31": "$1,947", "2019-04-30": "$1,779", "2019-01-31": "$1,765", "2018-10-31": "$1,411", "2018-07-31": "$1,736", "2018-04-30": "$1,672", "2018-01-31": "$1,796", "2017-10-31": "$1,490", "2017-07-31": "$1,678", "2017-04-30": "$1,736", "2017-01-31": "$1,875", "2016-10-31": "$1,631", "2016-07-31": "$1,818", "2016-04-30": "$1,858", "2016-01-31": "$2,732", "2015-10-31": "$1,437", "2015-07-31": "$1,880", "2015-04-30": "$1,694", "2015-01-31": "$2,131", "2014-10-31": "$1,439", "2014-07-31": "$1,561", "2014-04-30": "$1,533", "2014-01-31": "$2,666", "2013-10-31": "$1,272", "2013-07-31": "$1,675", "2013-04-30": "$1,553", "2013-01-31": "$2,472", "2012-10-31": "$1,551", "2012-07-31": "$1,786", "2012-04-30": "$1,814", "2012-01-31": "$2,264", "2011-10-31": "$1,603", "2011-07-31": "$1,810", "2011-04-30": "$1,776", "2011-01-31": "$2,316", "2010-10-31": "$1,500", "2010-07-31": "$1,762", "2010-04-30": "$1,758", "2010-01-31": "$2,158", "2009-10-31": "$1,411", "2009-07-31": "$1,629", "2009-04-30": "$1,498", "2009-01-31": "$1,631", "2008-10-31": "$1,335", "2008-07-31": "$1,669", "2008-04-30": "$1,593", "2008-01-31": "$2,281", "2007-10-31": "$1,387", "2007-07-31": "$1,671", "2007-04-30": "$1,592", "2007-01-31": "$2,363", "2006-10-31": "$1,347", "2006-07-31": "$1,504", "2006-04-30": "$1,351", "2006-01-31": "$1,975", "2005-10-31": "$1,185", "2005-07-31": "$1,325", "2005-04-30": "$1,247", "2005-01-31": "$1,753"}}, "net-income": {"Target Annual Net Income (Millions of US $)": {"2020": "$3,281", "2019": "$2,937", "2018": "$2,914", "2017": "$2,734", "2016": "$3,363", "2015": "$-1,636", "2014": "$1,971", "2013": "$2,999", "2012": "$2,929", "2011": "$2,920", "2010": "$2,488", "2009": "$2,214", "2008": "$2,849", "2007": "$2,787", "2006": "$2,408", "2005": "$3,198"}, "Target Quarterly Net Income (Millions of US $)": {"2020-10-31": "$1,014", "2020-07-31": "$1,690", "2020-04-30": "$284", "2020-01-31": "$834", "2019-10-31": "$714", "2019-07-31": "$938", "2019-04-30": "$795", "2019-01-31": "$798", "2018-10-31": "$622", "2018-07-31": "$799", "2018-04-30": "$718", "2018-01-31": "$1,087", "2017-10-31": "$478", "2017-07-31": "$671", "2017-04-30": "$678", "2017-01-31": "$814", "2016-10-31": "$608", "2016-07-31": "$680", "2016-04-30": "$632", "2016-01-31": "$1,426", "2015-10-31": "$549", "2015-07-31": "$753", "2015-04-30": "$635", "2015-01-31": "$-2,640", "2014-10-31": "$352", "2014-07-31": "$234", "2014-04-30": "$418", "2014-01-31": "$521", "2013-10-31": "$341", "2013-07-31": "$611", "2013-04-30": "$498", "2013-01-31": "$961", "2012-10-31": "$637", "2012-07-31": "$704", "2012-04-30": "$697", "2012-01-31": "$981", "2011-10-31": "$555", "2011-07-31": "$704", "2011-04-30": "$689", "2011-01-31": "$1,035", "2010-10-31": "$535", "2010-07-31": "$679", "2010-04-30": "$671", "2010-01-31": "$936", "2009-10-31": "$436", "2009-07-31": "$594", "2009-04-30": "$522", "2009-01-31": "$609", "2008-10-31": "$369", "2008-07-31": "$634", "2008-04-30": "$602", "2008-01-31": "$1,029", "2007-10-31": "$483", "2007-07-31": "$686", "2007-04-30": "$651", "2007-01-31": "$1,118", "2006-10-31": "$506", "2006-07-31": "$609", "2006-04-30": "$554", "2006-01-31": "$939", "2005-10-31": "$435", "2005-07-31": "$540", "2005-04-30": "$494", "2005-01-31": "$825"}}, "eps-earnings-per-share-diluted": {"Target Annual EPS": {"2020": "$6.36", "2019": "$5.51", "2018": "$5.29", "2017": "$4.69", "2016": "$5.31", "2015": "$-2.56", "2014": "$3.07", "2013": "$4.52", "2012": "$4.28", "2011": "$4.00", "2010": "$3.30", "2009": "$2.86", "2008": "$3.33", "2007": "$3.21", "2006": "$2.71", "2005": "$3.51"}, "Target Quarterly EPS": {"2020-10-31": "$2.01", "2020-07-31": "$3.35", "2020-04-30": "$0.56", "2020-01-31": "$1.62", "2019-10-31": "$1.39", "2019-07-31": "$1.82", "2019-04-30": "$1.53", "2019-01-31": "$1.52", "2018-10-31": "$1.17", "2018-07-31": "$1.49", "2018-04-30": "$1.33", "2018-01-31": "$1.98", "2017-10-31": "$0.87", "2017-07-31": "$1.22", "2017-04-30": "$1.22", "2017-01-31": "$1.42", "2016-10-31": "$1.06", "2016-07-31": "$1.16", "2016-04-30": "$1.05", "2016-01-31": "$2.28", "2015-10-31": "$0.87", "2015-07-31": "$1.18", "2015-04-30": "$0.98", "2015-01-31": "$-4.14", "2014-10-31": "$0.55", "2014-07-31": "$0.37", "2014-04-30": "$0.66", "2014-01-31": "$0.81", "2013-10-31": "$0.54", "2013-07-31": "$0.95", "2013-04-30": "$0.77", "2013-01-31": "$1.46", "2012-10-31": "$0.96", "2012-07-31": "$1.06", "2012-04-30": "$1.04", "2012-01-31": "$1.44", "2011-10-31": "$0.82", "2011-07-31": "$1.03", "2011-04-30": "$0.99", "2011-01-31": "$1.44", "2010-10-31": "$0.74", "2010-07-31": "$0.92", "2010-04-30": "$0.90", "2010-01-31": "$1.24", "2009-10-31": "$0.58", "2009-07-31": "$0.79", "2009-04-30": "$0.69", "2009-01-31": "$0.81", "2008-10-31": "$0.49", "2008-07-31": "$0.82", "2008-04-30": "$0.74", "2008-01-31": "$1.22", "2007-10-31": "$0.56", "2007-07-31": "$0.80", "2007-04-30": "$0.75", "2007-01-31": "$1.29", "2006-10-31": "$0.59", "2006-07-31": "$0.70", "2006-04-30": "$0.63", "2006-01-31": "$1.06", "2005-10-31": "$0.49", "2005-07-31": "$0.61", "2005-04-30": "$0.55", "2005-01-31": "$0.92"}}, "shares-outstanding": {"Target Annual Shares Outstanding (Millions of Shares)": {"2020": "516", "2019": "533", "2018": "550", "2017": "583", "2016": "633", "2015": "640", "2014": "642", "2013": "663", "2012": "684", "2011": "729", "2010": "755", "2009": "774", "2008": "851", "2007": "869", "2006": "889", "2005": "912"}, "Target Quarterly Shares Outstanding (Millions of Shares)": {"2020-10-31": "505", "2020-07-31": "504", "2020-04-30": "506", "2020-01-31": "516", "2019-10-31": "515", "2019-07-31": "516", "2019-04-30": "520", "2019-01-31": "533", "2018-10-31": "531", "2018-07-31": "536", "2018-04-30": "541", "2018-01-31": "550", "2017-10-31": "548", "2017-07-31": "552", "2017-04-30": "555", "2017-01-31": "583", "2016-10-31": "575", "2016-07-31": "587", "2016-04-30": "604", "2016-01-31": "633", "2015-10-31": "629", "2015-07-31": "641", "2015-04-30": "646", "2015-01-31": "640", "2014-10-31": "640", "2014-07-31": "638", "2014-04-30": "638", "2014-01-31": "642", "2013-10-31": "637", "2013-07-31": "642", "2013-04-30": "650", "2013-01-31": "663", "2012-10-31": "662", "2012-07-31": "663", "2012-04-30": "672", "2012-01-31": "684", "2011-10-31": "678", "2011-07-31": "685", "2011-04-30": "697", "2011-01-31": "729", "2010-10-31": "721", "2010-07-31": "737", "2010-04-30": "746", "2010-01-31": "755", "2009-10-31": "756", "2009-07-31": "754", "2009-04-30": "753", "2009-01-31": "774", "2008-10-31": "757", "2008-07-31": "774", "2008-04-30": "810", "2008-01-31": "851", "2007-10-31": "851", "2007-07-31": "857", "2007-04-30": "863", "2007-01-31": "869", "2006-10-31": "864", "2006-07-31": "867", "2006-04-30": "878", "2006-01-31": "889", "2005-10-31": "887", "2005-07-31": "891", "2005-04-30": "894", "2005-01-31": "912"}}, "total-assets": {"Target Annual Total Assets (Millions of US $)": {"2020": "$42,779", "2019": "$41,290", "2018": "$40,303", "2017": "$37,431", "2016": "$40,262", "2015": "$41,172", "2014": "$44,553", "2013": "$48,163", "2012": "$46,630", "2011": "$43,705", "2010": "$44,533", "2009": "$44,106", "2008": "$44,560", "2007": "$37,349", "2006": "$34,995", "2005": "$32,293"}, "Target Quarterly Total Assets (Millions of US $)": {"2020-10-31": "$50,661", "2020-07-31": "$48,000", "2020-04-30": "$44,806", "2020-01-31": "$42,779", "2019-10-31": "$43,741", "2019-07-31": "$41,566", "2019-04-30": "$40,619", "2019-01-31": "$41,290", "2018-10-31": "$43,572", "2018-07-31": "$39,996", "2018-04-30": "$38,929", "2018-01-31": "$40,303", "2017-10-31": "$42,009", "2017-07-31": "$38,667", "2017-04-30": "$38,560", "2017-01-31": "$37,431", "2016-10-31": "$38,603", "2016-07-31": "$37,288", "2016-04-30": "$39,908", "2016-01-31": "$40,262", "2015-10-31": "$41,451", "2015-07-31": "$40,193", "2015-04-30": "$40,268", "2015-01-31": "$41,172", "2014-10-31": "$46,461", "2014-07-31": "$44,455", "2014-04-30": "$44,042", "2014-01-31": "$44,553", "2013-10-31": "$46,373", "2013-07-31": "$44,162", "2013-04-30": "$44,234", "2013-01-31": "$48,163", "2012-10-31": "$49,579", "2012-07-31": "$47,325", "2012-04-30": "$46,175", "2012-01-31": "$46,630", "2011-10-31": "$48,447", "2011-07-31": "$45,499", "2011-04-30": "$42,996", "2011-01-31": "$43,705", "2010-10-31": "$44,949", "2010-07-31": "$43,655", "2010-04-30": "$43,323", "2010-01-31": "$44,533", "2009-10-31": "$45,979", "2009-07-31": "$44,233", "2009-04-30": "$44,212", "2009-01-31": "$44,106", "2008-10-31": "$47,041", "2008-07-31": "$45,140", "2008-04-30": "$42,830", "2008-01-31": "$44,560", "2007-10-31": "$43,289", "2007-07-31": "$39,466", "2007-04-30": "$38,284", "2007-01-31": "$37,349", "2006-10-31": "$37,867", "2006-07-31": "$35,423", "2006-04-30": "$34,749", "2006-01-31": "$34,995", "2005-10-31": "$34,498", "2005-07-31": "$31,919", "2005-04-30": "$31,295", "2005-01-31": "$32,293"}}, "cash-on-hand": {"Target Annual Cash on Hand (Millions of US $)": {"2020": "$2,577", "2019": "$1,556", "2018": "$2,643", "2017": "$2,512", "2016": "$4,046", "2015": "$2,210", "2014": "$670", "2013": "$784", "2012": "$794", "2011": "$1,712", "2010": "$2,200", "2009": "$864", "2008": "$2,450", "2007": "$813", "2006": "$1,648", "2005": "$2,245"}, "Target Quarterly Cash on Hand (Millions of US $)": {"2020-10-31": "$5,996", "2020-07-31": "$7,284", "2020-04-30": "$4,566", "2020-01-31": "$2,577", "2019-10-31": "$969", "2019-07-31": "$1,656", "2019-04-30": "$1,173", "2019-01-31": "$1,556", "2018-10-31": "$825", "2018-07-31": "$1,180", "2018-04-30": "$1,060", "2018-01-31": "$2,643", "2017-10-31": "$2,725", "2017-07-31": "$2,291", "2017-04-30": "$2,680", "2017-01-31": "$2,512", "2016-10-31": "$1,231", "2016-07-31": "$1,480", "2016-04-30": "$4,036", "2016-01-31": "$4,046", "2015-10-31": "$1,977", "2015-07-31": "$2,742", "2015-04-30": "$2,768", "2015-01-31": "$2,210", "2014-10-31": "$718", "2014-07-31": "$766", "2014-04-30": "$677", "2014-01-31": "$670", "2013-10-31": "$706", "2013-07-31": "$1,018", "2013-04-30": "$1,819", "2013-01-31": "$784", "2012-10-31": "$1,469", "2012-07-31": "$1,442", "2012-04-30": "$675", "2012-01-31": "$794", "2011-10-31": "$821", "2011-07-31": "$890", "2011-04-30": "$1,424", "2011-01-31": "$1,712", "2010-10-31": "$936", "2010-07-31": "$1,540", "2010-04-30": "$1,578", "2010-01-31": "$2,200", "2009-10-31": "$864", "2009-07-31": "$957", "2009-04-30": "$1,371", "2009-01-31": "$864", "2008-10-31": "$918", "2008-07-31": "$1,527", "2008-04-30": "$620", "2008-01-31": "$2,450", "2007-10-31": "$627", "2007-07-31": "$555", "2007-04-30": "$969", "2007-01-31": "$813", "2006-10-31": "$451", "2006-07-31": "$477", "2006-04-30": "$989", "2006-01-31": "$1,648", "2005-10-31": "$503", "2005-07-31": "$696", "2005-04-30": "$1,152", "2005-01-31": "$2,245"}}, "long-term-debt": {"Target Annual Long Term Debt (Millions of US $)": {"2020": "$11,338", "2019": "$10,223", "2018": "$11,117", "2017": "$11,031", "2016": "$11,945", "2015": "$12,634", "2014": "$11,429", "2013": "$14,654", "2012": "$13,697", "2011": "$15,607", "2010": "$15,118", "2009": "$17,490", "2008": "$15,126", "2007": "$8,675", "2006": "$9,119", "2005": "$9,034"}, "Target Quarterly Long Term Debt (Millions of US $)": {"2020-10-31": "$12,490", "2020-07-31": "$14,188", "2020-04-30": "$14,073", "2020-01-31": "$11,338", "2019-10-31": "$10,513", "2019-07-31": "$10,365", "2019-04-30": "$11,357", "2019-01-31": "$10,223", "2018-10-31": "$10,104", "2018-07-31": "$10,108", "2018-04-30": "$11,107", "2018-01-31": "$11,117", "2017-10-31": "$11,090", "2017-07-31": "$10,706", "2017-04-30": "$10,916", "2017-01-31": "$11,031", "2016-10-31": "$12,097", "2016-07-31": "$12,063", "2016-04-30": "$12,596", "2016-01-31": "$11,945", "2015-10-31": "$11,887", "2015-07-31": "$11,817", "2015-04-30": "$12,585", "2015-01-31": "$12,634", "2014-10-31": "$12,623", "2014-07-31": "$12,625", "2014-04-30": "$11,391", "2014-01-31": "$11,429", "2013-10-31": "$12,665", "2013-07-31": "$12,655", "2013-04-30": "$13,691", "2013-01-31": "$14,654", "2012-10-31": "$14,526", "2012-07-31": "$15,229", "2012-04-30": "$14,967", "2012-01-31": "$13,697", "2011-10-31": "$16,156", "2011-07-31": "$16,160", "2011-04-30": "$14,416", "2011-01-31": "$15,607", "2010-10-31": "$15,680", "2010-07-31": "$15,737", "2010-04-30": "$14,794", "2010-01-31": "$15,118", "2009-10-31": "$15,895", "2009-07-31": "$17,441", "2009-04-30": "$17,514", "2009-01-31": "$17,490", "2008-10-31": "$17,444", "2008-07-31": "$17,932", "2008-04-30": "$15,130", "2008-01-31": "$15,126", "2007-10-31": "$11,239", "2007-07-31": "$10,152", "2007-04-30": "$10,151", "2007-01-31": "$8,675", "2006-10-31": "$9,123", "2006-07-31": "$9,351", "2006-04-30": "$8,596", "2006-01-31": "$9,119", "2005-10-31": "$9,143", "2005-07-31": "$8,226", "2005-04-30": "$9,005", "2005-01-31": "$9,034"}}, "total-liabilities": {"Target Annual Total Liabilities (Millions of US $)": {"2020": "$30,946", "2019": "$29,993", "2018": "$28,652", "2017": "$26,478", "2016": "$27,305", "2015": "$27,175", "2014": "$28,322", "2013": "$31,605", "2012": "$30,809", "2011": "$28,218", "2010": "$29,186", "2009": "$30,394", "2008": "$29,253", "2007": "$21,716", "2006": "$20,790", "2005": "$19,264"}, "Target Quarterly Total Liabilities (Millions of US $)": {"2020-10-31": "$37,342", "2020-07-31": "$35,422", "2020-04-30": "$33,637", "2020-01-31": "$30,946", "2019-10-31": "$32,196", "2019-07-31": "$29,730", "2019-04-30": "$29,502", "2019-01-31": "$29,993", "2018-10-31": "$32,492", "2018-07-31": "$28,829", "2018-04-30": "$27,771", "2018-01-31": "$28,652", "2017-10-31": "$30,917", "2017-07-31": "$27,612", "2017-04-30": "$27,581", "2017-01-31": "$26,478", "2016-10-31": "$27,534", "2016-07-31": "$25,711", "2016-04-30": "$27,363", "2016-01-31": "$27,305", "2015-10-31": "$28,195", "2015-07-31": "$26,251", "2015-04-30": "$26,094", "2015-01-31": "$27,175", "2014-10-31": "$30,088", "2014-07-31": "$28,022", "2014-04-30": "$27,556", "2014-01-31": "$28,322", "2013-10-31": "$30,217", "2013-07-31": "$28,142", "2013-04-30": "$27,714", "2013-01-31": "$31,605", "2012-10-31": "$33,227", "2012-07-31": "$31,428", "2012-04-30": "$30,312", "2012-01-31": "$30,809", "2011-10-31": "$33,183", "2011-07-31": "$30,393", "2011-04-30": "$27,766", "2011-01-31": "$28,218", "2010-10-31": "$30,070", "2010-07-31": "$28,387", "2010-04-30": "$27,726", "2010-01-31": "$29,186", "2009-10-31": "$31,008", "2009-07-31": "$29,631", "2009-04-30": "$30,093", "2009-01-31": "$30,394", "2008-10-31": "$33,461", "2008-07-31": "$31,683", "2008-04-30": "$28,473", "2008-01-31": "$29,253", "2007-10-31": "$27,129", "2007-07-31": "$23,512", "2007-04-30": "$22,573", "2007-01-31": "$21,716", "2006-10-31": "$23,067", "2006-07-31": "$21,050", "2006-04-30": "$20,379", "2006-01-31": "$20,790", "2005-10-31": "$20,942", "2005-07-31": "$18,397", "2005-04-30": "$18,248", "2005-01-31": "$19,264"}}, "total-share-holder-equity": {"Target Annual Share Holder Equity (Millions of US $)": {"2020": "$11,833", "2019": "$11,297", "2018": "$11,651", "2017": "$10,953", "2016": "$12,957", "2015": "$13,997", "2014": "$16,231", "2013": "$16,558", "2012": "$15,821", "2011": "$15,487", "2010": "$15,347", "2009": "$13,712", "2008": "$15,307", "2007": "$15,633", "2006": "$14,205", "2005": "$13,029"}, "Target Quarterly Share Holder Equity (Millions of US $)": {"2020-10-31": "$13,319", "2020-07-31": "$12,578", "2020-04-30": "$11,169", "2020-01-31": "$11,833", "2019-10-31": "$11,545", "2019-07-31": "$11,836", "2019-04-30": "$11,117", "2019-01-31": "$11,297", "2018-10-31": "$11,080", "2018-07-31": "$11,167", "2018-04-30": "$11,158", "2018-01-31": "$11,651", "2017-10-31": "$11,092", "2017-07-31": "$11,055", "2017-04-30": "$10,979", "2017-01-31": "$10,953", "2016-10-31": "$11,069", "2016-07-31": "$11,577", "2016-04-30": "$12,545", "2016-01-31": "$12,957", "2015-10-31": "$13,256", "2015-07-31": "$13,942", "2015-04-30": "$14,174", "2015-01-31": "$13,997", "2014-10-31": "$16,373", "2014-07-31": "$16,433", "2014-04-30": "$16,486", "2014-01-31": "$16,231", "2013-10-31": "$16,156", "2013-07-31": "$16,020", "2013-04-30": "$16,520", "2013-01-31": "$16,558", "2012-10-31": "$16,352", "2012-07-31": "$15,897", "2012-04-30": "$15,863", "2012-01-31": "$15,821", "2011-10-31": "$15,264", "2011-07-31": "$15,106", "2011-04-30": "$15,230", "2011-01-31": "$15,487", "2010-10-31": "$14,879", "2010-07-31": "$15,268", "2010-04-30": "$15,597", "2010-01-31": "$15,347", "2009-10-31": "$14,971", "2009-07-31": "$14,602", "2009-04-30": "$14,119", "2009-01-31": "$13,712", "2008-10-31": "$13,580", "2008-07-31": "$13,457", "2008-04-30": "$14,357", "2008-01-31": "$15,307", "2007-10-31": "$16,160", "2007-07-31": "$15,954", "2007-04-30": "$15,711", "2007-01-31": "$15,633", "2006-10-31": "$14,800", "2006-07-31": "$14,373", "2006-04-30": "$14,370", "2006-01-31": "$14,205", "2005-10-31": "$13,556", "2005-07-31": "$13,522", "2005-04-30": "$13,047", "2005-01-31": "$13,029"}}, "profit-margins": {"current": "4.31%"}, "gross margin": {"2020-10-31": "29.19%", "2020-07-31": "28.92%", "2020-04-30": "28.68%", "2020-01-31": "29.76%", "2019-10-31": "29.58%", "2019-07-31": "29.33%", "2019-04-30": "29.24%", "2019-01-31": "29.27%", "2018-10-31": "29.41%", "2018-07-31": "29.62%", "2018-04-30": "29.64%", "2018-01-31": "29.69%", "2017-10-31": "30.36%", "2017-07-31": "30.18%", "2017-04-30": "30.07%", "2017-01-31": "30.06%", "2016-10-31": "29.39%", "2016-07-31": "29.28%", "2016-04-30": "29.30%", "2016-01-31": "29.20%", "2015-10-31": "29.69%", "2015-07-31": "29.72%", "2015-04-30": "29.61%", "2015-01-31": "29.39%", "2014-10-31": "29.20%", "2014-07-31": "29.26%", "2014-04-30": "29.49%", "2014-01-31": "29.80%", "2013-10-31": "29.91%", "2013-07-31": "30.21%", "2013-04-30": "30.36%", "2013-01-31": "30.38%", "2012-10-31": "30.58%", "2012-07-31": "30.63%", "2012-04-30": "30.73%", "2012-01-31": "30.86%", "2011-10-31": "30.98%", "2011-07-31": "30.93%", "2011-04-30": "30.88%", "2011-01-31": "30.87%", "2010-10-31": "30.79%", "2010-07-31": "30.67%", "2010-04-30": "30.49%", "2010-01-31": "30.26%", "2009-10-31": "29.50%", "2009-07-31": "29.44%", "2009-04-30": "29.34%", "2009-01-31": "29.53%", "2008-10-31": "30.43%", "2008-07-31": "30.56%", "2008-04-30": "30.84%", "2008-01-31": "30.93%", "2007-10-31": "30.02%", "2007-07-31": "30.50%", "2007-04-30": "30.73%", "2007-01-31": "30.96%", "2006-10-31": "32.52%", "2006-07-31": "32.37%", "2006-04-30": "32.23%", "2006-01-31": "32.15%", "2005-10-31": "32.10%"}, "operating margin": {"2020-10-31": "6.66%", "2020-07-31": "5.87%", "2020-04-30": "4.98%", "2020-01-31": "5.96%", "2019-10-31": "5.89%", "2019-07-31": "5.72%", "2019-04-30": "5.52%", "2019-01-31": "5.45%", "2018-10-31": "5.47%", "2018-07-31": "5.58%", "2018-04-30": "5.61%", "2018-01-31": "5.81%", "2017-10-31": "6.09%", "2017-07-31": "6.43%", "2017-04-30": "6.70%", "2017-01-31": "6.92%", "2016-10-31": "8.22%", "2016-07-31": "7.83%", "2016-04-30": "7.81%", "2016-01-31": "7.49%", "2015-10-31": "6.69%", "2015-07-31": "6.76%", "2015-04-30": "6.39%", "2015-01-31": "6.25%", "2014-10-31": "7.41%", "2014-07-31": "7.13%", "2014-04-30": "7.27%", "2014-01-31": "7.25%", "2013-10-31": "6.62%", "2013-07-31": "7.06%", "2013-04-30": "7.26%", "2013-01-31": "7.61%", "2012-10-31": "7.30%", "2012-07-31": "7.43%", "2012-04-30": "7.55%", "2012-01-31": "7.62%", "2011-10-31": "7.80%", "2011-07-31": "7.76%", "2011-04-30": "7.79%", "2011-01-31": "7.79%", "2010-10-31": "7.62%", "2010-07-31": "7.52%", "2010-04-30": "7.39%", "2010-01-31": "7.15%", "2009-10-31": "6.50%", "2009-07-31": "6.51%", "2009-04-30": "6.57%", "2009-01-31": "6.78%", "2008-10-31": "7.80%", "2008-07-31": "7.98%", "2008-04-30": "8.16%", "2008-01-31": "8.32%", "2007-10-31": "8.52%", "2007-07-31": "8.69%", "2007-04-30": "8.66%", "2007-01-31": "8.52%", "2006-10-31": "8.31%", "2006-07-31": "8.29%", "2006-04-30": "8.21%", "2006-01-31": "8.22%", "2005-10-31": "8.11%"}, "ebitda margin": {"2020-10-31": "9.53%", "2020-07-31": "8.92%", "2020-04-30": "8.23%", "2020-01-31": "9.30%", "2019-10-31": "9.18%", "2019-07-31": "8.98%", "2019-04-30": "8.78%", "2019-01-31": "8.74%", "2018-10-31": "8.78%", "2018-07-31": "9.00%", "2018-04-30": "9.06%", "2018-01-31": "9.21%", "2017-10-31": "9.52%", "2017-07-31": "9.78%", "2017-04-30": "10.04%", "2017-01-31": "10.22%", "2016-10-31": "11.41%", "2016-07-31": "10.96%", "2016-04-30": "10.85%", "2016-01-31": "10.49%", "2015-10-31": "9.66%", "2015-07-31": "9.71%", "2015-04-30": "9.34%", "2015-01-31": "9.18%", "2014-10-31": "10.13%", "2014-07-31": "9.89%", "2014-04-30": "10.03%", "2014-01-31": "10.05%", "2013-10-31": "9.45%", "2013-07-31": "9.87%", "2013-04-30": "10.07%", "2013-01-31": "10.40%", "2012-10-31": "10.32%", "2012-07-31": "10.47%", "2012-04-30": "10.58%", "2012-01-31": "10.67%", "2011-10-31": "10.84%", "2011-07-31": "10.82%", "2011-04-30": "10.86%", "2011-01-31": "10.89%", "2010-10-31": "10.73%", "2010-07-31": "10.65%", "2010-04-30": "10.52%", "2010-01-31": "10.25%", "2009-10-31": "9.53%", "2009-07-31": "9.44%", "2009-04-30": "9.44%", "2009-01-31": "9.59%", "2008-10-31": "10.54%", "2008-07-31": "10.66%", "2008-04-30": "10.81%", "2008-01-31": "10.94%", "2007-10-31": "11.10%", "2007-07-31": "11.26%", "2007-04-30": "11.22%", "2007-01-31": "11.04%", "2006-10-31": "10.89%", "2006-07-31": "10.86%", "2006-04-30": "10.81%", "2006-01-31": "10.89%", "2005-10-31": "10.83%"}, "pre tax profit margin": {"2020-10-31": "5.49%", "2020-07-31": "5.28%", "2020-04-30": "4.37%", "2020-01-31": "5.36%", "2019-10-31": "5.35%", "2019-07-31": "5.16%", "2019-04-30": "4.95%", "2019-01-31": "4.88%", "2018-10-31": "4.88%", "2018-07-31": "4.80%", "2018-04-30": "4.81%", "2018-01-31": "4.99%", "2017-10-31": "5.37%", "2017-07-31": "5.84%", "2017-04-30": "5.82%", "2017-01-31": "5.64%", "2016-10-31": "6.78%", "2016-07-31": "6.40%", "2016-04-30": "6.62%", "2016-01-31": "6.67%", "2015-10-31": "5.87%", "2015-07-31": "5.95%", "2015-04-30": "5.18%", "2015-01-31": "5.03%", "2014-10-31": "5.71%", "2014-07-31": "5.40%", "2014-04-30": "5.91%", "2014-01-31": "5.78%", "2013-10-31": "5.68%", "2013-07-31": "6.29%", "2013-04-30": "6.47%", "2013-01-31": "6.90%", "2012-10-31": "6.34%", "2012-07-31": "6.22%", "2012-04-30": "6.32%", "2012-01-31": "6.38%", "2011-10-31": "6.69%", "2011-07-31": "6.65%", "2011-04-30": "6.67%", "2011-01-31": "6.67%", "2010-10-31": "6.45%", "2010-07-31": "6.35%", "2010-04-30": "6.21%", "2010-01-31": "5.92%", "2009-10-31": "5.26%", "2009-07-31": "5.20%", "2009-04-30": "5.24%", "2009-01-31": "5.44%", "2008-10-31": "6.53%", "2008-07-31": "6.78%", "2008-04-30": "7.05%", "2008-01-31": "7.30%", "2007-10-31": "7.54%", "2007-07-31": "7.74%", "2007-04-30": "7.71%", "2007-01-31": "7.56%", "2006-10-31": "7.35%", "2006-07-31": "7.36%", "2006-04-30": "7.31%", "2006-01-31": "7.34%", "2005-10-31": "7.23%"}, "net profit margin": {"2020-10-31": "4.31%", "2020-07-31": "4.16%", "2020-04-30": "3.46%", "2020-01-31": "4.20%", "2019-10-31": "4.18%", "2019-07-31": "4.10%", "2019-04-30": "3.96%", "2019-01-31": "3.90%", "2018-10-31": "4.28%", "2018-07-31": "4.14%", "2018-04-30": "4.03%", "2018-01-31": "4.01%", "2017-10-31": "3.71%", "2017-07-31": "3.92%", "2017-04-30": "3.95%", "2017-01-31": "3.89%", "2016-10-31": "4.75%", "2016-07-31": "4.59%", "2016-04-30": "4.61%", "2016-01-31": "4.56%", "2015-10-31": "-0.95%", "2015-07-31": "-1.22%", "2015-04-30": "-1.94%", "2015-01-31": "-2.25%", "2014-10-31": "2.15%", "2014-07-31": "2.13%", "2014-04-30": "2.65%", "2014-01-31": "2.77%", "2013-10-31": "3.27%", "2013-07-31": "3.68%", "2013-04-30": "3.83%", "2013-01-31": "4.09%", "2012-10-31": "4.20%", "2012-07-31": "4.12%", "2012-04-30": "4.15%", "2012-01-31": "4.19%", "2011-10-31": "4.31%", "2011-07-31": "4.33%", "2011-04-30": "4.34%", "2011-01-31": "4.33%", "2010-10-31": "4.22%", "2010-07-31": "4.09%", "2010-04-30": "3.99%", "2010-01-31": "3.81%", "2009-10-31": "3.34%", "2009-07-31": "3.24%", "2009-04-30": "3.28%", "2009-01-31": "3.41%", "2008-10-31": "4.04%", "2008-07-31": "4.23%", "2008-04-30": "4.37%", "2008-01-31": "4.50%", "2007-10-31": "4.65%", "2007-07-31": "4.78%", "2007-04-30": "4.75%", "2007-01-31": "4.68%", "2006-10-31": "4.60%", "2006-07-31": "4.58%", "2006-04-30": "4.57%", "2006-01-31": "4.58%", "2005-10-31": "4.51%"}, "pe ratio": {"current": "22.35", "2021-02-05": "25.01", "2020-10-31": "20.08", "2020-07-31": "18.00", "2020-04-30": "20.03", "2020-01-31": "17.04", "2019-10-31": "16.64", "2019-07-31": "13.83", "2019-04-30": "12.99", "2019-01-31": "12.59", "2018-10-31": "13.10", "2018-07-31": "13.17", "2018-04-30": "12.34", "2018-01-31": "12.91", "2017-10-31": "11.23", "2017-07-31": "10.27", "2017-04-30": "10.14", "2017-01-31": "12.04", "2016-10-31": "10.75", "2016-07-31": "12.10", "2016-04-30": "12.62", "2016-01-31": "11.56", "2015-10-31": "0.00", "2015-07-31": "0.00", "2015-04-30": "0.00", "2015-01-31": "0.00", "2014-10-31": "21.30", "2014-07-31": "20.44", "2014-04-30": "16.91", "2014-01-31": "14.84", "2013-10-31": "13.88", "2013-07-31": "13.63", "2013-04-30": "13.08", "2013-01-31": "10.47", "2012-10-31": "11.04", "2012-07-31": "10.78", "2012-04-30": "10.31", "2012-01-31": "9.09", "2011-10-31": "9.74", "2011-07-31": "9.28", "2011-04-30": "9.04", "2011-01-31": "10.28", "2010-10-31": "10.23", "2010-07-31": "10.50", "2010-04-30": "12.03", "2010-01-31": "11.49", "2009-10-31": "12.44", "2009-07-31": "11.52", "2009-04-30": "10.74", "2009-01-31": "7.94", "2008-10-31": "8.85", "2008-07-31": "9.74", "2008-04-30": "11.48", "2008-01-31": "11.91", "2007-10-31": "12.92", "2007-07-31": "12.61", "2007-04-30": "12.71", "2007-01-31": "13.60", "2006-10-31": "14.10"}, "price sales": {"2021-02-05": "1.08", "2020-10-31": "0.87", "2020-07-31": "0.75", "2020-04-30": "0.69", "2020-01-31": "0.72", "2019-10-31": "0.70", "2019-07-31": "0.57", "2019-04-30": "0.52", "2019-01-31": "0.49", "2018-10-31": "0.56", "2018-07-31": "0.55", "2018-04-30": "0.50", "2018-01-31": "0.52", "2017-10-31": "0.42", "2017-07-31": "0.41", "2017-04-30": "0.41", "2017-01-31": "0.47", "2016-10-31": "0.51", "2016-07-31": "0.56", "2016-04-30": "0.59", "2016-01-31": "0.53", "2015-10-31": "0.57", "2015-07-31": "0.60", "2015-04-30": "0.58", "2015-01-31": "0.54", "2014-10-31": "0.46", "2014-07-31": "0.44", "2014-04-30": "0.45", "2014-01-31": "0.41", "2013-10-31": "0.46", "2013-07-31": "0.50", "2013-04-30": "0.50", "2013-01-31": "0.43", "2012-10-31": "0.46", "2012-07-31": "0.45", "2012-04-30": "0.43", "2012-01-31": "0.38", "2011-10-31": "0.42", "2011-07-31": "0.40", "2011-04-30": "0.39", "2011-01-31": "0.45", "2010-10-31": "0.43", "2010-07-31": "0.43", "2010-04-30": "0.48", "2010-01-31": "0.44", "2009-10-31": "0.42", "2009-07-31": "0.38", "2009-04-30": "0.36", "2009-01-31": "0.27", "2008-10-31": "0.36", "2008-07-31": "0.41", "2008-04-30": "0.50", "2008-01-31": "0.54", "2007-10-31": "0.60", "2007-07-31": "0.60", "2007-04-30": "0.60", "2007-01-31": "0.64", "2006-10-31": "0.65"}, "price book": {"current": "7.10", "2021-02-05": "7.10", "2020-10-31": "5.70", "2020-07-31": "4.96", "2020-04-30": "4.84", "2020-01-31": "4.62", "2019-10-31": "4.57", "2019-07-31": "3.61", "2019-04-30": "3.42", "2019-01-31": "3.18", "2018-10-31": "3.71", "2018-07-31": "3.55", "2018-04-30": "3.21", "2018-01-31": "3.21", "2017-10-31": "2.63", "2017-07-31": "2.52", "2017-04-30": "2.50", "2017-01-31": "2.89", "2016-10-31": "3.06", "2016-07-31": "3.24", "2016-04-30": "3.24", "2016-01-31": "2.87", "2015-10-31": "3.05", "2015-07-31": "3.11", "2015-04-30": "2.97", "2015-01-31": "2.79", "2014-10-31": "1.97", "2014-07-31": "1.88", "2014-04-30": "1.92", "2014-01-31": "1.78", "2013-10-31": "2.02", "2013-07-31": "2.23", "2013-04-30": "2.16", "2013-01-31": "1.85", "2012-10-31": "1.99", "2012-07-31": "1.94", "2012-04-30": "1.86", "2012-01-31": "1.65", "2011-10-31": "1.84", "2011-07-31": "1.75", "2011-04-30": "1.68", "2011-01-31": "1.87", "2010-10-31": "1.85", "2010-07-31": "1.81", "2010-04-30": "2.00", "2010-01-31": "1.84", "2009-10-31": "1.79", "2009-07-31": "1.65", "2009-04-30": "1.61", "2009-01-31": "1.25", "2008-10-31": "1.61", "2008-07-31": "1.83", "2008-04-30": "2.10", "2008-01-31": "2.13", "2007-10-31": "2.30", "2007-07-31": "2.30", "2007-04-30": "2.29", "2007-01-31": "2.40", "2006-10-31": "2.44", "2006-07-31": "1.94", "2006-04-30": "2.27", "2006-01-31": "2.38"}, "price fcf": {"2021-02-05": "", "2020-10-31": "$14.60", "2020-07-31": "$12.65", "2020-04-30": "$9.75", "2020-01-31": "$8.05", "2019-10-31": "$6.75", "2019-07-31": "$5.89", "2019-04-30": "$4.71", "2019-01-31": "$4.77", "2018-10-31": "$5.03", "2018-07-31": "$6.54", "2018-04-30": "$5.99", "2018-01-31": "$8.06", "2017-10-31": "$8.29", "2017-07-31": "$8.54", "2017-04-30": "$8.33", "2017-01-31": "$6.77", "2016-10-31": "$5.84", "2016-07-31": "$5.20", "2016-04-30": "$5.17", "2016-01-31": "$7.19", "2015-10-31": "$7.47", "2015-07-31": "$6.65", "2015-04-30": "$6.21", "2015-01-31": "$4.33", "2014-10-31": "$5.42", "2014-07-31": "$4.90", "2014-04-30": "$3.80", "2014-01-31": "$7.33", "2013-10-31": "$6.13", "2013-07-31": "$6.74", "2013-04-30": "$7.49", "2013-01-31": "$4.59", "2012-10-31": "$4.32", "2012-07-31": "$3.01", "2012-04-30": "$1.72", "2012-01-31": "$1.61", "2011-10-31": "$1.49", "2011-07-31": "$3.16", "2011-04-30": "$3.98", "2011-01-31": "$4.40", "2010-10-31": "$5.19", "2010-07-31": "$5.35", "2010-04-30": "$5.95", "2010-01-31": "$5.54", "2009-10-31": "$4.67", "2009-07-31": "$2.80", "2009-04-30": "$2.07", "2009-01-31": "$1.19", "2008-10-31": "$0.57", "2008-07-31": "$0.92", "2008-04-30": "$0.40", "2008-01-31": "$-0.18", "2007-10-31": "$0.53", "2007-07-31": "$0.64", "2007-04-30": "$0.72", "2007-01-31": "$1.15", "2006-10-31": "$-0.21"}, "net worth": {"value": "$94.58B"}, "current ratio": {"current": "1.05", "2020-10-31": "1.05", "2020-07-31": "1.11", "2020-04-30": "1.01", "2020-01-31": "0.89", "2019-10-31": "0.83", "2019-07-31": "0.84", "2019-04-30": "0.88", "2019-01-31": "0.83", "2018-10-31": "0.83", "2018-07-31": "0.82", "2018-04-30": "0.90", "2018-01-31": "0.96", "2017-10-31": "0.96", "2017-07-31": "0.92", "2017-04-30": "0.96", "2017-01-31": "0.94", "2016-10-31": "1.02", "2016-07-31": "1.05", "2016-04-30": "1.16", "2016-01-31": "1.12", "2015-10-31": "1.08", "2015-07-31": "1.14", "2015-04-30": "1.23", "2015-01-31": "1.16", "2014-10-31": "1.02", "2014-07-31": "1.02", "2014-04-30": "0.92", "2014-01-31": "0.91", "2013-10-31": "0.90", "2013-07-31": "0.90", "2013-04-30": "1.06", "2013-01-31": "1.17", "2012-10-31": "1.18", "2012-07-31": "1.23", "2012-04-30": "1.25", "2012-01-31": "1.15", "2011-10-31": "1.30", "2011-07-31": "1.38", "2011-04-30": "1.51", "2011-01-31": "1.71", "2010-10-31": "1.56", "2010-07-31": "1.71", "2010-04-30": "1.69", "2010-01-31": "1.63", "2009-10-31": "1.58", "2009-07-31": "1.80", "2009-04-30": "1.71", "2009-01-31": "1.66", "2008-10-31": "1.50", "2008-07-31": "1.64", "2008-04-30": "1.53", "2008-01-31": "1.61", "2007-10-31": "1.35", "2007-07-31": "1.37", "2007-04-30": "1.46", "2007-01-31": "1.32", "2006-10-31": "1.29", "2006-07-31": "1.41", "2006-04-30": "1.40", "2006-01-31": "1.50", "2005-10-31": "1.50", "2005-07-31": "1.54", "2005-04-30": "1.74", "2005-01-31": "1.69"}, "quick ratio": {"2020-10-31": "0.39", "2020-07-31": "0.55", "2020-04-30": "0.42", "2020-01-31": "0.27", "2019-10-31": "0.15", "2019-07-31": "0.21", "2019-04-30": "0.19", "2019-01-31": "0.20", "2018-10-31": "0.13", "2018-07-31": "0.17", "2018-04-30": "0.19", "2018-01-31": "0.30", "2017-10-31": "0.27", "2017-07-31": "0.27", "2017-04-30": "0.31", "2017-01-31": "0.29", "2016-10-31": "0.22", "2016-07-31": "0.26", "2016-04-30": "0.46", "2016-01-31": "0.44", "2015-10-31": "0.33", "2015-07-31": "0.43", "2015-04-30": "0.47", "2015-01-31": "0.46", "2014-10-31": "0.29", "2014-07-31": "0.32", "2014-04-30": "0.26", "2014-01-31": "0.26", "2013-10-31": "0.19", "2013-07-31": "0.24", "2013-04-30": "0.34", "2013-01-31": "0.61", "2012-10-31": "0.57", "2012-07-31": "0.65", "2012-04-30": "0.64", "2012-01-31": "0.60", "2011-10-31": "0.60", "2011-07-31": "0.70", "2011-04-30": "0.80", "2011-01-31": "0.96", "2010-10-31": "0.75", "2010-07-31": "0.94", "2010-04-30": "0.98", "2010-01-31": "0.99", "2009-10-31": "0.82", "2009-07-31": "1.04", "2009-04-30": "1.03", "2009-01-31": "1.03", "2008-10-31": "0.83", "2008-07-31": "1.00", "2008-04-30": "0.91", "2008-01-31": "1.03", "2007-10-31": "0.71", "2007-07-31": "0.77", "2007-04-30": "0.82", "2007-01-31": "0.76", "2006-10-31": "0.63", "2006-07-31": "0.76", "2006-04-30": "0.78", "2006-01-31": "0.89", "2005-10-31": "0.72", "2005-07-31": "0.84", "2005-04-30": "0.98", "2005-01-31": "1.04"}, "debt equity ratio": {"current": "0.94", "2020-10-31": "2.80", "2020-07-31": "2.82", "2020-04-30": "3.01", "2020-01-31": "2.62", "2019-10-31": "2.79", "2019-07-31": "2.51", "2019-04-30": "2.65", "2019-01-31": "2.66", "2018-10-31": "2.93", "2018-07-31": "2.58", "2018-04-30": "2.49", "2018-01-31": "2.46", "2017-10-31": "2.79", "2017-07-31": "2.50", "2017-04-30": "2.51", "2017-01-31": "2.42", "2016-10-31": "2.49", "2016-07-31": "2.22", "2016-04-30": "2.18", "2016-01-31": "2.11", "2015-10-31": "2.13", "2015-07-31": "1.88", "2015-04-30": "1.84", "2015-01-31": "1.94", "2014-10-31": "1.84", "2014-07-31": "1.71", "2014-04-30": "1.67", "2014-01-31": "1.75", "2013-10-31": "1.87", "2013-07-31": "1.76", "2013-04-30": "1.68", "2013-01-31": "1.91", "2012-10-31": "2.03", "2012-07-31": "1.98", "2012-04-30": "1.91", "2012-01-31": "1.95", "2011-10-31": "2.17", "2011-07-31": "2.01", "2011-04-30": "1.82", "2011-01-31": "1.82", "2010-10-31": "2.02", "2010-07-31": "1.86", "2010-04-30": "1.78", "2010-01-31": "1.90", "2009-10-31": "2.07", "2009-07-31": "2.03", "2009-04-30": "2.13", "2009-01-31": "2.22", "2008-10-31": "2.46", "2008-07-31": "2.35", "2008-04-30": "1.98", "2008-01-31": "1.91", "2007-10-31": "1.68", "2007-07-31": "1.47", "2007-04-30": "1.44", "2007-01-31": "1.39", "2006-10-31": "1.56", "2006-07-31": "1.47", "2006-04-30": "1.42", "2006-01-31": "1.46", "2005-10-31": "1.55", "2005-07-31": "1.36", "2005-04-30": "1.40", "2005-01-31": "1.48"}, "return on equity": {"2020-10-31": "31.26%", "2020-07-31": "29.89%", "2020-04-30": "23.89%", "2020-01-31": "28.33%", "2019-10-31": "28.34%", "2019-07-31": "27.82%", "2019-04-30": "26.99%", "2019-01-31": "26.28%", "2018-10-31": "28.64%", "2018-07-31": "27.35%", "2018-04-30": "26.28%", "2018-01-31": "26.03%", "2017-10-31": "23.97%", "2017-07-31": "25.16%", "2017-04-30": "24.95%", "2017-01-31": "23.70%", "2016-10-31": "27.80%", "2016-07-31": "26.12%", "2016-04-30": "25.50%", "2016-01-31": "24.76%", "2015-10-31": "-5.08%", "2015-07-31": "-6.16%", "2015-04-30": "-9.31%", "2015-01-31": "-10.34%", "2014-10-31": "9.31%", "2014-07-31": "9.27%", "2014-04-30": "11.66%", "2014-01-31": "12.14%", "2013-10-31": "14.78%", "2013-07-31": "16.54%", "2013-04-30": "17.14%", "2013-01-31": "18.55%", "2012-10-31": "18.89%", "2012-07-31": "18.69%", "2012-04-30": "18.93%", "2012-01-31": "19.07%", "2011-10-31": "19.53%", "2011-07-31": "19.52%", "2011-04-30": "19.31%", "2011-01-31": "19.08%", "2010-10-31": "18.47%", "2010-07-31": "17.80%", "2010-04-30": "17.43%", "2010-01-31": "16.86%", "2009-10-31": "15.06%", "2009-07-31": "14.95%", "2009-04-30": "15.56%", "2009-01-31": "16.07%", "2008-10-31": "18.58%", "2008-07-31": "18.54%", "2008-04-30": "18.13%", "2008-01-31": "18.05%", "2007-10-31": "18.52%", "2007-07-31": "19.07%", "2007-04-30": "19.06%", "2007-01-31": "18.84%", "2006-10-31": "18.06%", "2006-07-31": "17.96%", "2006-04-30": "17.74%", "2006-01-31": "17.73%", "2005-10-31": "17.26%"}, "return on assets": {"2020-10-31": "8.21%", "2020-07-31": "7.86%", "2020-04-30": "6.41%", "2020-01-31": "7.78%", "2019-10-31": "7.76%", "2019-07-31": "7.55%", "2019-04-30": "7.29%", "2019-01-31": "7.17%", "2018-10-31": "7.93%", "2018-07-31": "7.65%", "2018-04-30": "7.39%", "2018-01-31": "7.31%", "2017-10-31": "6.74%", "2017-07-31": "7.23%", "2017-04-30": "7.32%", "2017-01-31": "7.14%", "2016-10-31": "8.58%", "2016-07-31": "8.27%", "2016-04-30": "8.31%", "2016-01-31": "8.29%", "2015-10-31": "-1.72%", "2015-07-31": "-2.14%", "2015-04-30": "-3.29%", "2015-01-31": "-3.72%", "2014-10-31": "3.40%", "2014-07-31": "3.38%", "2014-04-30": "4.22%", "2014-01-31": "4.40%", "2013-10-31": "5.27%", "2013-07-31": "5.82%", "2013-04-30": "5.92%", "2013-01-31": "6.27%", "2012-10-31": "6.37%", "2012-07-31": "6.23%", "2012-04-30": "6.29%", "2012-01-31": "6.38%", "2011-10-31": "6.61%", "2011-07-31": "6.69%", "2011-04-30": "6.70%", "2011-01-31": "6.65%", "2010-10-31": "6.39%", "2010-07-31": "6.13%", "2010-04-30": "5.92%", "2010-01-31": "5.56%", "2009-10-31": "4.84%", "2009-07-31": "4.66%", "2009-04-30": "4.73%", "2009-01-31": "4.94%", "2008-10-31": "5.87%", "2008-07-31": "6.25%", "2008-04-30": "6.58%", "2008-01-31": "6.88%", "2007-10-31": "7.42%", "2007-07-31": "7.74%", "2007-04-30": "7.75%", "2007-01-31": "7.67%", "2006-10-31": "7.29%", "2006-07-31": "7.27%", "2006-04-30": "7.25%", "2006-01-31": "7.26%", "2005-10-31": "7.06%"}, "return on investments": {"2020-10-31": "23.37%", "2020-07-31": "20.43%", "2020-04-30": "17.23%", "2020-01-31": "20.72%", "2019-10-31": "20.75%", "2019-07-31": "20.12%", "2019-04-30": "19.45%", "2019-01-31": "19.06%", "2018-10-31": "18.85%", "2018-07-31": "18.76%", "2018-04-30": "18.48%", "2018-01-31": "19.07%", "2017-10-31": "19.76%", "2017-07-31": "20.50%", "2017-04-30": "20.76%", "2017-01-31": "20.71%", "2016-10-31": "23.92%", "2016-07-31": "22.69%", "2016-04-30": "22.54%", "2016-01-31": "21.57%", "2015-10-31": "18.97%", "2015-07-31": "18.40%", "2015-04-30": "16.75%", "2015-01-31": "16.12%", "2014-10-31": "18.55%", "2014-07-31": "17.87%", "2014-04-30": "18.31%", "2014-01-31": "17.93%", "2013-10-31": "16.42%", "2013-07-31": "17.15%", "2013-04-30": "17.21%", "2013-01-31": "17.99%", "2012-10-31": "17.16%", "2012-07-31": "17.24%", "2012-04-30": "17.37%", "2012-01-31": "17.47%", "2011-10-31": "17.49%", "2011-07-31": "17.32%", "2011-04-30": "17.25%", "2011-01-31": "17.07%", "2010-10-31": "16.65%", "2010-07-31": "16.31%", "2010-04-30": "15.80%", "2010-01-31": "14.95%", "2009-10-31": "13.39%", "2009-07-31": "13.35%", "2009-04-30": "13.64%", "2009-01-31": "14.30%", "2008-10-31": "16.65%", "2008-07-31": "17.46%", "2008-04-30": "18.44%", "2008-01-31": "19.21%", "2007-10-31": "20.78%", "2007-07-31": "21.50%", "2007-04-30": "21.48%", "2007-01-31": "21.36%", "2006-10-31": "20.07%", "2006-07-31": "19.79%", "2006-04-30": "19.54%", "2006-01-31": "19.25%", "2005-10-31": "18.64%"}, "return on tangible equity": {"2020-10-31": "31.26%", "2020-07-31": "29.89%", "2020-04-30": "23.89%", "2020-01-31": "28.33%", "2019-10-31": "28.34%", "2019-07-31": "27.82%", "2019-04-30": "26.99%", "2019-01-31": "26.28%", "2018-10-31": "28.64%", "2018-07-31": "27.35%", "2018-04-30": "26.28%", "2018-01-31": "26.03%", "2017-10-31": "23.97%", "2017-07-31": "25.16%", "2017-04-30": "24.95%", "2017-01-31": "23.70%", "2016-10-31": "27.80%", "2016-07-31": "26.12%", "2016-04-30": "25.50%", "2016-01-31": "24.76%", "2015-10-31": "-5.08%", "2015-07-31": "-6.16%", "2015-04-30": "-9.31%", "2015-01-31": "-10.34%", "2014-10-31": "9.31%", "2014-07-31": "9.27%", "2014-04-30": "11.66%", "2014-01-31": "12.14%", "2013-10-31": "14.78%", "2013-07-31": "16.54%", "2013-04-30": "17.14%", "2013-01-31": "18.55%", "2012-10-31": "18.89%", "2012-07-31": "18.69%", "2012-04-30": "18.93%", "2012-01-31": "19.07%", "2011-10-31": "19.53%", "2011-07-31": "19.52%", "2011-04-30": "19.31%", "2011-01-31": "19.08%", "2010-10-31": "18.47%", "2010-07-31": "17.80%", "2010-04-30": "17.43%", "2010-01-31": "16.86%", "2009-10-31": "15.06%", "2009-07-31": "14.95%", "2009-04-30": "15.56%", "2009-01-31": "16.07%", "2008-10-31": "18.58%", "2008-07-31": "18.54%", "2008-04-30": "18.13%", "2008-01-31": "18.05%", "2007-10-31": "18.52%", "2007-07-31": "19.07%", "2007-04-30": "19.06%", "2007-01-31": "18.84%", "2006-10-31": "18.06%", "2006-07-31": "17.96%", "2006-04-30": "17.74%", "2006-01-31": "17.73%", "2005-10-31": "17.26%"}, "dividend yield history": {"last payout": "$2.72", "last yield": "1.44%"}}