{"ticker": "TRGP", "price": {"title": "Targa Resources Historical Annual Stock Price Data", "value": 30.23, "historical": {"2020": {"Average Stock Price": "20.8497", "Year Open": "40.6100", "Year High": "41.9700", "Year Low": "4.7300", "Year Close": "26.3800", "Annual % Change": "-35.39%"}, "2019": {"Average Stock Price": "39.6294", "Year Open": "36.7400", "Year High": "47.8900", "Year Low": "32.4600", "Year Close": "40.8300", "Annual % Change": "13.35%"}, "2018": {"Average Stock Price": "49.2306", "Year Open": "49.0900", "Year High": "58.5100", "Year Low": "34.1100", "Year Close": "36.0200", "Annual % Change": "-25.61%"}, "2017": {"Average Stock Price": "49.6059", "Year Open": "57.9800", "Year High": "61.3500", "Year Low": "40.3300", "Year Close": "48.4200", "Annual % Change": "-13.64%"}, "2016": {"Average Stock Price": "39.3844", "Year Open": "26.8000", "Year High": "58.2000", "Year Low": "15.4300", "Year Close": "56.0700", "Annual % Change": "107.21%"}, "2015": {"Average Stock Price": "76.9574", "Year Open": "107.0600", "Year High": "107.2200", "Year Low": "25.7400", "Year Close": "27.0600", "Annual % Change": "-74.48%"}, "2014": {"Average Stock Price": "115.6402", "Year Open": "86.9800", "Year High": "150.6200", "Year Low": "85.3400", "Year Close": "106.0500", "Annual % Change": "20.28%"}, "2013": {"Average Stock Price": "68.9580", "Year Open": "55.1100", "Year High": "88.4600", "Year Low": "55.1100", "Year Close": "88.1700", "Annual % Change": "66.86%"}, "2012": {"Average Stock Price": "45.9177", "Year Open": "41.1400", "Year High": "52.8400", "Year Low": "39.6200", "Year Close": "52.8400", "Annual % Change": "29.86%"}, "2011": {"Average Stock Price": "32.7875", "Year Open": "27.0000", "Year High": "41.0500", "Year Low": "26.6800", "Year Close": "40.6900", "Annual % Change": "51.77%"}, "2010": {"Average Stock Price": "26.5233", "Year Open": "24.7000", "Year High": "27.5300", "Year Low": "24.7000", "Year Close": "26.8100", "Annual % Change": "0.00%"}}}, "market cap": {"value": "$6.92B"}, "income statement": {"Revenue": {"2019-12-31": "8671.10000", "2018-12-31": "10484.00000", "2017-12-31": "8814.90000", "2016-12-31": "6690.90000", "2015-12-31": "6658.60000", "2014-12-31": "8616.50000", "2013-12-31": "6314.70000", "2012-12-31": "5679.00000", "2011-12-31": "6994.50000", "2010-12-31": "5476.10000", "2009-12-31": "4542.30000", "2008-12-31": "7998.90000", "2007-12-31": "7297.20000"}, "Cost Of Goods Sold": {"2019-12-31": "6118.50000", "2018-12-31": "8238.20000", "2017-12-31": "6906.10000", "2016-12-31": "4922.90000", "2015-12-31": "4837.60000", "2014-12-31": "6992.70000", "2013-12-31": "5137.20000", "2012-12-31": "4672.30000", "2011-12-31": "6039.00000", "2010-12-31": "4695.50000", "2009-12-31": "3797.40000", "2008-12-31": "7218.50000", "2007-12-31": "6525.50000"}, "Gross Profit": {"2019-12-31": "2552.60000", "2018-12-31": "2245.80000", "2017-12-31": "1908.80000", "2016-12-31": "1768.00000", "2015-12-31": "1821.00000", "2014-12-31": "1623.80000", "2013-12-31": "1177.50000", "2012-12-31": "1006.70000", "2011-12-31": "955.50000", "2010-12-31": "780.60010", "2009-12-31": "744.89990", "2008-12-31": "780.39990", "2007-12-31": "771.70020"}, "Research And Development Expenses": {"2019-12-31": "", "2018-12-31": "", "2017-12-31": "", "2016-12-31": "", "2015-12-31": "", "2014-12-31": "", "2013-12-31": "", "2012-12-31": "", "2011-12-31": "", "2010-12-31": "", "2009-12-31": "", "2008-12-31": "", "2007-12-31": ""}, "SG&A Expenses": {"2019-12-31": "1073.60000", "2018-12-31": "978.90000", "2017-12-31": "826.30000", "2016-12-31": "740.90000", "2015-12-31": "701.70000", "2014-12-31": "635.30000", "2013-12-31": "527.80000", "2012-12-31": "452.90000", "2011-12-31": "423.20000", "2010-12-31": "403.70000", "2009-12-31": "355.40000", "2008-12-31": "371.60000", "2007-12-31": "343.40000"}, "Other Operating Income Or Expenses": {"2019-12-31": "-314.50000", "2018-12-31": "-213.50000", "2017-12-31": "-395.40000", "2016-12-31": "-213.60000", "2015-12-31": "-315.50000", "2014-12-31": "3.00000", "2013-12-31": "-9.60000", "2012-12-31": "-19.90000", "2011-12-31": "-0.20000", "2010-12-31": "4.70000", "2009-12-31": "-2.00000", "2008-12-31": "-13.40000", "2007-12-31": "0.10000"}, "Operating Expenses": {"2019-12-31": "8478.20000", "2018-12-31": "10246.50000", "2017-12-31": "8937.30100", "2016-12-31": "6635.10100", "2015-12-31": "6499.30000", "2014-12-31": "7976.00000", "2013-12-31": "5946.50000", "2012-12-31": "5342.70000", "2011-12-31": "6643.40000", "2010-12-31": "5280.00000", "2009-12-31": "4325.10000", "2008-12-31": "7764.40000", "2007-12-31": "7016.90000"}, "Operating Income": {"2019-12-31": "192.89940", "2018-12-31": "237.49900", "2017-12-31": "-122.40040", "2016-12-31": "55.79930", "2015-12-31": "159.29980", "2014-12-31": "640.50000", "2013-12-31": "368.20020", "2012-12-31": "336.30030", "2011-12-31": "351.09960", "2010-12-31": "196.10060", "2009-12-31": "217.20020", "2008-12-31": "234.50000", "2007-12-31": "280.30030"}, "Total Non-Operating Income/Expense": {"2019-12-31": "-239.60000", "2018-12-31": "-171.60000", "2017-12-31": "-170.50000", "2016-12-31": "-315.50000", "2015-12-31": "-271.10000", "2014-12-31": "-149.50000", "2013-12-31": "-118.70000", "2012-12-31": "-140.10000", "2011-12-31": "-109.10000", "2010-12-31": "-110.30000", "2009-12-31": "-117.40000", "2008-12-31": "-80.80000", "2007-12-31": "-152.20000"}, "Pre-Tax Income": {"2019-12-31": "-46.70000", "2018-12-31": "65.90000", "2017-12-31": "-292.90000", "2016-12-31": "-259.70000", "2015-12-31": "-111.80000", "2014-12-31": "491.00000", "2013-12-31": "249.50000", "2012-12-31": "196.20000", "2011-12-31": "242.00000", "2010-12-31": "85.80000", "2009-12-31": "99.80000", "2008-12-31": "153.70000", "2007-12-31": "128.10000"}, "Income Taxes": {"2019-12-31": "-87.90000", "2018-12-31": "5.50000", "2017-12-31": "-397.10000", "2016-12-31": "-100.60000", "2015-12-31": "39.60000", "2014-12-31": "68.00000", "2013-12-31": "48.20000", "2012-12-31": "36.90000", "2011-12-31": "26.60000", "2010-12-31": "22.50000", "2009-12-31": "20.70000", "2008-12-31": "19.30000", "2007-12-31": "23.90000"}, "Income After Taxes": {"2019-12-31": "41.20000", "2018-12-31": "60.40000", "2017-12-31": "104.20000", "2016-12-31": "-159.10000", "2015-12-31": "-151.40000", "2014-12-31": "423.00000", "2013-12-31": "201.30000", "2012-12-31": "159.30000", "2011-12-31": "215.40000", "2010-12-31": "63.30000", "2009-12-31": "79.10000", "2008-12-31": "134.40000", "2007-12-31": "104.20000"}, "Other Income": {"2019-12-31": "", "2018-12-31": "", "2017-12-31": "", "2016-12-31": "", "2015-12-31": "", "2014-12-31": "", "2013-12-31": "", "2012-12-31": "", "2011-12-31": "", "2010-12-31": "", "2009-12-31": "", "2008-12-31": "", "2007-12-31": ""}, "Income From Continuous Operations": {"2019-12-31": "41.20000", "2018-12-31": "60.40000", "2017-12-31": "104.20000", "2016-12-31": "-159.10000", "2015-12-31": "-151.40000", "2014-12-31": "423.00000", "2013-12-31": "201.30000", "2012-12-31": "159.30000", "2011-12-31": "215.40000", "2010-12-31": "63.30000", "2009-12-31": "79.10000", "2008-12-31": "134.40000", "2007-12-31": "104.20000"}, "Income From Discontinued Operations": {"2019-12-31": "", "2018-12-31": "", "2017-12-31": "", "2016-12-31": "", "2015-12-31": "", "2014-12-31": "", "2013-12-31": "", "2012-12-31": "", "2011-12-31": "", "2010-12-31": "", "2009-12-31": "", "2008-12-31": "", "2007-12-31": ""}, "Net Income": {"2019-12-31": "-334.00000", "2018-12-31": "-119.30000", "2017-12-31": "-63.40000", "2016-12-31": "-278.10000", "2015-12-31": "58.30000", "2014-12-31": "102.30000", "2013-12-31": "65.10000", "2012-12-31": "38.10000", "2011-12-31": "30.70000", "2010-12-31": "-202.30000", "2009-12-31": "", "2008-12-31": "0.00000", "2007-12-31": "0.00000"}, "EBITDA": {"2019-12-31": "1174.79900", "2018-12-31": "1274.19900", "2017-12-31": "698.59960", "2016-12-31": "1035.39900", "2015-12-31": "1109.10000", "2014-12-31": "1003.30000", "2013-12-31": "656.00020", "2012-12-31": "552.10030", "2011-12-31": "545.09960", "2010-12-31": "380.20060", "2009-12-31": "396.20020", "2008-12-31": "405.00000", "2007-12-31": "443.80030"}, "EBIT": {"2019-12-31": "192.89940", "2018-12-31": "237.49900", "2017-12-31": "-122.40040", "2016-12-31": "55.79930", "2015-12-31": "159.29980", "2014-12-31": "640.50000", "2013-12-31": "368.20020", "2012-12-31": "336.30030", "2011-12-31": "351.09960", "2010-12-31": "196.10060", "2009-12-31": "217.20020", "2008-12-31": "234.50000", "2007-12-31": "280.30030"}, "Basic Shares Outstanding": {"2019-12-31": "232.50000", "2018-12-31": "224.20000", "2017-12-31": "206.90000", "2016-12-31": "154.40000", "2015-12-31": "53.50000", "2014-12-31": "42.00000", "2013-12-31": "41.60000", "2012-12-31": "41.00000", "2011-12-31": "41.00000", "2010-12-31": "6.50000", "2009-12-31": "3.80000", "2008-12-31": "3.80000", "2007-12-31": "7.00000"}, "Shares Outstanding": {"2019-12-31": "232.50000", "2018-12-31": "224.20000", "2017-12-31": "206.90000", "2016-12-31": "154.40000", "2015-12-31": "53.60000", "2014-12-31": "42.10000", "2013-12-31": "42.10000", "2012-12-31": "41.80000", "2011-12-31": "41.40000", "2010-12-31": "6.50000", "2009-12-31": "3.80000", "2008-12-31": "3.80000", "2007-12-31": "7.00000"}, "Basic EPS": {"2019-12-31": "-1.44000", "2018-12-31": "-0.53000", "2017-12-31": "-0.31000", "2016-12-31": "-1.80000", "2015-12-31": "1.09000", "2014-12-31": "2.44000", "2013-12-31": "1.56000", "2012-12-31": "0.93000", "2011-12-31": "0.75000", "2010-12-31": "-30.94000", "2009-12-31": "", "2008-12-31": "0.00000", "2007-12-31": ""}, "EPS - Earnings Per Share": {"2019-12-31": "-1.44000", "2018-12-31": "-0.53000", "2017-12-31": "-0.31000", "2016-12-31": "-1.80000", "2015-12-31": "1.09000", "2014-12-31": "2.43000", "2013-12-31": "1.55000", "2012-12-31": "0.91000", "2011-12-31": "0.74000", "2010-12-31": "-30.94000", "2009-12-31": "0.00000", "2008-12-31": "0.00000", "2007-12-31": "0.00000"}}, "income statement, quarterly": {"Revenue": {"2020-09-30": "2115.10000", "2020-06-30": "1523.50000", "2020-03-31": "2048.90000", "2019-12-31": "2473.90000", "2019-09-30": "1902.50000", "2019-06-30": "1995.30000", "2019-03-31": "2299.40000", "2018-12-31": "2597.60000", "2018-09-30": "2986.40000", "2018-06-30": "2444.40000", "2018-03-31": "2455.60000", "2017-12-31": "2702.80000", "2017-09-30": "2131.80000", "2017-06-30": "1867.70000", "2017-03-31": "2112.60000", "2016-12-31": "2012.59900", "2016-09-30": "1652.30000", "2016-06-30": "1583.60000", "2016-03-31": "1442.40000", "2015-12-31": "1647.40000", "2015-09-30": "1632.10000", "2015-06-30": "1699.40000", "2015-03-31": "1679.70000", "2014-12-31": "2032.90000", "2014-09-30": "2288.30000", "2014-06-30": "2000.60000", "2014-03-31": "2294.70000", "2013-12-31": "2009.30000", "2013-09-30": "1466.00000", "2013-06-30": "1441.60000", "2013-03-31": "1397.80000", "2012-12-31": "1320.60000", "2012-09-30": "1393.50000", "2012-06-30": "1319.10000", "2012-03-31": "1645.80000", "2011-12-31": "1934.00000", "2011-09-30": "1713.60000", "2011-06-30": "1728.30000", "2011-03-31": "1618.60000", "2010-12-31": "1527.20000", "2010-09-30": "1220.00000", "2010-06-30": "1240.10000", "2010-03-31": "1483.60000", "2009-12-31": "", "2008-12-31": ""}, "Cost Of Goods Sold": {"2020-09-30": "1303.20000", "2020-06-30": "860.60000", "2020-03-31": "1188.30000", "2019-12-31": "1702.80000", "2019-09-30": "1328.10000", "2019-06-30": "1361.60000", "2019-03-31": "1726.00000", "2018-12-31": "2008.40000", "2018-09-30": "2383.50000", "2018-06-30": "1905.30000", "2018-03-31": "1941.00000", "2017-12-31": "2168.20000", "2017-09-30": "1663.10000", "2017-06-30": "1420.60000", "2017-03-31": "1654.20000", "2016-12-31": "1544.00000", "2016-09-30": "1222.70000", "2016-06-30": "1145.20000", "2016-03-31": "1011.00000", "2015-12-31": "1187.60000", "2015-09-30": "1163.30000", "2015-06-30": "1228.10000", "2015-03-31": "1258.60000", "2014-12-31": "1580.50000", "2014-09-30": "1880.50000", "2014-06-30": "1616.60000", "2014-03-31": "1915.10000", "2013-12-31": "1654.30000", "2013-09-30": "1169.00000", "2013-06-30": "1176.40000", "2013-03-31": "1137.50000", "2012-12-31": "1060.50000", "2012-09-30": "1153.00000", "2012-06-30": "1074.60000", "2012-03-31": "1384.20000", "2011-12-31": "1674.50000", "2011-09-30": "1485.50000", "2011-06-30": "1477.80000", "2011-03-31": "1401.20000", "2010-12-31": "1375.10000", "2010-09-30": "1033.70000", "2010-06-30": "1057.90000", "2010-03-31": "1297.70000", "2009-12-31": "", "2008-12-31": ""}, "Gross Profit": {"2020-09-30": "811.90010", "2020-06-30": "662.90000", "2020-03-31": "860.59990", "2019-12-31": "771.10010", "2019-09-30": "574.40000", "2019-06-30": "633.70010", "2019-03-31": "573.39990", "2018-12-31": "589.20000", "2018-09-30": "602.89990", "2018-06-30": "539.09990", "2018-03-31": "514.60010", "2017-12-31": "534.60030", "2017-09-30": "468.70010", "2017-06-30": "447.10000", "2017-03-31": "458.40010", "2016-12-31": "468.59950", "2016-09-30": "429.60010", "2016-06-30": "438.40000", "2016-03-31": "431.40000", "2015-12-31": "459.79990", "2015-09-30": "468.79990", "2015-06-30": "471.30000", "2015-03-31": "421.10000", "2014-12-31": "452.40000", "2014-09-30": "407.80000", "2014-06-30": "384.00000", "2014-03-31": "379.60000", "2013-12-31": "354.99980", "2013-09-30": "297.00000", "2013-06-30": "265.20000", "2013-03-31": "260.30000", "2012-12-31": "260.10010", "2012-09-30": "240.50000", "2012-06-30": "244.50000", "2012-03-31": "261.60010", "2011-12-31": "259.49990", "2011-09-30": "228.10000", "2011-06-30": "250.50000", "2011-03-31": "217.40000", "2010-12-31": "152.10000", "2010-09-30": "186.30000", "2010-06-30": "182.20000", "2010-03-31": "185.90000", "2009-12-31": "", "2008-12-31": ""}, "Research And Development Expenses": {"2020-09-30": "", "2020-06-30": "", "2020-03-31": "", "2019-12-31": "", "2019-09-30": "", "2019-06-30": "", "2019-03-31": "", "2018-12-31": "", "2018-09-30": "", "2018-06-30": "", "2018-03-31": "", "2017-12-31": "", "2017-09-30": "", "2017-06-30": "", "2017-03-31": "", "2016-12-31": "", "2016-09-30": "", "2016-06-30": "", "2016-03-31": "", "2015-12-31": "", "2015-09-30": "", "2015-06-30": "", "2015-03-31": "", "2014-12-31": "", "2014-09-30": "", "2014-06-30": "", "2014-03-31": "", "2013-12-31": "", "2013-09-30": "", "2013-06-30": "", "2013-03-31": "", "2012-12-31": "", "2012-09-30": "", "2012-06-30": "", "2012-03-31": "", "2011-12-31": "", "2011-09-30": "", "2011-06-30": "", "2011-03-31": "", "2010-12-31": "0.00000", "2010-09-30": "", "2010-06-30": "", "2010-03-31": "", "2009-12-31": "", "2008-12-31": ""}, "SG&A Expenses": {"2020-09-30": "240.50000", "2020-06-30": "244.90000", "2020-03-31": "255.10000", "2019-12-31": "249.20000", "2019-09-30": "270.10000", "2019-06-30": "283.00000", "2019-03-31": "271.30000", "2018-12-31": "263.40000", "2018-09-30": "258.10000", "2018-06-30": "227.50000", "2018-03-31": "229.90000", "2017-12-31": "214.10000", "2017-09-30": "205.40000", "2017-06-30": "206.20000", "2017-03-31": "200.60000", "2016-12-31": "188.50000", "2016-09-30": "189.10000", "2016-06-30": "185.90000", "2016-03-31": "177.40000", "2015-12-31": "155.40000", "2015-09-30": "187.60000", "2015-06-30": "195.00000", "2015-03-31": "163.70000", "2014-12-31": "189.00000", "2014-09-30": "155.80000", "2014-06-30": "148.20000", "2014-03-31": "142.30000", "2013-12-31": "135.60000", "2013-09-30": "135.30000", "2013-06-30": "134.50000", "2013-03-31": "122.40000", "2012-12-31": "119.40000", "2012-09-30": "114.00000", "2012-06-30": "113.00000", "2012-03-31": "106.50000", "2011-12-31": "104.10000", "2011-09-30": "111.90000", "2011-06-30": "106.70000", "2011-03-31": "100.50000", "2010-12-31": "128.00000", "2010-09-30": "93.20000", "2010-06-30": "89.90000", "2010-03-31": "88.30000", "2009-12-31": "", "2008-12-31": ""}, "Other Operating Income Or Expenses": {"2020-09-30": "-72.20000", "2020-06-30": "-0.40000", "2020-03-31": "-2443.90000", "2019-12-31": "-292.90000", "2019-09-30": "-18.40000", "2019-06-30": "0.20000", "2019-03-31": "-3.40000", "2018-12-31": "-197.80000", "2018-09-30": "-61.80000", "2018-06-30": "46.40000", "2018-03-31": "-0.30000", "2017-12-31": "-0.30000", "2017-09-30": "-378.60000", "2017-06-30": "-0.30000", "2017-03-31": "-16.20000", "2016-12-31": "-183.60000", "2016-09-30": "-4.90000", "2016-06-30": "-0.10000", "2016-03-31": "-25.00000", "2015-12-31": "-314.80000", "2015-09-30": "-0.10000", "2015-06-30": "", "2015-03-31": "-0.60000", "2014-12-31": "-2.40000", "2014-09-30": "4.30000", "2014-06-30": "0.40000", "2014-03-31": "0.70000", "2013-12-31": "-1.30000", "2013-09-30": "-4.20000", "2013-06-30": "-4.10000", "2013-03-31": "", "2012-12-31": "-1.00000", "2012-09-30": "-18.90000", "2012-06-30": "", "2012-03-31": "", "2011-12-31": "-0.50000", "2011-09-30": "0.30000", "2011-06-30": "", "2011-03-31": "", "2010-12-31": "4.30000", "2010-09-30": "0.40000", "2010-06-30": "", "2010-03-31": "", "2009-12-31": "", "2008-12-31": ""}, "Operating Expenses": {"2020-09-30": "1819.60000", "2020-06-30": "1310.40000", "2020-03-31": "4126.40000", "2019-12-31": "2497.60000", "2019-09-30": "1860.90000", "2019-06-30": "1881.60000", "2019-03-31": "2238.10000", "2018-12-31": "2678.50100", "2018-09-30": "2909.70000", "2018-06-30": "2289.00000", "2018-03-31": "2369.30000", "2017-12-31": "2589.30100", "2017-09-30": "2455.40000", "2017-06-30": "1830.50000", "2017-03-31": "2062.10000", "2016-12-31": "2110.20100", "2016-09-30": "1600.70000", "2016-06-30": "1517.30000", "2016-03-31": "1406.90000", "2015-12-31": "1854.00000", "2015-09-30": "1516.80000", "2015-06-30": "1587.00000", "2015-03-31": "1541.50000", "2014-12-31": "1869.80000", "2014-09-30": "2119.60000", "2014-06-30": "1850.30000", "2014-03-31": "2136.30000", "2013-12-31": "1864.40000", "2013-09-30": "1377.50000", "2013-06-30": "1380.70000", "2013-03-31": "1323.90000", "2012-12-31": "1234.20000", "2012-09-30": "1334.50000", "2012-06-30": "1235.90000", "2012-03-31": "1538.10000", "2011-12-31": "1825.70100", "2011-09-30": "1642.80000", "2011-06-30": "1629.80000", "2011-03-31": "1545.10000", "2010-12-31": "1482.80000", "2010-09-30": "1176.70000", "2010-06-30": "1191.70000", "2010-03-31": "1428.80000", "2009-12-31": "", "2008-12-31": ""}, "Operating Income": {"2020-09-30": "295.50020", "2020-06-30": "213.10000", "2020-03-31": "-2077.50000", "2019-12-31": "-23.70040", "2019-09-30": "41.60000", "2019-06-30": "113.70010", "2019-03-31": "61.30010", "2018-12-31": "-80.90060", "2018-09-30": "76.70000", "2018-06-30": "155.39970", "2018-03-31": "86.30010", "2017-12-31": "113.49980", "2017-09-30": "-323.60010", "2017-06-30": "37.20000", "2017-03-31": "50.50020", "2016-12-31": "-97.60120", "2016-09-30": "51.60010", "2016-06-30": "66.30010", "2016-03-31": "35.50000", "2015-12-31": "-206.60000", "2015-09-30": "115.29990", "2015-06-30": "112.40000", "2015-03-31": "138.20010", "2014-12-31": "163.10010", "2014-09-30": "168.70000", "2014-06-30": "150.30000", "2014-03-31": "158.39990", "2013-12-31": "144.90000", "2013-09-30": "88.50010", "2013-06-30": "60.90000", "2013-03-31": "73.90000", "2012-12-31": "86.40000", "2012-09-30": "59.00000", "2012-06-30": "83.20000", "2012-03-31": "107.70010", "2011-12-31": "108.29930", "2011-09-30": "70.80010", "2011-06-30": "98.50000", "2011-03-31": "73.50000", "2010-12-31": "44.40000", "2010-09-30": "43.30020", "2010-06-30": "48.39990", "2010-03-31": "54.79990", "2009-12-31": "", "2008-12-31": ""}, "Total Non-Operating Income/Expense": {"2020-09-30": "-91.40000", "2020-06-30": "-59.20000", "2020-03-31": "-38.10000", "2019-12-31": "-69.30000", "2019-09-30": "-13.30000", "2019-06-30": "-68.10000", "2019-03-31": "-88.90000", "2018-12-31": "-39.80000", "2018-09-30": "-91.80000", "2018-06-30": "-1.50000", "2018-03-31": "-38.50000", "2017-12-31": "-79.10000", "2017-09-30": "71.10000", "2017-06-30": "-72.60000", "2017-03-31": "-89.90000", "2016-12-31": "-139.70000", "2016-09-30": "-63.50000", "2016-06-30": "-79.20000", "2016-03-31": "-33.10000", "2015-12-31": "-39.50000", "2015-09-30": "-70.50000", "2015-06-30": "-73.80000", "2015-03-31": "-87.30000", "2014-12-31": "-56.10000", "2014-09-30": "-32.80000", "2014-06-30": "-31.60000", "2014-03-31": "-29.00000", "2013-12-31": "-31.50000", "2013-09-30": "-26.10000", "2013-06-30": "-30.40000", "2013-03-31": "-30.70000", "2012-12-31": "-46.60000", "2012-09-30": "-34.00000", "2012-06-30": "-31.10000", "2012-03-31": "-28.40000", "2011-12-31": "-25.40000", "2011-09-30": "-26.90000", "2011-06-30": "-29.90000", "2011-03-31": "-26.90000", "2010-12-31": "-21.30000", "2010-09-30": "-39.00000", "2010-06-30": "-34.10000", "2010-03-31": "-15.90000", "2009-12-31": "", "2008-12-31": ""}, "Pre-Tax Income": {"2020-09-30": "204.10000", "2020-06-30": "153.90000", "2020-03-31": "-2115.60000", "2019-12-31": "-93.00000", "2019-09-30": "28.30000", "2019-06-30": "45.60000", "2019-03-31": "-27.60000", "2018-12-31": "-120.70000", "2018-09-30": "-15.10000", "2018-06-30": "153.90000", "2018-03-31": "47.80000", "2017-12-31": "34.40000", "2017-09-30": "-252.50000", "2017-06-30": "-35.40000", "2017-03-31": "-39.40000", "2016-12-31": "-237.30000", "2016-09-30": "-11.90000", "2016-06-30": "-12.90000", "2016-03-31": "2.40000", "2015-12-31": "-246.10000", "2015-09-30": "44.80000", "2015-06-30": "38.60000", "2015-03-31": "50.90000", "2014-12-31": "107.00000", "2014-09-30": "135.90000", "2014-06-30": "118.70000", "2014-03-31": "129.40000", "2013-12-31": "113.40000", "2013-09-30": "62.40000", "2013-06-30": "30.50000", "2013-03-31": "43.20000", "2012-12-31": "39.80000", "2012-09-30": "25.00000", "2012-06-30": "52.10000", "2012-03-31": "79.30000", "2011-12-31": "82.90000", "2011-09-30": "43.90000", "2011-06-30": "68.60000", "2011-03-31": "46.60000", "2010-12-31": "28.30000", "2010-09-30": "4.30000", "2010-06-30": "14.30000", "2010-03-31": "38.90000", "2009-12-31": "", "2008-12-31": ""}, "Income Taxes": {"2020-09-30": "31.90000", "2020-06-30": "-23.20000", "2020-03-31": "-295.30000", "2019-12-31": "-77.90000", "2019-09-30": "-3.80000", "2019-06-30": "-3.30000", "2019-03-31": "-2.90000", "2018-12-31": "-32.30000", "2018-09-30": "-3.90000", "2018-06-30": "32.80000", "2018-03-31": "8.90000", "2017-12-31": "-264.80000", "2017-09-30": "-97.40000", "2017-06-30": "-106.00000", "2017-03-31": "71.10000", "2016-12-31": "-96.70000", "2016-09-30": "-8.70000", "2016-06-30": "1.70000", "2016-03-31": "3.10000", "2015-12-31": "-14.40000", "2015-09-30": "24.00000", "2015-06-30": "14.80000", "2015-03-31": "15.20000", "2014-12-31": "14.50000", "2014-09-30": "15.50000", "2014-06-30": "15.50000", "2014-03-31": "22.50000", "2013-12-31": "17.80000", "2013-09-30": "13.00000", "2013-06-30": "8.00000", "2013-03-31": "9.40000", "2012-12-31": "12.20000", "2012-09-30": "6.00000", "2012-06-30": "8.60000", "2012-03-31": "10.10000", "2011-12-31": "8.10000", "2011-09-30": "7.40000", "2011-06-30": "5.30000", "2011-03-31": "5.80000", "2010-12-31": "4.00000", "2010-09-30": "8.60000", "2010-06-30": "6.90000", "2010-03-31": "3.00000", "2009-12-31": "", "2008-12-31": ""}, "Income After Taxes": {"2020-09-30": "172.20000", "2020-06-30": "177.10000", "2020-03-31": "-1820.30000", "2019-12-31": "-15.10000", "2019-09-30": "32.10000", "2019-06-30": "48.90000", "2019-03-31": "-24.70000", "2018-12-31": "-88.40000", "2018-09-30": "-11.20000", "2018-06-30": "121.10000", "2018-03-31": "38.90000", "2017-12-31": "299.20000", "2017-09-30": "-155.10000", "2017-06-30": "70.60000", "2017-03-31": "-110.50000", "2016-12-31": "-140.60000", "2016-09-30": "-3.20000", "2016-06-30": "-14.60000", "2016-03-31": "-0.70000", "2015-12-31": "-231.70000", "2015-09-30": "20.80000", "2015-06-30": "23.80000", "2015-03-31": "35.70000", "2014-12-31": "92.50000", "2014-09-30": "120.40000", "2014-06-30": "103.20000", "2014-03-31": "106.90000", "2013-12-31": "95.60000", "2013-09-30": "49.40000", "2013-06-30": "22.50000", "2013-03-31": "33.80000", "2012-12-31": "27.60000", "2012-09-30": "19.00000", "2012-06-30": "43.50000", "2012-03-31": "69.20000", "2011-12-31": "74.80000", "2011-09-30": "36.50000", "2011-06-30": "63.30000", "2011-03-31": "40.80000", "2010-12-31": "24.30000", "2010-09-30": "-4.30000", "2010-06-30": "7.40000", "2010-03-31": "35.90000", "2009-12-31": "", "2008-12-31": ""}, "Other Income": {"2020-09-30": "", "2020-06-30": "", "2020-03-31": "", "2019-12-31": "", "2019-09-30": "", "2019-06-30": "", "2019-03-31": "", "2018-12-31": "", "2018-09-30": "", "2018-06-30": "", "2018-03-31": "", "2017-12-31": "", "2017-09-30": "", "2017-06-30": "", "2017-03-31": "", "2016-12-31": "", "2016-09-30": "", "2016-06-30": "", "2016-03-31": "", "2015-12-31": "", "2015-09-30": "", "2015-06-30": "", "2015-03-31": "", "2014-12-31": "", "2014-09-30": "", "2014-06-30": "", "2014-03-31": "", "2013-12-31": "", "2013-09-30": "", "2013-06-30": "", "2013-03-31": "", "2012-12-31": "", "2012-09-30": "", "2012-06-30": "", "2012-03-31": "", "2011-12-31": "", "2011-09-30": "", "2011-06-30": "", "2011-03-31": "", "2010-12-31": "", "2010-09-30": "", "2010-06-30": "", "2010-03-31": "", "2009-12-31": "", "2008-12-31": ""}, "Income From Continuous Operations": {"2020-09-30": "172.20000", "2020-06-30": "177.10000", "2020-03-31": "-1820.30000", "2019-12-31": "-15.10000", "2019-09-30": "32.10000", "2019-06-30": "48.90000", "2019-03-31": "-24.70000", "2018-12-31": "-88.40000", "2018-09-30": "-11.20000", "2018-06-30": "121.10000", "2018-03-31": "38.90000", "2017-12-31": "299.20000", "2017-09-30": "-155.10000", "2017-06-30": "70.60000", "2017-03-31": "-110.50000", "2016-12-31": "-140.60000", "2016-09-30": "-3.20000", "2016-06-30": "-14.60000", "2016-03-31": "-0.70000", "2015-12-31": "-231.70000", "2015-09-30": "20.80000", "2015-06-30": "23.80000", "2015-03-31": "35.70000", "2014-12-31": "92.50000", "2014-09-30": "120.40000", "2014-06-30": "103.20000", "2014-03-31": "106.90000", "2013-12-31": "95.60000", "2013-09-30": "49.40000", "2013-06-30": "22.50000", "2013-03-31": "33.80000", "2012-12-31": "27.60000", "2012-09-30": "19.00000", "2012-06-30": "43.50000", "2012-03-31": "69.20000", "2011-12-31": "74.80000", "2011-09-30": "36.50000", "2011-06-30": "63.30000", "2011-03-31": "40.80000", "2010-12-31": "-8.90000", "2010-09-30": "-4.30000", "2010-06-30": "7.40000", "2010-03-31": "35.90000", "2009-12-31": "", "2008-12-31": ""}, "Income From Discontinued Operations": {"2020-09-30": "", "2020-06-30": "", "2020-03-31": "", "2019-12-31": "", "2019-09-30": "", "2019-06-30": "", "2019-03-31": "", "2018-12-31": "", "2018-09-30": "", "2018-06-30": "", "2018-03-31": "", "2017-12-31": "", "2017-09-30": "", "2017-06-30": "", "2017-03-31": "", "2016-12-31": "", "2016-09-30": "", "2016-06-30": "", "2016-03-31": "", "2015-12-31": "", "2015-09-30": "", "2015-06-30": "", "2015-03-31": "", "2014-12-31": "", "2014-09-30": "", "2014-06-30": "", "2014-03-31": "", "2013-12-31": "", "2013-09-30": "", "2013-06-30": "", "2013-03-31": "", "2012-12-31": "", "2012-09-30": "", "2012-06-30": "", "2012-03-31": "", "2011-12-31": "", "2011-09-30": "", "2011-06-30": "", "2011-03-31": "", "2010-12-31": "0.00000", "2010-09-30": "", "2010-06-30": "", "2010-03-31": "", "2009-12-31": "", "2008-12-31": ""}, "Net Income": {"2020-09-30": "36.90000", "2020-06-30": "48.90000", "2020-03-31": "-1769.70000", "2019-12-31": "-144.50000", "2019-09-30": "-78.60000", "2019-06-30": "-41.20000", "2019-03-31": "-69.70000", "2018-12-31": "-137.30000", "2018-09-30": "-54.00000", "2018-06-30": "79.00000", "2018-03-31": "-7.00000", "2017-12-31": "253.50000", "2017-09-30": "-197.00000", "2017-06-30": "28.40000", "2017-03-31": "-148.30000", "2016-12-31": "-179.60000", "2016-09-30": "-39.40000", "2016-06-30": "-52.60000", "2016-03-31": "-6.50000", "2015-12-31": "27.20000", "2015-09-30": "12.70000", "2015-06-30": "15.20000", "2015-03-31": "3.20000", "2014-12-31": "25.60000", "2014-09-30": "30.70000", "2014-06-30": "26.40000", "2014-03-31": "19.60000", "2013-12-31": "20.40000", "2013-09-30": "16.30000", "2013-06-30": "15.00000", "2013-03-31": "13.40000", "2012-12-31": "11.20000", "2012-09-30": "8.70000", "2012-06-30": "8.60000", "2012-03-31": "9.60000", "2011-12-31": "8.50000", "2011-09-30": "4.90000", "2011-06-30": "10.50000", "2011-03-31": "6.80000", "2010-12-31": "-8.90000", "2010-09-30": "-18.90000", "2010-06-30": "-191.80000", "2010-03-31": "0.00000", "2009-12-31": "", "2008-12-31": ""}, "EBITDA": {"2020-09-30": "502.10020", "2020-06-30": "420.40000", "2020-03-31": "-1835.60000", "2019-12-31": "231.69950", "2019-09-30": "288.40000", "2019-06-30": "353.40010", "2019-03-31": "301.30000", "2018-12-31": "340.59950", "2018-09-30": "285.59990", "2018-06-30": "360.89970", "2018-03-31": "287.10000", "2017-12-31": "322.89980", "2017-09-30": "-112.50010", "2017-06-30": "243.49990", "2017-03-31": "244.70030", "2016-12-31": "306.29880", "2016-09-30": "215.50000", "2016-06-30": "256.40010", "2016-03-31": "257.20000", "2015-12-31": "283.70000", "2015-09-30": "285.09990", "2015-06-30": "280.30000", "2015-03-31": "260.00010", "2014-12-31": "263.60010", "2014-09-30": "258.70000", "2014-06-30": "239.40000", "2014-03-31": "241.59990", "2013-12-31": "221.90000", "2013-09-30": "161.50010", "2013-06-30": "130.60000", "2013-03-31": "142.00000", "2012-12-31": "143.20000", "2012-09-30": "112.80000", "2012-06-30": "136.20000", "2012-03-31": "159.90010", "2011-12-31": "160.79930", "2011-09-30": "117.70010", "2011-06-30": "147.80000", "2011-03-31": "118.80000", "2010-12-31": "85.40000", "2010-09-30": "95.00020", "2010-06-30": "94.69990", "2010-03-31": "99.89990", "2009-12-31": "", "2008-12-31": ""}, "EBIT": {"2020-09-30": "295.50020", "2020-06-30": "213.10000", "2020-03-31": "-2077.50000", "2019-12-31": "-23.70070", "2019-09-30": "41.60000", "2019-06-30": "113.70010", "2019-03-31": "61.30010", "2018-12-31": "-80.90060", "2018-09-30": "76.70000", "2018-06-30": "155.39970", "2018-03-31": "86.30010", "2017-12-31": "113.49950", "2017-09-30": "-323.60010", "2017-06-30": "37.20000", "2017-03-31": "50.50020", "2016-12-31": "-97.60080", "2016-09-30": "51.60010", "2016-06-30": "66.30010", "2016-03-31": "35.50000", "2015-12-31": "-206.60020", "2015-09-30": "115.29990", "2015-06-30": "112.40000", "2015-03-31": "138.20010", "2014-12-31": "163.10010", "2014-09-30": "168.70000", "2014-06-30": "150.30000", "2014-03-31": "158.39990", "2013-12-31": "144.90000", "2013-09-30": "88.50010", "2013-06-30": "60.90000", "2013-03-31": "73.90000", "2012-12-31": "86.40030", "2012-09-30": "59.00000", "2012-06-30": "83.20000", "2012-03-31": "107.70010", "2011-12-31": "108.29960", "2011-09-30": "70.80010", "2011-06-30": "98.50000", "2011-03-31": "73.50000", "2010-12-31": "44.40000", "2010-09-30": "43.30020", "2010-06-30": "48.39990", "2010-03-31": "54.79990", "2009-12-31": "", "2008-12-31": ""}, "Basic Shares Outstanding": {"2020-09-30": "233.40000", "2020-06-30": "233.10000", "2020-03-31": "233.00000", "2019-12-31": "232.50000", "2019-09-30": "232.70000", "2019-06-30": "232.40000", "2019-03-31": "232.20000", "2018-12-31": "224.20000", "2018-09-30": "226.50000", "2018-06-30": "221.10000", "2018-03-31": "218.70000", "2017-12-31": "206.90000", "2017-09-30": "215.60000", "2017-06-30": "203.70000", "2017-03-31": "191.80000", "2016-12-31": "154.40000", "2016-09-30": "168.00000", "2016-06-30": "161.60000", "2016-03-31": "106.60000", "2015-12-31": "53.50000", "2015-09-30": "56.00000", "2015-06-30": "55.90000", "2015-03-31": "45.80000", "2014-12-31": "42.00000", "2014-09-30": "42.00000", "2014-06-30": "42.00000", "2014-03-31": "42.00000", "2013-12-31": "41.60000", "2013-09-30": "41.60000", "2013-06-30": "41.60000", "2013-03-31": "41.60000", "2012-12-31": "41.00000", "2012-09-30": "41.00000", "2012-06-30": "41.00000", "2012-03-31": "41.00000", "2011-12-31": "41.00000", "2011-09-30": "41.00000", "2011-06-30": "41.00000", "2011-03-31": "40.90000", "2010-12-31": "13.20000", "2010-09-30": "5.00000", "2010-06-30": "4.00000", "2010-03-31": "3.90000", "2009-12-31": "", "2008-12-31": ""}, "Shares Outstanding": {"2020-09-30": "233.80000", "2020-06-30": "233.80000", "2020-03-31": "233.00000", "2019-12-31": "232.50000", "2019-09-30": "232.70000", "2019-06-30": "232.40000", "2019-03-31": "232.20000", "2018-12-31": "224.20000", "2018-09-30": "226.50000", "2018-06-30": "222.80000", "2018-03-31": "218.70000", "2017-12-31": "206.90000", "2017-09-30": "215.60000", "2017-06-30": "205.00000", "2017-03-31": "191.80000", "2016-12-31": "154.40000", "2016-09-30": "168.00000", "2016-06-30": "161.60000", "2016-03-31": "106.60000", "2015-12-31": "53.60000", "2015-09-30": "56.10000", "2015-06-30": "56.10000", "2015-03-31": "45.90000", "2014-12-31": "42.10000", "2014-09-30": "42.10000", "2014-06-30": "42.10000", "2014-03-31": "42.10000", "2013-12-31": "42.10000", "2013-09-30": "42.10000", "2013-06-30": "42.10000", "2013-03-31": "42.00000", "2012-12-31": "41.80000", "2012-09-30": "41.90000", "2012-06-30": "41.90000", "2012-03-31": "41.80000", "2011-12-31": "41.40000", "2011-09-30": "41.50000", "2011-06-30": "41.40000", "2011-03-31": "41.30000", "2010-12-31": "13.20000", "2010-09-30": "5.00000", "2010-06-30": "4.00000", "2010-03-31": "3.90000", "2009-12-31": "", "2008-12-31": ""}, "Basic EPS": {"2020-09-30": "0.16000", "2020-06-30": "0.21000", "2020-03-31": "-7.60000", "2019-12-31": "-0.62000", "2019-09-30": "-0.34000", "2019-06-30": "-0.18000", "2019-03-31": "-0.30000", "2018-12-31": "-0.62000", "2018-09-30": "-0.24000", "2018-06-30": "0.36000", "2018-03-31": "-0.03000", "2017-12-31": "1.23000", "2017-09-30": "-0.91000", "2017-06-30": "0.14000", "2017-03-31": "-0.77000", "2016-12-31": "-1.18000", "2016-09-30": "-0.23000", "2016-06-30": "-0.33000", "2016-03-31": "-0.06000", "2015-12-31": "0.52000", "2015-09-30": "0.23000", "2015-06-30": "0.27000", "2015-03-31": "0.07000", "2014-12-31": "0.61000", "2014-09-30": "0.73000", "2014-06-30": "0.63000", "2014-03-31": "0.47000", "2013-12-31": "0.49000", "2013-09-30": "0.39000", "2013-06-30": "0.36000", "2013-03-31": "0.32000", "2012-12-31": "0.28000", "2012-09-30": "0.21000", "2012-06-30": "0.21000", "2012-03-31": "0.23000", "2011-12-31": "0.20000", "2011-09-30": "0.12000", "2011-06-30": "0.26000", "2011-03-31": "0.17000", "2010-12-31": "-0.68000", "2010-09-30": "-3.77000", "2010-06-30": "-48.10000", "2010-03-31": "0.00000", "2009-12-31": "", "2008-12-31": ""}, "EPS - Earnings Per Share": {"2020-09-30": "0.16000", "2020-06-30": "0.21000", "2020-03-31": "-7.60000", "2019-12-31": "-0.62000", "2019-09-30": "-0.34000", "2019-06-30": "-0.18000", "2019-03-31": "-0.30000", "2018-12-31": "-0.61000", "2018-09-30": "-0.24000", "2018-06-30": "0.35000", "2018-03-31": "-0.03000", "2017-12-31": "1.23000", "2017-09-30": "-0.91000", "2017-06-30": "0.14000", "2017-03-31": "-0.77000", "2016-12-31": "-1.18000", "2016-09-30": "-0.23000", "2016-06-30": "-0.33000", "2016-03-31": "-0.06000", "2015-12-31": "0.52000", "2015-09-30": "0.23000", "2015-06-30": "0.27000", "2015-03-31": "0.07000", "2014-12-31": "0.60000", "2014-09-30": "0.73000", "2014-06-30": "0.63000", "2014-03-31": "0.47000", "2013-12-31": "0.48000", "2013-09-30": "0.39000", "2013-06-30": "0.36000", "2013-03-31": "0.32000", "2012-12-31": "0.26000", "2012-09-30": "0.21000", "2012-06-30": "0.21000", "2012-03-31": "0.23000", "2011-12-31": "0.21000", "2011-09-30": "0.12000", "2011-06-30": "0.25000", "2011-03-31": "0.16000", "2010-12-31": "-0.68000", "2010-09-30": "-3.77000", "2010-06-30": "-48.10000", "2010-03-31": "0.00000", "2009-12-31": "0.00000", "2008-12-31": "0.00000"}}, "balance sheet": {"Cash On Hand": {"2019-12-31": "331.10000", "2018-12-31": "232.10000", "2017-12-31": "137.20000", "2016-12-31": "73.50000", "2015-12-31": "140.20000", "2014-12-31": "81.00000", "2013-12-31": "66.70000", "2012-12-31": "76.30000", "2011-12-31": "145.80000", "2010-12-31": "188.40000", "2009-12-31": "252.40000", "2008-12-31": "362.80000", "2007-12-31": ""}, "Receivables": {"2019-12-31": "855.00000", "2018-12-31": "865.50000", "2017-12-31": "827.60000", "2016-12-31": "742.40000", "2015-12-31": "529.30000", "2014-12-31": "567.30000", "2013-12-31": "658.80000", "2012-12-31": "514.90000", "2011-12-31": "575.70000", "2010-12-31": "466.60000", "2009-12-31": "404.30000", "2008-12-31": "303.90000", "2007-12-31": ""}, "Inventory": {"2019-12-31": "161.50000", "2018-12-31": "164.70000", "2017-12-31": "204.50000", "2016-12-31": "137.70000", "2015-12-31": "141.00000", "2014-12-31": "168.90000", "2013-12-31": "150.70000", "2012-12-31": "99.40000", "2011-12-31": "92.20000", "2010-12-31": "50.40000", "2009-12-31": "39.40000", "2008-12-31": "68.50000", "2007-12-31": ""}, "Pre-Paid Expenses": {"2019-12-31": "", "2018-12-31": "", "2017-12-31": "", "2016-12-31": "", "2015-12-31": "", "2014-12-31": "", "2013-12-31": "", "2012-12-31": "", "2011-12-31": "", "2010-12-31": "", "2009-12-31": "", "2008-12-31": "", "2007-12-31": ""}, "Other Current Assets": {"2019-12-31": "310.70000", "2018-12-31": "156.60000", "2017-12-31": "100.60000", "2016-12-31": "53.20000", "2015-12-31": "109.50000", "2014-12-31": "65.30000", "2013-12-31": "20.90000", "2012-12-31": "42.70000", "2011-12-31": "52.70000", "2010-12-31": "41.50000", "2009-12-31": "48.90000", "2008-12-31": "121.90000", "2007-12-31": ""}, "Total Current Assets": {"2019-12-31": "1658.30000", "2018-12-31": "1418.90000", "2017-12-31": "1269.90000", "2016-12-31": "1006.80000", "2015-12-31": "920.00000", "2014-12-31": "882.50000", "2013-12-31": "897.20000", "2012-12-31": "733.30000", "2011-12-31": "866.50000", "2010-12-31": "750.50000", "2009-12-31": "745.00000", "2008-12-31": "857.10000", "2007-12-31": ""}, "Property, Plant, And Equipment": {"2019-12-31": "14548.50000", "2018-12-31": "12928.40000", "2017-12-31": "10430.00000", "2016-12-31": "9691.00000", "2015-12-31": "9702.70000", "2014-12-31": "4824.60000", "2013-12-31": "4349.90000", "2012-12-31": "3538.00000", "2011-12-31": "2819.50000", "2010-12-31": "2509.00000", "2009-12-31": "2548.10000", "2008-12-31": "2617.40000", "2007-12-31": ""}, "Long-Term Investments": {"2019-12-31": "738.70000", "2018-12-31": "490.50000", "2017-12-31": "221.60000", "2016-12-31": "240.80000", "2015-12-31": "258.90000", "2014-12-31": "50.20000", "2013-12-31": "55.90000", "2012-12-31": "53.10000", "2011-12-31": "36.80000", "2010-12-31": "15.20000", "2009-12-31": "", "2008-12-31": "", "2007-12-31": ""}, "Goodwill And Intangible Assets": {"2019-12-31": "1780.20000", "2018-12-31": "2029.80000", "2017-12-31": "2422.40000", "2016-12-31": "1864.00000", "2015-12-31": "2227.10000", "2014-12-31": "591.90000", "2013-12-31": "653.40000", "2012-12-31": "680.80000", "2011-12-31": "1.40000", "2010-12-31": "", "2009-12-31": "", "2008-12-31": "", "2007-12-31": ""}, "Other Long-Term Assets": {"2019-12-31": "89.40000", "2018-12-31": "70.60000", "2017-12-31": "44.70000", "2016-12-31": "68.60000", "2015-12-31": "102.30000", "2014-12-31": "104.20000", "2013-12-31": "92.20000", "2012-12-31": "99.80000", "2011-12-31": "106.80000", "2010-12-31": "119.10000", "2009-12-31": "74.40000", "2008-12-31": "167.30000", "2007-12-31": ""}, "Total Long-Term Assets": {"2019-12-31": "17156.80000", "2018-12-31": "15519.30000", "2017-12-31": "13118.70000", "2016-12-31": "11864.40000", "2015-12-31": "12291.00000", "2014-12-31": "5570.90000", "2013-12-31": "5151.40000", "2012-12-31": "4371.70000", "2011-12-31": "2964.50000", "2010-12-31": "2643.30000", "2009-12-31": "2622.50000", "2008-12-31": "2784.70000", "2007-12-31": ""}, "Total Assets": {"2019-12-31": "18815.10000", "2018-12-31": "16938.20000", "2017-12-31": "14388.60000", "2016-12-31": "12871.20000", "2015-12-31": "13211.00000", "2014-12-31": "6453.40000", "2013-12-31": "6048.60000", "2012-12-31": "5105.00000", "2011-12-31": "3831.00000", "2010-12-31": "3393.80000", "2009-12-31": "3367.50000", "2008-12-31": "3641.80000", "2007-12-31": "0.00000"}, "Total Current Liabilities": {"2019-12-31": "1872.60000", "2018-12-31": "2798.80000", "2017-12-31": "1616.60000", "2016-12-31": "1167.60000", "2015-12-31": "874.90000", "2014-12-31": "826.50000", "2013-12-31": "770.40000", "2012-12-31": "686.60000", "2011-12-31": "741.10000", "2010-12-31": "624.20000", "2009-12-31": "553.80000", "2008-12-31": "466.60000", "2007-12-31": ""}, "Long Term Debt": {"2019-12-31": "7440.20000", "2018-12-31": "5632.40000", "2017-12-31": "4703.00000", "2016-12-31": "4606.00000", "2015-12-31": "5718.80000", "2014-12-31": "2885.40000", "2013-12-31": "2989.30000", "2012-12-31": "2475.30000", "2011-12-31": "1567.00000", "2010-12-31": "1534.70000", "2009-12-31": "1593.50000", "2008-12-31": "1976.50000", "2007-12-31": ""}, "Other Non-Current Liabilities": {"2019-12-31": "346.40000", "2018-12-31": "265.30000", "2017-12-31": "617.50000", "2016-12-31": "241.20000", "2015-12-31": "189.30000", "2014-12-31": "63.30000", "2013-12-31": "62.10000", "2012-12-31": "58.50000", "2011-12-31": "71.70000", "2010-12-31": "87.20000", "2009-12-31": "106.90000", "2008-12-31": "59.30000", "2007-12-31": ""}, "Total Long Term Liabilities": {"2019-12-31": "8220.80100", "2018-12-31": "6422.90000", "2017-12-31": "5799.50000", "2016-12-31": "5788.40000", "2015-12-31": "6085.89900", "2014-12-31": "3087.40000", "2013-12-31": "3186.90000", "2012-12-31": "2665.00000", "2011-12-31": "1759.20000", "2010-12-31": "1733.50000", "2009-12-31": "2058.80000", "2008-12-31": "2353.20000", "2007-12-31": ""}, "Total Liabilities": {"2019-12-31": "10093.40000", "2018-12-31": "9221.70000", "2017-12-31": "7416.10000", "2016-12-31": "6956.00000", "2015-12-31": "6960.80000", "2014-12-31": "3913.90000", "2013-12-31": "3957.30000", "2012-12-31": "3351.60000", "2011-12-31": "2500.30000", "2010-12-31": "2357.70000", "2009-12-31": "2612.60000", "2008-12-31": "2819.80000", "2007-12-31": ""}, "Common Stock Net": {"2019-12-31": "0.20000", "2018-12-31": "0.20000", "2017-12-31": "0.20000", "2016-12-31": "0.20000", "2015-12-31": "0.10000", "2014-12-31": "", "2013-12-31": "", "2012-12-31": "", "2011-12-31": "", "2010-12-31": "", "2009-12-31": "", "2008-12-31": "", "2007-12-31": ""}, "Retained Earnings (Accumulated Deficit)": {"2019-12-31": "-339.60000", "2018-12-31": "-130.40000", "2017-12-31": "-77.20000", "2016-12-31": "-187.30000", "2015-12-31": "26.90000", "2014-12-31": "25.50000", "2013-12-31": "20.50000", "2012-12-31": "-32.00000", "2011-12-31": "-70.10000", "2010-12-31": "-100.80000", "2009-12-31": "-85.80000", "2008-12-31": "-115.30000", "2007-12-31": ""}, "Comprehensive Income": {"2019-12-31": "92.50000", "2018-12-31": "94.30000", "2017-12-31": "-29.90000", "2016-12-31": "-38.30000", "2015-12-31": "5.70000", "2014-12-31": "4.80000", "2013-12-31": "-0.50000", "2012-12-31": "1.20000", "2011-12-31": "-1.30000", "2010-12-31": "0.60000", "2009-12-31": "-20.30000", "2008-12-31": "36.30000", "2007-12-31": ""}, "Other Share Holders Equity": {"2019-12-31": "", "2018-12-31": "", "2017-12-31": "", "2016-12-31": "", "2015-12-31": "", "2014-12-31": "", "2013-12-31": "", "2012-12-31": "", "2011-12-31": "", "2010-12-31": "", "2009-12-31": "", "2008-12-31": "", "2007-12-31": ""}, "Share Holder Equity": {"2019-12-31": "8721.70000", "2018-12-31": "7716.50000", "2017-12-31": "6972.50000", "2016-12-31": "5915.20000", "2015-12-31": "6250.20000", "2014-12-31": "2539.50000", "2013-12-31": "2091.30000", "2012-12-31": "1753.40000", "2011-12-31": "1330.70000", "2010-12-31": "1036.10000", "2009-12-31": "754.90000", "2008-12-31": "822.00000", "2007-12-31": ""}, "Total Liabilities And Share Holders Equity": {"2019-12-31": "18815.10000", "2018-12-31": "16938.20000", "2017-12-31": "14388.60000", "2016-12-31": "12871.20000", "2015-12-31": "13211.00000", "2014-12-31": "6453.40000", "2013-12-31": "6048.60000", "2012-12-31": "5105.00000", "2011-12-31": "3831.00000", "2010-12-31": "3393.80000", "2009-12-31": "3367.50000", "2008-12-31": "3641.80000", "2007-12-31": ""}}, "balance sheet, quarterly": {"Cash On Hand": {"2020-09-30": "275.00000", "2020-06-30": "196.20000", "2020-03-31": "375.20000", "2019-12-31": "331.10000", "2019-09-30": "326.30000", "2019-06-30": "226.50000", "2019-03-31": "124.90000", "2018-12-31": "232.10000", "2018-09-30": "203.20000", "2018-06-30": "281.60000", "2018-03-31": "219.80000", "2017-12-31": "137.20000", "2017-09-30": "114.10000", "2017-06-30": "98.70000", "2017-03-31": "80.00000", "2016-12-31": "73.50000", "2016-09-30": "141.10000", "2016-06-30": "170.90000", "2016-03-31": "114.50000", "2015-12-31": "140.20000", "2015-09-30": "102.90000", "2015-06-30": "105.70000", "2015-03-31": "170.70000", "2014-12-31": "81.00000", "2014-09-30": "78.80000", "2014-06-30": "75.90000", "2014-03-31": "94.90000", "2013-12-31": "66.70000", "2013-09-30": "83.70000", "2013-06-30": "82.90000", "2013-03-31": "112.70000", "2012-12-31": "76.30000", "2012-09-30": "120.70000", "2012-06-30": "117.50000", "2012-03-31": "121.20000", "2011-12-31": "145.80000", "2011-09-30": "154.10000", "2011-06-30": "154.70000", "2011-03-31": "147.70000", "2010-12-31": "188.40000", "2010-09-30": "", "2010-06-30": "", "2010-03-31": "", "2009-12-31": "252.40000", "2008-12-31": "362.80000"}, "Receivables": {"2020-09-30": "609.80000", "2020-06-30": "547.20000", "2020-03-31": "438.10000", "2019-12-31": "855.00000", "2019-09-30": "744.00000", "2019-06-30": "637.20000", "2019-03-31": "752.80000", "2018-12-31": "865.50000", "2018-09-30": "1037.20000", "2018-06-30": "867.20000", "2018-03-31": "745.60000", "2017-12-31": "827.60000", "2017-09-30": "715.00000", "2017-06-30": "552.40000", "2017-03-31": "608.30000", "2016-12-31": "742.40000", "2016-09-30": "625.90000", "2016-06-30": "490.10000", "2016-03-31": "428.40000", "2015-12-31": "529.30000", "2015-09-30": "621.00000", "2015-06-30": "602.50000", "2015-03-31": "675.60000", "2014-12-31": "567.30000", "2014-09-30": "698.10000", "2014-06-30": "682.60000", "2014-03-31": "610.40000", "2013-12-31": "658.80000", "2013-09-30": "498.50000", "2013-06-30": "435.80000", "2013-03-31": "427.60000", "2012-12-31": "514.90000", "2012-09-30": "416.20000", "2012-06-30": "368.10000", "2012-03-31": "462.60000", "2011-12-31": "575.70000", "2011-09-30": "544.50000", "2011-06-30": "495.80000", "2011-03-31": "444.60000", "2010-12-31": "466.60000", "2010-09-30": "", "2010-06-30": "", "2010-03-31": "", "2009-12-31": "404.30000", "2008-12-31": "303.90000"}, "Inventory": {"2020-09-30": "261.70000", "2020-06-30": "219.30000", "2020-03-31": "100.20000", "2019-12-31": "161.50000", "2019-09-30": "210.90000", "2019-06-30": "205.10000", "2019-03-31": "197.90000", "2018-12-31": "164.70000", "2018-09-30": "177.90000", "2018-06-30": "181.40000", "2018-03-31": "96.70000", "2017-12-31": "204.50000", "2017-09-30": "267.40000", "2017-06-30": "197.70000", "2017-03-31": "75.50000", "2016-12-31": "137.70000", "2016-09-30": "150.30000", "2016-06-30": "111.00000", "2016-03-31": "61.70000", "2015-12-31": "141.00000", "2015-09-30": "151.10000", "2015-06-30": "124.80000", "2015-03-31": "78.20000", "2014-12-31": "168.90000", "2014-09-30": "251.20000", "2014-06-30": "151.70000", "2014-03-31": "88.50000", "2013-12-31": "150.70000", "2013-09-30": "201.70000", "2013-06-30": "138.30000", "2013-03-31": "66.00000", "2012-12-31": "99.40000", "2012-09-30": "84.40000", "2012-06-30": "89.70000", "2012-03-31": "45.50000", "2011-12-31": "92.20000", "2011-09-30": "139.40000", "2011-06-30": "69.90000", "2011-03-31": "5.20000", "2010-12-31": "50.40000", "2010-09-30": "", "2010-06-30": "", "2010-03-31": "", "2009-12-31": "39.40000", "2008-12-31": "68.50000"}, "Pre-Paid Expenses": {"2020-09-30": "", "2020-06-30": "", "2020-03-31": "", "2019-12-31": "", "2019-09-30": "", "2019-06-30": "", "2019-03-31": "", "2018-12-31": "", "2018-09-30": "", "2018-06-30": "", "2018-03-31": "", "2017-12-31": "", "2017-09-30": "", "2017-06-30": "", "2017-03-31": "", "2016-12-31": "", "2016-09-30": "", "2016-06-30": "", "2016-03-31": "", "2015-12-31": "", "2015-09-30": "", "2015-06-30": "", "2015-03-31": "", "2014-12-31": "", "2014-09-30": "", "2014-06-30": "", "2014-03-31": "", "2013-12-31": "", "2013-09-30": "", "2013-06-30": "", "2013-03-31": "", "2012-12-31": "", "2012-09-30": "", "2012-06-30": "", "2012-03-31": "", "2011-12-31": "", "2011-09-30": "", "2011-06-30": "", "2011-03-31": "", "2010-12-31": "", "2010-09-30": "", "2010-06-30": "", "2010-03-31": "", "2009-12-31": "", "2008-12-31": ""}, "Other Current Assets": {"2020-09-30": "297.90000", "2020-06-30": "262.30000", "2020-03-31": "300.80000", "2019-12-31": "310.70000", "2019-09-30": "194.80000", "2019-06-30": "143.10000", "2019-03-31": "105.40000", "2018-12-31": "156.60000", "2018-09-30": "308.10000", "2018-06-30": "101.30000", "2018-03-31": "98.20000", "2017-12-31": "100.60000", "2017-09-30": "104.30000", "2017-06-30": "66.10000", "2017-03-31": "48.30000", "2016-12-31": "53.20000", "2016-09-30": "59.40000", "2016-06-30": "84.70000", "2016-03-31": "111.30000", "2015-12-31": "109.50000", "2015-09-30": "126.10000", "2015-06-30": "130.50000", "2015-03-31": "143.10000", "2014-12-31": "65.30000", "2014-09-30": "25.00000", "2014-06-30": "25.00000", "2014-03-31": "11.80000", "2013-12-31": "20.90000", "2013-09-30": "25.10000", "2013-06-30": "40.90000", "2013-03-31": "24.90000", "2012-12-31": "42.70000", "2012-09-30": "45.10000", "2012-06-30": "74.20000", "2012-03-31": "46.90000", "2011-12-31": "52.70000", "2011-09-30": "52.70000", "2011-06-30": "45.20000", "2011-03-31": "26.60000", "2010-12-31": "41.50000", "2010-09-30": "", "2010-06-30": "", "2010-03-31": "", "2009-12-31": "48.90000", "2008-12-31": ""}, "Total Current Assets": {"2020-09-30": "1444.40000", "2020-06-30": "1225.00000", "2020-03-31": "1214.30000", "2019-12-31": "1658.30000", "2019-09-30": "1476.00000", "2019-06-30": "1211.90000", "2019-03-31": "1181.00000", "2018-12-31": "1418.90000", "2018-09-30": "1726.40000", "2018-06-30": "1431.50000", "2018-03-31": "1160.30000", "2017-12-31": "1269.90000", "2017-09-30": "1200.80000", "2017-06-30": "914.90000", "2017-03-31": "812.10000", "2016-12-31": "1006.80000", "2016-09-30": "976.70000", "2016-06-30": "856.70000", "2016-03-31": "715.90000", "2015-12-31": "920.00000", "2015-09-30": "1001.10000", "2015-06-30": "963.50000", "2015-03-31": "1067.60000", "2014-12-31": "882.50000", "2014-09-30": "1053.10000", "2014-06-30": "939.20000", "2014-03-31": "809.90000", "2013-12-31": "897.20000", "2013-09-30": "809.00000", "2013-06-30": "697.90000", "2013-03-31": "631.20000", "2012-12-31": "733.30000", "2012-09-30": "666.40000", "2012-06-30": "649.50000", "2012-03-31": "676.20000", "2011-12-31": "866.50000", "2011-09-30": "890.70000", "2011-06-30": "779.40000", "2011-03-31": "638.70000", "2010-12-31": "750.50000", "2010-09-30": "", "2010-06-30": "", "2010-03-31": "", "2009-12-31": "745.00000", "2008-12-31": "857.10000"}, "Property, Plant, And Equipment": {"2020-09-30": "12292.80000", "2020-06-30": "12417.40000", "2020-03-31": "12411.80000", "2019-12-31": "14548.50000", "2019-09-30": "14696.90000", "2019-06-30": "14368.80000", "2019-03-31": "13703.40000", "2018-12-31": "12928.40000", "2018-09-30": "12080.90000", "2018-06-30": "11421.30000", "2018-03-31": "10841.60000", "2017-12-31": "10430.00000", "2017-09-30": "10068.80000", "2017-06-30": "10226.80000", "2017-03-31": "9963.40000", "2016-12-31": "9691.00000", "2016-09-30": "9680.20000", "2016-06-30": "9702.50000", "2016-03-31": "9734.60000", "2015-12-31": "9702.70000", "2015-09-30": "9750.20000", "2015-06-30": "9684.30000", "2015-03-31": "9833.00000", "2014-12-31": "4824.60000", "2014-09-30": "4693.70000", "2014-06-30": "4623.80000", "2014-03-31": "4464.30000", "2013-12-31": "4349.90000", "2013-09-30": "4109.40000", "2013-06-30": "3883.40000", "2013-03-31": "3692.40000", "2012-12-31": "3538.00000", "2012-09-30": "3061.20000", "2012-06-30": "2964.50000", "2012-03-31": "2872.00000", "2011-12-31": "2819.50000", "2011-09-30": "2616.80000", "2011-06-30": "2587.40000", "2011-03-31": "2543.70000", "2010-12-31": "2509.00000", "2010-09-30": "", "2010-06-30": "", "2010-03-31": "", "2009-12-31": "3193.30000", "2008-12-31": "3093.30000"}, "Long-Term Investments": {"2020-09-30": "718.80000", "2020-06-30": "724.30000", "2020-03-31": "736.80000", "2019-12-31": "738.70000", "2019-09-30": "718.50000", "2019-06-30": "676.70000", "2019-03-31": "605.90000", "2018-12-31": "490.50000", "2018-09-30": "441.50000", "2018-06-30": "363.90000", "2018-03-31": "313.40000", "2017-12-31": "221.60000", "2017-09-30": "222.10000", "2017-06-30": "218.40000", "2017-03-31": "227.00000", "2016-12-31": "240.80000", "2016-09-30": "246.90000", "2016-06-30": "250.20000", "2016-03-31": "254.90000", "2015-12-31": "258.90000", "2015-09-30": "264.20000", "2015-06-30": "258.00000", "2015-03-31": "322.90000", "2014-12-31": "50.20000", "2014-09-30": "51.70000", "2014-06-30": "52.30000", "2014-03-31": "53.70000", "2013-12-31": "55.90000", "2013-09-30": "51.20000", "2013-06-30": "57.60000", "2013-03-31": "54.80000", "2012-12-31": "53.10000", "2012-09-30": "51.00000", "2012-06-30": "50.10000", "2012-03-31": "42.70000", "2011-12-31": "36.80000", "2011-09-30": "", "2011-06-30": "", "2011-03-31": "", "2010-12-31": "15.20000", "2010-09-30": "", "2010-06-30": "", "2010-03-31": "", "2009-12-31": "", "2008-12-31": ""}, "Goodwill And Intangible Assets": {"2020-09-30": "1417.60000", "2020-06-30": "1452.80000", "2020-03-31": "1488.00000", "2019-12-31": "1735.00000", "2019-09-30": "1901.00000", "2019-06-30": "1943.90000", "2019-03-31": "1986.80000", "2018-12-31": "2029.80000", "2018-09-30": "2286.20000", "2018-06-30": "2330.90000", "2018-03-31": "2376.70000", "2017-12-31": "2422.40000", "2017-09-30": "2471.40000", "2017-06-30": "2521.30000", "2017-03-31": "2607.80000", "2016-12-31": "1864.00000", "2016-09-30": "2086.00000", "2016-06-30": "2119.00000", "2016-03-31": "2158.10000", "2015-12-31": "2227.10000", "2015-09-30": "2247.10000", "2015-06-30": "2293.50000", "2015-03-31": "2230.90000", "2014-12-31": "591.90000", "2014-09-30": "607.30000", "2014-06-30": "622.70000", "2014-03-31": "638.10000", "2013-12-31": "653.40000", "2013-09-30": "660.30000", "2013-06-30": "667.10000", "2013-03-31": "674.10000", "2012-12-31": "680.80000", "2012-09-30": "", "2012-06-30": "", "2012-03-31": "", "2011-12-31": "1.40000", "2011-09-30": "", "2011-06-30": "", "2011-03-31": "", "2010-12-31": "", "2010-09-30": "0.00000", "2010-06-30": "0.00000", "2010-03-31": "0.00000", "2009-12-31": "0.00000", "2008-12-31": "0.00000"}, "Other Long-Term Assets": {"2020-09-30": "178.50000", "2020-06-30": "145.90000", "2020-03-31": "175.90000", "2019-12-31": "134.60000", "2019-09-30": "126.10000", "2019-06-30": "116.90000", "2019-03-31": "92.10000", "2018-12-31": "70.60000", "2018-09-30": "34.10000", "2018-06-30": "48.50000", "2018-03-31": "61.20000", "2017-12-31": "44.70000", "2017-09-30": "35.20000", "2017-06-30": "37.00000", "2017-03-31": "43.50000", "2016-12-31": "68.60000", "2016-09-30": "65.80000", "2016-06-30": "71.70000", "2016-03-31": "85.70000", "2015-12-31": "102.30000", "2015-09-30": "155.60000", "2015-06-30": "153.60000", "2015-03-31": "170.90000", "2014-12-31": "104.20000", "2014-09-30": "86.10000", "2014-06-30": "90.40000", "2014-03-31": "89.20000", "2013-12-31": "92.20000", "2013-09-30": "95.40000", "2013-06-30": "101.10000", "2013-03-31": "96.00000", "2012-12-31": "99.80000", "2012-09-30": "102.90000", "2012-06-30": "116.40000", "2012-03-31": "107.50000", "2011-12-31": "106.80000", "2011-09-30": "282.90000", "2011-06-30": "134.50000", "2011-03-31": "140.00000", "2010-12-31": "119.10000", "2010-09-30": "", "2010-06-30": "", "2010-03-31": "", "2009-12-31": "74.40000", "2008-12-31": ""}, "Total Long-Term Assets": {"2020-09-30": "14607.70000", "2020-06-30": "14740.40000", "2020-03-31": "14812.50000", "2019-12-31": "17156.80000", "2019-09-30": "17442.50000", "2019-06-30": "17106.30000", "2019-03-31": "16388.20000", "2018-12-31": "15519.30000", "2018-09-30": "14842.70000", "2018-06-30": "14164.60000", "2018-03-31": "13592.90000", "2017-12-31": "13118.70000", "2017-09-30": "12797.50000", "2017-06-30": "13003.50000", "2017-03-31": "12841.70000", "2016-12-31": "11864.40000", "2016-09-30": "12078.90000", "2016-06-30": "12143.40000", "2016-03-31": "12233.30000", "2015-12-31": "12291.00000", "2015-09-30": "12417.10000", "2015-06-30": "12389.40000", "2015-03-31": "12557.70000", "2014-12-31": "5570.90000", "2014-09-30": "5438.80000", "2014-06-30": "5389.20000", "2014-03-31": "5245.30000", "2013-12-31": "5151.40000", "2013-09-30": "4916.30000", "2013-06-30": "4709.20000", "2013-03-31": "4517.30000", "2012-12-31": "4371.70000", "2012-09-30": "3215.10000", "2012-06-30": "3131.00000", "2012-03-31": "3022.20000", "2011-12-31": "2964.50000", "2011-09-30": "2899.70000", "2011-06-30": "2721.90000", "2011-03-31": "2683.70000", "2010-12-31": "2643.30000", "2010-09-30": "", "2010-06-30": "", "2010-03-31": "", "2009-12-31": "3267.70000", "2008-12-31": "3093.30000"}, "Total Assets": {"2020-09-30": "16052.10000", "2020-06-30": "15965.40000", "2020-03-31": "16026.80000", "2019-12-31": "18815.10000", "2019-09-30": "18918.50000", "2019-06-30": "18318.20000", "2019-03-31": "17569.20000", "2018-12-31": "16938.20000", "2018-09-30": "16569.10000", "2018-06-30": "15596.10000", "2018-03-31": "14753.20000", "2017-12-31": "14388.60000", "2017-09-30": "13998.30000", "2017-06-30": "13918.40000", "2017-03-31": "13653.80000", "2016-12-31": "12871.20000", "2016-09-30": "13055.60000", "2016-06-30": "13000.10000", "2016-03-31": "12949.20000", "2015-12-31": "13211.00000", "2015-09-30": "13418.20000", "2015-06-30": "13352.90000", "2015-03-31": "13625.30000", "2014-12-31": "6453.40000", "2014-09-30": "6491.90000", "2014-06-30": "6328.40000", "2014-03-31": "6055.20000", "2013-12-31": "6048.60000", "2013-09-30": "5725.30000", "2013-06-30": "5407.10000", "2013-03-31": "5148.50000", "2012-12-31": "5105.00000", "2012-09-30": "3881.50000", "2012-06-30": "3780.50000", "2012-03-31": "3698.40000", "2011-12-31": "3831.00000", "2011-09-30": "3790.40000", "2011-06-30": "3501.30000", "2011-03-31": "3322.40000", "2010-12-31": "3393.80000", "2010-09-30": "0.00000", "2010-06-30": "0.00000", "2010-03-31": "0.00000", "2009-12-31": "3367.50000", "2008-12-31": "3641.80000"}, "Total Current Liabilities": {"2020-09-30": "1380.90000", "2020-06-30": "1319.70000", "2020-03-31": "1196.00000", "2019-12-31": "1872.60000", "2019-09-30": "1669.30000", "2019-06-30": "1658.00000", "2019-03-31": "2041.60000", "2018-12-31": "2798.80000", "2018-09-30": "2556.40000", "2018-06-30": "1953.30000", "2018-03-31": "1384.30000", "2017-12-31": "1616.60000", "2017-09-30": "1633.30000", "2017-06-30": "1395.60000", "2017-03-31": "1424.30000", "2016-12-31": "1167.60000", "2016-09-30": "948.80000", "2016-06-30": "937.60000", "2016-03-31": "693.00000", "2015-12-31": "874.90000", "2015-09-30": "862.20000", "2015-06-30": "847.00000", "2015-03-31": "982.90000", "2014-12-31": "826.50000", "2014-09-30": "802.70000", "2014-06-30": "818.90000", "2014-03-31": "758.40000", "2013-12-31": "770.40000", "2013-09-30": "687.10000", "2013-06-30": "608.60000", "2013-03-31": "633.10000", "2012-12-31": "686.60000", "2012-09-30": "526.30000", "2012-06-30": "487.80000", "2012-03-31": "569.30000", "2011-12-31": "741.10000", "2011-09-30": "673.50000", "2011-06-30": "702.70000", "2011-03-31": "540.00000", "2010-12-31": "624.20000", "2010-09-30": "", "2010-06-30": "", "2010-03-31": "", "2009-12-31": "553.80000", "2008-12-31": "466.60000"}, "Long Term Debt": {"2020-09-30": "7652.20000", "2020-06-30": "7579.60000", "2020-03-31": "7639.80000", "2019-12-31": "7440.20000", "2019-09-30": "7279.70000", "2019-06-30": "6639.00000", "2019-03-31": "7118.50000", "2018-12-31": "5632.40000", "2018-09-30": "5678.90000", "2018-06-30": "5392.50000", "2018-03-31": "5064.20000", "2017-12-31": "4703.00000", "2017-09-30": "4368.60000", "2017-06-30": "3937.50000", "2017-03-31": "4213.30000", "2016-12-31": "4606.00000", "2016-09-30": "4725.90000", "2016-06-30": "4778.30000", "2016-03-31": "4921.20000", "2015-12-31": "5718.80000", "2015-09-30": "5938.80000", "2015-06-30": "5796.10000", "2015-03-31": "5838.20000", "2014-12-31": "2885.40000", "2014-09-30": "3137.20000", "2014-06-30": "3048.20000", "2014-03-31": "2891.70000", "2013-12-31": "2989.30000", "2013-09-30": "2867.90000", "2013-06-30": "2728.00000", "2013-03-31": "2522.40000", "2012-12-31": "2475.30000", "2012-09-30": "1751.00000", "2012-06-30": "1610.30000", "2012-03-31": "1469.70000", "2011-12-31": "1567.00000", "2011-09-30": "1603.40000", "2011-06-30": "1265.80000", "2011-03-31": "1268.40000", "2010-12-31": "1534.70000", "2010-09-30": "", "2010-06-30": "", "2010-03-31": "", "2009-12-31": "1593.50000", "2008-12-31": "1976.50000"}, "Other Non-Current Liabilities": {"2020-09-30": "369.90000", "2020-06-30": "365.40000", "2020-03-31": "326.30000", "2019-12-31": "346.40000", "2019-09-30": "351.80000", "2019-06-30": "307.70000", "2019-03-31": "310.60000", "2018-12-31": "265.30000", "2018-09-30": "338.10000", "2018-06-30": "250.30000", "2018-03-31": "607.20000", "2017-12-31": "617.50000", "2017-09-30": "512.70000", "2017-06-30": "593.90000", "2017-03-31": "696.80000", "2016-12-31": "241.20000", "2016-09-30": "176.70000", "2016-06-30": "184.20000", "2016-03-31": "163.70000", "2015-12-31": "189.30000", "2015-09-30": "80.50000", "2015-06-30": "84.10000", "2015-03-31": "82.00000", "2014-12-31": "63.30000", "2014-09-30": "66.70000", "2014-06-30": "75.60000", "2014-03-31": "67.30000", "2013-12-31": "62.10000", "2013-09-30": "59.60000", "2013-06-30": "64.20000", "2013-03-31": "62.60000", "2012-12-31": "58.50000", "2012-09-30": "60.60000", "2012-06-30": "66.80000", "2012-03-31": "76.10000", "2011-12-31": "71.70000", "2011-09-30": "63.40000", "2011-06-30": "108.90000", "2011-03-31": "112.80000", "2010-12-31": "87.20000", "2010-09-30": "", "2010-06-30": "", "2010-03-31": "", "2009-12-31": "106.90000", "2008-12-31": ""}, "Total Long Term Liabilities": {"2020-09-30": "8153.20000", "2020-06-30": "8079.60000", "2020-03-31": "8170.50000", "2019-12-31": "8220.80100", "2019-09-30": "8159.20000", "2019-06-30": "7459.40000", "2019-03-31": "7936.70000", "2018-12-31": "6422.90000", "2018-09-30": "6504.50000", "2018-06-30": "6162.00000", "2018-03-31": "6181.00000", "2017-12-31": "5799.50000", "2017-09-30": "5609.80000", "2017-06-30": "5384.30000", "2017-03-31": "5861.70000", "2016-12-31": "5788.40000", "2016-09-30": "6044.30000", "2016-06-30": "6045.50000", "2016-03-31": "6201.90000", "2015-12-31": "6085.89900", "2015-09-30": "6176.10000", "2015-06-30": "6013.70000", "2015-03-31": "6048.00000", "2014-12-31": "3087.40000", "2014-09-30": "3339.40000", "2014-06-30": "3266.50000", "2014-03-31": "3097.80000", "2013-12-31": "3186.90000", "2013-09-30": "3063.60000", "2013-06-30": "2917.20000", "2013-03-31": "2712.20000", "2012-12-31": "2665.00000", "2012-09-30": "1927.90000", "2012-06-30": "1784.40000", "2012-03-31": "1663.80000", "2011-12-31": "1759.20000", "2011-09-30": "1784.40000", "2011-06-30": "1494.60000", "2011-03-31": "1500.80000", "2010-12-31": "1733.50000", "2010-09-30": "", "2010-06-30": "", "2010-03-31": "", "2009-12-31": "2058.80000", "2008-12-31": "2267.10000"}, "Total Liabilities": {"2020-09-30": "9534.10000", "2020-06-30": "9399.30000", "2020-03-31": "9366.50000", "2019-12-31": "10093.40000", "2019-09-30": "9828.50000", "2019-06-30": "9117.40000", "2019-03-31": "9978.30000", "2018-12-31": "9221.70000", "2018-09-30": "9060.90000", "2018-06-30": "8115.30000", "2018-03-31": "7565.30000", "2017-12-31": "7416.10000", "2017-09-30": "7243.10000", "2017-06-30": "6779.90000", "2017-03-31": "7286.00000", "2016-12-31": "6956.00000", "2016-09-30": "6993.10000", "2016-06-30": "6983.10000", "2016-03-31": "6894.90000", "2015-12-31": "6960.80000", "2015-09-30": "7038.30000", "2015-06-30": "6860.70000", "2015-03-31": "7030.90000", "2014-12-31": "3913.90000", "2014-09-30": "4142.10000", "2014-06-30": "4085.40000", "2014-03-31": "3856.20000", "2013-12-31": "3957.30000", "2013-09-30": "3750.70000", "2013-06-30": "3525.80000", "2013-03-31": "3345.30000", "2012-12-31": "3351.60000", "2012-09-30": "2454.20000", "2012-06-30": "2272.20000", "2012-03-31": "2233.10000", "2011-12-31": "2500.30000", "2011-09-30": "2457.90000", "2011-06-30": "2197.30000", "2011-03-31": "2040.80000", "2010-12-31": "2357.70000", "2010-09-30": "0.00000", "2010-06-30": "0.00000", "2010-03-31": "0.00000", "2009-12-31": "2612.60000", "2008-12-31": "2819.80000"}, "Common Stock Net": {"2020-09-30": "0.20000", "2020-06-30": "0.20000", "2020-03-31": "0.20000", "2019-12-31": "0.20000", "2019-09-30": "0.20000", "2019-06-30": "0.20000", "2019-03-31": "0.20000", "2018-12-31": "0.20000", "2018-09-30": "0.20000", "2018-06-30": "0.20000", "2018-03-31": "0.20000", "2017-12-31": "0.20000", "2017-09-30": "0.20000", "2017-06-30": "0.20000", "2017-03-31": "0.20000", "2016-12-31": "0.20000", "2016-09-30": "0.20000", "2016-06-30": "0.20000", "2016-03-31": "0.20000", "2015-12-31": "0.10000", "2015-09-30": "0.10000", "2015-06-30": "0.10000", "2015-03-31": "0.10000", "2014-12-31": "", "2014-09-30": "", "2014-06-30": "", "2014-03-31": "", "2013-12-31": "", "2013-09-30": "", "2013-06-30": "", "2013-03-31": "", "2012-12-31": "", "2012-09-30": "", "2012-06-30": "", "2012-03-31": "", "2011-12-31": "", "2011-09-30": "", "2011-06-30": "", "2011-03-31": "", "2010-12-31": "", "2010-09-30": "0.00000", "2010-06-30": "0.00000", "2010-03-31": "0.00000", "2009-12-31": "0.00000", "2008-12-31": "0.00000"}, "Retained Earnings (Accumulated Deficit)": {"2020-09-30": "-1927.10000", "2020-06-30": "-1996.40000", "2020-03-31": "-2077.40000", "2019-12-31": "-339.60000", "2019-09-30": "-226.80000", "2019-06-30": "-179.50000", "2019-03-31": "-169.30000", "2018-12-31": "-130.40000", "2018-09-30": "-23.80000", "2018-06-30": "60.00000", "2018-03-31": "-49.10000", "2017-12-31": "-77.20000", "2017-09-30": "-360.50000", "2017-06-30": "-192.90000", "2017-03-31": "-250.50000", "2016-12-31": "-187.30000", "2016-09-30": "-36.60000", "2016-06-30": "-25.90000", "2016-03-31": "-2.70000", "2015-12-31": "26.90000", "2015-09-30": "12.60000", "2015-06-30": "15.40000", "2015-03-31": "3.10000", "2014-12-31": "25.50000", "2014-09-30": "30.80000", "2014-06-30": "26.50000", "2014-03-31": "19.60000", "2013-12-31": "20.50000", "2013-09-30": "12.60000", "2013-06-30": "-3.70000", "2013-03-31": "-18.60000", "2012-12-31": "-32.00000", "2012-09-30": "-43.20000", "2012-06-30": "-51.90000", "2012-03-31": "-60.50000", "2011-12-31": "-70.10000", "2011-09-30": "-78.60000", "2011-06-30": "-83.50000", "2011-03-31": "-94.00000", "2010-12-31": "-100.80000", "2010-09-30": "", "2010-06-30": "", "2010-03-31": "", "2009-12-31": "-85.80000", "2008-12-31": "-115.30000"}, "Comprehensive Income": {"2020-09-30": "-90.80000", "2020-06-30": "21.60000", "2020-03-31": "168.40000", "2019-12-31": "92.50000", "2019-09-30": "140.90000", "2019-06-30": "83.00000", "2019-03-31": "48.90000", "2018-12-31": "94.30000", "2018-09-30": "-125.90000", "2018-06-30": "-37.90000", "2018-03-31": "34.40000", "2017-12-31": "-29.90000", "2017-09-30": "-43.50000", "2017-06-30": "21.50000", "2017-03-31": "6.50000", "2016-12-31": "-38.30000", "2016-09-30": "-2.70000", "2016-06-30": "-5.70000", "2016-03-31": "43.00000", "2015-12-31": "5.70000", "2015-09-30": "5.20000", "2015-06-30": "3.50000", "2015-03-31": "5.30000", "2014-12-31": "4.80000", "2014-09-30": "0.30000", "2014-06-30": "-0.90000", "2014-03-31": "-0.80000", "2013-12-31": "-0.50000", "2013-09-30": "0.30000", "2013-06-30": "1.70000", "2013-03-31": "0.10000", "2012-12-31": "1.20000", "2012-09-30": "2.20000", "2012-06-30": "6.00000", "2012-03-31": "0.00000", "2011-12-31": "-1.30000", "2011-09-30": "0.40000", "2011-06-30": "-4.20000", "2011-03-31": "-4.40000", "2010-12-31": "0.60000", "2010-09-30": "", "2010-06-30": "", "2010-03-31": "", "2009-12-31": "", "2008-12-31": ""}, "Other Share Holders Equity": {"2020-09-30": "", "2020-06-30": "", "2020-03-31": "", "2019-12-31": "", "2019-09-30": "", "2019-06-30": "", "2019-03-31": "", "2018-12-31": "", "2018-09-30": "", "2018-06-30": "", "2018-03-31": "", "2017-12-31": "", "2017-09-30": "", "2017-06-30": "", "2017-03-31": "-19.60000", "2016-12-31": "", "2016-09-30": "", "2016-06-30": "-36.00000", "2016-03-31": "", "2015-12-31": "", "2015-09-30": "", "2015-06-30": "", "2015-03-31": "", "2014-12-31": "", "2014-09-30": "", "2014-06-30": "", "2014-03-31": "", "2013-12-31": "", "2013-09-30": "", "2013-06-30": "", "2013-03-31": "", "2012-12-31": "", "2012-09-30": "", "2012-06-30": "", "2012-03-31": "", "2011-12-31": "", "2011-09-30": "", "2011-06-30": "", "2011-03-31": "", "2010-12-31": "", "2010-09-30": "0.00000", "2010-06-30": "0.00000", "2010-03-31": "0.00000", "2009-12-31": "647.40000", "2008-12-31": "0.00000"}, "Share Holder Equity": {"2020-09-30": "6518.00000", "2020-06-30": "6566.10000", "2020-03-31": "6660.30000", "2019-12-31": "8721.70000", "2019-09-30": "9090.00000", "2019-06-30": "9200.80000", "2019-03-31": "7590.90000", "2018-12-31": "7716.50000", "2018-09-30": "7508.20000", "2018-06-30": "7480.80000", "2018-03-31": "7187.90000", "2017-12-31": "6972.50000", "2017-09-30": "6755.20000", "2017-06-30": "7138.50000", "2017-03-31": "6367.80000", "2016-12-31": "5915.20000", "2016-09-30": "6062.50000", "2016-06-30": "6017.00000", "2016-03-31": "6054.30000", "2015-12-31": "6250.20000", "2015-09-30": "6379.90000", "2015-06-30": "6492.20000", "2015-03-31": "6594.40000", "2014-12-31": "2539.50000", "2014-09-30": "2349.80000", "2014-06-30": "2243.00000", "2014-03-31": "2199.00000", "2013-12-31": "2091.30000", "2013-09-30": "1974.60000", "2013-06-30": "1881.30000", "2013-03-31": "1803.20000", "2012-12-31": "1753.40000", "2012-09-30": "1427.30000", "2012-06-30": "1508.30000", "2012-03-31": "1465.30000", "2011-12-31": "1330.70000", "2011-09-30": "1332.50000", "2011-06-30": "1304.00000", "2011-03-31": "1281.60000", "2010-12-31": "1036.10000", "2010-09-30": "0.00000", "2010-06-30": "0.00000", "2010-03-31": "0.00000", "2009-12-31": "754.90000", "2008-12-31": "822.00000"}, "Total Liabilities And Share Holders Equity": {"2020-09-30": "16052.10000", "2020-06-30": "15965.40000", "2020-03-31": "16026.80000", "2019-12-31": "18815.10000", "2019-09-30": "18918.50000", "2019-06-30": "18318.20000", "2019-03-31": "17569.20000", "2018-12-31": "16938.20000", "2018-09-30": "16569.10000", "2018-06-30": "15596.10000", "2018-03-31": "14753.20000", "2017-12-31": "14388.60000", "2017-09-30": "13998.30000", "2017-06-30": "13918.40000", "2017-03-31": "13653.80000", "2016-12-31": "12871.20000", "2016-09-30": "13055.60000", "2016-06-30": "13000.10000", "2016-03-31": "12949.20000", "2015-12-31": "13211.00000", "2015-09-30": "13418.20000", "2015-06-30": "13352.90000", "2015-03-31": "13625.30000", "2014-12-31": "6453.40000", "2014-09-30": "6491.90000", "2014-06-30": "6328.40000", "2014-03-31": "6055.20000", "2013-12-31": "6048.60000", "2013-09-30": "5725.30000", "2013-06-30": "5407.10000", "2013-03-31": "5148.50000", "2012-12-31": "5105.00000", "2012-09-30": "3881.50000", "2012-06-30": "3780.50000", "2012-03-31": "3698.40000", "2011-12-31": "3831.00000", "2011-09-30": "3790.40000", "2011-06-30": "3501.30000", "2011-03-31": "3322.40000", "2010-12-31": "3393.80000", "2010-09-30": "0.00000", "2010-06-30": "0.00000", "2010-03-31": "0.00000", "2009-12-31": "3367.50000", "2008-12-31": "0.00000"}}, "cash flow statement": {"Net Income/Loss": {"2019-12-31": "41.20000", "2018-12-31": "60.40000", "2017-12-31": "104.20000", "2016-12-31": "-159.10000", "2015-12-31": "-151.40000", "2014-12-31": "423.00000", "2013-12-31": "201.30000", "2012-12-31": "159.30000", "2011-12-31": "215.40000", "2010-12-31": "63.30000", "2009-12-31": "79.10000", "2008-12-31": "134.40000", "2007-12-31": "104.20000"}, "Total Depreciation And Amortization - Cash Flow": {"2019-12-31": "981.90000", "2018-12-31": "1036.70000", "2017-12-31": "821.00000", "2016-12-31": "979.60000", "2015-12-31": "949.80000", "2014-12-31": "362.80000", "2013-12-31": "287.80000", "2012-12-31": "215.80000", "2011-12-31": "194.00000", "2010-12-31": "184.10000", "2009-12-31": "179.00000", "2008-12-31": "170.50000", "2007-12-31": "163.50000"}, "Other Non-Cash Items": {"2019-12-31": "355.60000", "2018-12-31": "9.80000", "2017-12-31": "7.40000", "2016-12-31": "79.60000", "2015-12-31": "145.20000", "2014-12-31": "26.70000", "2013-12-31": "38.10000", "2012-12-31": "62.50000", "2011-12-31": "9.70000", "2010-12-31": "103.80000", "2009-12-31": "76.30000", "2008-12-31": "-72.20000", "2007-12-31": "-1.30000"}, "Total Non-Cash Items": {"2019-12-31": "1337.50000", "2018-12-31": "1046.50000", "2017-12-31": "828.40000", "2016-12-31": "1059.20000", "2015-12-31": "1095.00000", "2014-12-31": "389.50000", "2013-12-31": "325.90000", "2012-12-31": "278.30000", "2011-12-31": "203.70000", "2010-12-31": "287.90000", "2009-12-31": "255.30000", "2008-12-31": "98.30000", "2007-12-31": "162.20000"}, "Change In Accounts Receivable": {"2019-12-31": "-24.70000", "2018-12-31": "-6.20000", "2017-12-31": "-20.10000", "2016-12-31": "-222.90000", "2015-12-31": "235.90000", "2014-12-31": "90.20000", "2013-12-31": "-143.60000", "2012-12-31": "98.00000", "2011-12-31": "-101.30000", "2010-12-31": "-119.20000", "2009-12-31": "-140.10000", "2008-12-31": "600.70000", "2007-12-31": "-336.00000"}, "Change In Inventories": {"2019-12-31": "-45.00000", "2018-12-31": "-13.90000", "2017-12-31": "-73.20000", "2016-12-31": "-15.90000", "2015-12-31": "41.40000", "2014-12-31": "-36.20000", "2013-12-31": "-84.50000", "2012-12-31": "6.00000", "2011-12-31": "-41.10000", "2010-12-31": "-11.40000", "2009-12-31": "19.30000", "2008-12-31": "72.80000", "2007-12-31": "-26.20000"}, "Change In Accounts Payable": {"2019-12-31": "80.80000", "2018-12-31": "57.20000", "2017-12-31": "100.20000", "2016-12-31": "176.10000", "2015-12-31": "-186.20000", "2014-12-31": "-104.70000", "2013-12-31": "83.60000", "2012-12-31": "-113.40000", "2011-12-31": "102.60000", "2010-12-31": "-15.40000", "2009-12-31": "122.20000", "2008-12-31": "-515.50000", "2007-12-31": "286.40000"}, "Change In Assets/Liabilities": {"2019-12-31": "", "2018-12-31": "", "2017-12-31": "", "2016-12-31": "", "2015-12-31": "", "2014-12-31": "", "2013-12-31": "", "2012-12-31": "", "2011-12-31": "", "2010-12-31": "", "2009-12-31": "", "2008-12-31": "", "2007-12-31": ""}, "Total Change In Assets/Liabilities": {"2019-12-31": "11.10000", "2018-12-31": "37.10000", "2017-12-31": "6.90000", "2016-12-31": "-62.70000", "2015-12-31": "91.10000", "2014-12-31": "-50.70000", "2013-12-31": "-144.50000", "2012-12-31": "-9.40000", "2011-12-31": "-39.80000", "2010-12-31": "-146.00000", "2009-12-31": "1.40000", "2008-12-31": "158.00000", "2007-12-31": "-75.80000"}, "Cash Flow From Operating Activities": {"2019-12-31": "1389.80000", "2018-12-31": "1144.00000", "2017-12-31": "939.50000", "2016-12-31": "837.40000", "2015-12-31": "1034.70000", "2014-12-31": "761.80000", "2013-12-31": "382.70000", "2012-12-31": "428.20000", "2011-12-31": "379.30000", "2010-12-31": "205.20000", "2009-12-31": "335.80000", "2008-12-31": "390.70000", "2007-12-31": "190.60000"}, "Net Change In Property, Plant, And Equipment": {"2019-12-31": "-2877.80000", "2018-12-31": "-3114.80000", "2017-12-31": "-1297.50000", "2016-12-31": "-562.10000", "2015-12-31": "-817.20000", "2014-12-31": "-762.20000", "2013-12-31": "-1013.60000", "2012-12-31": "-582.70000", "2011-12-31": "-331.90000", "2010-12-31": "-139.30000", "2009-12-31": "-99.40000", "2008-12-31": "-132.30000", "2007-12-31": "-118.40000"}, "Net Change In Intangible Assets": {"2019-12-31": "", "2018-12-31": "", "2017-12-31": "", "2016-12-31": "", "2015-12-31": "", "2014-12-31": "", "2013-12-31": "", "2012-12-31": "", "2011-12-31": "", "2010-12-31": "", "2009-12-31": "", "2008-12-31": "", "2007-12-31": ""}, "Net Acquisitions/Divestitures": {"2019-12-31": "", "2018-12-31": "", "2017-12-31": "-570.80000", "2016-12-31": "", "2015-12-31": "-1574.40000", "2014-12-31": "", "2013-12-31": "", "2012-12-31": "-996.20000", "2011-12-31": "-156.50000", "2010-12-31": "", "2009-12-31": "", "2008-12-31": "-124.90000", "2007-12-31": ""}, "Net Change In Short-term Investments": {"2019-12-31": "", "2018-12-31": "", "2017-12-31": "", "2016-12-31": "", "2015-12-31": "", "2014-12-31": "", "2013-12-31": "", "2012-12-31": "", "2011-12-31": "", "2010-12-31": "", "2009-12-31": "", "2008-12-31": "", "2007-12-31": ""}, "Net Change In Long-Term Investments": {"2019-12-31": "-193.00000", "2018-12-31": "-276.50000", "2017-12-31": "-9.30000", "2016-12-31": "-0.30000", "2015-12-31": "-10.50000", "2014-12-31": "5.70000", "2013-12-31": "", "2012-12-31": "-16.30000", "2011-12-31": "-21.20000", "2010-12-31": "", "2009-12-31": "", "2008-12-31": "", "2007-12-31": "-4.60000"}, "Net Change In Investments - Total": {"2019-12-31": "-193.00000", "2018-12-31": "-276.50000", "2017-12-31": "-9.30000", "2016-12-31": "-0.30000", "2015-12-31": "-10.50000", "2014-12-31": "5.70000", "2013-12-31": "", "2012-12-31": "-16.30000", "2011-12-31": "-21.20000", "2010-12-31": "", "2009-12-31": "", "2008-12-31": "", "2007-12-31": "-4.60000"}, "Investing Activities - Other": {"2019-12-31": "-1.10000", "2018-12-31": "244.40000", "2017-12-31": "-15.10000", "2016-12-31": "3.80000", "2015-12-31": "2.50000", "2014-12-31": "5.10000", "2013-12-31": "-12.70000", "2012-12-31": "4.50000", "2011-12-31": "0.30000", "2010-12-31": "8.00000", "2009-12-31": "40.10000", "2008-12-31": "50.50000", "2007-12-31": "27.10000"}, "Cash Flow From Investing Activities": {"2019-12-31": "-3071.90000", "2018-12-31": "-3146.90000", "2017-12-31": "-1892.70000", "2016-12-31": "-558.60000", "2015-12-31": "-2399.60000", "2014-12-31": "-751.40000", "2013-12-31": "-1026.30000", "2012-12-31": "-1590.70000", "2011-12-31": "-509.30000", "2010-12-31": "-131.30000", "2009-12-31": "-59.30000", "2008-12-31": "-206.70000", "2007-12-31": "-95.90000"}, "Net Long-Term Debt": {"2019-12-31": "1129.10000", "2018-12-31": "1610.00000", "2017-12-31": "156.90010", "2016-12-31": "-1104.80000", "2015-12-31": "1323.90000", "2014-12-31": "66.29980", "2013-12-31": "498.50000", "2012-12-31": "897.50000", "2011-12-31": "57.70000", "2010-12-31": "-56.29980", "2009-12-31": "-379.20010", "2008-12-31": "106.00000", "2007-12-31": "-323.39990"}, "Net Current Debt": {"2019-12-31": "", "2018-12-31": "", "2017-12-31": "", "2016-12-31": "", "2015-12-31": "", "2014-12-31": "", "2013-12-31": "", "2012-12-31": "", "2011-12-31": "", "2010-12-31": "", "2009-12-31": "", "2008-12-31": "", "2007-12-31": ""}, "Debt Issuance/Retirement Net - Total": {"2019-12-31": "1129.10000", "2018-12-31": "1610.00000", "2017-12-31": "156.90010", "2016-12-31": "-1104.80000", "2015-12-31": "1323.90000", "2014-12-31": "66.29980", "2013-12-31": "498.50000", "2012-12-31": "897.50000", "2011-12-31": "57.70000", "2010-12-31": "-56.29980", "2009-12-31": "-379.20010", "2008-12-31": "106.00000", "2007-12-31": "-323.39990"}, "Net Common Equity Issued/Repurchased": {"2019-12-31": "-13.90000", "2018-12-31": "685.00000", "2017-12-31": "1657.00000", "2016-12-31": "573.70000", "2015-12-31": "771.60000", "2014-12-31": "405.30000", "2013-12-31": "511.40000", "2012-12-31": "504.50000", "2011-12-31": "310.00000", "2010-12-31": "225.20000", "2009-12-31": "104.10000", "2008-12-31": "0.60000", "2007-12-31": "0.10000"}, "Net Total Equity Issued/Repurchased": {"2019-12-31": "-13.90000", "2018-12-31": "685.00000", "2017-12-31": "1657.00000", "2016-12-31": "1567.80000", "2015-12-31": "771.60000", "2014-12-31": "405.30000", "2013-12-31": "511.40000", "2012-12-31": "504.50000", "2011-12-31": "310.00000", "2010-12-31": "225.20000", "2009-12-31": "104.10000", "2008-12-31": "0.60000", "2007-12-31": "0.10000"}, "Total Common And Preferred Stock Dividends Paid": {"2019-12-31": "-953.50000", "2018-12-31": "-908.30000", "2017-12-31": "-843.20000", "2016-12-31": "-565.90000", "2015-12-31": "-179.00000", "2014-12-31": "-113.00000", "2013-12-31": "-87.80000", "2012-12-31": "-62.20000", "2011-12-31": "-38.20000", "2010-12-31": "-448.10000", "2009-12-31": "", "2008-12-31": "", "2007-12-31": "-445.10000"}, "Financial Activities - Other": {"2019-12-31": "1619.40000", "2018-12-31": "711.10000", "2017-12-31": "46.20000", "2016-12-31": "-242.60000", "2015-12-31": "-492.40000", "2014-12-31": "-354.70000", "2013-12-31": "-288.10000", "2012-12-31": "-246.80000", "2011-12-31": "-242.10000", "2010-12-31": "141.30000", "2009-12-31": "-111.80000", "2008-12-31": "-105.70000", "2007-12-31": "708.90000"}, "Cash Flow From Financial Activities": {"2019-12-31": "1781.10000", "2018-12-31": "2097.80000", "2017-12-31": "1016.90000", "2016-12-31": "-345.50000", "2015-12-31": "1424.10000", "2014-12-31": "3.90000", "2013-12-31": "634.00000", "2012-12-31": "1093.00000", "2011-12-31": "87.40000", "2010-12-31": "-137.90000", "2009-12-31": "-386.90000", "2008-12-31": "0.90000", "2007-12-31": "-59.50000"}, "Net Cash Flow": {"2019-12-31": "99.00000", "2018-12-31": "94.90000", "2017-12-31": "63.70000", "2016-12-31": "-66.70000", "2015-12-31": "59.20000", "2014-12-31": "14.30000", "2013-12-31": "-9.60000", "2012-12-31": "-69.50000", "2011-12-31": "-42.60000", "2010-12-31": "-64.00000", "2009-12-31": "-110.40000", "2008-12-31": "184.90000", "2007-12-31": "35.20000"}, "Stock-Based Compensation": {"2019-12-31": "60.30000", "2018-12-31": "56.30000", "2017-12-31": "42.30000", "2016-12-31": "29.70000", "2015-12-31": "25.00000", "2014-12-31": "14.30000", "2013-12-31": "13.20000", "2012-12-31": "17.50000", "2011-12-31": "15.20000", "2010-12-31": "13.40000", "2009-12-31": "0.70000", "2008-12-31": "1.50000", "2007-12-31": ""}, "Common Stock Dividends Paid": {"2019-12-31": "-953.50000", "2018-12-31": "-908.30000", "2017-12-31": "-843.20000", "2016-12-31": "-565.90000", "2015-12-31": "-179.00000", "2014-12-31": "", "2013-12-31": "", "2012-12-31": "-62.20000", "2011-12-31": "-38.20000", "2010-12-31": "-210.10000", "2009-12-31": "", "2008-12-31": "", "2007-12-31": ""}}, "cash flow statement, quarterly": {"Net Income/Loss": {"2020-09-30": 172.2, "2020-06-30": 177.1, "2020-03-31": "-1820.30000", "2019-12-31": -15.1, "2019-09-30": 32.1, "2019-06-30": 48.9, "2019-03-31": "-24.70000", "2018-12-31": -88.2, "2018-09-30": -11.4, "2018-06-30": 121.1, "2018-03-31": "38.90000", "2017-12-31": 299.2, "2017-09-30": -155.1, "2017-06-30": 70.6, "2017-03-31": "-110.50000", "2016-12-31": -140.7, "2016-09-30": -3.2, "2016-06-30": -14.5, "2016-03-31": "-0.70000", "2015-12-31": -232, "2015-09-30": 20.9, "2015-06-30": 24, "2015-03-31": "35.70000", "2014-12-31": 92.3, "2014-09-30": 120.5, "2014-06-30": 103.3, "2014-03-31": "106.90000", "2013-12-31": 95.7, "2013-09-30": 49.4, "2013-06-30": 22.4, "2013-03-31": "33.80000", "2012-12-31": 27.6, "2012-09-30": 19.1, "2012-06-30": 43.4, "2012-03-31": "69.20000", "2011-12-31": 74.8, "2011-09-30": 36.5, "2011-06-30": 63.3, "2011-03-31": "40.80000", "2010-12-31": 24.3, "2010-09-30": -4.3, "2010-06-30": 7.4, "2010-03-31": "35.90000", "2009-12-31": -55.3, "2008-12-31": 134.4}, "Total Depreciation And Amortization - Cash Flow": {"2020-09-30": 206.6, "2020-06-30": 207.3, "2020-03-31": "241.90000", "2019-12-31": 255.4, "2019-09-30": 246.8, "2019-06-30": 239.7, "2019-03-31": "240.00000", "2018-12-31": 421.5, "2018-09-30": 208.9, "2018-06-30": 205.5, "2018-03-31": "200.80000", "2017-12-31": 209.4, "2017-09-30": 211.1, "2017-06-30": 206.3, "2017-03-31": "194.20000", "2016-12-31": 403.9, "2016-09-30": 163.9, "2016-06-30": 190.1, "2016-03-31": "221.70000", "2015-12-31": 490.3, "2015-09-30": 169.8, "2015-06-30": 167.9, "2015-03-31": "121.80000", "2014-12-31": 100.5, "2014-09-30": 90, "2014-06-30": 89.1, "2014-03-31": "83.20000", "2013-12-31": 77, "2013-09-30": 73, "2013-06-30": 69.7, "2013-03-31": "68.10000", "2012-12-31": 56.8, "2012-09-30": 53.8, "2012-06-30": 53, "2012-03-31": "52.20000", "2011-12-31": 52.5, "2011-09-30": 46.9, "2011-06-30": 49.3, "2011-03-31": "45.30000", "2010-12-31": 41, "2010-09-30": 51.7, "2010-06-30": 46.3, "2010-03-31": "45.10000", "2009-12-31": 9.2, "2008-12-31": 170.5}, "Other Non-Cash Items": {"2020-09-30": 48.5, "2020-06-30": -30.5, "2020-03-31": "2028.40000", "2019-12-31": 236.1, "2019-09-30": 68.7, "2019-06-30": 12.7, "2019-03-31": "38.10000", "2018-12-31": -52.7, "2018-09-30": 100.1, "2018-06-30": -57.7, "2018-03-31": "20.10000", "2017-12-31": -220.9, "2017-09-30": 172.3, "2017-06-30": -81, "2017-03-31": "137.00000", "2016-12-31": 43.7, "2016-09-30": 36.3, "2016-06-30": 20.4, "2016-03-31": "-20.80000", "2015-12-31": 2.7, "2015-09-30": 58.3, "2015-06-30": 54.3, "2015-03-31": "29.90000", "2014-12-31": 21.5, "2014-09-30": -0.2, "2014-06-30": 2.5, "2014-03-31": "2.90000", "2013-12-31": 0.3, "2013-09-30": 21.6, "2013-06-30": 13, "2013-03-31": "3.20000", "2012-12-31": 24.6, "2012-09-30": 23.4, "2012-06-30": 6.7, "2012-03-31": "7.80000", "2011-12-31": 5.3, "2011-09-30": -7.3, "2011-06-30": 9.2, "2011-03-31": "2.50000", "2010-12-31": 81.9, "2010-09-30": -6.8, "2010-06-30": 49.5, "2010-03-31": "-20.80000", "2009-12-31": 0, "2008-12-31": 0}, "Total Non-Cash Items": {"2020-09-30": 255.1, "2020-06-30": 176.8, "2020-03-31": "2270.30000", "2019-12-31": 491.5, "2019-09-30": 315.5, "2019-06-30": 252.4, "2019-03-31": "278.10000", "2018-12-31": 368.8, "2018-09-30": 309, "2018-06-30": 147.8, "2018-03-31": "220.90000", "2017-12-31": -11.5, "2017-09-30": 383.4, "2017-06-30": 125.3, "2017-03-31": "331.20000", "2016-12-31": 447.6, "2016-09-30": 200.2, "2016-06-30": 210.5, "2016-03-31": "200.90000", "2015-12-31": 493, "2015-09-30": 228.1, "2015-06-30": 222.2, "2015-03-31": "151.70000", "2014-12-31": 122, "2014-09-30": 89.8, "2014-06-30": 91.6, "2014-03-31": "86.10000", "2013-12-31": 77.3, "2013-09-30": 94.6, "2013-06-30": 82.7, "2013-03-31": "71.30000", "2012-12-31": 81.4, "2012-09-30": 77.2, "2012-06-30": 59.7, "2012-03-31": "60.00000", "2011-12-31": 57.8, "2011-09-30": 39.6, "2011-06-30": 58.5, "2011-03-31": "47.80000", "2010-12-31": 19.1, "2010-09-30": 44.9, "2010-06-30": 95.8, "2010-03-31": "24.30000", "2009-12-31": 9.2, "2008-12-31": 170.5}, "Change In Accounts Receivable": {"2020-09-30": -72.6, "2020-06-30": -141.7, "2020-03-31": "383.00000", "2019-12-31": -123.1, "2019-09-30": -84, "2019-06-30": 104.2, "2019-03-31": "78.20000", "2018-12-31": 219.1, "2018-09-30": -216.5, "2018-06-30": -132.5, "2018-03-31": "123.70000", "2017-12-31": -87.9, "2017-09-30": -236, "2017-06-30": 62.6, "2017-03-31": "241.20000", "2016-12-31": -128.8, "2016-09-30": -113.7, "2016-06-30": -75.1, "2016-03-31": "94.70000", "2015-12-31": 114.3, "2015-09-30": -10.1, "2015-06-30": 41, "2015-03-31": "90.70000", "2014-12-31": 131.5, "2014-09-30": -9.6, "2014-06-30": -89, "2014-03-31": "57.30000", "2013-12-31": -163.3, "2013-09-30": -57.9, "2013-06-30": -17.5, "2013-03-31": "95.10000", "2012-12-31": -64.9, "2012-09-30": -41.1, "2012-06-30": 84.4, "2012-03-31": "119.60000", "2011-12-31": -26, "2011-09-30": -42.1, "2011-06-30": -65.6, "2011-03-31": "32.40000", "2010-12-31": -111.5, "2010-09-30": -41.9, "2010-06-30": -45.7, "2010-03-31": "79.90000", "2009-12-31": 0, "2008-12-31": 0}, "Change In Inventories": {"2020-09-30": -59.1, "2020-06-30": -119, "2020-03-31": "62.30000", "2019-12-31": 44.7, "2019-09-30": -13, "2019-06-30": -16.1, "2019-03-31": "-60.60000", "2018-12-31": 2.7, "2018-09-30": -25.9, "2018-06-30": -100.9, "2018-03-31": "110.20000", "2017-12-31": 63.2, "2017-09-30": -67.8, "2017-06-30": -122.3, "2017-03-31": "53.70000", "2016-12-31": 11.9, "2016-09-30": -40.2, "2016-06-30": -49.9, "2016-03-31": "62.30000", "2015-12-31": 10.2, "2015-09-30": -26.7, "2015-06-30": -44.5, "2015-03-31": "102.40000", "2014-12-31": 81.6, "2014-09-30": -99.7, "2014-06-30": -78.7, "2014-03-31": "60.60000", "2013-12-31": 25.8, "2013-09-30": -60.6, "2013-06-30": -83.4, "2013-03-31": "33.70000", "2012-12-31": 1.1, "2012-09-30": 5.2, "2012-06-30": -44.6, "2012-03-31": "44.30000", "2011-12-31": 45.8, "2011-09-30": -69.5, "2011-06-30": -64.7, "2011-03-31": "47.30000", "2010-12-31": 4.6, "2010-09-30": -5.6, "2010-06-30": -24.6, "2010-03-31": "14.20000", "2009-12-31": 0, "2008-12-31": 0}, "Change In Accounts Payable": {"2020-09-30": 61.2, "2020-06-30": 193.1, "2020-03-31": "-442.70000", "2019-12-31": 72.8, "2019-09-30": 116.1, "2019-06-30": -144.7, "2019-03-31": "36.60000", "2018-12-31": -273, "2018-09-30": 315.7, "2018-06-30": 153.8, "2018-03-31": "-139.30000", "2017-12-31": 144.6, "2017-09-30": 142.9, "2017-06-30": 9.6, "2017-03-31": "-196.90000", "2016-12-31": 86.7, "2016-09-30": 60.1, "2016-06-30": 145.2, "2016-03-31": "-115.90000", "2015-12-31": -46.3, "2015-09-30": -0.9, "2015-06-30": -29.8, "2015-03-31": "-109.20000", "2014-12-31": -184.7, "2014-09-30": -6.4, "2014-06-30": 78.6, "2014-03-31": "7.80000", "2013-12-31": 70.2, "2013-09-30": 69.9, "2013-06-30": -15.5, "2013-03-31": "-41.00000", "2012-12-31": 92.8, "2012-09-30": 25.8, "2012-06-30": -77.7, "2012-03-31": "-154.30000", "2011-12-31": 62.3, "2011-09-30": -21.4, "2011-06-30": 159.9, "2011-03-31": "-98.20000", "2010-12-31": 38.9, "2010-09-30": -16.5, "2010-06-30": 40.5, "2010-03-31": "-78.30000", "2009-12-31": 0, "2008-12-31": 0}, "Change In Assets/Liabilities": {"2020-09-30": 0, "2020-06-30": 0, "2020-03-31": "", "2019-12-31": 0, "2019-09-30": 0, "2019-06-30": 0, "2019-03-31": "", "2018-12-31": 0, "2018-09-30": 0, "2018-06-30": 0, "2018-03-31": "", "2017-12-31": 0, "2017-09-30": 0, "2017-06-30": 0, "2017-03-31": "", "2016-12-31": 0, "2016-09-30": 0, "2016-06-30": 0, "2016-03-31": "", "2015-12-31": 0, "2015-09-30": 0, "2015-06-30": 0, "2015-03-31": "", "2014-12-31": 0, "2014-09-30": 0, "2014-06-30": 0, "2014-03-31": "", "2013-12-31": 0, "2013-09-30": 0, "2013-06-30": 0, "2013-03-31": "", "2012-12-31": 0, "2012-09-30": 0, "2012-06-30": 0, "2012-03-31": "", "2011-12-31": 0, "2011-09-30": 0, "2011-06-30": 0, "2011-03-31": "", "2010-12-31": 0, "2010-09-30": 0, "2010-06-30": 0, "2010-03-31": "", "2009-12-31": 0, "2008-12-31": 0}, "Total Change In Assets/Liabilities": {"2020-09-30": -70.5, "2020-06-30": -67.6, "2020-03-31": "2.60000", "2019-12-31": -5.6, "2019-09-30": 19.1, "2019-06-30": -56.6, "2019-03-31": "54.20000", "2018-12-31": -51.2, "2018-09-30": 73.3, "2018-06-30": -79.6, "2018-03-31": "94.60000", "2017-12-31": 119.9, "2017-09-30": -160.9, "2017-06-30": -50.1, "2017-03-31": "98.00000", "2016-12-31": -30.2, "2016-09-30": -93.8, "2016-06-30": 20.2, "2016-03-31": "41.10000", "2015-12-31": 78.2, "2015-09-30": -37.7, "2015-06-30": -33.3, "2015-03-31": "83.90000", "2014-12-31": 28.4, "2014-09-30": -115.7, "2014-06-30": -89.1, "2014-03-31": "125.70000", "2013-12-31": -67.3, "2013-09-30": -48.6, "2013-06-30": -116.4, "2013-03-31": "87.80000", "2012-12-31": 29, "2012-09-30": -10.1, "2012-06-30": -37.9, "2012-03-31": "9.60000", "2011-12-31": 82.1, "2011-09-30": -133, "2011-06-30": 29.6, "2011-03-31": "-18.50000", "2010-12-31": -68.2, "2010-09-30": -64, "2010-06-30": -29.8, "2010-03-31": "15.80000", "2009-12-31": -156.61, "2008-12-31": 158}, "Cash Flow From Operating Activities": {"2020-09-30": 356.8, "2020-06-30": 286.3, "2020-03-31": "452.60000", "2019-12-31": 470.8, "2019-09-30": 366.7, "2019-06-30": 244.7, "2019-03-31": "307.60000", "2018-12-31": 229.4, "2018-09-30": 370.9, "2018-06-30": 189.3, "2018-03-31": "354.40000", "2017-12-31": 407.6, "2017-09-30": 67.4, "2017-06-30": 145.8, "2017-03-31": "318.70000", "2016-12-31": 276.7, "2016-09-30": 103.2, "2016-06-30": 216.2, "2016-03-31": "241.30000", "2015-12-31": 339.2, "2015-09-30": 211.3, "2015-06-30": 212.9, "2015-03-31": "271.30000", "2014-12-31": 242.7, "2014-09-30": 94.6, "2014-06-30": 105.8, "2014-03-31": "318.70000", "2013-12-31": 105.7, "2013-09-30": 95.4, "2013-06-30": -11.3, "2013-03-31": "192.90000", "2012-12-31": 138, "2012-09-30": 86.2, "2012-06-30": 65.2, "2012-03-31": "138.80000", "2011-12-31": 214.7, "2011-09-30": -56.9, "2011-06-30": 151.4, "2011-03-31": "70.10000", "2010-12-31": 82.5, "2010-09-30": -23.4, "2010-06-30": 73.4, "2010-03-31": "76.00000", "2009-12-31": -54.9, "2008-12-31": 390.7}, "Net Change In Property, Plant, And Equipment": {"2020-09-30": -187.2, "2020-06-30": -274.2, "2020-03-31": "-341.70000", "2019-12-31": -443.7, "2019-09-30": -683.1, "2019-06-30": -807.7, "2019-03-31": "-943.30000", "2018-12-31": -1081.2, "2018-09-30": -871.1, "2018-06-30": -566.6, "2018-03-31": "-595.90000", "2017-12-31": -430.9, "2017-09-30": -339, "2017-06-30": -383.4, "2017-03-31": "-144.20000", "2016-12-31": -137.1, "2016-09-30": -117.3, "2016-06-30": -117.6, "2016-03-31": "-190.10000", "2015-12-31": -191.9, "2015-09-30": -189.1, "2015-06-30": -248.6, "2015-03-31": "-187.60000", "2014-12-31": -190.5, "2014-09-30": -152.1, "2014-06-30": -221.9, "2014-03-31": "-197.70000", "2013-12-31": -286.5, "2013-09-30": -263.7, "2013-06-30": -241.6, "2013-03-31": "-221.80000", "2012-12-31": -217.6, "2012-09-30": -126.4, "2012-06-30": -135.7, "2012-03-31": "-103.00000", "2011-12-31": -117.6, "2011-09-30": -76.1, "2011-06-30": -81.2, "2011-03-31": "-57.00000", "2010-12-31": -55.1, "2010-09-30": -37.3, "2010-06-30": -27.4, "2010-03-31": "-19.50000", "2009-12-31": 32.9, "2008-12-31": -132.3}, "Net Change In Intangible Assets": {"2020-09-30": 0, "2020-06-30": 0, "2020-03-31": "", "2019-12-31": 0, "2019-09-30": 0, "2019-06-30": 0, "2019-03-31": "", "2018-12-31": 0, "2018-09-30": 0, "2018-06-30": 0, "2018-03-31": "", "2017-12-31": 0, "2017-09-30": 0, "2017-06-30": 0, "2017-03-31": "", "2016-12-31": 0, "2016-09-30": 0, "2016-06-30": 0, "2016-03-31": "", "2015-12-31": 0, "2015-09-30": 0, "2015-06-30": 0, "2015-03-31": "", "2014-12-31": 0, "2014-09-30": 0, "2014-06-30": 0, "2014-03-31": "", "2013-12-31": 0, "2013-09-30": 0, "2013-06-30": 0, "2013-03-31": "", "2012-12-31": 0, "2012-09-30": 0, "2012-06-30": 0, "2012-03-31": "", "2011-12-31": 0, "2011-09-30": 0, "2011-06-30": 0, "2011-03-31": "", "2010-12-31": 0, "2010-09-30": 0, "2010-06-30": 0, "2010-03-31": "", "2009-12-31": 0, "2008-12-31": 0}, "Net Acquisitions/Divestitures": {"2020-09-30": 0, "2020-06-30": 0, "2020-03-31": "", "2019-12-31": 0, "2019-09-30": 0, "2019-06-30": 0, "2019-03-31": "", "2018-12-31": 0, "2018-09-30": 0, "2018-06-30": 0, "2018-03-31": "", "2017-12-31": 0, "2017-09-30": 0, "2017-06-30": -90, "2017-03-31": "-480.80000", "2016-12-31": 0, "2016-09-30": 0, "2016-06-30": 0, "2016-03-31": "", "2015-12-31": 0, "2015-09-30": 0, "2015-06-30": 0, "2015-03-31": "-1574.40000", "2014-12-31": 0, "2014-09-30": 0, "2014-06-30": 0, "2014-03-31": "", "2013-12-31": 0, "2013-09-30": 0, "2013-06-30": 0, "2013-03-31": "", "2012-12-31": -970.4, "2012-09-30": -25.8, "2012-06-30": 0, "2012-03-31": "", "2011-12-31": 7.7, "2011-09-30": -135.2, "2011-06-30": 0, "2011-03-31": "-29.00000", "2010-12-31": 0, "2010-09-30": 0, "2010-06-30": 0, "2010-03-31": "", "2009-12-31": 124.9, "2008-12-31": -124.9}, "Net Change In Short-term Investments": {"2020-09-30": 0, "2020-06-30": 0, "2020-03-31": "", "2019-12-31": 0, "2019-09-30": 0, "2019-06-30": 0, "2019-03-31": "", "2018-12-31": 0, "2018-09-30": 0, "2018-06-30": 0, "2018-03-31": "", "2017-12-31": 0, "2017-09-30": 0, "2017-06-30": 0, "2017-03-31": "", "2016-12-31": 0, "2016-09-30": 0, "2016-06-30": 0, "2016-03-31": "", "2015-12-31": 0, "2015-09-30": 0, "2015-06-30": 0, "2015-03-31": "", "2014-12-31": 0, "2014-09-30": 0, "2014-06-30": 0, "2014-03-31": "", "2013-12-31": 0, "2013-09-30": 0, "2013-06-30": 0, "2013-03-31": "", "2012-12-31": 0, "2012-09-30": 0, "2012-06-30": 0, "2012-03-31": "", "2011-12-31": 0, "2011-09-30": 0, "2011-06-30": 0, "2011-03-31": "", "2010-12-31": 0, "2010-09-30": 0, "2010-06-30": 0, "2010-03-31": "", "2009-12-31": 0, "2008-12-31": 0}, "Net Change In Long-Term Investments": {"2020-09-30": 3, "2020-06-30": 4.1, "2020-03-31": "1.40000", "2019-12-31": -20.7, "2019-09-30": 22.4, "2019-06-30": -77.3, "2019-03-31": "-117.40000", "2018-12-31": -55, "2018-09-30": -80.9, "2018-06-30": -54.1, "2018-03-31": "-86.50000", "2017-12-31": -4, "2017-09-30": -7.9, "2017-06-30": 3.1, "2017-03-31": "-0.50000", "2016-12-31": 0.9, "2016-09-30": -5.1, "2016-06-30": 0.5, "2016-03-31": "3.40000", "2015-12-31": -5, "2015-09-30": -5.6, "2015-06-30": -0.5, "2015-03-31": "0.60000", "2014-12-31": 1.5, "2014-09-30": 0.6, "2014-06-30": 1.4, "2014-03-31": "2.20000", "2013-12-31": -1.9, "2013-09-30": 1.9, "2013-06-30": 0, "2013-03-31": "", "2012-12-31": -1.8, "2012-09-30": -1.2, "2012-06-30": -7.1, "2012-03-31": "-6.20000", "2011-12-31": -9.3, "2011-09-30": -5.9, "2011-06-30": -1.6, "2011-03-31": "-4.40000", "2010-12-31": 0, "2010-09-30": 0, "2010-06-30": 0, "2010-03-31": "", "2009-12-31": 0, "2008-12-31": 0}, "Net Change In Investments - Total": {"2020-09-30": 3, "2020-06-30": 4.1, "2020-03-31": "1.40000", "2019-12-31": -20.7, "2019-09-30": 22.4, "2019-06-30": -77.3, "2019-03-31": "-117.40000", "2018-12-31": -55, "2018-09-30": -80.9, "2018-06-30": -54.1, "2018-03-31": "-86.50000", "2017-12-31": -4, "2017-09-30": -7.9, "2017-06-30": 3.1, "2017-03-31": "-0.50000", "2016-12-31": 0.9, "2016-09-30": -5.1, "2016-06-30": 0.5, "2016-03-31": "3.40000", "2015-12-31": -5, "2015-09-30": -5.6, "2015-06-30": -0.5, "2015-03-31": "0.60000", "2014-12-31": 1.5, "2014-09-30": 0.6, "2014-06-30": 1.4, "2014-03-31": "2.20000", "2013-12-31": -1.9, "2013-09-30": 1.9, "2013-06-30": 0, "2013-03-31": "", "2012-12-31": -1.8, "2012-09-30": -1.2, "2012-06-30": -7.1, "2012-03-31": "-6.20000", "2011-12-31": -9.3, "2011-09-30": -5.9, "2011-06-30": -1.6, "2011-03-31": "-4.40000", "2010-12-31": 0, "2010-09-30": 0, "2010-06-30": 0, "2010-03-31": "", "2009-12-31": 0, "2008-12-31": 0}, "Investing Activities - Other": {"2020-09-30": 2.3, "2020-06-30": -0.1, "2020-03-31": "138.40000", "2019-12-31": 12.5, "2019-09-30": 3.1, "2019-06-30": -8.2, "2019-03-31": "-8.50000", "2018-12-31": 182.1, "2018-09-30": -3.9, "2018-06-30": 61.1, "2018-03-31": "5.10000", "2017-12-31": -0.3, "2017-09-30": -2, "2017-06-30": -12.8, "2017-03-31": "", "2016-12-31": -0.4, "2016-09-30": 5.6, "2016-06-30": -0.1, "2016-03-31": "-1.30000", "2015-12-31": 5.5, "2015-09-30": -1.7, "2015-06-30": 6.5, "2015-03-31": "-7.80000", "2014-12-31": -1.2, "2014-09-30": 4, "2014-06-30": 0.5, "2014-03-31": "1.80000", "2013-12-31": 18.6, "2013-09-30": -20.8, "2013-06-30": -5.9, "2013-03-31": "-4.60000", "2012-12-31": 2.9, "2012-09-30": 0.7, "2012-06-30": -0.2, "2012-03-31": "1.10000", "2011-12-31": 0, "2011-09-30": -0.3, "2011-06-30": 0.6, "2011-03-31": "", "2010-12-31": 1.2, "2010-09-30": 1.4, "2010-06-30": 0.2, "2010-03-31": "1.90000", "2009-12-31": -10.4, "2008-12-31": 50.5}, "Cash Flow From Investing Activities": {"2020-09-30": -181.9, "2020-06-30": -270.2, "2020-03-31": "-201.90000", "2019-12-31": -451.9, "2019-09-30": -657.6, "2019-06-30": -893.2, "2019-03-31": "-1069.20000", "2018-12-31": -954.1, "2018-09-30": -955.9, "2018-06-30": -559.6, "2018-03-31": "-677.30000", "2017-12-31": -435.2, "2017-09-30": -348.9, "2017-06-30": -483.1, "2017-03-31": "-625.50000", "2016-12-31": -136.6, "2016-09-30": -116.8, "2016-06-30": -117.2, "2016-03-31": "-188.00000", "2015-12-31": -191.4, "2015-09-30": -196.4, "2015-06-30": -242.6, "2015-03-31": "-1769.20000", "2014-12-31": -190.2, "2014-09-30": -147.5, "2014-06-30": -220, "2014-03-31": "-193.70000", "2013-12-31": -269.8, "2013-09-30": -282.6, "2013-06-30": -247.5, "2013-03-31": "-226.40000", "2012-12-31": -1186.9, "2012-09-30": -152.7, "2012-06-30": -143, "2012-03-31": "-108.10000", "2011-12-31": -119.2, "2011-09-30": -217.5, "2011-06-30": -82.2, "2011-03-31": "-90.40000", "2010-12-31": -53.9, "2010-09-30": -35.9, "2010-06-30": -27.2, "2010-03-31": "-17.60000", "2009-12-31": 147.4, "2008-12-31": -206.7}, "Net Long-Term Debt": {"2020-09-30": 65.6999, "2020-06-30": -58.8999, "2020-03-31": "132.90000", "2019-12-31": 290.9999, "2019-09-30": 584.7002, "2019-06-30": -492.1001, "2019-03-31": "745.50000", "2018-12-31": 690, "2018-09-30": 395, "2018-06-30": 215, "2018-03-31": "310.00000", "2017-12-31": 161.4001, "2017-09-30": 458.1001, "2017-06-30": -322.6001, "2017-03-31": "-140.00000", "2016-12-31": -131.2, "2016-09-30": -55, "2016-06-30": -73.7, "2016-03-31": "-844.90000", "2015-12-31": -90.5, "2015-09-30": 153.3, "2015-06-30": -125.2, "2015-03-31": "1386.30000", "2014-12-31": -79.6002, "2014-09-30": 88.3, "2014-06-30": 155.8, "2014-03-31": "-98.20000", "2013-12-31": 120.7, "2013-09-30": 132.9001, "2013-06-30": 198.4999, "2013-03-31": "46.40000", "2012-12-31": 715.5, "2012-09-30": 140, "2012-06-30": 140, "2012-03-31": "-98.00000", "2011-12-31": -37, "2011-09-30": 337, "2011-06-30": -3.3, "2011-03-31": "-239.00000", "2010-12-31": -125.8998, "2010-09-30": 37.8999, "2010-06-30": 130.9001, "2010-03-31": "-99.20000", "2009-12-31": 0, "2008-12-31": 0}, "Net Current Debt": {"2020-09-30": 0, "2020-06-30": 0, "2020-03-31": "", "2019-12-31": 0, "2019-09-30": 0, "2019-06-30": 0, "2019-03-31": "", "2018-12-31": 0, "2018-09-30": 0, "2018-06-30": 0, "2018-03-31": "", "2017-12-31": 0, "2017-09-30": 0, "2017-06-30": 0, "2017-03-31": "", "2016-12-31": 0, "2016-09-30": 0, "2016-06-30": 0, "2016-03-31": "", "2015-12-31": 0, "2015-09-30": 0, "2015-06-30": 0, "2015-03-31": "", "2014-12-31": 0, "2014-09-30": 0, "2014-06-30": 0, "2014-03-31": "", "2013-12-31": 0, "2013-09-30": 0, "2013-06-30": 0, "2013-03-31": "", "2012-12-31": 0, "2012-09-30": 0, "2012-06-30": 0, "2012-03-31": "", "2011-12-31": 0, "2011-09-30": 0, "2011-06-30": 0, "2011-03-31": "", "2010-12-31": 0, "2010-09-30": 0, "2010-06-30": 0, "2010-03-31": "", "2009-12-31": 0, "2008-12-31": 0}, "Debt Issuance/Retirement Net - Total": {"2020-09-30": 65.6999, "2020-06-30": -58.8999, "2020-03-31": "132.90000", "2019-12-31": 290.9999, "2019-09-30": 584.7002, "2019-06-30": -492.1001, "2019-03-31": "745.50000", "2018-12-31": 690, "2018-09-30": 395, "2018-06-30": 215, "2018-03-31": "310.00000", "2017-12-31": 161.4001, "2017-09-30": 458.1001, "2017-06-30": -322.6001, "2017-03-31": "-140.00000", "2016-12-31": -131.2, "2016-09-30": -55, "2016-06-30": -73.7, "2016-03-31": "-844.90000", "2015-12-31": -90.5, "2015-09-30": 153.3, "2015-06-30": -125.2, "2015-03-31": "1386.30000", "2014-12-31": -79.6002, "2014-09-30": 88.3, "2014-06-30": 155.8, "2014-03-31": "-98.20000", "2013-12-31": 120.7, "2013-09-30": 132.9001, "2013-06-30": 198.4999, "2013-03-31": "46.40000", "2012-12-31": 715.5, "2012-09-30": 140, "2012-06-30": 140, "2012-03-31": "-98.00000", "2011-12-31": -37, "2011-09-30": 337, "2011-06-30": -3.3, "2011-03-31": "-239.00000", "2010-12-31": -125.89, "2010-09-30": 37.8999, "2010-06-30": 130.9001, "2010-03-31": "-99.20000", "2009-12-31": -485.2, "2008-12-31": 106}, "Net Common Equity Issued/Repurchased": {"2020-09-30": -2.1, "2020-06-30": -3.4, "2020-03-31": "", "2019-12-31": -0.4, "2019-09-30": -3.9, "2019-06-30": 3.2, "2019-03-31": "-12.80000", "2018-12-31": 112.5, "2018-09-30": 200.5, "2018-06-30": 314.3, "2018-03-31": "57.70000", "2017-12-31": 86.7, "2017-09-30": -2.5, "2017-06-30": 908.5, "2017-03-31": "664.30000", "2016-12-31": 175.9, "2016-09-30": 217, "2016-06-30": 181, "2016-03-31": "-0.20000", "2015-12-31": 125.8, "2015-09-30": 17.6, "2015-06-30": 265.9, "2015-03-31": "362.30000", "2014-12-31": 152.8, "2014-09-30": 88.6, "2014-06-30": 54.1, "2014-03-31": "109.80000", "2013-12-31": 131.8, "2013-09-30": 148.4, "2013-06-30": 123.8, "2013-03-31": "107.40000", "2012-12-31": 383.8, "2012-09-30": 5.5, "2012-06-30": 0, "2012-03-31": "115.20000", "2011-12-31": 310, "2011-09-30": 0, "2011-06-30": 0, "2011-03-31": "", "2010-12-31": 0.6, "2010-09-30": 0, "2010-06-30": 224.7, "2010-03-31": "-0.10000", "2009-12-31": 0, "2008-12-31": 0}, "Net Total Equity Issued/Repurchased": {"2020-09-30": -2.1, "2020-06-30": -3.4, "2020-03-31": "", "2019-12-31": -0.4, "2019-09-30": -3.9, "2019-06-30": 3.2, "2019-03-31": "-12.80000", "2018-12-31": 112.5, "2018-09-30": 200.5, "2018-06-30": 314.3, "2018-03-31": "57.70000", "2017-12-31": 86.7, "2017-09-30": -2.5, "2017-06-30": 908.5, "2017-03-31": "664.30000", "2016-12-31": 175.9, "2016-09-30": 217, "2016-06-30": 181, "2016-03-31": "993.90000", "2015-12-31": 125.8, "2015-09-30": 17.6, "2015-06-30": 265.9, "2015-03-31": "362.30000", "2014-12-31": 152.8, "2014-09-30": 88.6, "2014-06-30": 54.1, "2014-03-31": "109.80000", "2013-12-31": 131.8, "2013-09-30": 148.4, "2013-06-30": 123.8, "2013-03-31": "107.40000", "2012-12-31": 383.8, "2012-09-30": 5.5, "2012-06-30": 0, "2012-03-31": "115.20000", "2011-12-31": 310, "2011-09-30": 0, "2011-06-30": 0, "2011-03-31": "", "2010-12-31": 94, "2010-09-30": 0, "2010-06-30": 224.7, "2010-03-31": "-0.10000", "2009-12-31": -0.3, "2008-12-31": 0.6}, "Total Common And Preferred Stock Dividends Paid": {"2020-09-30": -51, "2020-06-30": -46.6, "2020-03-31": "-239.10000", "2019-12-31": -235.2, "2019-09-30": -239.6, "2019-06-30": -234.6, "2019-03-31": "-244.10000", "2018-12-31": -231.7, "2018-09-30": -231.3, "2018-06-30": -222.7, "2018-03-31": "-222.60000", "2017-12-31": -219.2, "2017-09-30": -221, "2017-06-30": -203.3, "2017-03-31": "-199.70000", "2016-12-31": -187.7, "2016-09-30": -176.8, "2016-06-30": -150, "2016-03-31": "-51.40000", "2015-12-31": -51, "2015-09-30": 172.2, "2015-06-30": -267.8, "2015-03-31": "-32.40000", "2014-12-31": -30.8, "2014-09-30": -29.5, "2014-06-30": -27.2, "2014-03-31": "-25.50000", "2013-12-31": -26, "2013-09-30": -22.2, "2013-06-30": -20.6, "2013-03-31": "-19.00000", "2012-12-31": -17.3, "2012-09-30": -16.1, "2012-06-30": -15, "2012-03-31": "-13.80000", "2011-12-31": -12.6, "2011-09-30": -11.9, "2011-06-30": -11.1, "2011-03-31": "-2.60000", "2010-12-31": -28.2, "2010-09-30": 0, "2010-06-30": -419.9, "2010-03-31": "", "2009-12-31": 0, "2008-12-31": 0}, "Financial Activities - Other": {"2020-09-30": -108.7, "2020-06-30": -86.2, "2020-03-31": "-100.40000", "2019-12-31": -69.5, "2019-09-30": 49.5, "2019-06-30": 1473.6, "2019-03-31": "165.80000", "2018-12-31": 182.8, "2018-09-30": 142.4, "2018-06-30": 125.5, "2018-03-31": "260.40000", "2017-12-31": 21.8, "2017-09-30": 62.3, "2017-06-30": -26.6, "2017-03-31": "-11.30000", "2016-12-31": -64.7, "2016-09-30": -1.4, "2016-06-30": 0.1, "2016-03-31": "-176.60000", "2015-12-31": -94.8, "2015-09-30": -360.8, "2015-06-30": 90.1, "2015-03-31": "-126.90000", "2014-12-31": -92.7, "2014-09-30": -91.6, "2014-06-30": -87.5, "2014-03-31": "-82.90000", "2013-12-31": -79.4, "2013-09-30": -71.1, "2013-06-30": -72.7, "2013-03-31": "-64.90000", "2012-12-31": -77.5, "2012-09-30": -59.7, "2012-06-30": -50.9, "2012-03-31": "-58.70000", "2011-12-31": -364.2, "2011-09-30": -51.3, "2011-06-30": -47.8, "2011-03-31": "221.20000", "2010-12-31": -130.1, "2010-09-30": 122, "2010-06-30": -38.1, "2010-03-31": "94.10000", "2009-12-31": 97.7, "2008-12-31": -105.7}, "Cash Flow From Financial Activities": {"2020-09-30": -96.1, "2020-06-30": -195.1, "2020-03-31": "-206.60000", "2019-12-31": -14.1, "2019-09-30": 390.7, "2019-06-30": 750.1, "2019-03-31": "654.40000", "2018-12-31": 753.6, "2018-09-30": 506.6, "2018-06-30": 432.1, "2018-03-31": "405.50000", "2017-12-31": 50.7, "2017-09-30": 296.9, "2017-06-30": 356, "2017-03-31": "313.30000", "2016-12-31": -207.7, "2016-09-30": -16.2, "2016-06-30": -42.6, "2016-03-31": "-79.00000", "2015-12-31": -110.5, "2015-09-30": -17.7, "2015-06-30": -37, "2015-03-31": "1589.30000", "2014-12-31": -50.3, "2014-09-30": 55.8, "2014-06-30": 95.2, "2014-03-31": "-96.80000", "2013-12-31": 147.1, "2013-09-30": 188, "2013-06-30": 229, "2013-03-31": "69.90000", "2012-12-31": 1004.5, "2012-09-30": 69.7, "2012-06-30": 74.1, "2012-03-31": "-55.30000", "2011-12-31": -103.8, "2011-09-30": 273.8, "2011-06-30": -62.2, "2011-03-31": "-20.40000", "2010-12-31": -190.2, "2010-09-30": 159.9, "2010-06-30": -102.4, "2010-03-31": "-5.20000", "2009-12-31": -387.8, "2008-12-31": 0.9}, "Net Cash Flow": {"2020-09-30": 78.8, "2020-06-30": -179, "2020-03-31": "44.10000", "2019-12-31": 4.8, "2019-09-30": 99.8, "2019-06-30": 101.6, "2019-03-31": "-107.20000", "2018-12-31": 28.9, "2018-09-30": -78.4, "2018-06-30": 61.8, "2018-03-31": "82.60000", "2017-12-31": 23.1, "2017-09-30": 15.4, "2017-06-30": 18.7, "2017-03-31": "6.50000", "2016-12-31": -67.6, "2016-09-30": -29.8, "2016-06-30": 56.4, "2016-03-31": "-25.70000", "2015-12-31": 37.3, "2015-09-30": -2.8, "2015-06-30": -66.7, "2015-03-31": "91.40000", "2014-12-31": 2.2, "2014-09-30": 2.9, "2014-06-30": -19, "2014-03-31": "28.20000", "2013-12-31": -17, "2013-09-30": 0.8, "2013-06-30": -29.8, "2013-03-31": "36.40000", "2012-12-31": -44.4, "2012-09-30": 3.2, "2012-06-30": -3.7, "2012-03-31": "-24.60000", "2011-12-31": -8.3, "2011-09-30": -0.6, "2011-06-30": 7, "2011-03-31": "-40.70000", "2010-12-31": -161.6, "2010-09-30": 100.6, "2010-06-30": -56.2, "2010-03-31": "53.20000", "2009-12-31": -295.3, "2008-12-31": 184.9}, "Stock-Based Compensation": {"2020-09-30": 16.4, "2020-06-30": 16.1, "2020-03-31": "17.00000", "2019-12-31": 11.3, "2019-09-30": 16.3, "2019-06-30": 16.2, "2019-03-31": "16.50000", "2018-12-31": 15.6, "2018-09-30": 13.8, "2018-06-30": 13.7, "2018-03-31": "13.20000", "2017-12-31": 10.6, "2017-09-30": 10.2, "2017-06-30": 10.7, "2017-03-31": "10.80000", "2016-12-31": 7.5, "2016-09-30": 7, "2016-06-30": 7.2, "2016-03-31": "8.00000", "2015-12-31": 6, "2015-09-30": 6.6, "2015-06-30": 6.5, "2015-03-31": "5.90000", "2014-12-31": 3.5, "2014-09-30": 3.3, "2014-06-30": 3.3, "2014-03-31": "4.20000", "2013-12-31": 3.2, "2013-09-30": 3.2, "2013-06-30": 3, "2013-03-31": "3.80000", "2012-12-31": 4.5, "2012-09-30": 4.2, "2012-06-30": 4.3, "2012-03-31": "4.50000", "2011-12-31": 3.8, "2011-09-30": 3.7, "2011-06-30": 4.4, "2011-03-31": "3.30000", "2010-12-31": 12.9, "2010-09-30": 0.1, "2010-06-30": 0.2, "2010-03-31": "0.20000", "2009-12-31": 0, "2008-12-31": 0}, "Common Stock Dividends Paid": {"2020-09-30": -51, "2020-06-30": -46.6, "2020-03-31": "-239.10000", "2019-12-31": -235.2, "2019-09-30": -239.6, "2019-06-30": -234.6, "2019-03-31": "-244.10000", "2018-12-31": -231.7, "2018-09-30": -231.3, "2018-06-30": -222.7, "2018-03-31": "-222.60000", "2017-12-31": -219.2, "2017-09-30": -221, "2017-06-30": -203.3, "2017-03-31": "-199.70000", "2016-12-31": -187.7, "2016-09-30": -176.8, "2016-06-30": -150, "2016-03-31": "-51.40000", "2015-12-31": -51, "2015-09-30": -49.1, "2015-06-30": -46.5, "2015-03-31": "-32.40000", "2014-12-31": 82.2, "2014-09-30": -29.5, "2014-06-30": -27.2, "2014-03-31": "-25.50000", "2013-12-31": 61.8, "2013-09-30": -22.2, "2013-06-30": -20.6, "2013-03-31": "-19.00000", "2012-12-31": -17.3, "2012-09-30": -16.1, "2012-06-30": -15, "2012-03-31": "-13.80000", "2011-12-31": -12.6, "2011-09-30": -11.9, "2011-06-30": -11.1, "2011-03-31": "-2.60000", "2010-12-31": -10.1, "2010-09-30": 0, "2010-06-30": -200, "2010-03-31": "", "2009-12-31": 0, "2008-12-31": 0}}, "financial ratios": {"Current Ratio": {"2019-12-31": "0.88560", "2018-12-31": "0.50700", "2017-12-31": "0.78550", "2016-12-31": "0.86230", "2015-12-31": "1.05150", "2014-12-31": "1.06780", "2013-12-31": "1.16460", "2012-12-31": "1.06800", "2011-12-31": "1.16920", "2010-12-31": "1.20230", "2009-12-31": "1.34530", "2008-12-31": "1.83690", "2007-12-31": ""}, "Long-term Debt / Capital": {"2019-12-31": "0.46040", "2018-12-31": "0.42190", "2017-12-31": "0.40280", "2016-12-31": "0.43780", "2015-12-31": "0.47780", "2014-12-31": "0.53190", "2013-12-31": "0.58840", "2012-12-31": "0.58540", "2011-12-31": "0.54080", "2010-12-31": "0.59700", "2009-12-31": "0.67850", "2008-12-31": "0.70630", "2007-12-31": ""}, "Debt/Equity Ratio": {"2019-12-31": "0.89690", "2018-12-31": "0.86310", "2017-12-31": "0.72470", "2016-12-31": "0.82520", "2015-12-31": "0.95010", "2014-12-31": "1.20820", "2013-12-31": "1.42940", "2012-12-31": "1.41170", "2011-12-31": "1.17760", "2010-12-31": "1.48120", "2009-12-31": "2.12740", "2008-12-31": "2.41970", "2007-12-31": ""}, "Gross Margin": {"2019-12-31": "29.43800", "2018-12-31": "21.42120", "2017-12-31": "21.65430", "2016-12-31": "26.42400", "2015-12-31": "27.34810", "2014-12-31": "18.84520", "2013-12-31": "18.64700", "2012-12-31": "17.72670", "2011-12-31": "13.66070", "2010-12-31": "14.25470", "2009-12-31": "16.39920", "2008-12-31": "9.75630", "2007-12-31": "10.57530"}, "Operating Margin": {"2019-12-31": "2.22460", "2018-12-31": "2.26530", "2017-12-31": "-1.38860", "2016-12-31": "0.83400", "2015-12-31": "2.39240", "2014-12-31": "7.43340", "2013-12-31": "5.83080", "2012-12-31": "5.92180", "2011-12-31": "5.01970", "2010-12-31": "3.58100", "2009-12-31": "4.78170", "2008-12-31": "2.93170", "2007-12-31": "3.84120"}, "EBIT Margin": {"2019-12-31": "2.22460", "2018-12-31": "2.26530", "2017-12-31": "-1.38860", "2016-12-31": "0.83400", "2015-12-31": "2.39240", "2014-12-31": "7.43340", "2013-12-31": "5.83080", "2012-12-31": "5.92180", "2011-12-31": "5.01970", "2010-12-31": "3.58100", "2009-12-31": "4.78170", "2008-12-31": "2.93170", "2007-12-31": "3.84120"}, "EBITDA Margin": {"2019-12-31": "13.54850", "2018-12-31": "12.15380", "2017-12-31": "7.92520", "2016-12-31": "15.47470", "2015-12-31": "16.65670", "2014-12-31": "11.64390", "2013-12-31": "10.38850", "2012-12-31": "9.72180", "2011-12-31": "7.79330", "2010-12-31": "6.94290", "2009-12-31": "8.72250", "2008-12-31": "5.06320", "2007-12-31": "6.08180"}, "Pre-Tax Profit Margin": {"2019-12-31": "-0.53860", "2018-12-31": "0.62860", "2017-12-31": "-3.32280", "2016-12-31": "-3.88140", "2015-12-31": "-1.67900", "2014-12-31": "5.69840", "2013-12-31": "3.95110", "2012-12-31": "3.45480", "2011-12-31": "3.45990", "2010-12-31": "1.56680", "2009-12-31": "2.19710", "2008-12-31": "1.92150", "2007-12-31": "1.75550"}, "Net Profit Margin": {"2019-12-31": "-3.85190", "2018-12-31": "-1.13790", "2017-12-31": "-0.71920", "2016-12-31": "-4.15640", "2015-12-31": "0.87560", "2014-12-31": "1.18730", "2013-12-31": "1.03090", "2012-12-31": "0.67090", "2011-12-31": "0.43890", "2010-12-31": "-3.69420", "2009-12-31": "", "2008-12-31": "0.00000", "2007-12-31": ""}, "Asset Turnover": {"2019-12-31": "0.46090", "2018-12-31": "0.61900", "2017-12-31": "0.61260", "2016-12-31": "0.51980", "2015-12-31": "0.50400", "2014-12-31": "1.33520", "2013-12-31": "1.04400", "2012-12-31": "1.11240", "2011-12-31": "1.82580", "2010-12-31": "1.61360", "2009-12-31": "1.34890", "2008-12-31": "2.19640", "2007-12-31": ""}, "Inventory Turnover Ratio": {"2019-12-31": "37.88550", "2018-12-31": "50.01940", "2017-12-31": "33.77070", "2016-12-31": "35.75090", "2015-12-31": "34.30920", "2014-12-31": "41.40140", "2013-12-31": "34.08890", "2012-12-31": "47.00500", "2011-12-31": "65.49890", "2010-12-31": "93.16470", "2009-12-31": "96.38070", "2008-12-31": "105.37960", "2007-12-31": ""}, "Receiveable Turnover": {"2019-12-31": "10.14160", "2018-12-31": "12.11320", "2017-12-31": "10.65120", "2016-12-31": "9.01250", "2015-12-31": "12.58000", "2014-12-31": "15.18860", "2013-12-31": "9.58520", "2012-12-31": "11.02930", "2011-12-31": "12.14960", "2010-12-31": "11.73620", "2009-12-31": "11.23500", "2008-12-31": "26.32080", "2007-12-31": ""}, "Days Sales In Receivables": {"2019-12-31": "35.99030", "2018-12-31": "30.13230", "2017-12-31": "34.26860", "2016-12-31": "40.49920", "2015-12-31": "29.01430", "2014-12-31": "24.03120", "2013-12-31": "38.07970", "2012-12-31": "33.09360", "2011-12-31": "30.04230", "2010-12-31": "31.10040", "2009-12-31": "32.48780", "2008-12-31": "13.86730", "2007-12-31": ""}, "ROE - Return On Equity": {"2019-12-31": "0.48800", "2018-12-31": "0.80850", "2017-12-31": "1.54230", "2016-12-31": "-2.77930", "2015-12-31": "-2.42230", "2014-12-31": "16.65680", "2013-12-31": "9.62560", "2012-12-31": "9.08520", "2011-12-31": "16.18700", "2010-12-31": "6.10940", "2009-12-31": "10.47820", "2008-12-31": "16.35040", "2007-12-31": ""}, "Return On Tangible Equity": {"2019-12-31": "0.59350", "2018-12-31": "1.06210", "2017-12-31": "2.29010", "2016-12-31": "-3.92720", "2015-12-31": "-3.76330", "2014-12-31": "21.71900", "2013-12-31": "13.99960", "2012-12-31": "14.85180", "2011-12-31": "16.20400", "2010-12-31": "6.10940", "2009-12-31": "10.47820", "2008-12-31": "16.35040", "2007-12-31": ""}, "ROA - Return On Assets": {"2019-12-31": "0.21900", "2018-12-31": "0.35660", "2017-12-31": "0.72420", "2016-12-31": "-1.23610", "2015-12-31": "-1.14600", "2014-12-31": "6.55470", "2013-12-31": "3.32800", "2012-12-31": "3.12050", "2011-12-31": "5.62260", "2010-12-31": "1.86520", "2009-12-31": "2.34890", "2008-12-31": "3.69050", "2007-12-31": ""}, "ROI - Return On Investment": {"2019-12-31": "0.25490", "2018-12-31": "0.45250", "2017-12-31": "0.89250", "2016-12-31": "-1.51220", "2015-12-31": "-1.26490", "2014-12-31": "7.79740", "2013-12-31": "3.96210", "2012-12-31": "3.76710", "2011-12-31": "7.43350", "2010-12-31": "2.46230", "2009-12-31": "3.36830", "2008-12-31": "4.80260", "2007-12-31": ""}, "Book Value Per Share": {"2019-12-31": "37.45730", "2018-12-31": "33.29080", "2017-12-31": "32.04760", "2016-12-31": "32.02240", "2015-12-31": "111.57090", "2014-12-31": "60.25910", "2013-12-31": "49.60150", "2012-12-31": "41.45640", "2011-12-31": "31.38590", "2010-12-31": "24.49870", "2009-12-31": "193.56410", "2008-12-31": "106.75330", "2007-12-31": ""}, "Operating Cash Flow Per Share": {"2019-12-31": 0.875, "2018-12-31": 0.5618, "2017-12-31": -0.8828, "2016-12-31": -13.8805, "2015-12-31": 1.2091, "2014-12-31": 9.0047, "2013-12-31": -1.1537, "2012-12-31": 1.0822, "2011-12-31": -22.4074, "2010-12-31": -56.7992, "2009-12-31": -14.4474, "2008-12-31": 75.5872, "2007-12-31": 27.2286}, "Free Cash Flow Per Share": {"2019-12-31": 2.3904, "2018-12-31": -7.0601, "2017-12-31": -3.5133, "2016-12-31": -2.2748, "2015-12-31": 4.0673, "2014-12-31": 14.9763, "2013-12-31": -11.2896, "2012-12-31": -4.8411, "2011-12-31": -8.9936, "2010-12-31": -52.072, "2009-12-31": -5.7895, "2008-12-31": 57.6857, "2007-12-31": 10.3143}}, "financial ratios, quarterly": {"Current Ratio": {"2020-09-30": "1.04600", "2020-06-30": "0.92820", "2020-03-31": "1.01530", "2019-12-31": "0.88560", "2019-09-30": "0.88420", "2019-06-30": "0.73090", "2019-03-31": "0.57850", "2018-12-31": "0.50700", "2018-09-30": "0.67530", "2018-06-30": "0.73290", "2018-03-31": "0.83820", "2017-12-31": "0.78550", "2017-09-30": "0.73520", "2017-06-30": "0.65560", "2017-03-31": "0.57020", "2016-12-31": "0.86230", "2016-09-30": "1.02940", "2016-06-30": "0.91370", "2016-03-31": "1.03300", "2015-12-31": "1.05150", "2015-09-30": "1.16110", "2015-06-30": "1.13750", "2015-03-31": "1.08620", "2014-12-31": "1.06780", "2014-09-30": "1.31190", "2014-06-30": "1.14690", "2014-03-31": "1.06790", "2013-12-31": "1.16460", "2013-09-30": "1.17740", "2013-06-30": "1.14670", "2013-03-31": "0.99700", "2012-12-31": "1.06800", "2012-09-30": "1.26620", "2012-06-30": "1.33150", "2012-03-31": "1.18780", "2011-12-31": "1.16920", "2011-09-30": "1.32250", "2011-06-30": "1.10920", "2011-03-31": "1.18280", "2010-12-31": "1.20230", "2010-09-30": "", "2010-06-30": "", "2010-03-31": "", "2009-12-31": "", "2008-12-31": ""}, "Long-term Debt / Capital": {"2020-09-30": "0.54000", "2020-06-30": "0.53580", "2020-03-31": "0.53420", "2019-12-31": "0.46040", "2019-09-30": "0.44470", "2019-06-30": "0.41910", "2019-03-31": "0.48390", "2018-12-31": "0.42190", "2018-09-30": "0.43060", "2018-06-30": "0.41890", "2018-03-31": "0.41330", "2017-12-31": "0.40280", "2017-09-30": "0.39270", "2017-06-30": "0.35550", "2017-03-31": "0.39820", "2016-12-31": "0.43780", "2016-09-30": "0.43810", "2016-06-30": "0.44260", "2016-03-31": "0.44840", "2015-12-31": "0.47780", "2015-09-30": "0.48210", "2015-06-30": "0.47170", "2015-03-31": "0.46960", "2014-12-31": "0.53190", "2014-09-30": "0.57180", "2014-06-30": "0.57610", "2014-03-31": "0.56800", "2013-12-31": "0.58840", "2013-09-30": "0.59220", "2013-06-30": "0.59180", "2013-03-31": "0.58310", "2012-12-31": "0.58540", "2012-09-30": "0.55090", "2012-06-30": "0.51640", "2012-03-31": "0.50070", "2011-12-31": "0.54080", "2011-09-30": "0.54610", "2011-06-30": "0.49260", "2011-03-31": "0.49740", "2010-12-31": "0.59700", "2010-09-30": "", "2010-06-30": "", "2010-03-31": "", "2009-12-31": "", "2008-12-31": ""}, "Debt/Equity Ratio": {"2020-09-30": "1.21420", "2020-06-30": "1.19420", "2020-03-31": "1.18920", "2019-12-31": "0.89690", "2019-09-30": "0.82920", "2019-06-30": "0.75520", "2019-03-31": "0.97970", "2018-12-31": "0.86310", "2018-09-30": "0.79500", "2018-06-30": "0.74490", "2018-03-31": "0.74630", "2017-12-31": "0.72470", "2017-09-30": "0.72490", "2017-06-30": "0.62160", "2017-03-31": "0.74570", "2016-12-31": "0.82520", "2016-09-30": "0.81660", "2016-06-30": "0.83150", "2016-03-31": "0.83760", "2015-12-31": "0.95010", "2015-09-30": "0.95210", "2015-06-30": "0.91190", "2015-03-31": "0.91530", "2014-12-31": "1.20820", "2014-09-30": "1.33510", "2014-06-30": "1.35900", "2014-03-31": "1.31500", "2013-12-31": "1.42940", "2013-09-30": "1.45240", "2013-06-30": "1.45010", "2013-03-31": "1.39880", "2012-12-31": "1.41170", "2012-09-30": "1.22680", "2012-06-30": "1.06760", "2012-03-31": "1.00300", "2011-12-31": "1.17760", "2011-09-30": "1.20330", "2011-06-30": "0.97070", "2011-03-31": "0.98970", "2010-12-31": "1.48120", "2010-09-30": "", "2010-06-30": "", "2010-03-31": "", "2009-12-31": "", "2008-12-31": ""}, "Gross Margin": {"2020-09-30": "38.38590", "2020-06-30": "43.51170", "2020-03-31": "42.00300", "2019-12-31": "31.16940", "2019-09-30": "30.19190", "2019-06-30": "31.75960", "2019-03-31": "24.93690", "2018-12-31": "22.68250", "2018-09-30": "20.18820", "2018-06-30": "22.05450", "2018-03-31": "20.95620", "2017-12-31": "19.77950", "2017-09-30": "21.98610", "2017-06-30": "23.93850", "2017-03-31": "21.69840", "2016-12-31": "23.28330", "2016-09-30": "26.00010", "2016-06-30": "27.68380", "2016-03-31": "29.90850", "2015-12-31": "27.91070", "2015-09-30": "28.72370", "2015-06-30": "27.73330", "2015-03-31": "25.07000", "2014-12-31": "22.25390", "2014-09-30": "17.82110", "2014-06-30": "19.19420", "2014-03-31": "16.54250", "2013-12-31": "17.66780", "2013-09-30": "20.25920", "2013-06-30": "18.39620", "2013-03-31": "18.62210", "2012-12-31": "19.69560", "2012-09-30": "17.25870", "2012-06-30": "18.53540", "2012-03-31": "15.89500", "2011-12-31": "13.41780", "2011-09-30": "13.31120", "2011-06-30": "14.49400", "2011-03-31": "13.43140", "2010-12-31": "10.30060", "2010-09-30": "15.27050", "2010-06-30": "14.69240", "2010-03-31": "12.53030", "2009-12-31": "", "2008-12-31": ""}, "Operating Margin": {"2020-09-30": "13.97100", "2020-06-30": "13.98750", "2020-03-31": "-101.39590", "2019-12-31": "-0.95800", "2019-09-30": "2.18660", "2019-06-30": "5.69840", "2019-03-31": "2.66590", "2018-12-31": "-3.11440", "2018-09-30": "2.56830", "2018-06-30": "6.35740", "2018-03-31": "3.51440", "2017-12-31": "4.19930", "2017-09-30": "-15.17970", "2017-06-30": "1.99180", "2017-03-31": "2.39040", "2016-12-31": "-4.84950", "2016-09-30": "3.12290", "2016-06-30": "4.18670", "2016-03-31": "2.46120", "2015-12-31": "-12.54100", "2015-09-30": "7.06450", "2015-06-30": "6.61410", "2015-03-31": "8.22770", "2014-12-31": "8.02300", "2014-09-30": "7.37230", "2014-06-30": "7.51270", "2014-03-31": "6.90290", "2013-12-31": "7.21150", "2013-09-30": "6.03680", "2013-06-30": "4.22450", "2013-03-31": "5.28690", "2012-12-31": "6.54250", "2012-09-30": "4.23390", "2012-06-30": "6.30730", "2012-03-31": "6.54390", "2011-12-31": "5.59980", "2011-09-30": "4.13170", "2011-06-30": "5.69920", "2011-03-31": "4.54100", "2010-12-31": "2.90730", "2010-09-30": "3.54920", "2010-06-30": "3.90290", "2010-03-31": "3.69370", "2009-12-31": "", "2008-12-31": ""}, "EBIT Margin": {"2020-09-30": "13.97100", "2020-06-30": "13.98750", "2020-03-31": "-101.39590", "2019-12-31": "-0.95800", "2019-09-30": "2.18660", "2019-06-30": "5.69840", "2019-03-31": "2.66590", "2018-12-31": "-3.11440", "2018-09-30": "2.56830", "2018-06-30": "6.35740", "2018-03-31": "3.51440", "2017-12-31": "4.19930", "2017-09-30": "-15.17970", "2017-06-30": "1.99180", "2017-03-31": "2.39040", "2016-12-31": "-4.84950", "2016-09-30": "3.12290", "2016-06-30": "4.18670", "2016-03-31": "2.46120", "2015-12-31": "-12.54100", "2015-09-30": "7.06450", "2015-06-30": "6.61410", "2015-03-31": "8.22770", "2014-12-31": "8.02300", "2014-09-30": "7.37230", "2014-06-30": "7.51270", "2014-03-31": "6.90290", "2013-12-31": "7.21150", "2013-09-30": "6.03680", "2013-06-30": "4.22450", "2013-03-31": "5.28690", "2012-12-31": "6.54250", "2012-09-30": "4.23390", "2012-06-30": "6.30730", "2012-03-31": "6.54390", "2011-12-31": "5.59980", "2011-09-30": "4.13170", "2011-06-30": "5.69920", "2011-03-31": "4.54100", "2010-12-31": "2.90730", "2010-09-30": "3.54920", "2010-06-30": "3.90290", "2010-03-31": "3.69370", "2009-12-31": "", "2008-12-31": ""}, "EBITDA Margin": {"2020-09-30": "", "2020-06-30": "", "2020-03-31": "", "2019-12-31": "", "2019-09-30": "", "2019-06-30": "", "2019-03-31": "", "2018-12-31": "", "2018-09-30": "", "2018-06-30": "", "2018-03-31": "", "2017-12-31": "", "2017-09-30": "", "2017-06-30": "", "2017-03-31": "", "2016-12-31": "", "2016-09-30": "", "2016-06-30": "", "2016-03-31": "", "2015-12-31": "", "2015-09-30": "", "2015-06-30": "", "2015-03-31": "", "2014-12-31": "", "2014-09-30": "", "2014-06-30": "", "2014-03-31": "", "2013-12-31": "", "2013-09-30": "", "2013-06-30": "", "2013-03-31": "", "2012-12-31": "", "2012-09-30": "", "2012-06-30": "", "2012-03-31": "", "2011-12-31": "", "2011-09-30": "", "2011-06-30": "", "2011-03-31": "", "2010-12-31": "", "2010-09-30": "", "2010-06-30": "", "2010-03-31": "", "2009-12-31": "", "2008-12-31": ""}, "Pre-Tax Profit Margin": {"2020-09-30": "9.64970", "2020-06-30": "10.10170", "2020-03-31": "-103.25540", "2019-12-31": "-3.75920", "2019-09-30": "1.48750", "2019-06-30": "2.28540", "2019-03-31": "-1.20030", "2018-12-31": "-4.64660", "2018-09-30": "-0.50560", "2018-06-30": "6.29600", "2018-03-31": "1.94660", "2017-12-31": "1.27280", "2017-09-30": "-11.84450", "2017-06-30": "-1.89540", "2017-03-31": "-1.86500", "2016-12-31": "-11.79070", "2016-09-30": "-0.72020", "2016-06-30": "-0.81460", "2016-03-31": "0.16640", "2015-12-31": "-14.93870", "2015-09-30": "2.74490", "2015-06-30": "2.27140", "2015-03-31": "3.03030", "2014-12-31": "5.26340", "2014-09-30": "5.93890", "2014-06-30": "5.93320", "2014-03-31": "5.63910", "2013-12-31": "5.64380", "2013-09-30": "4.25650", "2013-06-30": "2.11570", "2013-03-31": "3.09060", "2012-12-31": "3.01380", "2012-09-30": "1.79400", "2012-06-30": "3.94970", "2012-03-31": "4.81830", "2011-12-31": "4.28650", "2011-09-30": "2.56190", "2011-06-30": "3.96920", "2011-03-31": "2.87900", "2010-12-31": "1.85310", "2010-09-30": "0.35250", "2010-06-30": "1.15310", "2010-03-31": "2.62200", "2009-12-31": "", "2008-12-31": ""}, "Net Profit Margin": {"2020-09-30": "1.74460", "2020-06-30": "3.20970", "2020-03-31": "-86.37320", "2019-12-31": "-5.84100", "2019-09-30": "-4.13140", "2019-06-30": "-2.06490", "2019-03-31": "-3.03120", "2018-12-31": "-5.28560", "2018-09-30": "-1.80820", "2018-06-30": "3.23190", "2018-03-31": "-0.28510", "2017-12-31": "9.37920", "2017-09-30": "-9.24100", "2017-06-30": "1.52060", "2017-03-31": "-7.01980", "2016-12-31": "-8.92380", "2016-09-30": "-2.38460", "2016-06-30": "-3.32150", "2016-03-31": "-0.45060", "2015-12-31": "1.65110", "2015-09-30": "0.77810", "2015-06-30": "0.89440", "2015-03-31": "0.19050", "2014-12-31": "1.25930", "2014-09-30": "1.34160", "2014-06-30": "1.31960", "2014-03-31": "0.85410", "2013-12-31": "1.01530", "2013-09-30": "1.11190", "2013-06-30": "1.04050", "2013-03-31": "0.95860", "2012-12-31": "0.84810", "2012-09-30": "0.62430", "2012-06-30": "0.65200", "2012-03-31": "0.58330", "2011-12-31": "0.43950", "2011-09-30": "0.28590", "2011-06-30": "0.60750", "2011-03-31": "0.42010", "2010-12-31": "-0.58280", "2010-09-30": "-1.54920", "2010-06-30": "-15.46650", "2010-03-31": "0.00000", "2009-12-31": "", "2008-12-31": ""}, "Asset Turnover": {"2020-09-30": "0.13180", "2020-06-30": "0.09540", "2020-03-31": "0.12780", "2019-12-31": "0.13150", "2019-09-30": "0.10060", "2019-06-30": "0.10890", "2019-03-31": "0.13090", "2018-12-31": "0.15340", "2018-09-30": "0.18020", "2018-06-30": "0.15670", "2018-03-31": "0.16640", "2017-12-31": "0.18780", "2017-09-30": "0.15230", "2017-06-30": "0.13420", "2017-03-31": "0.15470", "2016-12-31": "0.15640", "2016-09-30": "0.12660", "2016-06-30": "0.12180", "2016-03-31": "0.11140", "2015-12-31": "0.12470", "2015-09-30": "0.12160", "2015-06-30": "0.12730", "2015-03-31": "0.12330", "2014-12-31": "0.31500", "2014-09-30": "0.35250", "2014-06-30": "0.31610", "2014-03-31": "0.37900", "2013-12-31": "0.33220", "2013-09-30": "0.25610", "2013-06-30": "0.26660", "2013-03-31": "0.27150", "2012-12-31": "0.25870", "2012-09-30": "0.35900", "2012-06-30": "0.34890", "2012-03-31": "0.44500", "2011-12-31": "0.50480", "2011-09-30": "0.45210", "2011-06-30": "0.49360", "2011-03-31": "0.48720", "2010-12-31": "0.45000", "2010-09-30": "", "2010-06-30": "", "2010-03-31": "", "2009-12-31": "", "2008-12-31": ""}, "Inventory Turnover Ratio": {"2020-09-30": "4.97970", "2020-06-30": "3.92430", "2020-03-31": "11.85930", "2019-12-31": "10.54370", "2019-09-30": "6.29730", "2019-06-30": "6.63870", "2019-03-31": "8.72160", "2018-12-31": "12.19430", "2018-09-30": "13.39800", "2018-06-30": "10.50330", "2018-03-31": "20.07240", "2017-12-31": "10.60240", "2017-09-30": "6.21950", "2017-06-30": "7.18560", "2017-03-31": "21.90990", "2016-12-31": "11.21280", "2016-09-30": "8.13510", "2016-06-30": "10.31710", "2016-03-31": "16.38570", "2015-12-31": "8.42270", "2015-09-30": "7.69890", "2015-06-30": "9.84050", "2015-03-31": "16.09460", "2014-12-31": "9.35760", "2014-09-30": "7.48610", "2014-06-30": "10.65660", "2014-03-31": "21.63960", "2013-12-31": "10.97740", "2013-09-30": "5.79570", "2013-06-30": "8.50610", "2013-03-31": "17.23490", "2012-12-31": "10.66900", "2012-09-30": "13.66110", "2012-06-30": "11.97990", "2012-03-31": "30.42200", "2011-12-31": "18.16160", "2011-09-30": "10.65640", "2011-06-30": "21.14160", "2011-03-31": "269.46150", "2010-12-31": "27.28370", "2010-09-30": "", "2010-06-30": "", "2010-03-31": "", "2009-12-31": "", "2008-12-31": ""}, "Receiveable Turnover": {"2020-09-30": "3.46850", "2020-06-30": "2.78420", "2020-03-31": "4.67680", "2019-12-31": "2.89350", "2019-09-30": "2.55710", "2019-06-30": "3.13140", "2019-03-31": "3.05450", "2018-12-31": "3.00130", "2018-09-30": "2.87930", "2018-06-30": "2.81870", "2018-03-31": "3.29350", "2017-12-31": "3.26580", "2017-09-30": "2.98150", "2017-06-30": "3.38110", "2017-03-31": "3.47300", "2016-12-31": "2.71090", "2016-09-30": "2.63990", "2016-06-30": "3.23120", "2016-03-31": "3.36690", "2015-12-31": "3.11240", "2015-09-30": "2.62820", "2015-06-30": "2.82060", "2015-03-31": "2.48620", "2014-12-31": "3.58350", "2014-09-30": "3.27790", "2014-06-30": "2.93090", "2014-03-31": "3.75930", "2013-12-31": "3.04990", "2013-09-30": "2.94080", "2013-06-30": "3.30790", "2013-03-31": "3.26890", "2012-12-31": "2.56480", "2012-09-30": "3.34820", "2012-06-30": "3.58350", "2012-03-31": "3.55770", "2011-12-31": "3.35940", "2011-09-30": "3.14710", "2011-06-30": "3.48590", "2011-03-31": "3.64060", "2010-12-31": "3.27300", "2010-09-30": "", "2010-06-30": "", "2010-03-31": "", "2009-12-31": "", "2008-12-31": ""}, "Days Sales In Receivables": {"2020-09-30": "25.94770", "2020-06-30": "32.32560", "2020-03-31": "19.24400", "2019-12-31": "31.10470", "2019-09-30": "35.19580", "2019-06-30": "28.74150", "2019-03-31": "29.46510", "2018-12-31": "29.98730", "2018-09-30": "31.25770", "2018-06-30": "31.92930", "2018-03-31": "27.32690", "2017-12-31": "27.55810", "2017-09-30": "30.18580", "2017-06-30": "26.61880", "2017-03-31": "25.91450", "2016-12-31": "33.19890", "2016-09-30": "34.09250", "2016-06-30": "27.85360", "2016-03-31": "26.73050", "2015-12-31": "28.91650", "2015-09-30": "34.24420", "2015-06-30": "31.90830", "2015-03-31": "36.19930", "2014-12-31": "25.11540", "2014-09-30": "27.45660", "2014-06-30": "30.70780", "2014-03-31": "23.94040", "2013-12-31": "29.50880", "2013-09-30": "30.60370", "2013-06-30": "27.20730", "2013-03-31": "27.53180", "2012-12-31": "35.09090", "2012-09-30": "26.88050", "2012-06-30": "25.11490", "2012-03-31": "25.29710", "2011-12-31": "26.79060", "2011-09-30": "28.59770", "2011-06-30": "25.81840", "2011-03-31": "24.72140", "2010-12-31": "27.49740", "2010-09-30": "", "2010-06-30": "", "2010-03-31": "", "2009-12-31": "", "2008-12-31": ""}, "ROE - Return On Equity": {"2020-09-30": "2.77230", "2020-06-30": "2.82500", "2020-03-31": "-28.56490", "2019-12-31": "-0.17880", "2019-09-30": "0.36390", "2019-06-30": "0.54700", "2019-03-31": "-0.33660", "2018-12-31": "-1.18330", "2018-09-30": "-0.15410", "2018-06-30": "1.67030", "2018-03-31": "0.55860", "2017-12-31": "4.42870", "2017-09-30": "-2.36960", "2017-06-30": "1.01800", "2017-03-31": "-1.79070", "2016-12-31": "-2.45620", "2016-09-30": "-0.05450", "2016-06-30": "-0.25010", "2016-03-31": "-0.01190", "2015-12-31": "-3.70710", "2015-09-30": "0.32600", "2015-06-30": "0.36660", "2015-03-31": "0.54140", "2014-12-31": "3.64250", "2014-09-30": "5.12380", "2014-06-30": "4.60100", "2014-03-31": "4.86130", "2013-12-31": "4.57130", "2013-09-30": "2.50180", "2013-06-30": "1.19600", "2013-03-31": "1.87440", "2012-12-31": "1.57410", "2012-09-30": "1.33120", "2012-06-30": "2.88400", "2012-03-31": "4.72260", "2011-12-31": "5.62110", "2011-09-30": "2.73920", "2011-06-30": "4.85430", "2011-03-31": "3.18350", "2010-12-31": "-0.85900", "2010-09-30": "", "2010-06-30": "", "2010-03-31": "", "2009-12-31": "", "2008-12-31": ""}, "Return On Tangible Equity": {"2020-09-30": "3.37620", "2020-06-30": "3.46350", "2020-03-31": "-35.19320", "2019-12-31": "-0.21610", "2019-09-30": "0.44650", "2019-06-30": "0.67380", "2019-03-31": "-0.44070", "2018-12-31": "-1.55450", "2018-09-30": "-0.21450", "2018-06-30": "2.35150", "2018-03-31": "0.80850", "2017-12-31": "6.57570", "2017-09-30": "-3.62060", "2017-06-30": "1.52910", "2017-03-31": "-2.93880", "2016-12-31": "-3.47060", "2016-09-30": "-0.08050", "2016-06-30": "-0.37460", "2016-03-31": "-0.01800", "2015-12-31": "-5.75920", "2015-09-30": "0.50330", "2015-06-30": "0.56680", "2015-03-31": "0.81820", "2014-12-31": "4.74940", "2014-09-30": "6.90960", "2014-06-30": "6.36920", "2014-03-31": "6.84860", "2013-12-31": "6.64860", "2013-09-30": "3.75870", "2013-06-30": "1.85310", "2013-03-31": "2.99350", "2012-12-31": "2.57320", "2012-09-30": "1.33120", "2012-06-30": "2.88400", "2012-03-31": "4.72260", "2011-12-31": "5.62700", "2011-09-30": "2.73920", "2011-06-30": "4.85430", "2011-03-31": "3.18350", "2010-12-31": "-0.85900", "2010-09-30": "", "2010-06-30": "", "2010-03-31": "", "2009-12-31": "", "2008-12-31": ""}, "ROA - Return On Assets": {"2020-09-30": "1.07280", "2020-06-30": "1.10930", "2020-03-31": "-11.35790", "2019-12-31": "-0.08030", "2019-09-30": "0.16970", "2019-06-30": "0.26690", "2019-03-31": "-0.14060", "2018-12-31": "-0.52190", "2018-09-30": "-0.06760", "2018-06-30": "0.77650", "2018-03-31": "0.26370", "2017-12-31": "2.07940", "2017-09-30": "-1.10800", "2017-06-30": "0.50720", "2017-03-31": "-0.80930", "2016-12-31": "-1.09240", "2016-09-30": "-0.02450", "2016-06-30": "-0.11230", "2016-03-31": "-0.00540", "2015-12-31": "-1.75380", "2015-09-30": "0.15500", "2015-06-30": "0.17820", "2015-03-31": "0.26200", "2014-12-31": "1.43340", "2014-09-30": "1.85460", "2014-06-30": "1.63070", "2014-03-31": "1.76540", "2013-12-31": "1.58050", "2013-09-30": "0.86280", "2013-06-30": "0.41610", "2013-03-31": "0.65650", "2012-12-31": "0.54060", "2012-09-30": "0.48950", "2012-06-30": "1.15060", "2012-03-31": "1.87110", "2011-12-31": "1.95250", "2011-09-30": "0.96300", "2011-06-30": "1.80790", "2011-03-31": "1.22800", "2010-12-31": "-0.26220", "2010-09-30": "", "2010-06-30": "", "2010-03-31": "", "2009-12-31": "", "2008-12-31": ""}, "ROI - Return On Investment": {"2020-09-30": "1.21520", "2020-06-30": "1.25200", "2020-03-31": "-12.72930", "2019-12-31": "-0.09340", "2019-09-30": "0.19610", "2019-06-30": "0.30870", "2019-03-31": "-0.16790", "2018-12-31": "-0.66220", "2018-09-30": "-0.08490", "2018-06-30": "0.94070", "2018-03-31": "0.31750", "2017-12-31": "2.56260", "2017-09-30": "-1.39430", "2017-06-30": "0.63740", "2017-03-31": "-1.04430", "2016-12-31": "-1.33630", "2016-09-30": "-0.02970", "2016-06-30": "-0.13520", "2016-03-31": "-0.00640", "2015-12-31": "-1.93580", "2015-09-30": "0.16880", "2015-06-30": "0.19370", "2015-03-31": "0.28710", "2014-12-31": "1.70510", "2014-09-30": "2.19430", "2014-06-30": "1.95040", "2014-03-31": "2.09990", "2013-12-31": "1.88170", "2013-09-30": "1.02010", "2013-06-30": "0.48810", "2013-03-31": "0.78140", "2012-12-31": "0.65270", "2012-09-30": "0.59780", "2012-06-30": "1.39490", "2012-03-31": "2.35780", "2011-12-31": "2.58140", "2011-09-30": "1.24320", "2011-06-30": "2.46320", "2011-03-31": "1.60000", "2010-12-31": "-0.34620", "2010-09-30": "", "2010-06-30": "", "2010-03-31": "", "2009-12-31": "", "2008-12-31": ""}, "Book Value Per Share": {"2020-09-30": "27.91220", "2020-06-30": "28.15930", "2020-03-31": "28.57150", "2019-12-31": "37.29710", "2019-09-30": "39.04930", "2019-06-30": "39.57740", "2019-03-31": "32.65250", "2018-12-31": "33.29080", "2018-09-30": "32.74640", "2018-06-30": "33.17620", "2018-03-31": "32.84670", "2017-12-31": "32.04760", "2017-09-30": "31.32730", "2017-06-30": "33.11360", "2017-03-31": "32.38300", "2016-12-31": "32.02240", "2016-09-30": "35.00430", "2016-06-30": "36.28570", "2016-03-31": "37.70270", "2015-12-31": "111.57090", "2015-09-30": "113.88810", "2015-06-30": "115.86800", "2015-03-31": "117.71300", "2014-12-31": "60.25910", "2014-09-30": "55.75780", "2014-06-30": "53.20460", "2014-03-31": "52.15970", "2013-12-31": "49.60150", "2013-09-30": "46.64670", "2013-06-30": "44.44260", "2013-03-31": "42.59860", "2012-12-31": "41.45640", "2012-09-30": "33.58990", "2012-06-30": "35.53960", "2012-03-31": "34.52560", "2011-12-31": "31.38590", "2011-09-30": "31.42620", "2011-06-30": "30.75470", "2011-03-31": "30.29790", "2010-12-31": "24.49870", "2010-09-30": "", "2010-06-30": "", "2010-03-31": "", "2009-12-31": "", "2008-12-31": ""}, "Operating Cash Flow Per Share": {"2020-09-30": 1.5261, "2020-06-30": 1.2179, "2020-03-31": "1.94250", "2019-12-31": 2.0283, "2019-09-30": 1.5728, "2019-06-30": 1.0518, "2019-03-31": "1.32470", "2018-12-31": 1.0646, "2018-09-30": 1.5977, "2018-06-30": 0.8198, "2018-03-31": "1.62050", "2017-12-31": 2.0737, "2017-09-30": 0.2012, "2017-06-30": 0.6043, "2017-03-31": "1.66160", "2016-12-31": 2.0861, "2016-09-30": 0.5064, "2016-06-30": 0.5675, "2016-03-31": "2.26360", "2015-12-31": 6.9066, "2015-09-30": 3.7665, "2015-06-30": 2.7203, "2015-03-31": "5.91070", "2014-12-31": 5.7648, "2014-09-30": 2.2471, "2014-06-30": 2.513, "2014-03-31": "7.57010", "2013-12-31": 2.5107, "2013-09-30": 2.2661, "2013-06-30": -0.2794, "2013-03-31": "4.59290", "2012-12-31": 3.318, "2012-09-30": 2.0573, "2012-06-30": 1.5481, "2012-03-31": "3.32060", "2011-12-31": 5.1955, "2011-09-30": -1.3839, "2011-06-30": 3.6529, "2011-03-31": "1.69730", "2010-12-31": -9.4045, "2010-09-30": -12.15, "2010-06-30": 17.8628, "2010-03-31": "19.48720", "2009-12-31": 0, "2008-12-31": 0}, "Free Cash Flow Per Share": {"2020-09-30": 0.7254, "2020-06-30": 0.0501, "2020-03-31": "0.47600", "2019-12-31": 0.111, "2019-09-30": -1.3531, "2019-06-30": -2.4202, "2019-03-31": "-2.73770", "2018-12-31": -3.85, "2018-09-30": -2.163, "2018-06-30": -1.6731, "2018-03-31": "-1.10430", "2017-12-31": -0.1779, "2017-09-30": -1.2446, "2017-06-30": -1.2176, "2017-03-31": "0.90980", "2016-12-31": 0.9753, "2016-09-30": -0.1193, "2016-06-30": 0.4467, "2016-03-31": "0.48030", "2015-12-31": 2.8065, "2015-09-30": 0.3957, "2015-06-30": -0.9679, "2015-03-31": "1.82350", "2014-12-31": 1.2399, "2014-09-30": -1.3658, "2014-06-30": -2.7577, "2014-03-31": "2.87410", "2013-12-31": -4.2946, "2013-09-30": -3.9976, "2013-06-30": -6.0055, "2013-03-31": "-0.68810", "2012-12-31": -1.9086, "2012-09-30": -0.9594, "2012-06-30": -1.6847, "2012-03-31": "0.85650", "2011-12-31": 2.3425, "2011-09-30": -3.2097, "2011-06-30": 1.6949, "2011-03-31": "0.31720", "2010-12-31": -3.1176, "2010-09-30": -17.265, "2010-06-30": 11.1378, "2010-03-31": "14.48720", "2009-12-31": 0, "2008-12-31": 0}}, "revenue": {"Targa Resources Annual Revenue (Millions of US $)": {"2019": "$8,671", "2018": "$10,484", "2017": "$8,815", "2016": "$6,691", "2015": "$6,659", "2014": "$8,617", "2013": "$6,315", "2012": "$5,679", "2011": "$6,995", "2010": "$5,476", "2009": "$4,542", "2008": "$7,999", "2007": "$7,297"}, "Targa Resources Quarterly Revenue (Millions of US $)": {"2020-09-30": "$2,115", "2020-06-30": "$1,524", "2020-03-31": "$2,049", "2019-12-31": "$2,474", "2019-09-30": "$1,903", "2019-06-30": "$1,995", "2019-03-31": "$2,299", "2018-12-31": "$2,598", "2018-09-30": "$2,986", "2018-06-30": "$2,444", "2018-03-31": "$2,456", "2017-12-31": "$2,703", "2017-09-30": "$2,132", "2017-06-30": "$1,868", "2017-03-31": "$2,113", "2016-12-31": "$2,013", "2016-09-30": "$1,652", "2016-06-30": "$1,584", "2016-03-31": "$1,442", "2015-12-31": "$1,647", "2015-09-30": "$1,632", "2015-06-30": "$1,699", "2015-03-31": "$1,680", "2014-12-31": "$2,033", "2014-09-30": "$2,288", "2014-06-30": "$2,001", "2014-03-31": "$2,295", "2013-12-31": "$2,009", "2013-09-30": "$1,466", "2013-06-30": "$1,442", "2013-03-31": "$1,398", "2012-12-31": "$1,321", "2012-09-30": "$1,394", "2012-06-30": "$1,319", "2012-03-31": "$1,646", "2011-12-31": "$1,934", "2011-09-30": "$1,714", "2011-06-30": "$1,728", "2011-03-31": "$1,619", "2010-12-31": "$1,527", "2010-09-30": "$1,220", "2010-06-30": "$1,240", "2010-03-31": "$1,484", "2009-12-31": "", "2008-12-31": ""}}, "gross-profit": {"Targa Resources Annual Gross Profit (Millions of US $)": {"2019": "$2,553", "2018": "$2,246", "2017": "$1,909", "2016": "$1,768", "2015": "$1,821", "2014": "$1,624", "2013": "$1,178", "2012": "$1,007", "2011": "$956", "2010": "$781", "2009": "$745", "2008": "$780", "2007": "$772"}, "Targa Resources Quarterly Gross Profit (Millions of US $)": {"2020-09-30": "$812", "2020-06-30": "$663", "2020-03-31": "$861", "2019-12-31": "$771", "2019-09-30": "$574", "2019-06-30": "$634", "2019-03-31": "$573", "2018-12-31": "$589", "2018-09-30": "$603", "2018-06-30": "$539", "2018-03-31": "$515", "2017-12-31": "$535", "2017-09-30": "$469", "2017-06-30": "$447", "2017-03-31": "$458", "2016-12-31": "$469", "2016-09-30": "$430", "2016-06-30": "$438", "2016-03-31": "$431", "2015-12-31": "$460", "2015-09-30": "$469", "2015-06-30": "$471", "2015-03-31": "$421", "2014-12-31": "$452", "2014-09-30": "$408", "2014-06-30": "$384", "2014-03-31": "$380", "2013-12-31": "$355", "2013-09-30": "$297", "2013-06-30": "$265", "2013-03-31": "$260", "2012-12-31": "$260", "2012-09-30": "$241", "2012-06-30": "$245", "2012-03-31": "$262", "2011-12-31": "$260", "2011-09-30": "$228", "2011-06-30": "$251", "2011-03-31": "$217", "2010-12-31": "$152", "2010-09-30": "$186", "2010-06-30": "$182", "2010-03-31": "$186", "2009-12-31": "", "2008-12-31": ""}}, "operating-income": {"Targa Resources Annual Operating Income (Millions of US $)": {"2019": "$193", "2018": "$237", "2017": "$-122", "2016": "$56", "2015": "$159", "2014": "$641", "2013": "$368", "2012": "$336", "2011": "$351", "2010": "$196", "2009": "$217", "2008": "$235", "2007": "$280"}, "Targa Resources Quarterly Operating Income (Millions of US $)": {"2020-09-30": "$296", "2020-06-30": "$213", "2020-03-31": "$-2,078", "2019-12-31": "$-24", "2019-09-30": "$42", "2019-06-30": "$114", "2019-03-31": "$61", "2018-12-31": "$-81", "2018-09-30": "$77", "2018-06-30": "$155", "2018-03-31": "$86", "2017-12-31": "$114", "2017-09-30": "$-324", "2017-06-30": "$37", "2017-03-31": "$51", "2016-12-31": "$-98", "2016-09-30": "$52", "2016-06-30": "$66", "2016-03-31": "$36", "2015-12-31": "$-207", "2015-09-30": "$115", "2015-06-30": "$112", "2015-03-31": "$138", "2014-12-31": "$163", "2014-09-30": "$169", "2014-06-30": "$150", "2014-03-31": "$158", "2013-12-31": "$145", "2013-09-30": "$89", "2013-06-30": "$61", "2013-03-31": "$74", "2012-12-31": "$86", "2012-09-30": "$59", "2012-06-30": "$83", "2012-03-31": "$108", "2011-12-31": "$108", "2011-09-30": "$71", "2011-06-30": "$99", "2011-03-31": "$74", "2010-12-31": "$44", "2010-09-30": "$43", "2010-06-30": "$48", "2010-03-31": "$55", "2009-12-31": "", "2008-12-31": ""}}, "ebitda": {"Targa Resources Annual EBITDA (Millions of US $)": {"2019": "$1,175", "2018": "$1,274", "2017": "$699", "2016": "$1,035", "2015": "$1,109", "2014": "$1,003", "2013": "$656", "2012": "$552", "2011": "$545", "2010": "$380", "2009": "$396", "2008": "$405", "2007": "$444"}, "Targa Resources Quarterly EBITDA (Millions of US $)": {"2020-09-30": "$502", "2020-06-30": "$420", "2020-03-31": "$-1,836", "2019-12-31": "$232", "2019-09-30": "$288", "2019-06-30": "$353", "2019-03-31": "$301", "2018-12-31": "$341", "2018-09-30": "$286", "2018-06-30": "$361", "2018-03-31": "$287", "2017-12-31": "$323", "2017-09-30": "$-113", "2017-06-30": "$244", "2017-03-31": "$245", "2016-12-31": "$306", "2016-09-30": "$216", "2016-06-30": "$256", "2016-03-31": "$257", "2015-12-31": "$284", "2015-09-30": "$285", "2015-06-30": "$280", "2015-03-31": "$260", "2014-12-31": "$264", "2014-09-30": "$259", "2014-06-30": "$239", "2014-03-31": "$242", "2013-12-31": "$222", "2013-09-30": "$162", "2013-06-30": "$131", "2013-03-31": "$142", "2012-12-31": "$143", "2012-09-30": "$113", "2012-06-30": "$136", "2012-03-31": "$160", "2011-12-31": "$161", "2011-09-30": "$118", "2011-06-30": "$148", "2011-03-31": "$119", "2010-12-31": "$85", "2010-09-30": "$95", "2010-06-30": "$95", "2010-03-31": "$100", "2009-12-31": "", "2008-12-31": ""}}, "net-income": {"Targa Resources Annual Net Income (Millions of US $)": {"2019": "$-334", "2018": "$-119", "2017": "$-63", "2016": "$-278", "2015": "$58", "2014": "$102", "2013": "$65", "2012": "$38", "2011": "$31", "2010": "$-202", "2009": "$", "2008": "$0", "2007": "$0"}, "Targa Resources Quarterly Net Income (Millions of US $)": {"2020-09-30": "$37", "2020-06-30": "$49", "2020-03-31": "$-1,770", "2019-12-31": "$-145", "2019-09-30": "$-79", "2019-06-30": "$-41", "2019-03-31": "$-70", "2018-12-31": "$-137", "2018-09-30": "$-54", "2018-06-30": "$79", "2018-03-31": "$-7", "2017-12-31": "$254", "2017-09-30": "$-197", "2017-06-30": "$28", "2017-03-31": "$-148", "2016-12-31": "$-180", "2016-09-30": "$-39", "2016-06-30": "$-53", "2016-03-31": "$-7", "2015-12-31": "$27", "2015-09-30": "$13", "2015-06-30": "$15", "2015-03-31": "$3", "2014-12-31": "$26", "2014-09-30": "$31", "2014-06-30": "$26", "2014-03-31": "$20", "2013-12-31": "$20", "2013-09-30": "$16", "2013-06-30": "$15", "2013-03-31": "$13", "2012-12-31": "$11", "2012-09-30": "$9", "2012-06-30": "$9", "2012-03-31": "$10", "2011-12-31": "$9", "2011-09-30": "$5", "2011-06-30": "$11", "2011-03-31": "$7", "2010-12-31": "$-9", "2010-09-30": "$-19", "2010-06-30": "$-192", "2010-03-31": "$0", "2009-12-31": "", "2008-12-31": ""}}, "eps-earnings-per-share-diluted": {"Targa Resources Annual EPS": {"2019": "$-1.44", "2018": "$-0.53", "2017": "$-0.31", "2016": "$-1.80", "2015": "$1.09", "2014": "$2.43", "2013": "$1.55", "2012": "$0.91", "2011": "$0.74", "2010": "$-30.94", "2009": "$0.00", "2008": "$0.00", "2007": "$0.00"}, "Targa Resources Quarterly EPS": {"2020-09-30": "$0.16", "2020-06-30": "$0.21", "2020-03-31": "$-7.60", "2019-12-31": "$-0.62", "2019-09-30": "$-0.34", "2019-06-30": "$-0.18", "2019-03-31": "$-0.30", "2018-12-31": "$-0.61", "2018-09-30": "$-0.24", "2018-06-30": "$0.35", "2018-03-31": "$-0.03", "2017-12-31": "$1.23", "2017-09-30": "$-0.91", "2017-06-30": "$0.14", "2017-03-31": "$-0.77", "2016-12-31": "$-1.18", "2016-09-30": "$-0.23", "2016-06-30": "$-0.33", "2016-03-31": "$-0.06", "2015-12-31": "$0.52", "2015-09-30": "$0.23", "2015-06-30": "$0.27", "2015-03-31": "$0.07", "2014-12-31": "$0.60", "2014-09-30": "$0.73", "2014-06-30": "$0.63", "2014-03-31": "$0.47", "2013-12-31": "$0.48", "2013-09-30": "$0.39", "2013-06-30": "$0.36", "2013-03-31": "$0.32", "2012-12-31": "$0.26", "2012-09-30": "$0.21", "2012-06-30": "$0.21", "2012-03-31": "$0.23", "2011-12-31": "$0.21", "2011-09-30": "$0.12", "2011-06-30": "$0.25", "2011-03-31": "$0.16", "2010-12-31": "$-0.68", "2010-09-30": "$-3.77", "2010-06-30": "$-48.10", "2010-03-31": "$0.00", "2009-12-31": "$0.00", "2008-12-31": "$0.00"}}, "shares-outstanding": {"Targa Resources Annual Shares Outstanding (Millions of Shares)": {"2019": "233", "2018": "224", "2017": "207", "2016": "154", "2015": "54", "2014": "42", "2013": "42", "2012": "42", "2011": "41", "2010": "7", "2009": "4", "2008": "4", "2007": "7"}, "Targa Resources Quarterly Shares Outstanding (Millions of Shares)": {"2020-09-30": "234", "2020-06-30": "234", "2020-03-31": "233", "2019-12-31": "233", "2019-09-30": "233", "2019-06-30": "232", "2019-03-31": "232", "2018-12-31": "224", "2018-09-30": "227", "2018-06-30": "223", "2018-03-31": "219", "2017-12-31": "207", "2017-09-30": "216", "2017-06-30": "205", "2017-03-31": "192", "2016-12-31": "154", "2016-09-30": "168", "2016-06-30": "162", "2016-03-31": "107", "2015-12-31": "54", "2015-09-30": "56", "2015-06-30": "56", "2015-03-31": "46", "2014-12-31": "42", "2014-09-30": "42", "2014-06-30": "42", "2014-03-31": "42", "2013-12-31": "42", "2013-09-30": "42", "2013-06-30": "42", "2013-03-31": "42", "2012-12-31": "42", "2012-09-30": "42", "2012-06-30": "42", "2012-03-31": "42", "2011-12-31": "41", "2011-09-30": "42", "2011-06-30": "41", "2011-03-31": "41", "2010-12-31": "13", "2010-09-30": "5", "2010-06-30": "4", "2010-03-31": "4", "2009-12-31": "", "2008-12-31": ""}}, "total-assets": {"Targa Resources Annual Total Assets (Millions of US $)": {"2019": "$18,815", "2018": "$16,938", "2017": "$14,389", "2016": "$12,871", "2015": "$13,211", "2014": "$6,453", "2013": "$6,049", "2012": "$5,105", "2011": "$3,831", "2010": "$3,394", "2009": "$3,368", "2008": "$3,642", "2007": "$0"}, "Targa Resources Quarterly Total Assets (Millions of US $)": {"2020-09-30": "$16,052", "2020-06-30": "$15,965", "2020-03-31": "$16,027", "2019-12-31": "$18,815", "2019-09-30": "$18,919", "2019-06-30": "$18,318", "2019-03-31": "$17,569", "2018-12-31": "$16,938", "2018-09-30": "$16,569", "2018-06-30": "$15,596", "2018-03-31": "$14,753", "2017-12-31": "$14,389", "2017-09-30": "$13,998", "2017-06-30": "$13,918", "2017-03-31": "$13,654", "2016-12-31": "$12,871", "2016-09-30": "$13,056", "2016-06-30": "$13,000", "2016-03-31": "$12,949", "2015-12-31": "$13,211", "2015-09-30": "$13,418", "2015-06-30": "$13,353", "2015-03-31": "$13,625", "2014-12-31": "$6,453", "2014-09-30": "$6,492", "2014-06-30": "$6,328", "2014-03-31": "$6,055", "2013-12-31": "$6,049", "2013-09-30": "$5,725", "2013-06-30": "$5,407", "2013-03-31": "$5,149", "2012-12-31": "$5,105", "2012-09-30": "$3,882", "2012-06-30": "$3,781", "2012-03-31": "$3,698", "2011-12-31": "$3,831", "2011-09-30": "$3,790", "2011-06-30": "$3,501", "2011-03-31": "$3,322", "2010-12-31": "$3,394", "2010-09-30": "$0", "2010-06-30": "$0", "2010-03-31": "$0", "2009-12-31": "$3,368", "2008-12-31": "$3,642"}}, "cash-on-hand": {"Targa Resources Annual Cash on Hand (Millions of US $)": {"2019": "$331", "2018": "$232", "2017": "$137", "2016": "$74", "2015": "$140", "2014": "$81", "2013": "$67", "2012": "$76", "2011": "$146", "2010": "$188", "2009": "$252", "2008": "$363", "2007": "$"}, "Targa Resources Quarterly Cash on Hand (Millions of US $)": {"2020-09-30": "$275", "2020-06-30": "$196", "2020-03-31": "$375", "2019-12-31": "$331", "2019-09-30": "$326", "2019-06-30": "$227", "2019-03-31": "$125", "2018-12-31": "$232", "2018-09-30": "$203", "2018-06-30": "$282", "2018-03-31": "$220", "2017-12-31": "$137", "2017-09-30": "$114", "2017-06-30": "$99", "2017-03-31": "$80", "2016-12-31": "$74", "2016-09-30": "$141", "2016-06-30": "$171", "2016-03-31": "$115", "2015-12-31": "$140", "2015-09-30": "$103", "2015-06-30": "$106", "2015-03-31": "$171", "2014-12-31": "$81", "2014-09-30": "$79", "2014-06-30": "$76", "2014-03-31": "$95", "2013-12-31": "$67", "2013-09-30": "$84", "2013-06-30": "$83", "2013-03-31": "$113", "2012-12-31": "$76", "2012-09-30": "$121", "2012-06-30": "$118", "2012-03-31": "$121", "2011-12-31": "$146", "2011-09-30": "$154", "2011-06-30": "$155", "2011-03-31": "$148", "2010-12-31": "$188", "2010-09-30": "", "2010-06-30": "", "2010-03-31": "", "2009-12-31": "$252", "2008-12-31": "$363"}}, "long-term-debt": {"Targa Resources Annual Long Term Debt (Millions of US $)": {"2019": "$7,440", "2018": "$5,632", "2017": "$4,703", "2016": "$4,606", "2015": "$5,719", "2014": "$2,885", "2013": "$2,989", "2012": "$2,475", "2011": "$1,567", "2010": "$1,535", "2009": "$1,594", "2008": "$1,977", "2007": "$"}, "Targa Resources Quarterly Long Term Debt (Millions of US $)": {"2020-09-30": "$7,652", "2020-06-30": "$7,580", "2020-03-31": "$7,640", "2019-12-31": "$7,440", "2019-09-30": "$7,280", "2019-06-30": "$6,639", "2019-03-31": "$7,119", "2018-12-31": "$5,632", "2018-09-30": "$5,679", "2018-06-30": "$5,393", "2018-03-31": "$5,064", "2017-12-31": "$4,703", "2017-09-30": "$4,369", "2017-06-30": "$3,938", "2017-03-31": "$4,213", "2016-12-31": "$4,606", "2016-09-30": "$4,726", "2016-06-30": "$4,778", "2016-03-31": "$4,921", "2015-12-31": "$5,719", "2015-09-30": "$5,939", "2015-06-30": "$5,796", "2015-03-31": "$5,838", "2014-12-31": "$2,885", "2014-09-30": "$3,137", "2014-06-30": "$3,048", "2014-03-31": "$2,892", "2013-12-31": "$2,989", "2013-09-30": "$2,868", "2013-06-30": "$2,728", "2013-03-31": "$2,522", "2012-12-31": "$2,475", "2012-09-30": "$1,751", "2012-06-30": "$1,610", "2012-03-31": "$1,470", "2011-12-31": "$1,567", "2011-09-30": "$1,603", "2011-06-30": "$1,266", "2011-03-31": "$1,268", "2010-12-31": "$1,535", "2010-09-30": "", "2010-06-30": "", "2010-03-31": "", "2009-12-31": "$1,594", "2008-12-31": "$1,977"}}, "total-liabilities": {"Targa Resources Annual Total Liabilities (Millions of US $)": {"2019": "$10,093", "2018": "$9,222", "2017": "$7,416", "2016": "$6,956", "2015": "$6,961", "2014": "$3,914", "2013": "$3,957", "2012": "$3,352", "2011": "$2,500", "2010": "$2,358", "2009": "$2,613", "2008": "$2,820", "2007": "$"}, "Targa Resources Quarterly Total Liabilities (Millions of US $)": {"2020-09-30": "$9,534", "2020-06-30": "$9,399", "2020-03-31": "$9,367", "2019-12-31": "$10,093", "2019-09-30": "$9,829", "2019-06-30": "$9,117", "2019-03-31": "$9,978", "2018-12-31": "$9,222", "2018-09-30": "$9,061", "2018-06-30": "$8,115", "2018-03-31": "$7,565", "2017-12-31": "$7,416", "2017-09-30": "$7,243", "2017-06-30": "$6,780", "2017-03-31": "$7,286", "2016-12-31": "$6,956", "2016-09-30": "$6,993", "2016-06-30": "$6,983", "2016-03-31": "$6,895", "2015-12-31": "$6,961", "2015-09-30": "$7,038", "2015-06-30": "$6,861", "2015-03-31": "$7,031", "2014-12-31": "$3,914", "2014-09-30": "$4,142", "2014-06-30": "$4,085", "2014-03-31": "$3,856", "2013-12-31": "$3,957", "2013-09-30": "$3,751", "2013-06-30": "$3,526", "2013-03-31": "$3,345", "2012-12-31": "$3,352", "2012-09-30": "$2,454", "2012-06-30": "$2,272", "2012-03-31": "$2,233", "2011-12-31": "$2,500", "2011-09-30": "$2,458", "2011-06-30": "$2,197", "2011-03-31": "$2,041", "2010-12-31": "$2,358", "2010-09-30": "$0", "2010-06-30": "$0", "2010-03-31": "$0", "2009-12-31": "$2,613", "2008-12-31": "$2,820"}}, "total-share-holder-equity": {"Targa Resources Annual Share Holder Equity (Millions of US $)": {"2019": "$8,722", "2018": "$7,717", "2017": "$6,973", "2016": "$5,915", "2015": "$6,250", "2014": "$2,540", "2013": "$2,091", "2012": "$1,753", "2011": "$1,331", "2010": "$1,036", "2009": "$755", "2008": "$822", "2007": "$"}, "Targa Resources Quarterly Share Holder Equity (Millions of US $)": {"2020-09-30": "$6,518", "2020-06-30": "$6,566", "2020-03-31": "$6,660", "2019-12-31": "$8,722", "2019-09-30": "$9,090", "2019-06-30": "$9,201", "2019-03-31": "$7,591", "2018-12-31": "$7,717", "2018-09-30": "$7,508", "2018-06-30": "$7,481", "2018-03-31": "$7,188", "2017-12-31": "$6,973", "2017-09-30": "$6,755", "2017-06-30": "$7,139", "2017-03-31": "$6,368", "2016-12-31": "$5,915", "2016-09-30": "$6,063", "2016-06-30": "$6,017", "2016-03-31": "$6,054", "2015-12-31": "$6,250", "2015-09-30": "$6,380", "2015-06-30": "$6,492", "2015-03-31": "$6,594", "2014-12-31": "$2,540", "2014-09-30": "$2,350", "2014-06-30": "$2,243", "2014-03-31": "$2,199", "2013-12-31": "$2,091", "2013-09-30": "$1,975", "2013-06-30": "$1,881", "2013-03-31": "$1,803", "2012-12-31": "$1,753", "2012-09-30": "$1,427", "2012-06-30": "$1,508", "2012-03-31": "$1,465", "2011-12-31": "$1,331", "2011-09-30": "$1,333", "2011-06-30": "$1,304", "2011-03-31": "$1,282", "2010-12-31": "$1,036", "2010-09-30": "$0", "2010-06-30": "$0", "2010-03-31": "$0", "2009-12-31": "$755", "2008-12-31": "$822"}}, "profit-margins": {"current": "-20.83%"}, "gross margin": {"2020-09-30": "38.07%", "2020-06-30": "36.09%", "2020-03-31": "33.73%", "2019-12-31": "29.43%", "2019-09-30": "26.95%", "2019-06-30": "24.29%", "2019-03-31": "22.31%", "2018-12-31": "21.42%", "2018-09-30": "20.70%", "2018-06-30": "21.14%", "2018-03-31": "21.47%", "2017-12-31": "21.65%", "2017-09-30": "22.68%", "2017-06-30": "23.59%", "2017-03-31": "24.38%", "2016-12-31": "26.42%", "2016-09-30": "27.81%", "2016-06-30": "28.52%", "2016-03-31": "28.52%", "2015-12-31": "27.35%", "2015-09-30": "25.74%", "2015-06-30": "22.75%", "2015-03-31": "20.81%", "2014-12-31": "18.85%", "2014-09-30": "17.77%", "2014-06-30": "18.22%", "2014-03-31": "17.98%", "2013-12-31": "18.64%", "2013-09-30": "19.23%", "2013-06-30": "18.47%", "2013-03-31": "18.52%", "2012-12-31": "17.75%", "2012-09-30": "16.00%", "2012-06-30": "15.03%", "2012-03-31": "14.24%", "2011-12-31": "13.65%", "2011-09-30": "12.87%", "2011-06-30": "13.23%", "2011-03-31": "13.15%", "2010-12-31": "12.90%"}, "operating margin": {"2020-09-30": "-19.52%", "2020-06-30": "-23.23%", "2020-03-31": "-23.11%", "2019-12-31": "2.23%", "2019-09-30": "1.55%", "2019-06-30": "1.73%", "2019-03-31": "2.05%", "2018-12-31": "2.26%", "2018-09-30": "4.07%", "2018-06-30": "0.31%", "2018-03-31": "-0.96%", "2017-12-31": "-1.40%", "2017-09-30": "-4.11%", "2017-06-30": "0.55%", "2017-03-31": "0.96%", "2016-12-31": "0.84%", "2016-09-30": "-0.84%", "2016-06-30": "0.16%", "2016-03-31": "0.87%", "2015-12-31": "2.37%", "2015-09-30": "7.50%", "2015-06-30": "7.56%", "2015-03-31": "7.75%", "2014-12-31": "7.43%", "2014-09-30": "7.24%", "2014-06-30": "6.97%", "2014-03-31": "6.28%", "2013-12-31": "5.84%", "2013-09-30": "5.51%", "2013-06-30": "5.04%", "2013-03-31": "5.56%", "2012-12-31": "5.92%", "2012-09-30": "5.69%", "2012-06-30": "5.60%", "2012-03-31": "5.50%", "2011-12-31": "5.03%", "2011-09-30": "4.37%", "2011-06-30": "4.27%", "2011-03-31": "3.73%", "2010-12-31": "3.47%"}, "ebitda margin": {"2020-09-30": "-8.36%", "2020-06-30": "-11.27%", "2020-03-31": "-11.44%", "2019-12-31": "13.54%", "2019-09-30": "14.59%", "2019-06-30": "12.97%", "2019-03-31": "12.48%", "2018-12-31": "12.16%", "2018-09-30": "11.87%", "2018-06-30": "8.81%", "2018-03-31": "8.08%", "2017-12-31": "7.92%", "2017-09-30": "8.38%", "2017-06-30": "13.21%", "2017-03-31": "13.90%", "2016-12-31": "15.47%", "2016-09-30": "16.02%", "2016-06-30": "17.16%", "2016-03-31": "17.23%", "2015-12-31": "16.66%", "2015-09-30": "15.46%", "2015-06-30": "13.81%", "2015-03-31": "12.77%", "2014-12-31": "11.65%", "2014-09-30": "11.20%", "2014-06-30": "11.13%", "2014-03-31": "10.50%", "2013-12-31": "10.40%", "2013-09-30": "10.27%", "2013-06-30": "9.52%", "2013-03-31": "9.83%", "2012-12-31": "9.72%", "2012-09-30": "9.06%", "2012-06-30": "8.69%", "2012-03-31": "8.36%", "2011-12-31": "7.81%", "2011-09-30": "7.13%", "2011-06-30": "7.34%", "2011-03-31": "7.03%", "2010-12-31": "6.85%"}, "pre tax profit margin": {"2020-09-30": "-22.68%", "2020-06-30": "-25.50%", "2020-03-31": "-25.35%", "2019-12-31": "-0.54%", "2019-09-30": "-0.85%", "2019-06-30": "-1.19%", "2019-03-31": "-0.10%", "2018-12-31": "0.63%", "2018-09-30": "2.09%", "2018-06-30": "-0.17%", "2018-03-31": "-2.25%", "2017-12-31": "-3.32%", "2017-09-30": "-6.94%", "2017-06-30": "-4.22%", "2017-03-31": "-4.09%", "2016-12-31": "-3.89%", "2016-09-30": "-4.25%", "2016-06-30": "-3.36%", "2016-03-31": "-2.49%", "2015-12-31": "-1.67%", "2015-09-30": "3.44%", "2015-06-30": "4.32%", "2015-03-31": "5.16%", "2014-12-31": "5.70%", "2014-09-30": "5.78%", "2014-06-30": "5.44%", "2014-03-31": "4.65%", "2013-12-31": "3.94%", "2013-09-30": "3.13%", "2013-06-30": "2.50%", "2013-03-31": "2.95%", "2012-12-31": "3.45%", "2012-09-30": "3.80%", "2012-06-30": "3.90%", "2012-03-31": "3.92%", "2011-12-31": "3.47%", "2011-09-30": "2.85%", "2011-06-30": "2.43%", "2011-03-31": "1.66%", "2010-12-31": "1.55%"}, "net profit margin": {"2020-09-30": "-22.41%", "2020-06-30": "-24.47%", "2020-03-31": "-24.17%", "2019-12-31": "-3.86%", "2019-09-30": "-3.72%", "2019-06-30": "-3.06%", "2019-03-31": "-1.76%", "2018-12-31": "-1.14%", "2018-09-30": "2.57%", "2018-06-30": "1.33%", "2018-03-31": "0.85%", "2017-12-31": "-0.71%", "2017-09-30": "-6.12%", "2017-06-30": "-4.43%", "2017-03-31": "-5.70%", "2016-12-31": "-4.17%", "2016-09-30": "-1.14%", "2016-06-30": "-0.32%", "2016-03-31": "0.75%", "2015-12-31": "0.87%", "2015-09-30": "0.81%", "2015-06-30": "0.97%", "2015-03-31": "1.07%", "2014-12-31": "1.20%", "2014-09-30": "1.13%", "2014-06-30": "1.06%", "2014-03-31": "0.98%", "2013-12-31": "1.01%", "2013-09-30": "0.98%", "2013-06-30": "0.86%", "2013-03-31": "0.77%", "2012-12-31": "0.69%", "2012-09-30": "0.59%", "2012-06-30": "0.50%", "2012-03-31": "0.50%", "2011-12-31": "0.46%", "2011-09-30": "0.21%", "2011-06-30": "-0.16%", "2011-03-31": "-3.80%", "2010-12-31": "-4.02%"}, "pe ratio": {"current": "25.40", "2021-02-05": "0.00", "2020-09-30": "0.00", "2020-06-30": "0.00", "2020-03-31": "0.00", "2019-12-31": "0.00", "2019-09-30": "0.00", "2019-06-30": "0.00", "2019-03-31": "0.00", "2018-12-31": "0.00", "2018-09-30": "42.69", "2018-06-30": "90.55", "2018-03-31": "145.31", "2017-12-31": "0.00", "2017-09-30": "0.00", "2017-06-30": "0.00", "2017-03-31": "0.00", "2016-12-31": "0.00", "2016-09-30": "0.00", "2016-06-30": "94.85", "2016-03-31": "22.86", "2015-12-31": "17.45", "2015-09-30": "29.08", "2015-06-30": "35.03", "2015-03-31": "30.73", "2014-12-31": "28.18", "2014-09-30": "38.00", "2014-06-30": "45.44", "2014-03-31": "37.23", "2013-12-31": "36.02", "2013-09-30": "34.23", "2013-06-30": "34.60", "2013-03-31": "42.08", "2012-12-31": "35.68", "2012-09-30": "36.52", "2012-06-30": "34.40", "2012-03-31": "34.05", "2011-12-31": "25.73", "2011-09-30": "292.02"}, "price sales": {"2021-02-05": "0.86", "2020-09-30": "0.40", "2020-06-30": "0.58", "2020-03-31": "0.19", "2019-12-31": "1.04", "2019-09-30": "0.98", "2019-06-30": "0.83", "2019-03-31": "0.81", "2018-12-31": "0.67", "2018-09-30": "1.00", "2018-06-30": "0.92", "2018-03-31": "0.84", "2017-12-31": "0.91", "2017-09-30": "0.87", "2017-06-30": "0.82", "2017-03-31": "1.05", "2016-12-31": "0.91", "2016-09-30": "0.57", "2016-06-30": "0.36", "2016-03-31": "0.20", "2015-12-31": "0.14", "2015-09-30": "0.24", "2015-06-30": "0.35", "2015-03-31": "0.34", "2014-12-31": "0.34", "2014-09-30": "0.43", "2014-06-30": "0.49", "2014-03-31": "0.37", "2013-12-31": "0.37", "2013-09-30": "0.34", "2013-06-30": "0.30", "2013-03-31": "0.32", "2012-12-31": "0.24", "2012-09-30": "0.20", "2012-06-30": "0.16", "2012-03-31": "0.16", "2011-12-31": "0.14", "2011-09-30": "0.07"}, "price book": {"current": "1.13", "2021-02-05": "1.08", "2020-09-30": "0.50", "2020-06-30": "0.70", "2020-03-31": "0.24", "2019-12-31": "1.04", "2019-09-30": "0.96", "2019-06-30": "0.90", "2019-03-31": "1.13", "2018-12-31": "0.94", "2018-09-30": "1.47", "2018-06-30": "1.26", "2018-03-31": "1.11", "2017-12-31": "1.22", "2017-09-30": "1.20", "2017-06-30": "1.06", "2017-03-31": "1.42", "2016-12-31": "1.32", "2016-09-30": "1.04", "2016-06-30": "0.84", "2016-03-31": "0.56", "2015-12-31": "0.16", "2015-09-30": "0.30", "2015-06-30": "0.51", "2015-03-31": "0.53", "2014-12-31": "1.14", "2014-09-30": "1.57", "2014-06-30": "1.68", "2014-03-31": "1.21", "2013-12-31": "1.13", "2013-09-30": "0.98", "2013-06-30": "0.90", "2013-03-31": "0.99", "2012-12-31": "0.78", "2012-09-30": "0.91", "2012-06-30": "0.73", "2012-03-31": "0.79", "2011-12-31": "0.77", "2011-09-30": "0.56", "2011-06-30": "0.64", "2011-03-31": "0.69", "2010-12-31": "0.63"}, "price fcf": {"2021-02-05": "", "2020-09-30": "$1.36", "2020-06-30": "$-0.72", "2020-03-31": "$-3.19", "2019-12-31": "$-6.40", "2019-09-30": "$-10.36", "2019-06-30": "$-11.17", "2019-03-31": "$-10.42", "2018-12-31": "$-8.79", "2018-09-30": "$-5.12", "2018-06-30": "$-4.20", "2018-03-31": "$-3.74", "2017-12-31": "$-1.73", "2017-09-30": "$-0.58", "2017-06-30": "$0.55", "2017-03-31": "$2.21", "2016-12-31": "$1.78", "2016-09-30": "$3.61", "2016-06-30": "$4.13", "2016-03-31": "$2.71", "2015-12-31": "$4.06", "2015-09-30": "$2.49", "2015-06-30": "$0.73", "2015-03-31": "$-1.06", "2014-12-31": "$-0.01", "2014-09-30": "$-5.54", "2014-06-30": "$-8.18", "2014-03-31": "$-11.42", "2013-12-31": "$-14.99", "2013-09-30": "$-12.60", "2013-06-30": "$-9.56", "2013-03-31": "$-5.24", "2012-12-31": "$-3.70", "2012-09-30": "$0.55", "2012-06-30": "$-1.70", "2012-03-31": "$1.68", "2011-12-31": "$1.14", "2011-09-30": "$4.04"}, "net worth": {"value": "$6.92B"}, "current ratio": {"current": "1.05", "2020-09-30": "1.05", "2020-06-30": "0.93", "2020-03-31": "1.02", "2019-12-31": "0.89", "2019-09-30": "0.88", "2019-06-30": "0.73", "2019-03-31": "0.58", "2018-12-31": "0.51", "2018-09-30": "0.68", "2018-06-30": "0.73", "2018-03-31": "0.84", "2017-12-31": "0.79", "2017-09-30": "0.74", "2017-06-30": "0.66", "2017-03-31": "0.57", "2016-12-31": "0.86", "2016-09-30": "1.03", "2016-06-30": "0.91", "2016-03-31": "1.03", "2015-12-31": "1.05", "2015-09-30": "1.16", "2015-06-30": "1.14", "2015-03-31": "1.09", "2014-12-31": "1.07", "2014-09-30": "1.31", "2014-06-30": "1.15", "2014-03-31": "1.07", "2013-12-31": "1.17", "2013-09-30": "1.18", "2013-06-30": "1.15", "2013-03-31": "1.00", "2012-12-31": "1.07", "2012-09-30": "1.27", "2012-06-30": "1.33", "2012-03-31": "1.19", "2011-12-31": "1.17", "2011-09-30": "1.32", "2011-06-30": "1.11", "2011-03-31": "1.18", "2010-12-31": "1.20", "2010-09-30": "0.00", "2010-06-30": "0.00", "2010-03-31": "0.00", "2009-12-31": "1.35", "2008-12-31": "1.84"}, "quick ratio": {"2020-09-30": "0.86", "2020-06-30": "0.76", "2020-03-31": "0.93", "2019-12-31": "0.80", "2019-09-30": "0.76", "2019-06-30": "0.61", "2019-03-31": "0.48", "2018-12-31": "0.45", "2018-09-30": "0.61", "2018-06-30": "0.64", "2018-03-31": "0.77", "2017-12-31": "0.66", "2017-09-30": "0.57", "2017-06-30": "0.51", "2017-03-31": "0.52", "2016-12-31": "0.74", "2016-09-30": "0.87", "2016-06-30": "0.80", "2016-03-31": "0.94", "2015-12-31": "0.89", "2015-09-30": "0.99", "2015-06-30": "0.99", "2015-03-31": "1.01", "2014-12-31": "0.86", "2014-09-30": "1.00", "2014-06-30": "0.96", "2014-03-31": "0.95", "2013-12-31": "0.97", "2013-09-30": "0.88", "2013-06-30": "0.92", "2013-03-31": "0.89", "2012-12-31": "0.92", "2012-09-30": "1.11", "2012-06-30": "1.15", "2012-03-31": "1.11", "2011-12-31": "1.05", "2011-09-30": "1.12", "2011-06-30": "1.01", "2011-03-31": "1.17", "2010-12-31": "1.12", "2010-09-30": "0.00", "2010-06-30": "0.00", "2010-03-31": "0.00", "2009-12-31": "1.27", "2008-12-31": "1.69"}, "debt equity ratio": {"current": "1.23", "2020-09-30": "1.46", "2020-06-30": "1.43", "2020-03-31": "1.41", "2019-12-31": "1.16", "2019-09-30": "1.08", "2019-06-30": "0.99", "2019-03-31": "1.32", "2018-12-31": "1.20", "2018-09-30": "1.21", "2018-06-30": "1.09", "2018-03-31": "1.05", "2017-12-31": "1.06", "2017-09-30": "1.07", "2017-06-30": "0.95", "2017-03-31": "1.14", "2016-12-31": "1.18", "2016-09-30": "1.15", "2016-06-30": "1.16", "2016-03-31": "1.14", "2015-12-31": "1.11", "2015-09-30": "1.10", "2015-06-30": "1.06", "2015-03-31": "1.07", "2014-12-31": "1.54", "2014-09-30": "1.76", "2014-06-30": "1.82", "2014-03-31": "1.75", "2013-12-31": "1.89", "2013-09-30": "1.90", "2013-06-30": "1.87", "2013-03-31": "1.86", "2012-12-31": "1.91", "2012-09-30": "1.72", "2012-06-30": "1.51", "2012-03-31": "1.52", "2011-12-31": "1.88", "2011-09-30": "1.85", "2011-06-30": "1.69", "2011-03-31": "1.59", "2010-12-31": "2.28", "2010-09-30": "0.00", "2010-06-30": "0.00", "2010-03-31": "0.00", "2009-12-31": "3.46", "2008-12-31": "3.43"}, "return on equity": {"2020-09-30": "-25.70%", "2020-06-30": "-25.07%", "2020-03-31": "-24.17%", "2019-12-31": "-3.87%", "2019-09-30": "-3.89%", "2019-06-30": "-3.77%", "2019-03-31": "-2.40%", "2018-12-31": "-1.59%", "2018-09-30": "3.73%", "2018-06-30": "1.82%", "2018-03-31": "1.11%", "2017-12-31": "-0.93%", "2017-09-30": "-7.59%", "2017-06-30": "-5.32%", "2017-03-31": "-6.90%", "2016-12-31": "-4.64%", "2016-09-30": "-1.18%", "2016-06-30": "-0.32%", "2016-03-31": "0.76%", "2015-12-31": "0.90%", "2015-09-30": "1.04%", "2015-06-30": "1.67%", "2015-03-31": "2.51%", "2014-12-31": "4.41%", "2014-09-30": "4.37%", "2014-06-30": "3.86%", "2014-03-31": "3.49%", "2013-12-31": "3.30%", "2013-09-30": "2.97%", "2013-06-30": "2.80%", "2013-03-31": "2.59%", "2012-12-31": "2.54%", "2012-09-30": "2.58%", "2012-06-30": "2.34%", "2012-03-31": "2.58%", "2011-12-31": "2.44%", "2011-09-30": "1.13%", "2011-06-30": "-1.10%", "2011-03-31": "-36.76%", "2010-12-31": "-84.94%"}, "return on assets": {"2020-09-30": "-10.94%", "2020-06-30": "-11.16%", "2020-03-31": "-11.29%", "2019-12-31": "-1.82%", "2019-09-30": "-1.82%", "2019-06-30": "-1.74%", "2019-03-31": "-1.09%", "2018-12-31": "-0.75%", "2018-09-30": "1.77%", "2018-06-30": "0.88%", "2018-03-31": "0.55%", "2017-12-31": "-0.45%", "2017-09-30": "-3.65%", "2017-06-30": "-2.53%", "2017-03-31": "-3.20%", "2016-12-31": "-2.15%", "2016-09-30": "-0.55%", "2016-06-30": "-0.15%", "2016-03-31": "0.36%", "2015-12-31": "0.43%", "2015-09-30": "0.49%", "2015-06-30": "0.75%", "2015-03-31": "1.05%", "2014-12-31": "1.63%", "2014-09-30": "1.56%", "2014-06-30": "1.36%", "2014-03-31": "1.22%", "2013-12-31": "1.15%", "2013-09-30": "1.03%", "2013-06-30": "0.98%", "2013-03-31": "0.94%", "2012-12-31": "0.95%", "2012-09-30": "0.97%", "2012-06-30": "0.87%", "2012-03-31": "0.94%", "2011-12-31": "0.89%", "2011-09-30": "0.40%", "2011-06-30": "-0.39%", "2011-03-31": "-12.69%", "2010-12-31": "-25.93%"}, "return on investments": {"2020-09-30": "-10.84%", "2020-06-30": "-12.12%", "2020-03-31": "-12.42%", "2019-12-31": "1.22%", "2019-09-30": "0.90%", "2019-06-30": "1.20%", "2019-03-31": "1.57%", "2018-12-31": "1.84%", "2018-09-30": "3.45%", "2018-06-30": "0.25%", "2018-03-31": "-0.76%", "2017-12-31": "-1.11%", "2017-09-30": "-3.09%", "2017-06-30": "0.39%", "2017-03-31": "0.67%", "2016-12-31": "0.52%", "2016-09-30": "-0.48%", "2016-06-30": "0.09%", "2016-03-31": "0.47%", "2015-12-31": "1.29%", "2015-09-30": "4.97%", "2015-06-30": "6.53%", "2015-03-31": "8.66%", "2014-12-31": "12.02%", "2014-09-30": "11.88%", "2014-06-30": "10.68%", "2014-03-31": "9.23%", "2013-12-31": "7.83%", "2013-09-30": "6.89%", "2013-06-30": "6.85%", "2013-03-31": "8.13%", "2012-12-31": "9.98%", "2012-09-30": "11.81%", "2012-06-30": "12.45%", "2012-03-31": "13.62%", "2011-12-31": "12.85%", "2011-09-30": "10.84%", "2011-06-30": "13.52%", "2011-03-31": "16.32%", "2010-12-31": "29.56%"}, "return on tangible equity": {"2020-09-30": "-32.70%", "2020-06-30": "-31.81%", "2020-03-31": "-30.60%", "2019-12-31": "-4.96%", "2019-09-30": "-5.08%", "2019-06-30": "-5.08%", "2019-03-31": "-3.36%", "2018-12-31": "-2.28%", "2018-09-30": "5.51%", "2018-06-30": "2.75%", "2018-03-31": "1.71%", "2017-12-31": "-1.46%", "2017-09-30": "-11.90%", "2017-06-30": "-8.27%", "2017-03-31": "-10.71%", "2016-12-31": "-7.05%", "2016-09-30": "-1.82%", "2016-06-30": "-0.50%", "2016-03-31": "1.18%", "2015-12-31": "1.39%", "2015-09-30": "1.56%", "2015-06-30": "2.45%", "2015-03-31": "3.56%", "2014-12-31": "6.00%", "2014-09-30": "6.10%", "2014-06-30": "5.53%", "2014-03-31": "5.14%", "2013-12-31": "5.02%", "2013-09-30": "4.65%", "2013-06-30": "3.96%", "2013-03-31": "3.27%", "2012-12-31": "2.85%", "2012-09-30": "2.58%", "2012-06-30": "2.34%", "2012-03-31": "2.58%", "2011-12-31": "2.44%", "2011-09-30": "1.13%", "2011-06-30": "-1.10%", "2011-03-31": "-36.76%", "2010-12-31": "-84.94%"}, "dividend yield history": {"last payout": "$0.40", "last yield": "1.32%"}}