{"ticker": "TCF", "price": {"title": "TCF Financial Historical Annual Stock Price Data", "value": 41.36, "historical": {"2021": {"Average Stock Price": "41.4358", "Year Open": "36.8800", "Year High": "44.4200", "Year Low": "36.8800", "Year Close": "41.3600", "Annual % Change": "11.72%"}, "2020": {"Average Stock Price": "30.8848", "Year Open": "47.1100", "Year High": "47.1100", "Year Low": "18.3500", "Year Close": "37.0200", "Annual % Change": "-20.90%"}, "2019": {"Average Stock Price": "41.4953", "Year Open": "37.7200", "Year High": "47.4500", "Year Low": "36.1000", "Year Close": "46.8000", "Annual % Change": "27.83%"}, "2018": {"Average Stock Price": "53.7525", "Year Open": "53.5400", "Year High": "59.1800", "Year Low": "35.0800", "Year Close": "36.6100", "Annual % Change": "-31.53%"}, "2017": {"Average Stock Price": "50.2448", "Year Open": "53.7700", "Year High": "57.4100", "Year Low": "44.0600", "Year Close": "53.4700", "Annual % Change": "-1.29%"}, "2016": {"Average Stock Price": "40.6796", "Year Open": "33.0100", "Year High": "55.4400", "Year Low": "29.7000", "Year Close": "54.1700", "Annual % Change": "58.07%"}, "2015": {"Average Stock Price": "32.1921", "Year Open": "30.3900", "Year High": "37.0500", "Year Low": "28.3500", "Year Close": "34.2700", "Annual % Change": "11.85%"}, "2014": {"Average Stock Price": "29.1093", "Year Open": "31.2700", "Year High": "33.1500", "Year Low": "26.3200", "Year Close": "30.6400", "Annual % Change": "-3.25%"}, "2013": {"Average Stock Price": "27.1906", "Year Open": "24.0600", "Year High": "32.3700", "Year Low": "23.7400", "Year Close": "31.6700", "Annual % Change": "33.29%"}, "2012": {"Average Stock Price": "22.4413", "Year Open": "21.7700", "Year High": "24.9600", "Year Low": "19.3100", "Year Close": "23.7600", "Annual % Change": "11.44%"}, "2011": {"Average Stock Price": "19.1528", "Year Open": "22.9400", "Year High": "23.0200", "Year Low": "14.7000", "Year Close": "21.3200", "Annual % Change": "-3.75%"}, "2010": {"Average Stock Price": "21.8302", "Year Open": "23.9400", "Year High": "25.0000", "Year Low": "18.9100", "Year Close": "22.1500", "Annual % Change": "-6.06%"}, "2009": {"Average Stock Price": "21.4552", "Year Open": "28.1600", "Year High": "28.1600", "Year Low": "15.5000", "Year Close": "23.5800", "Annual % Change": "-15.42%"}, "2008": {"Average Stock Price": "24.9365", "Year Open": "22.8000", "Year High": "35.1600", "Year Low": "19.9800", "Year Close": "27.8800", "Annual % Change": "17.19%"}, "2007": {"Average Stock Price": "26.7699", "Year Open": "33.4700", "Year High": "33.4700", "Year Low": "21.3900", "Year Close": "23.7900", "Annual % Change": "-28.56%"}, "2006": {"Average Stock Price": "30.7501", "Year Open": "32.5000", "Year High": "33.9300", "Year Low": "28.7300", "Year Close": "33.3000", "Annual % Change": "4.85%"}, "2005": {"Average Stock Price": "32.8671", "Year Open": "42.0000", "Year High": "42.0000", "Year Low": "28.9700", "Year Close": "31.7600", "Annual % Change": "-26.00%"}, "2004": {"Average Stock Price": "36.3199", "Year Open": "37.0500", "Year High": "43.1700", "Year Low": "33.0900", "Year Close": "42.9200", "Annual % Change": "17.94%"}, "2003": {"Average Stock Price": "31.3862", "Year Open": "31.8300", "Year High": "37.9100", "Year Low": "26.5300", "Year Close": "36.3900", "Annual % Change": "13.19%"}, "2002": {"Average Stock Price": "30.5073", "Year Open": "28.7300", "Year High": "37.9600", "Year Low": "26.7000", "Year Close": "32.1500", "Annual % Change": "6.60%"}, "2001": {"Average Stock Price": "26.2457", "Year Open": "23.5600", "Year High": "31.7400", "Year Low": "19.3100", "Year Close": "30.1600", "Annual % Change": "29.00%"}, "2000": {"Average Stock Price": "24.5346", "Year Open": "31.4400", "Year High": "31.4400", "Year Low": "19.6300", "Year Close": "23.3800", "Annual % Change": "-26.66%"}, "1999": {"Average Stock Price": "31.8889", "Year Open": "34.0600", "Year High": "35.0000", "Year Low": "29.0000", "Year Close": "31.8800", "Annual % Change": "-6.24%"}, "1998": {"Average Stock Price": "33.0035", "Year Open": "35.6000", "Year High": "36.4000", "Year Low": "27.8000", "Year Close": "34.0000", "Annual % Change": "-5.03%"}, "1997": {"Average Stock Price": "29.5750", "Year Open": "30.2000", "Year High": "36.8000", "Year Low": "25.2000", "Year Close": "35.8000", "Annual % Change": "12.58%"}, "1996": {"Average Stock Price": "29.9466", "Year Open": "32.8000", "Year High": "33.2000", "Year Low": "26.6000", "Year Close": "31.8000", "Annual % Change": "-3.05%"}, "1995": {"Average Stock Price": "25.8945", "Year Open": "21.8667", "Year High": "33.6000", "Year Low": "20.4000", "Year Close": "32.8000", "Annual % Change": "44.71%"}, "1994": {"Average Stock Price": "21.3665", "Year Open": "22.5333", "Year High": "23.7333", "Year Low": "20.1333", "Year Close": "22.6667", "Annual % Change": "-3.41%"}, "1993": {"Average Stock Price": "23.9016", "Year Open": "21.0667", "Year High": "25.4667", "Year Low": "20.2667", "Year Close": "23.4667", "Annual % Change": "12.82%"}}}, "market cap": {"value": "$6.31B"}, "income statement": {"Revenue": {"2020-12-31": "2281.72500", "2019-12-31": "2052.79300", "2018-12-31": "1613.72600", "2017-12-31": "1467.80800", "2016-12-31": "532.72900", "2015-12-31": "372.00500", "2014-12-31": "290.35600", "2013-12-31": "274.47000", "2012-12-31": "265.44200", "2011-12-31": "262.13200", "2010-12-31": "252.90200", "2009-12-31": "233.85000", "2008-12-31": "249.53300", "2007-12-31": "269.18200", "2006-12-31": "257.57000", "2005-12-31": "238.52400"}, "Cost Of Goods Sold": {"2020-12-31": "227.26100", "2019-12-31": "298.22900", "2018-12-31": "150.83400", "2017-12-31": "94.27100", "2016-12-31": "29.29800", "2015-12-31": "17.78100", "2014-12-31": "14.71000", "2013-12-31": "17.41400", "2012-12-31": "23.21300", "2011-12-31": "31.38900", "2010-12-31": "39.31000", "2009-12-31": "45.28700", "2008-12-31": "63.08300", "2007-12-31": "95.80500", "2006-12-31": "85.18700", "2005-12-31": "57.45300"}, "Gross Profit": {"2020-12-31": "2054.46400", "2019-12-31": "1754.56400", "2018-12-31": "1462.89200", "2017-12-31": "1373.53700", "2016-12-31": "503.43100", "2015-12-31": "354.22400", "2014-12-31": "275.64600", "2013-12-31": "257.05600", "2012-12-31": "242.22900", "2011-12-31": "230.74300", "2010-12-31": "213.59200", "2009-12-31": "188.56300", "2008-12-31": "186.45000", "2007-12-31": "173.37700", "2006-12-31": "172.38300", "2005-12-31": "181.07100"}, "Research And Development Expenses": {"2020-12-31": "", "2019-12-31": "", "2018-12-31": "", "2017-12-31": "", "2016-12-31": "", "2015-12-31": "", "2014-12-31": "", "2013-12-31": "", "2012-12-31": "", "2011-12-31": "", "2010-12-31": "", "2009-12-31": "", "2008-12-31": "", "2007-12-31": "", "2006-12-31": "", "2005-12-31": ""}, "SG&A Expenses": {"2020-12-31": "1580.63400", "2019-12-31": "1225.42900", "2018-12-31": "1061.16800", "2017-12-31": "1128.37700", "2016-12-31": "292.15900", "2015-12-31": "222.59000", "2014-12-31": "179.63700", "2013-12-31": "175.94800", "2012-12-31": "170.42100", "2011-12-31": "170.49300", "2010-12-31": "182.40200", "2009-12-31": "176.61000", "2008-12-31": "158.30800", "2007-12-31": "116.17100", "2006-12-31": "103.07400", "2005-12-31": "102.74800"}, "Other Operating Income Or Expenses": {"2020-12-31": "", "2019-12-31": "", "2018-12-31": "", "2017-12-31": "", "2016-12-31": "", "2015-12-31": "", "2014-12-31": "", "2013-12-31": "", "2012-12-31": "", "2011-12-31": "", "2010-12-31": "", "2009-12-31": "", "2008-12-31": "", "2007-12-31": "", "2006-12-31": "", "2005-12-31": ""}, "Operating Expenses": {"2020-12-31": "1807.89500", "2019-12-31": "1523.65800", "2018-12-31": "1212.00200", "2017-12-31": "1222.64800", "2016-12-31": "321.45700", "2015-12-31": "240.37100", "2014-12-31": "194.34700", "2013-12-31": "193.36200", "2012-12-31": "193.63400", "2011-12-31": "201.88200", "2010-12-31": "221.71200", "2009-12-31": "221.89700", "2008-12-31": "221.39100", "2007-12-31": "211.97600", "2006-12-31": "188.26100", "2005-12-31": "160.20100"}, "Operating Income": {"2020-12-31": "473.83010", "2019-12-31": "529.13500", "2018-12-31": "401.72400", "2017-12-31": "245.16000", "2016-12-31": "211.27200", "2015-12-31": "131.63400", "2014-12-31": "96.00900", "2013-12-31": "81.10800", "2012-12-31": "71.80800", "2011-12-31": "60.25000", "2010-12-31": "31.19000", "2009-12-31": "11.95300", "2008-12-31": "28.14200", "2007-12-31": "57.20600", "2006-12-31": "69.30900", "2005-12-31": "78.32300"}, "Total Non-Operating Income/Expense": {"2020-12-31": "-203.88800", "2019-12-31": "-171.96800", "2018-12-31": "", "2017-12-31": "", "2016-12-31": "-61.13400", "2015-12-31": "-7.80400", "2014-12-31": "-6.38800", "2013-12-31": "", "2012-12-31": "", "2011-12-31": "", "2010-12-31": "", "2009-12-31": "", "2008-12-31": "", "2007-12-31": "", "2006-12-31": "", "2005-12-31": ""}, "Pre-Tax Income": {"2020-12-31": "269.94200", "2019-12-31": "357.16700", "2018-12-31": "401.72400", "2017-12-31": "245.16000", "2016-12-31": "150.13800", "2015-12-31": "123.83000", "2014-12-31": "89.62100", "2013-12-31": "81.10800", "2012-12-31": "71.80800", "2011-12-31": "60.25000", "2010-12-31": "31.19000", "2009-12-31": "11.95300", "2008-12-31": "28.14200", "2007-12-31": "57.20600", "2006-12-31": "69.30900", "2005-12-31": "78.32300"}, "Income Taxes": {"2020-12-31": "39.90100", "2019-12-31": "50.24100", "2018-12-31": "86.09600", "2017-12-31": "-33.62400", "2016-12-31": "42.10600", "2015-12-31": "37.00000", "2014-12-31": "27.50000", "2013-12-31": "24.30000", "2012-12-31": "20.80000", "2011-12-31": "17.20000", "2010-12-31": "8.10000", "2009-12-31": "1.95000", "2008-12-31": "8.30000", "2007-12-31": "18.19700", "2006-12-31": "22.46500", "2005-12-31": "25.44500"}, "Income After Taxes": {"2020-12-31": "230.04100", "2019-12-31": "306.92600", "2018-12-31": "315.62800", "2017-12-31": "278.78400", "2016-12-31": "108.03200", "2015-12-31": "86.83000", "2014-12-31": "62.12100", "2013-12-31": "56.80800", "2012-12-31": "51.00800", "2011-12-31": "43.05000", "2010-12-31": "23.09000", "2009-12-31": "10.00300", "2008-12-31": "19.84200", "2007-12-31": "39.00900", "2006-12-31": "46.84400", "2005-12-31": "52.87800"}, "Other Income": {"2020-12-31": "", "2019-12-31": "", "2018-12-31": "", "2017-12-31": "", "2016-12-31": "", "2015-12-31": "", "2014-12-31": "", "2013-12-31": "", "2012-12-31": "", "2011-12-31": "", "2010-12-31": "", "2009-12-31": "", "2008-12-31": "", "2007-12-31": "", "2006-12-31": "", "2005-12-31": ""}, "Income From Continuous Operations": {"2020-12-31": "230.04100", "2019-12-31": "306.92600", "2018-12-31": "315.62800", "2017-12-31": "278.78400", "2016-12-31": "108.03200", "2015-12-31": "86.83000", "2014-12-31": "62.12100", "2013-12-31": "56.80800", "2012-12-31": "51.00800", "2011-12-31": "43.05000", "2010-12-31": "23.09000", "2009-12-31": "10.00300", "2008-12-31": "19.84200", "2007-12-31": "39.00900", "2006-12-31": "46.84400", "2005-12-31": "52.87800"}, "Income From Discontinued Operations": {"2020-12-31": "", "2019-12-31": "", "2018-12-31": "", "2017-12-31": "", "2016-12-31": "", "2015-12-31": "", "2014-12-31": "", "2013-12-31": "", "2012-12-31": "", "2011-12-31": "", "2010-12-31": "", "2009-12-31": "", "2008-12-31": "", "2007-12-31": "", "2006-12-31": "", "2005-12-31": ""}, "Net Income": {"2020-12-31": "212.78400", "2019-12-31": "285.49300", "2018-12-31": "289.28900", "2017-12-31": "242.95400", "2016-12-31": "108.03200", "2015-12-31": "86.83000", "2014-12-31": "62.12100", "2013-12-31": "56.80800", "2012-12-31": "51.00800", "2011-12-31": "43.05000", "2010-12-31": "23.09000", "2009-12-31": "10.00300", "2008-12-31": "19.84200", "2007-12-31": "39.00900", "2006-12-31": "46.84400", "2005-12-31": "52.87800"}, "EBITDA": {"2020-12-31": "", "2019-12-31": "", "2018-12-31": "", "2017-12-31": "", "2016-12-31": "", "2015-12-31": "", "2014-12-31": "", "2013-12-31": "", "2012-12-31": "", "2011-12-31": "", "2010-12-31": "", "2009-12-31": "", "2008-12-31": "", "2007-12-31": "", "2006-12-31": "", "2005-12-31": ""}, "EBIT": {"2020-12-31": "", "2019-12-31": "", "2018-12-31": "", "2017-12-31": "", "2016-12-31": "", "2015-12-31": "", "2014-12-31": "", "2013-12-31": "", "2012-12-31": "", "2011-12-31": "", "2010-12-31": "", "2009-12-31": "", "2008-12-31": "", "2007-12-31": "", "2006-12-31": "", "2005-12-31": ""}, "Basic Shares Outstanding": {"2020-12-31": "", "2019-12-31": "111.60400", "2018-12-31": "84.13400", "2017-12-31": "85.70600", "2016-12-31": "48.95200", "2015-12-31": "36.08100", "2014-12-31": "31.36700", "2013-12-31": "28.18300", "2012-12-31": "27.49200", "2011-12-31": "27.45500", "2010-12-31": "26.27600", "2009-12-31": "23.89000", "2008-12-31": "23.84000", "2007-12-31": "24.36000", "2006-12-31": "24.92100", "2005-12-31": "25.13800"}, "Shares Outstanding": {"2020-12-31": "", "2019-12-31": "111.81800", "2018-12-31": "84.32500", "2017-12-31": "85.73500", "2016-12-31": "49.60300", "2015-12-31": "36.35300", "2014-12-31": "31.58800", "2013-12-31": "28.35200", "2012-12-31": "27.58300", "2011-12-31": "27.50600", "2010-12-31": "26.30500", "2009-12-31": "23.90900", "2008-12-31": "23.85300", "2007-12-31": "24.37100", "2006-12-31": "24.95500", "2005-12-31": "25.19300"}, "Basic EPS": {"2020-12-31": "", "2019-12-31": "2.56000", "2018-12-31": "3.44000", "2017-12-31": "2.83000", "2016-12-31": "2.21000", "2015-12-31": "2.41000", "2014-12-31": "1.98000", "2013-12-31": "2.02000", "2012-12-31": "1.86000", "2011-12-31": "1.57000", "2010-12-31": "0.88000", "2009-12-31": "0.42000", "2008-12-31": "0.83000", "2007-12-31": "1.60000", "2006-12-31": "1.88000", "2005-12-31": "2.10000"}, "EPS - Earnings Per Share": {"2020-12-31": "0.00000", "2019-12-31": "2.55000", "2018-12-31": "3.43000", "2017-12-31": "2.83000", "2016-12-31": "2.17000", "2015-12-31": "2.39000", "2014-12-31": "1.97000", "2013-12-31": "2.00000", "2012-12-31": "1.85000", "2011-12-31": "1.57000", "2010-12-31": "0.88000", "2009-12-31": "0.42000", "2008-12-31": "0.83000", "2007-12-31": "1.60000", "2006-12-31": "1.88000", "2005-12-31": "2.10000"}}, "income statement, quarterly": {"Revenue": {"2020-12-31": "538.68800", "2020-09-30": "539.25800", "2020-06-30": "571.42400", "2020-03-31": "632.35500", "2019-12-31": "667.82990", "2019-09-30": "554.06600", "2019-06-30": "420.49900", "2019-03-31": "410.39800", "2018-12-31": "763.86690", "2018-09-30": "403.77100", "2018-06-30": "227.60000", "2018-03-31": "218.48800", "2017-12-31": "893.13500", "2017-09-30": "197.06600", "2017-06-30": "196.70100", "2017-03-31": "180.90600", "2016-12-31": "198.68000", "2016-09-30": "131.33200", "2016-06-30": "103.83400", "2016-03-31": "98.88300", "2015-12-31": "100.68100", "2015-09-30": "99.06600", "2015-06-30": "90.35300", "2015-03-31": "81.90500", "2014-12-31": "80.03400", "2014-09-30": "71.98000", "2014-06-30": "70.98100", "2014-03-31": "67.36100", "2013-12-31": "68.90100", "2013-09-30": "68.22200", "2013-06-30": "68.72900", "2013-03-31": "68.61800", "2012-12-31": "67.82200", "2012-09-30": "65.22000", "2012-06-30": "66.41100", "2012-03-31": "65.98900", "2011-12-31": "68.12100", "2011-09-30": "65.22300", "2011-06-30": "64.34100", "2011-03-31": "64.44700", "2010-12-31": "66.26100", "2010-09-30": "67.11700", "2010-06-30": "63.96200", "2010-03-31": "55.56200", "2009-12-31": "58.27200", "2009-09-30": "58.15800", "2009-06-30": "59.24100", "2009-03-31": "58.17900", "2008-12-31": "61.30700", "2008-09-30": "61.74200", "2008-06-30": "63.46700", "2008-03-31": "63.01700", "2007-12-31": "66.59000", "2007-09-30": "68.21400", "2007-06-30": "68.44200", "2007-03-31": "65.93600", "2006-12-31": "66.10000", "2006-09-30": "65.45200", "2006-06-30": "63.90900", "2006-03-31": "62.10900", "2005-12-31": "60.95000", "2005-09-30": "60.66900", "2005-06-30": "58.76500", "2005-03-31": "58.14000"}, "Cost Of Goods Sold": {"2020-12-31": "30.05800", "2020-09-30": "43.28100", "2020-06-30": "60.01100", "2020-03-31": "93.91100", "2019-12-31": "101.02500", "2019-09-30": "88.01500", "2019-06-30": "56.72400", "2019-03-31": "52.46500", "2018-12-31": "54.51300", "2018-09-30": "38.20500", "2018-06-30": "32.04500", "2018-03-31": "26.07100", "2017-12-31": "42.97100", "2017-09-30": "21.31600", "2017-06-30": "17.18500", "2017-03-31": "12.79900", "2016-12-31": "11.96900", "2016-09-30": "6.75300", "2016-06-30": "5.44200", "2016-03-31": "5.13400", "2015-12-31": "5.15300", "2015-09-30": "5.23400", "2015-06-30": "3.94400", "2015-03-31": "3.45000", "2014-12-31": "3.56300", "2014-09-30": "3.56100", "2014-06-30": "3.72000", "2014-03-31": "3.86600", "2013-12-31": "4.01800", "2013-09-30": "4.28400", "2013-06-30": "4.38500", "2013-03-31": "4.72700", "2012-12-31": "5.13200", "2012-09-30": "5.59100", "2012-06-30": "6.02100", "2012-03-31": "6.46900", "2011-12-31": "7.04500", "2011-09-30": "7.72900", "2011-06-30": "8.14500", "2011-03-31": "8.47000", "2010-12-31": "9.40000", "2010-09-30": "10.10500", "2010-06-30": "10.07100", "2010-03-31": "9.73400", "2009-12-31": "10.84700", "2009-09-30": "11.40300", "2009-06-30": "11.30500", "2009-03-31": "11.73200", "2008-12-31": "13.19200", "2008-09-30": "14.96800", "2008-06-30": "15.87200", "2008-03-31": "19.05100", "2007-12-31": "22.30400", "2007-09-30": "24.68400", "2007-06-30": "24.66600", "2007-03-31": "24.15100", "2006-12-31": "23.51000", "2006-09-30": "22.81700", "2006-06-30": "20.17400", "2006-03-31": "18.68600", "2005-12-31": "16.85200", "2005-09-30": "15.27400", "2005-06-30": "13.31400", "2005-03-31": "12.01300"}, "Gross Profit": {"2020-12-31": "508.63000", "2020-09-30": "495.97700", "2020-06-30": "511.41300", "2020-03-31": "538.44400", "2019-12-31": "566.80490", "2019-09-30": "466.05100", "2019-06-30": "363.77500", "2019-03-31": "357.93300", "2018-12-31": "709.35390", "2018-09-30": "365.56600", "2018-06-30": "195.55500", "2018-03-31": "192.41700", "2017-12-31": "850.16400", "2017-09-30": "175.75000", "2017-06-30": "179.51600", "2017-03-31": "168.10700", "2016-12-31": "186.71100", "2016-09-30": "124.57900", "2016-06-30": "98.39200", "2016-03-31": "93.74900", "2015-12-31": "95.52800", "2015-09-30": "93.83200", "2015-06-30": "86.40900", "2015-03-31": "78.45500", "2014-12-31": "76.47100", "2014-09-30": "68.41900", "2014-06-30": "67.26100", "2014-03-31": "63.49500", "2013-12-31": "64.88300", "2013-09-30": "63.93800", "2013-06-30": "64.34400", "2013-03-31": "63.89100", "2012-12-31": "62.69000", "2012-09-30": "59.62900", "2012-06-30": "60.39000", "2012-03-31": "59.52000", "2011-12-31": "61.07600", "2011-09-30": "57.49400", "2011-06-30": "56.19600", "2011-03-31": "55.97700", "2010-12-31": "56.86100", "2010-09-30": "57.01200", "2010-06-30": "53.89100", "2010-03-31": "45.82800", "2009-12-31": "47.42500", "2009-09-30": "46.75500", "2009-06-30": "47.93600", "2009-03-31": "46.44700", "2008-12-31": "48.11500", "2008-09-30": "46.77400", "2008-06-30": "47.59500", "2008-03-31": "43.96600", "2007-12-31": "44.28600", "2007-09-30": "43.53000", "2007-06-30": "43.77600", "2007-03-31": "41.78500", "2006-12-31": "42.59000", "2006-09-30": "42.63500", "2006-06-30": "43.73500", "2006-03-31": "43.42300", "2005-12-31": "44.09800", "2005-09-30": "45.39500", "2005-06-30": "45.45100", "2005-03-31": "46.12700"}, "Research And Development Expenses": {"2020-12-31": "", "2020-09-30": "", "2020-06-30": "", "2020-03-31": "", "2019-12-31": "", "2019-09-30": "", "2019-06-30": "", "2019-03-31": "", "2018-12-31": "", "2018-09-30": "", "2018-06-30": "", "2018-03-31": "", "2017-12-31": "", "2017-09-30": "", "2017-06-30": "", "2017-03-31": "", "2016-12-31": "", "2016-09-30": "", "2016-06-30": "", "2016-03-31": "", "2015-12-31": "", "2015-09-30": "", "2015-06-30": "", "2015-03-31": "", "2014-12-31": "", "2014-09-30": "", "2014-06-30": "", "2014-03-31": "", "2013-12-31": "", "2013-09-30": "", "2013-06-30": "", "2013-03-31": "", "2012-12-31": "", "2012-09-30": "", "2012-06-30": "", "2012-03-31": "", "2011-12-31": "", "2011-09-30": "", "2011-06-30": "", "2011-03-31": "", "2010-12-31": "", "2010-09-30": "", "2010-06-30": "", "2010-03-31": "", "2009-12-31": "", "2009-09-30": "", "2009-06-30": "", "2009-03-31": "", "2008-12-31": "", "2008-09-30": "", "2008-06-30": "", "2008-03-31": "", "2007-12-31": "", "2007-09-30": "", "2007-06-30": "", "2007-03-31": "", "2006-12-31": "", "2006-09-30": "", "2006-06-30": "", "2006-03-31": "", "2005-12-31": "", "2005-09-30": "", "2005-06-30": "", "2005-03-31": ""}, "SG&A Expenses": {"2020-12-31": "359.37900", "2020-09-30": "389.09300", "2020-06-30": "397.34800", "2020-03-31": "434.81400", "2019-12-31": "383.94900", "2019-09-30": "341.54900", "2019-06-30": "246.19200", "2019-03-31": "253.73900", "2018-12-31": "590.47600", "2018-09-30": "248.69300", "2018-06-30": "114.13300", "2018-03-31": "107.86600", "2017-12-31": "816.46200", "2017-09-30": "103.83500", "2017-06-30": "104.00100", "2017-03-31": "104.07900", "2016-12-31": "102.55800", "2016-09-30": "72.77700", "2016-06-30": "59.03100", "2016-03-31": "57.79300", "2015-12-31": "57.73900", "2015-09-30": "58.86500", "2015-06-30": "54.82800", "2015-03-31": "51.15800", "2014-12-31": "49.65400", "2014-09-30": "42.92300", "2014-06-30": "43.27800", "2014-03-31": "43.78200", "2013-12-31": "44.40500", "2013-09-30": "42.54500", "2013-06-30": "44.04100", "2013-03-31": "44.95700", "2012-12-31": "47.02800", "2012-09-30": "41.22300", "2012-06-30": "40.19900", "2012-03-31": "41.97100", "2011-12-31": "45.39700", "2011-09-30": "41.79400", "2011-06-30": "40.41300", "2011-03-31": "42.88900", "2010-12-31": "47.04700", "2010-09-30": "44.81600", "2010-06-30": "47.35000", "2010-03-31": "43.18900", "2009-12-31": "44.40700", "2009-09-30": "43.78200", "2009-06-30": "45.21600", "2009-03-31": "43.20500", "2008-12-31": "46.62900", "2008-09-30": "48.75000", "2008-06-30": "33.38500", "2008-03-31": "29.54400", "2007-12-31": "30.02900", "2007-09-30": "28.07000", "2007-06-30": "29.72100", "2007-03-31": "28.35100", "2006-12-31": "26.07100", "2006-09-30": "25.94600", "2006-06-30": "25.47600", "2006-03-31": "25.58100", "2005-12-31": "25.20300", "2005-09-30": "26.33900", "2005-06-30": "25.49300", "2005-03-31": "25.71300"}, "Other Operating Income Or Expenses": {"2020-12-31": "", "2020-09-30": "", "2020-06-30": "", "2020-03-31": "", "2019-12-31": "", "2019-09-30": "", "2019-06-30": "", "2019-03-31": "", "2018-12-31": "", "2018-09-30": "", "2018-06-30": "", "2018-03-31": "", "2017-12-31": "", "2017-09-30": "", "2017-06-30": "", "2017-03-31": "", "2016-12-31": "", "2016-09-30": "", "2016-06-30": "", "2016-03-31": "", "2015-12-31": "", "2015-09-30": "", "2015-06-30": "", "2015-03-31": "", "2014-12-31": "", "2014-09-30": "", "2014-06-30": "", "2014-03-31": "", "2013-12-31": "", "2013-09-30": "", "2013-06-30": "", "2013-03-31": "", "2012-12-31": "", "2012-09-30": "", "2012-06-30": "", "2012-03-31": "", "2011-12-31": "", "2011-09-30": "", "2011-06-30": "", "2011-03-31": "", "2010-12-31": "", "2010-09-30": "", "2010-06-30": "", "2010-03-31": "", "2009-12-31": "", "2009-09-30": "", "2009-06-30": "", "2009-03-31": "", "2008-12-31": "", "2008-09-30": "", "2008-06-30": "", "2008-03-31": "", "2007-12-31": "", "2007-09-30": "", "2007-06-30": "", "2007-03-31": "", "2006-12-31": "", "2006-09-30": "", "2006-06-30": "", "2006-03-31": "", "2005-12-31": "", "2005-09-30": "", "2005-06-30": "", "2005-03-31": ""}, "Operating Expenses": {"2020-12-31": "389.43700", "2020-09-30": "432.37400", "2020-06-30": "457.35900", "2020-03-31": "528.72500", "2019-12-31": "484.97410", "2019-09-30": "429.56400", "2019-06-30": "302.91600", "2019-03-31": "306.20400", "2018-12-31": "644.98900", "2018-09-30": "286.89800", "2018-06-30": "146.17800", "2018-03-31": "133.93700", "2017-12-31": "859.43300", "2017-09-30": "125.15100", "2017-06-30": "121.18600", "2017-03-31": "116.87800", "2016-12-31": "114.52700", "2016-09-30": "79.53000", "2016-06-30": "64.47300", "2016-03-31": "62.92700", "2015-12-31": "62.89200", "2015-09-30": "64.09900", "2015-06-30": "58.77200", "2015-03-31": "54.60800", "2014-12-31": "53.21700", "2014-09-30": "46.48400", "2014-06-30": "46.99800", "2014-03-31": "47.64800", "2013-12-31": "48.42300", "2013-09-30": "46.82900", "2013-06-30": "48.42600", "2013-03-31": "49.68400", "2012-12-31": "52.16000", "2012-09-30": "46.81400", "2012-06-30": "46.22000", "2012-03-31": "48.44000", "2011-12-31": "52.44200", "2011-09-30": "49.52300", "2011-06-30": "48.55800", "2011-03-31": "51.35900", "2010-12-31": "56.44700", "2010-09-30": "54.92100", "2010-06-30": "57.42100", "2010-03-31": "52.92300", "2009-12-31": "55.25400", "2009-09-30": "55.18500", "2009-06-30": "56.52100", "2009-03-31": "54.93700", "2008-12-31": "59.82100", "2008-09-30": "63.71800", "2008-06-30": "49.25700", "2008-03-31": "48.59500", "2007-12-31": "52.33300", "2007-09-30": "52.75400", "2007-06-30": "54.38700", "2007-03-31": "52.50200", "2006-12-31": "49.58100", "2006-09-30": "48.76300", "2006-06-30": "45.65000", "2006-03-31": "44.26700", "2005-12-31": "42.05500", "2005-09-30": "41.61300", "2005-06-30": "38.80700", "2005-03-31": "37.72600"}, "Operating Income": {"2020-12-31": "149.25100", "2020-09-30": "106.88400", "2020-06-30": "114.06500", "2020-03-31": "103.63000", "2019-12-31": "182.85580", "2019-09-30": "124.50200", "2019-06-30": "117.58300", "2019-03-31": "104.19400", "2018-12-31": "118.87800", "2018-09-30": "116.87300", "2018-06-30": "81.42200", "2018-03-31": "84.55100", "2017-12-31": "33.70200", "2017-09-30": "71.91500", "2017-06-30": "75.51500", "2017-03-31": "64.02800", "2016-12-31": "84.15300", "2016-09-30": "51.80200", "2016-06-30": "39.36100", "2016-03-31": "35.95600", "2015-12-31": "37.78900", "2015-09-30": "34.96700", "2015-06-30": "31.58100", "2015-03-31": "27.29700", "2014-12-31": "26.81700", "2014-09-30": "25.49600", "2014-06-30": "23.98300", "2014-03-31": "19.71300", "2013-12-31": "20.47800", "2013-09-30": "21.39300", "2013-06-30": "20.30300", "2013-03-31": "18.93400", "2012-12-31": "15.66200", "2012-09-30": "18.40600", "2012-06-30": "20.19100", "2012-03-31": "17.54900", "2011-12-31": "15.67900", "2011-09-30": "15.70000", "2011-06-30": "15.78300", "2011-03-31": "13.08800", "2010-12-31": "9.81400", "2010-09-30": "12.19600", "2010-06-30": "6.54100", "2010-03-31": "2.63900", "2009-12-31": "3.01800", "2009-09-30": "2.97300", "2009-06-30": "2.72000", "2009-03-31": "3.24200", "2008-12-31": "1.48600", "2008-09-30": "-1.97600", "2008-06-30": "14.21000", "2008-03-31": "14.42200", "2007-12-31": "14.25700", "2007-09-30": "15.46000", "2007-06-30": "14.05500", "2007-03-31": "13.43400", "2006-12-31": "16.51900", "2006-09-30": "16.68900", "2006-06-30": "18.25900", "2006-03-31": "17.84200", "2005-12-31": "18.89500", "2005-09-30": "19.05600", "2005-06-30": "19.95800", "2005-03-31": "20.41400"}, "Total Non-Operating Income/Expense": {"2020-12-31": "-31.53000", "2020-09-30": "-54.01100", "2020-06-30": "-81.61900", "2020-03-31": "-36.72800", "2019-12-31": "-47.02500", "2019-09-30": "-111.25900", "2019-06-30": "-4.22600", "2019-03-31": "-9.45800", "2018-12-31": "", "2018-09-30": "", "2018-06-30": "", "2018-03-31": "", "2017-12-31": "", "2017-09-30": "-21.20300", "2017-06-30": "-0.46500", "2017-03-31": "-4.16700", "2016-12-31": "-18.01600", "2016-09-30": "-37.47000", "2016-06-30": "-3.05400", "2016-03-31": "-2.59400", "2015-12-31": "-2.08500", "2015-09-30": "-0.90000", "2015-06-30": "-3.45700", "2015-03-31": "-1.36200", "2014-12-31": "-4.46200", "2014-09-30": "-1.27900", "2014-06-30": "-0.64700", "2014-03-31": "", "2013-12-31": "", "2013-09-30": "", "2013-06-30": "", "2013-03-31": "", "2012-12-31": "", "2012-09-30": "", "2012-06-30": "", "2012-03-31": "", "2011-12-31": "", "2011-09-30": "", "2011-06-30": "", "2011-03-31": "", "2010-12-31": "", "2010-09-30": "", "2010-06-30": "", "2010-03-31": "", "2009-12-31": "", "2009-09-30": "", "2009-06-30": "", "2009-03-31": "", "2008-12-31": "", "2008-09-30": "", "2008-06-30": "", "2008-03-31": "", "2007-12-31": "", "2007-09-30": "", "2007-06-30": "", "2007-03-31": "", "2006-12-31": "", "2006-09-30": "", "2006-06-30": "", "2006-03-31": "", "2005-12-31": "", "2005-09-30": "", "2005-06-30": "", "2005-03-31": ""}, "Pre-Tax Income": {"2020-12-31": "117.72100", "2020-09-30": "52.87300", "2020-06-30": "32.44600", "2020-03-31": "66.90200", "2019-12-31": "135.83100", "2019-09-30": "13.24300", "2019-06-30": "113.35700", "2019-03-31": "94.73600", "2018-12-31": "118.87800", "2018-09-30": "116.87300", "2018-06-30": "81.42200", "2018-03-31": "84.55100", "2017-12-31": "59.53700", "2017-09-30": "50.71200", "2017-06-30": "75.05000", "2017-03-31": "59.86100", "2016-12-31": "66.13700", "2016-09-30": "14.33200", "2016-06-30": "36.30700", "2016-03-31": "33.36200", "2015-12-31": "35.70400", "2015-09-30": "34.06700", "2015-06-30": "28.12400", "2015-03-31": "25.93500", "2014-12-31": "22.35500", "2014-09-30": "24.21700", "2014-06-30": "23.33600", "2014-03-31": "19.71300", "2013-12-31": "20.47800", "2013-09-30": "21.39300", "2013-06-30": "20.30300", "2013-03-31": "18.93400", "2012-12-31": "15.66200", "2012-09-30": "18.40600", "2012-06-30": "20.19100", "2012-03-31": "17.54900", "2011-12-31": "15.67900", "2011-09-30": "15.70000", "2011-06-30": "15.78300", "2011-03-31": "13.08800", "2010-12-31": "9.81400", "2010-09-30": "12.19600", "2010-06-30": "6.54100", "2010-03-31": "2.63900", "2009-12-31": "3.01800", "2009-09-30": "2.97300", "2009-06-30": "2.72000", "2009-03-31": "3.24200", "2008-12-31": "1.48600", "2008-09-30": "-1.97600", "2008-06-30": "14.21000", "2008-03-31": "14.42200", "2007-12-31": "14.25700", "2007-09-30": "15.46000", "2007-06-30": "14.05500", "2007-03-31": "13.43400", "2006-12-31": "16.51900", "2006-09-30": "16.68900", "2006-06-30": "18.25900", "2006-03-31": "17.84200", "2005-12-31": "18.89500", "2005-09-30": "19.05600", "2005-06-30": "19.95800", "2005-03-31": "20.41400"}, "Income Taxes": {"2020-12-31": "25.03100", "2020-09-30": "-4.42900", "2020-06-30": "6.21300", "2020-03-31": "13.08600", "2019-12-31": "21.37500", "2019-09-30": "-11.73500", "2019-06-30": "19.31400", "2019-03-31": "21.28700", "2018-12-31": "32.67300", "2018-09-30": "28.03400", "2018-06-30": "12.43400", "2018-03-31": "12.95500", "2017-12-31": "-79.17000", "2017-09-30": "10.25300", "2017-06-30": "23.03600", "2017-03-31": "12.25700", "2016-12-31": "18.96900", "2016-09-30": "2.84800", "2016-06-30": "10.53200", "2016-03-31": "9.75700", "2015-12-31": "10.20000", "2015-09-30": "9.60000", "2015-06-30": "9.10000", "2015-03-31": "8.10000", "2014-12-31": "7.05000", "2014-09-30": "7.45000", "2014-06-30": "7.10000", "2014-03-31": "5.90000", "2013-12-31": "6.10000", "2013-09-30": "6.40000", "2013-06-30": "6.10000", "2013-03-31": "5.70000", "2012-12-31": "4.00000", "2012-09-30": "5.30000", "2012-06-30": "6.32500", "2012-03-31": "5.17500", "2011-12-31": "4.47500", "2011-09-30": "4.07500", "2011-06-30": "4.75000", "2011-03-31": "3.90000", "2010-12-31": "2.27500", "2010-09-30": "3.32500", "2010-06-30": "2.15000", "2010-03-31": "0.35000", "2009-12-31": "0.50000", "2009-09-30": "0.50000", "2009-06-30": "0.42600", "2009-03-31": "0.52400", "2008-12-31": "-0.10000", "2008-09-30": "-0.95100", "2008-06-30": "4.60000", "2008-03-31": "4.75100", "2007-12-31": "4.41100", "2007-09-30": "4.85000", "2007-06-30": "4.54300", "2007-03-31": "4.39300", "2006-12-31": "5.29100", "2006-09-30": "5.19900", "2006-06-30": "6.03000", "2006-03-31": "5.94500", "2005-12-31": "6.34100", "2005-09-30": "5.45100", "2005-06-30": "6.74300", "2005-03-31": "6.91000"}, "Income After Taxes": {"2020-12-31": "92.69000", "2020-09-30": "57.30200", "2020-06-30": "26.23300", "2020-03-31": "53.81600", "2019-12-31": "114.45600", "2019-09-30": "24.97800", "2019-06-30": "94.04300", "2019-03-31": "73.44900", "2018-12-31": "86.20500", "2018-09-30": "88.83900", "2018-06-30": "68.98800", "2018-03-31": "71.59600", "2017-12-31": "138.70700", "2017-09-30": "40.45900", "2017-06-30": "52.01400", "2017-03-31": "47.60400", "2016-12-31": "47.16800", "2016-09-30": "11.48400", "2016-06-30": "25.77500", "2016-03-31": "23.60500", "2015-12-31": "25.50400", "2015-09-30": "24.46700", "2015-06-30": "19.02400", "2015-03-31": "17.83500", "2014-12-31": "15.30500", "2014-09-30": "16.76700", "2014-06-30": "16.23600", "2014-03-31": "13.81300", "2013-12-31": "14.37800", "2013-09-30": "14.99300", "2013-06-30": "14.20300", "2013-03-31": "13.23400", "2012-12-31": "11.66200", "2012-09-30": "13.10600", "2012-06-30": "13.86600", "2012-03-31": "12.37400", "2011-12-31": "11.20400", "2011-09-30": "11.62500", "2011-06-30": "11.03300", "2011-03-31": "9.18800", "2010-12-31": "7.53900", "2010-09-30": "8.87100", "2010-06-30": "4.39100", "2010-03-31": "2.28900", "2009-12-31": "2.51800", "2009-09-30": "2.47300", "2009-06-30": "2.29400", "2009-03-31": "2.71800", "2008-12-31": "1.58600", "2008-09-30": "-1.02500", "2008-06-30": "9.61000", "2008-03-31": "9.67100", "2007-12-31": "9.84600", "2007-09-30": "10.61000", "2007-06-30": "9.51200", "2007-03-31": "9.04100", "2006-12-31": "11.22800", "2006-09-30": "11.49000", "2006-06-30": "12.22900", "2006-03-31": "11.89700", "2005-12-31": "12.55400", "2005-09-30": "13.60500", "2005-06-30": "13.21500", "2005-03-31": "13.50400"}, "Other Income": {"2020-12-31": "", "2020-09-30": "", "2020-06-30": "", "2020-03-31": "", "2019-12-31": "", "2019-09-30": "", "2019-06-30": "", "2019-03-31": "", "2018-12-31": "", "2018-09-30": "", "2018-06-30": "", "2018-03-31": "", "2017-12-31": "", "2017-09-30": "", "2017-06-30": "", "2017-03-31": "", "2016-12-31": "", "2016-09-30": "", "2016-06-30": "", "2016-03-31": "", "2015-12-31": "", "2015-09-30": "", "2015-06-30": "", "2015-03-31": "", "2014-12-31": "", "2014-09-30": "", "2014-06-30": "", "2014-03-31": "", "2013-12-31": "", "2013-09-30": "", "2013-06-30": "", "2013-03-31": "", "2012-12-31": "", "2012-09-30": "", "2012-06-30": "", "2012-03-31": "", "2011-12-31": "", "2011-09-30": "", "2011-06-30": "", "2011-03-31": "", "2010-12-31": "", "2010-09-30": "", "2010-06-30": "", "2010-03-31": "", "2009-12-31": "", "2009-09-30": "", "2009-06-30": "", "2009-03-31": "", "2008-12-31": "", "2008-09-30": "", "2008-06-30": "", "2008-03-31": "", "2007-12-31": "", "2007-09-30": "", "2007-06-30": "", "2007-03-31": "", "2006-12-31": "", "2006-09-30": "", "2006-06-30": "", "2006-03-31": "", "2005-12-31": "", "2005-09-30": "", "2005-06-30": "", "2005-03-31": ""}, "Income From Continuous Operations": {"2020-12-31": "92.69000", "2020-09-30": "57.30200", "2020-06-30": "26.23300", "2020-03-31": "53.81600", "2019-12-31": "114.45600", "2019-09-30": "24.97800", "2019-06-30": "94.04300", "2019-03-31": "73.44900", "2018-12-31": "86.20500", "2018-09-30": "88.83900", "2018-06-30": "68.98800", "2018-03-31": "71.59600", "2017-12-31": "138.70700", "2017-09-30": "40.45900", "2017-06-30": "52.01400", "2017-03-31": "47.60400", "2016-12-31": "47.16800", "2016-09-30": "11.48400", "2016-06-30": "25.77500", "2016-03-31": "23.60500", "2015-12-31": "25.50400", "2015-09-30": "24.46700", "2015-06-30": "19.02400", "2015-03-31": "17.83500", "2014-12-31": "15.30500", "2014-09-30": "16.76700", "2014-06-30": "16.23600", "2014-03-31": "13.81300", "2013-12-31": "14.37800", "2013-09-30": "14.99300", "2013-06-30": "14.20300", "2013-03-31": "13.23400", "2012-12-31": "11.66200", "2012-09-30": "13.10600", "2012-06-30": "13.86600", "2012-03-31": "12.37400", "2011-12-31": "11.20400", "2011-09-30": "11.62500", "2011-06-30": "11.03300", "2011-03-31": "9.18800", "2010-12-31": "7.53900", "2010-09-30": "8.87100", "2010-06-30": "4.39100", "2010-03-31": "2.28900", "2009-12-31": "2.51800", "2009-09-30": "2.47300", "2009-06-30": "2.29400", "2009-03-31": "2.71800", "2008-12-31": "1.58600", "2008-09-30": "-1.02500", "2008-06-30": "9.61000", "2008-03-31": "9.67100", "2007-12-31": "9.84600", "2007-09-30": "10.61000", "2007-06-30": "9.51200", "2007-03-31": "9.04100", "2006-12-31": "11.22800", "2006-09-30": "11.49000", "2006-06-30": "12.22900", "2006-03-31": "11.89700", "2005-12-31": "12.55400", "2005-09-30": "13.60500", "2005-06-30": "13.21500", "2005-03-31": "13.50400"}, "Income From Discontinued Operations": {"2020-12-31": "", "2020-09-30": "", "2020-06-30": "", "2020-03-31": "", "2019-12-31": "", "2019-09-30": "", "2019-06-30": "", "2019-03-31": "", "2018-12-31": "", "2018-09-30": "", "2018-06-30": "", "2018-03-31": "", "2017-12-31": "", "2017-09-30": "", "2017-06-30": "", "2017-03-31": "", "2016-12-31": "", "2016-09-30": "", "2016-06-30": "", "2016-03-31": "", "2015-12-31": "", "2015-09-30": "", "2015-06-30": "", "2015-03-31": "", "2014-12-31": "", "2014-09-30": "", "2014-06-30": "", "2014-03-31": "", "2013-12-31": "", "2013-09-30": "", "2013-06-30": "", "2013-03-31": "", "2012-12-31": "", "2012-09-30": "", "2012-06-30": "", "2012-03-31": "", "2011-12-31": "", "2011-09-30": "", "2011-06-30": "", "2011-03-31": "", "2010-12-31": "", "2010-09-30": "", "2010-06-30": "", "2010-03-31": "", "2009-12-31": "", "2009-09-30": "", "2009-06-30": "", "2009-03-31": "", "2008-12-31": "", "2008-09-30": "", "2008-06-30": "", "2008-03-31": "", "2007-12-31": "", "2007-09-30": "", "2007-06-30": "", "2007-03-31": "", "2006-12-31": "", "2006-09-30": "", "2006-06-30": "", "2006-03-31": "", "2005-12-31": "", "2005-09-30": "", "2005-06-30": "", "2005-03-31": ""}, "Net Income": {"2020-12-31": "88.86400", "2020-09-30": "53.24400", "2020-06-30": "21.27000", "2020-03-31": "49.40600", "2019-12-31": "109.90500", "2019-09-30": "19.65400", "2019-06-30": "87.93300", "2019-03-31": "68.00100", "2018-12-31": "65.00300", "2018-09-30": "83.70200", "2018-06-30": "68.98800", "2018-03-31": "71.59600", "2017-12-31": "102.87700", "2017-09-30": "40.45900", "2017-06-30": "52.01400", "2017-03-31": "47.60400", "2016-12-31": "47.16800", "2016-09-30": "11.48400", "2016-06-30": "25.77500", "2016-03-31": "23.60500", "2015-12-31": "25.50400", "2015-09-30": "24.46700", "2015-06-30": "19.02400", "2015-03-31": "17.83500", "2014-12-31": "15.30500", "2014-09-30": "16.76700", "2014-06-30": "16.23600", "2014-03-31": "13.81300", "2013-12-31": "14.37800", "2013-09-30": "14.99300", "2013-06-30": "14.20300", "2013-03-31": "13.23400", "2012-12-31": "11.66200", "2012-09-30": "13.10600", "2012-06-30": "13.86600", "2012-03-31": "12.37400", "2011-12-31": "11.20400", "2011-09-30": "11.62500", "2011-06-30": "11.03300", "2011-03-31": "9.18800", "2010-12-31": "7.53900", "2010-09-30": "8.87100", "2010-06-30": "4.39100", "2010-03-31": "2.28900", "2009-12-31": "2.51800", "2009-09-30": "2.47300", "2009-06-30": "2.29400", "2009-03-31": "2.71800", "2008-12-31": "1.58600", "2008-09-30": "-1.02500", "2008-06-30": "9.61000", "2008-03-31": "9.67100", "2007-12-31": "9.84600", "2007-09-30": "10.61000", "2007-06-30": "9.51200", "2007-03-31": "9.04100", "2006-12-31": "11.22800", "2006-09-30": "11.49000", "2006-06-30": "12.22900", "2006-03-31": "11.89700", "2005-12-31": "12.55400", "2005-09-30": "13.60500", "2005-06-30": "13.21500", "2005-03-31": "13.50400"}, "EBITDA": {"2020-12-31": "", "2020-09-30": "", "2020-06-30": "", "2020-03-31": "", "2019-12-31": "", "2019-09-30": "", "2019-06-30": "", "2019-03-31": "", "2018-12-31": "", "2018-09-30": "", "2018-06-30": "", "2018-03-31": "", "2017-12-31": "", "2017-09-30": "", "2017-06-30": "", "2017-03-31": "", "2016-12-31": "", "2016-09-30": "", "2016-06-30": "", "2016-03-31": "", "2015-12-31": "", "2015-09-30": "", "2015-06-30": "", "2015-03-31": "", "2014-12-31": "", "2014-09-30": "", "2014-06-30": "", "2014-03-31": "", "2013-12-31": "", "2013-09-30": "", "2013-06-30": "", "2013-03-31": "", "2012-12-31": "", "2012-09-30": "", "2012-06-30": "", "2012-03-31": "", "2011-12-31": "", "2011-09-30": "", "2011-06-30": "", "2011-03-31": "", "2010-12-31": "", "2010-09-30": "", "2010-06-30": "", "2010-03-31": "", "2009-12-31": "", "2009-09-30": "", "2009-06-30": "", "2009-03-31": "", "2008-12-31": "", "2008-09-30": "", "2008-06-30": "", "2008-03-31": "", "2007-12-31": "", "2007-09-30": "", "2007-06-30": "", "2007-03-31": "", "2006-12-31": "", "2006-09-30": "", "2006-06-30": "", "2006-03-31": "", "2005-12-31": "", "2005-09-30": "", "2005-06-30": "", "2005-03-31": ""}, "EBIT": {"2020-12-31": "", "2020-09-30": "", "2020-06-30": "", "2020-03-31": "", "2019-12-31": "", "2019-09-30": "", "2019-06-30": "", "2019-03-31": "", "2018-12-31": "", "2018-09-30": "", "2018-06-30": "", "2018-03-31": "", "2017-12-31": "", "2017-09-30": "", "2017-06-30": "", "2017-03-31": "", "2016-12-31": "", "2016-09-30": "", "2016-06-30": "", "2016-03-31": "", "2015-12-31": "", "2015-09-30": "", "2015-06-30": "", "2015-03-31": "", "2014-12-31": "", "2014-09-30": "", "2014-06-30": "", "2014-03-31": "", "2013-12-31": "", "2013-09-30": "", "2013-06-30": "", "2013-03-31": "", "2012-12-31": "", "2012-09-30": "", "2012-06-30": "", "2012-03-31": "", "2011-12-31": "", "2011-09-30": "", "2011-06-30": "", "2011-03-31": "", "2010-12-31": "", "2010-09-30": "", "2010-06-30": "", "2010-03-31": "", "2009-12-31": "", "2009-09-30": "", "2009-06-30": "", "2009-03-31": "", "2008-12-31": "", "2008-09-30": "", "2008-06-30": "", "2008-03-31": "", "2007-12-31": "", "2007-09-30": "", "2007-06-30": "", "2007-03-31": "", "2006-12-31": "", "2006-09-30": "", "2006-06-30": "", "2006-03-31": "", "2005-12-31": "", "2005-09-30": "", "2005-06-30": "", "2005-03-31": ""}, "Basic Shares Outstanding": {"2020-12-31": "153.21380", "2020-09-30": "151.76800", "2020-06-30": "151.61300", "2020-03-31": "151.90200", "2019-12-31": "111.60400", "2019-09-30": "128.57500", "2019-06-30": "82.29900", "2019-03-31": "82.24600", "2018-12-31": "84.13400", "2018-09-30": "83.76260", "2018-06-30": "71.32900", "2018-03-31": "71.23100", "2017-12-31": "85.70600", "2017-09-30": "70.91100", "2017-06-30": "70.81900", "2017-03-31": "70.62800", "2016-12-31": "48.95200", "2016-09-30": "48.95000", "2016-06-30": "38.25800", "2016-03-31": "38.19800", "2015-12-31": "36.08100", "2015-09-30": "38.12300", "2015-06-30": "35.16200", "2015-03-31": "32.80900", "2014-12-31": "31.36700", "2014-09-30": "32.76200", "2014-06-30": "30.06800", "2014-03-31": "29.82500", "2013-12-31": "28.18300", "2013-09-30": "27.87000", "2013-06-30": "27.53400", "2013-03-31": "27.51900", "2012-12-31": "27.49200", "2012-09-30": "27.49800", "2012-06-30": "27.49300", "2012-03-31": "27.47800", "2011-12-31": "27.45500", "2011-09-30": "27.45700", "2011-06-30": "27.45400", "2011-03-31": "27.45100", "2010-12-31": "26.27600", "2010-09-30": "27.43800", "2010-06-30": "26.27000", "2010-03-31": "23.90300", "2009-12-31": "23.89000", "2009-09-30": "23.89000", "2009-06-30": "23.89000", "2009-03-31": "23.89000", "2008-12-31": "23.84000", "2008-09-30": "23.83600", "2008-06-30": "23.82300", "2008-03-31": "23.82300", "2007-12-31": "24.36000", "2007-09-30": "24.09100", "2007-06-30": "24.64400", "2007-03-31": "24.83300", "2006-12-31": "24.92100", "2006-09-30": "24.80000", "2006-06-30": "24.97700", "2006-03-31": "25.09700", "2005-12-31": "25.13800", "2005-09-30": "25.13400", "2005-06-30": "25.15200", "2005-03-31": "25.18300"}, "Shares Outstanding": {"2020-12-31": "152.08400", "2020-09-30": "151.82200", "2020-06-30": "151.66000", "2020-03-31": "152.11400", "2019-12-31": "111.81800", "2019-09-30": "128.75500", "2019-06-30": "82.29900", "2019-03-31": "82.24600", "2018-12-31": "84.32500", "2018-09-30": "83.80810", "2018-06-30": "72.02600", "2018-03-31": "71.90600", "2017-12-31": "85.73500", "2017-09-30": "71.50500", "2017-06-30": "71.44300", "2017-03-31": "71.41500", "2016-12-31": "49.60300", "2016-09-30": "49.63700", "2016-06-30": "38.60000", "2016-03-31": "38.52100", "2015-12-31": "36.35300", "2015-09-30": "38.39300", "2015-06-30": "35.39700", "2015-03-31": "33.04400", "2014-12-31": "31.58800", "2014-09-30": "32.95600", "2014-06-30": "30.27900", "2014-03-31": "30.03700", "2013-12-31": "28.35200", "2013-09-30": "28.03700", "2013-06-30": "27.67400", "2013-03-31": "27.64100", "2012-12-31": "27.58300", "2012-09-30": "27.58800", "2012-06-30": "27.57700", "2012-03-31": "27.53900", "2011-12-31": "27.50600", "2011-09-30": "27.50400", "2011-06-30": "27.49700", "2011-03-31": "27.48200", "2010-12-31": "26.30500", "2010-09-30": "27.47100", "2010-06-30": "26.30000", "2010-03-31": "23.92100", "2009-12-31": "23.90900", "2009-09-30": "23.91200", "2009-06-30": "23.90800", "2009-03-31": "23.90000", "2008-12-31": "23.85300", "2008-09-30": "23.83600", "2008-06-30": "23.83100", "2008-03-31": "23.82700", "2007-12-31": "24.37100", "2007-09-30": "24.09800", "2007-06-30": "24.65500", "2007-03-31": "24.84900", "2006-12-31": "24.95500", "2006-09-30": "24.82900", "2006-06-30": "25.01000", "2006-03-31": "25.14100", "2005-12-31": "25.19300", "2005-09-30": "25.19000", "2005-06-30": "25.20000", "2005-03-31": "25.24700"}, "Basic EPS": {"2020-12-31": "0.58000", "2020-09-30": "0.35000", "2020-06-30": "0.14000", "2020-03-31": "0.33000", "2019-12-31": "0.51000", "2019-09-30": "0.15000", "2019-06-30": "1.07000", "2019-03-31": "0.83000", "2018-12-31": "0.46000", "2018-09-30": "1.00000", "2018-06-30": "0.97000", "2018-03-31": "1.01000", "2017-12-31": "0.86000", "2017-09-30": "0.57000", "2017-06-30": "0.73000", "2017-03-31": "0.67000", "2016-12-31": "0.70000", "2016-09-30": "0.23000", "2016-06-30": "0.67000", "2016-03-31": "0.61000", "2015-12-31": "0.69000", "2015-09-30": "0.64000", "2015-06-30": "0.54000", "2015-03-31": "0.54000", "2014-12-31": "0.47000", "2014-09-30": "0.51000", "2014-06-30": "0.54000", "2014-03-31": "0.46000", "2013-12-31": "0.48000", "2013-09-30": "0.54000", "2013-06-30": "0.52000", "2013-03-31": "0.48000", "2012-12-31": "0.43000", "2012-09-30": "0.48000", "2012-06-30": "0.50000", "2012-03-31": "0.45000", "2011-12-31": "0.42000", "2011-09-30": "0.42000", "2011-06-30": "0.40000", "2011-03-31": "0.33000", "2010-12-31": "0.29000", "2010-09-30": "0.32000", "2010-06-30": "0.17000", "2010-03-31": "0.10000", "2009-12-31": "0.11000", "2009-09-30": "0.10000", "2009-06-30": "0.10000", "2009-03-31": "0.11000", "2008-12-31": "0.06000", "2008-09-30": "-0.04000", "2008-06-30": "0.40000", "2008-03-31": "0.41000", "2007-12-31": "0.41000", "2007-09-30": "0.44000", "2007-06-30": "0.39000", "2007-03-31": "0.36000", "2006-12-31": "0.46000", "2006-09-30": "0.46000", "2006-06-30": "0.49000", "2006-03-31": "0.47000", "2005-12-31": "0.49000", "2005-09-30": "0.54000", "2005-06-30": "0.53000", "2005-03-31": "0.54000"}, "EPS - Earnings Per Share": {"2020-12-31": "0.58000", "2020-09-30": "0.35000", "2020-06-30": "0.14000", "2020-03-31": "0.32000", "2019-12-31": "0.50000", "2019-09-30": "0.15000", "2019-06-30": "1.07000", "2019-03-31": "0.83000", "2018-12-31": "0.48000", "2018-09-30": "1.00000", "2018-06-30": "0.96000", "2018-03-31": "0.99000", "2017-12-31": "0.87000", "2017-09-30": "0.56000", "2017-06-30": "0.73000", "2017-03-31": "0.67000", "2016-12-31": "0.67000", "2016-09-30": "0.23000", "2016-06-30": "0.67000", "2016-03-31": "0.60000", "2015-12-31": "0.67000", "2015-09-30": "0.64000", "2015-06-30": "0.54000", "2015-03-31": "0.54000", "2014-12-31": "0.46000", "2014-09-30": "0.51000", "2014-06-30": "0.54000", "2014-03-31": "0.46000", "2013-12-31": "0.48000", "2013-09-30": "0.53000", "2013-06-30": "0.51000", "2013-03-31": "0.48000", "2012-12-31": "0.42000", "2012-09-30": "0.48000", "2012-06-30": "0.50000", "2012-03-31": "0.45000", "2011-12-31": "0.42000", "2011-09-30": "0.42000", "2011-06-30": "0.40000", "2011-03-31": "0.33000", "2010-12-31": "0.29000", "2010-09-30": "0.32000", "2010-06-30": "0.17000", "2010-03-31": "0.10000", "2009-12-31": "0.11000", "2009-09-30": "0.10000", "2009-06-30": "0.10000", "2009-03-31": "0.11000", "2008-12-31": "0.06000", "2008-09-30": "-0.04000", "2008-06-30": "0.40000", "2008-03-31": "0.41000", "2007-12-31": "0.41000", "2007-09-30": "0.44000", "2007-06-30": "0.39000", "2007-03-31": "0.36000", "2006-12-31": "0.46000", "2006-09-30": "0.46000", "2006-06-30": "0.49000", "2006-03-31": "0.47000", "2005-12-31": "0.50000", "2005-09-30": "0.54000", "2005-06-30": "0.53000", "2005-03-31": "0.53000"}}, "balance sheet": {"Cash On Hand": {"2020-12-31": "1581.03100", "2019-12-31": "1670.81100", "2018-12-31": "678.71100", "2017-12-31": "455.99100", "2016-12-31": "474.40200", "2015-12-31": "238.78900", "2014-12-31": "183.02000", "2013-12-31": "310.78800", "2012-12-31": "656.13500", "2011-12-31": "381.94000", "2010-12-31": "536.16500", "2009-12-31": "360.70900", "2008-12-31": "173.22200", "2007-12-31": "189.51300", "2006-12-31": "190.75600", "2005-12-31": "157.49600"}, "Receivables": {"2020-12-31": "", "2019-12-31": "", "2018-12-31": "", "2017-12-31": "", "2016-12-31": "", "2015-12-31": "", "2014-12-31": "", "2013-12-31": "", "2012-12-31": "", "2011-12-31": "", "2010-12-31": "", "2009-12-31": "", "2008-12-31": "", "2007-12-31": "", "2006-12-31": "", "2005-12-31": ""}, "Inventory": {"2020-12-31": "", "2019-12-31": "", "2018-12-31": "", "2017-12-31": "", "2016-12-31": "", "2015-12-31": "", "2014-12-31": "", "2013-12-31": "", "2012-12-31": "", "2011-12-31": "", "2010-12-31": "", "2009-12-31": "", "2008-12-31": "", "2007-12-31": "", "2006-12-31": "", "2005-12-31": ""}, "Pre-Paid Expenses": {"2020-12-31": "", "2019-12-31": "", "2018-12-31": "", "2017-12-31": "", "2016-12-31": "", "2015-12-31": "", "2014-12-31": "", "2013-12-31": "", "2012-12-31": "", "2011-12-31": "", "2010-12-31": "", "2009-12-31": "", "2008-12-31": "", "2007-12-31": "", "2006-12-31": "", "2005-12-31": ""}, "Other Current Assets": {"2020-12-31": "", "2019-12-31": "", "2018-12-31": "", "2017-12-31": "", "2016-12-31": "", "2015-12-31": "", "2014-12-31": "", "2013-12-31": "", "2012-12-31": "", "2011-12-31": "", "2010-12-31": "", "2009-12-31": "", "2008-12-31": "", "2007-12-31": "", "2006-12-31": "", "2005-12-31": ""}, "Total Current Assets": {"2020-12-31": "35743.60000", "2019-12-31": "36255.01000", "2018-12-31": "19684.95000", "2017-12-31": "15280.66000", "2016-12-31": "14119.72000", "2015-12-31": "7693.28100", "2014-12-31": "5946.16200", "2013-12-31": "5017.33700", "2012-12-31": "4889.45600", "2011-12-31": "4297.95500", "2010-12-31": "4309.30300", "2009-12-31": "3375.51600", "2008-12-31": "3176.54200", "2007-12-31": "3010.95000", "2006-12-31": "3023.30400", "2005-12-31": "2889.41400"}, "Property, Plant, And Equipment": {"2020-12-31": "470.13100", "2019-12-31": "533.13800", "2018-12-31": "427.53400", "2017-12-31": "126.89600", "2016-12-31": "145.01200", "2015-12-31": "106.31700", "2014-12-31": "97.49600", "2013-12-31": "75.30800", "2012-12-31": "75.45800", "2011-12-31": "65.99700", "2010-12-31": "65.96100", "2009-12-31": "53.93400", "2008-12-31": "53.03600", "2007-12-31": "49.93000", "2006-12-31": "49.47500", "2005-12-31": "45.05800"}, "Long-Term Investments": {"2020-12-31": "8469.08200", "2019-12-31": "6859.44600", "2018-12-31": "2618.91700", "2017-12-31": "2640.63900", "2016-12-31": "1858.39100", "2015-12-31": "1063.70200", "2014-12-31": "1065.27700", "2013-12-31": "958.47500", "2012-12-31": "816.78600", "2011-12-31": "850.61500", "2010-12-31": "744.01000", "2009-12-31": "745.94600", "2008-12-31": "569.58600", "2007-12-31": "616.64900", "2006-12-31": "637.56200", "2005-12-31": "743.34800"}, "Goodwill And Intangible Assets": {"2020-12-31": "1459.42300", "2019-12-31": "1468.24600", "2018-12-31": "175.25300", "2017-12-31": "1168.83900", "2016-12-31": "1173.74500", "2015-12-31": "314.37500", "2014-12-31": "213.20800", "2013-12-31": "133.58800", "2012-12-31": "135.55200", "2011-12-31": "124.88600", "2010-12-31": "126.93500", "2009-12-31": "75.31600", "2008-12-31": "75.14900", "2007-12-31": "76.78400", "2006-12-31": "78.90600", "2005-12-31": "71.49600"}, "Other Long-Term Assets": {"2020-12-31": "1660.25200", "2019-12-31": "1535.71400", "2018-12-31": "792.95900", "2017-12-31": "63.84100", "2016-12-31": "58.31500", "2015-12-31": "11.12200", "2014-12-31": "", "2013-12-31": "", "2012-12-31": "", "2011-12-31": "", "2010-12-31": "", "2009-12-31": "", "2008-12-31": "", "2007-12-31": "", "2006-12-31": "", "2005-12-31": ""}, "Total Long-Term Assets": {"2020-12-31": "12058.89000", "2019-12-31": "10396.54000", "2018-12-31": "4014.66300", "2017-12-31": "4000.21500", "2016-12-31": "3235.46300", "2015-12-31": "1495.51600", "2014-12-31": "1375.98100", "2013-12-31": "1167.37100", "2012-12-31": "1027.79600", "2011-12-31": "1041.49800", "2010-12-31": "936.90600", "2009-12-31": "875.19600", "2008-12-31": "697.77100", "2007-12-31": "743.36300", "2006-12-31": "765.94300", "2005-12-31": "859.90200"}, "Total Assets": {"2020-12-31": "47802.49000", "2019-12-31": "46651.55000", "2018-12-31": "23699.61000", "2017-12-31": "19280.87000", "2016-12-31": "17355.18000", "2015-12-31": "9188.79700", "2014-12-31": "7322.14300", "2013-12-31": "6184.70800", "2012-12-31": "5917.25200", "2011-12-31": "5339.45300", "2010-12-31": "5246.20900", "2009-12-31": "4250.71200", "2008-12-31": "3874.31300", "2007-12-31": "3754.31300", "2006-12-31": "3789.24700", "2005-12-31": "3749.31600"}, "Total Current Liabilities": {"2020-12-31": "39473.68000", "2019-12-31": "37137.61000", "2018-12-31": "18903.69000", "2017-12-31": "16239.24000", "2016-12-31": "14175.81000", "2015-12-31": "7930.43200", "2014-12-31": "6525.01000", "2013-12-31": "5488.20800", "2012-12-31": "5286.62200", "2011-12-31": "4724.66700", "2010-12-31": "4612.00100", "2009-12-31": "3686.40100", "2008-12-31": "3247.74400", "2007-12-31": "3095.80000", "2006-12-31": "3136.28900", "2005-12-31": "3051.48600"}, "Long Term Debt": {"2020-12-31": "1374.73200", "2019-12-31": "2354.44800", "2018-12-31": "1449.47200", "2017-12-31": "372.88200", "2016-12-31": "597.84700", "2015-12-31": "242.39100", "2014-12-31": "", "2013-12-31": "", "2012-12-31": "34.28900", "2011-12-31": "43.05700", "2010-12-31": "74.13000", "2009-12-31": "90.00000", "2008-12-31": "135.02500", "2007-12-31": "150.04900", "2006-12-31": "145.07200", "2005-12-31": "196.76500"}, "Other Non-Current Liabilities": {"2020-12-31": "1264.77600", "2019-12-31": "1432.25600", "2018-12-31": "790.19400", "2017-12-31": "", "2016-12-31": "", "2015-12-31": "", "2014-12-31": "", "2013-12-31": "", "2012-12-31": "", "2011-12-31": "", "2010-12-31": "", "2009-12-31": "", "2008-12-31": "", "2007-12-31": "", "2006-12-31": "", "2005-12-31": ""}, "Total Long Term Liabilities": {"2020-12-31": "2639.50800", "2019-12-31": "3786.70400", "2018-12-31": "2239.66600", "2017-12-31": "372.88200", "2016-12-31": "597.84700", "2015-12-31": "242.39100", "2014-12-31": "", "2013-12-31": "", "2012-12-31": "34.28900", "2011-12-31": "43.05700", "2010-12-31": "74.13000", "2009-12-31": "90.00000", "2008-12-31": "135.02500", "2007-12-31": "150.04900", "2006-12-31": "145.07200", "2005-12-31": "196.76500"}, "Total Liabilities": {"2020-12-31": "42113.19000", "2019-12-31": "40924.31000", "2018-12-31": "21143.35000", "2017-12-31": "16612.12000", "2016-12-31": "14773.65000", "2015-12-31": "8172.82300", "2014-12-31": "6525.01000", "2013-12-31": "5488.20800", "2012-12-31": "5320.91100", "2011-12-31": "4767.72400", "2010-12-31": "4686.13100", "2009-12-31": "3776.40100", "2008-12-31": "3382.76900", "2007-12-31": "3245.84900", "2006-12-31": "3281.36100", "2005-12-31": "3248.25100"}, "Common Stock Net": {"2020-12-31": "152.56600", "2019-12-31": "152.96600", "2018-12-31": "88.19800", "2017-12-31": "71.20700", "2016-12-31": "70.59900", "2015-12-31": "38.16800", "2014-12-31": "32.77400", "2013-12-31": "29.79000", "2012-12-31": "27.49900", "2011-12-31": "27.45700", "2010-12-31": "27.44000", "2009-12-31": "23.89100", "2008-12-31": "23.88100", "2007-12-31": "23.81500", "2006-12-31": "24.82800", "2005-12-31": "25.07900"}, "Retained Earnings (Accumulated Deficit)": {"2020-12-31": "1735.20100", "2019-12-31": "1896.42700", "2018-12-31": "1766.99400", "2017-12-31": "419.40300", "2016-12-31": "340.20100", "2015-12-31": "281.55800", "2014-12-31": "231.64600", "2013-12-31": "199.05300", "2012-12-31": "166.76600", "2011-12-31": "138.32400", "2010-12-31": "117.23800", "2009-12-31": "115.39100", "2008-12-31": "133.57800", "2007-12-31": "141.86700", "2006-12-31": "123.45400", "2005-12-31": "106.50700"}, "Comprehensive Income": {"2020-12-31": "182.67300", "2019-12-31": "54.27700", "2018-12-31": "-33.13800", "2017-12-31": "-25.49800", "2016-12-31": "-40.03600", "2015-12-31": "-29.03200", "2014-12-31": "-32.45300", "2013-12-31": "-20.52000", "2012-12-31": "-31.11900", "2011-12-31": "-25.32900", "2010-12-31": "-14.11100", "2009-12-31": "-12.64700", "2008-12-31": "-12.83100", "2007-12-31": "-1.79700", "2006-12-31": "-8.95000", "2005-12-31": "-6.56700"}, "Other Share Holders Equity": {"2020-12-31": "", "2019-12-31": "", "2018-12-31": "", "2017-12-31": "", "2016-12-31": "", "2015-12-31": "", "2014-12-31": "", "2013-12-31": "", "2012-12-31": "", "2011-12-31": "", "2010-12-31": "", "2009-12-31": "", "2008-12-31": "", "2007-12-31": "", "2006-12-31": "", "2005-12-31": ""}, "Share Holder Equity": {"2020-12-31": "5689.29700", "2019-12-31": "5727.24100", "2018-12-31": "2556.26000", "2017-12-31": "2668.74900", "2016-12-31": "2581.52600", "2015-12-31": "1015.97400", "2014-12-31": "797.13300", "2013-12-31": "696.50000", "2012-12-31": "596.34100", "2011-12-31": "571.72900", "2010-12-31": "560.07800", "2009-12-31": "474.31100", "2008-12-31": "491.54400", "2007-12-31": "508.46400", "2006-12-31": "507.88600", "2005-12-31": "501.06500"}, "Total Liabilities And Share Holders Equity": {"2020-12-31": "47802.49000", "2019-12-31": "46651.55000", "2018-12-31": "23699.61000", "2017-12-31": "19280.87000", "2016-12-31": "17355.18000", "2015-12-31": "9188.79700", "2014-12-31": "7322.14300", "2013-12-31": "6184.70800", "2012-12-31": "5917.25200", "2011-12-31": "5339.45300", "2010-12-31": "5246.20900", "2009-12-31": "4250.71200", "2008-12-31": "3874.31300", "2007-12-31": "3754.31300", "2006-12-31": "3789.24700", "2005-12-31": "3749.31600"}}, "balance sheet, quarterly": {"Cash On Hand": {"2020-12-31": "1581.03100", "2020-09-30": "2071.69800", "2020-06-30": "3467.16000", "2020-03-31": "1763.33200", "2019-12-31": "1670.81100", "2019-09-30": "1613.25200", "2019-06-30": "592.75800", "2019-03-31": "517.57600", "2018-12-31": "678.71100", "2018-09-30": "664.76300", "2018-06-30": "525.28000", "2018-03-31": "553.49300", "2017-12-31": "455.99100", "2017-09-30": "709.21100", "2017-06-30": "619.24100", "2017-03-31": "441.78000", "2016-12-31": "474.40200", "2016-09-30": "556.56700", "2016-06-30": "232.96000", "2016-03-31": "291.37400", "2015-12-31": "238.78900", "2015-09-30": "291.53700", "2015-06-30": "215.03400", "2015-03-31": "393.93800", "2014-12-31": "183.02000", "2014-09-30": "382.13800", "2014-06-30": "140.29400", "2014-03-31": "382.38500", "2013-12-31": "310.78800", "2013-09-30": "493.11000", "2013-06-30": "206.95700", "2013-03-31": "578.72600", "2012-12-31": "656.13500", "2012-09-30": "438.72000", "2012-06-30": "241.82300", "2012-03-31": "473.67800", "2011-12-31": "381.94000", "2011-09-30": "611.28400", "2011-06-30": "400.27900", "2011-03-31": "641.61900", "2010-12-31": "536.16500", "2010-09-30": "720.82100", "2010-06-30": "398.34700", "2010-03-31": "447.37100", "2009-12-31": "360.70900", "2009-09-30": "465.70400", "2009-06-30": "207.62300", "2009-03-31": "226.16000", "2008-12-31": "173.22200", "2008-09-30": "113.89000", "2008-06-30": "122.87700", "2008-03-31": "262.12900", "2007-12-31": "189.51300", "2007-09-30": "202.99100", "2007-06-30": "195.59700", "2007-03-31": "231.32600", "2006-12-31": "190.75600", "2006-09-30": "179.16000", "2006-06-30": "152.16800", "2006-03-31": "200.45200", "2005-12-31": "157.49600", "2005-09-30": "223.75200", "2005-06-30": "116.06500", "2005-03-31": "182.78600"}, "Receivables": {"2020-12-31": "", "2020-09-30": "", "2020-06-30": "", "2020-03-31": "", "2019-12-31": "", "2019-09-30": "", "2019-06-30": "", "2019-03-31": "", "2018-12-31": "", "2018-09-30": "", "2018-06-30": "", "2018-03-31": "", "2017-12-31": "", "2017-09-30": "", "2017-06-30": "", "2017-03-31": "", "2016-12-31": "", "2016-09-30": "", "2016-06-30": "", "2016-03-31": "", "2015-12-31": "", "2015-09-30": "", "2015-06-30": "", "2015-03-31": "", "2014-12-31": "", "2014-09-30": "", "2014-06-30": "", "2014-03-31": "", "2013-12-31": "", "2013-09-30": "", "2013-06-30": "", "2013-03-31": "", "2012-12-31": "", "2012-09-30": "", "2012-06-30": "", "2012-03-31": "", "2011-12-31": "", "2011-09-30": "", "2011-06-30": "", "2011-03-31": "", "2010-12-31": "", "2010-09-30": "", "2010-06-30": "", "2010-03-31": "", "2009-12-31": "", "2009-09-30": "", "2009-06-30": "", "2009-03-31": "", "2008-12-31": "", "2008-09-30": "", "2008-06-30": "", "2008-03-31": "", "2007-12-31": "", "2007-09-30": "", "2007-06-30": "", "2007-03-31": "", "2006-12-31": "", "2006-09-30": "", "2006-06-30": "", "2006-03-31": "", "2005-12-31": "", "2005-09-30": "", "2005-06-30": "", "2005-03-31": ""}, "Inventory": {"2020-12-31": "", "2020-09-30": "", "2020-06-30": "", "2020-03-31": "", "2019-12-31": "", "2019-09-30": "", "2019-06-30": "", "2019-03-31": "", "2018-12-31": "", "2018-09-30": "", "2018-06-30": "", "2018-03-31": "", "2017-12-31": "", "2017-09-30": "", "2017-06-30": "", "2017-03-31": "", "2016-12-31": "", "2016-09-30": "", "2016-06-30": "", "2016-03-31": "", "2015-12-31": "", "2015-09-30": "", "2015-06-30": "", "2015-03-31": "", "2014-12-31": "", "2014-09-30": "", "2014-06-30": "", "2014-03-31": "", "2013-12-31": "", "2013-09-30": "", "2013-06-30": "", "2013-03-31": "", "2012-12-31": "", "2012-09-30": "", "2012-06-30": "", "2012-03-31": "", "2011-12-31": "", "2011-09-30": "", "2011-06-30": "", "2011-03-31": "", "2010-12-31": "", "2010-09-30": "", "2010-06-30": "", "2010-03-31": "", "2009-12-31": "", "2009-09-30": "", "2009-06-30": "", "2009-03-31": "", "2008-12-31": "", "2008-09-30": "", "2008-06-30": "", "2008-03-31": "", "2007-12-31": "", "2007-09-30": "", "2007-06-30": "", "2007-03-31": "", "2006-12-31": "", "2006-09-30": "", "2006-06-30": "", "2006-03-31": "", "2005-12-31": "", "2005-09-30": "", "2005-06-30": "", "2005-03-31": ""}, "Pre-Paid Expenses": {"2020-12-31": "", "2020-09-30": "", "2020-06-30": "", "2020-03-31": "", "2019-12-31": "", "2019-09-30": "", "2019-06-30": "", "2019-03-31": "", "2018-12-31": "", "2018-09-30": "", "2018-06-30": "", "2018-03-31": "", "2017-12-31": "", "2017-09-30": "", "2017-06-30": "", "2017-03-31": "", "2016-12-31": "", "2016-09-30": "", "2016-06-30": "", "2016-03-31": "", "2015-12-31": "", "2015-09-30": "", "2015-06-30": "", "2015-03-31": "", "2014-12-31": "", "2014-09-30": "", "2014-06-30": "", "2014-03-31": "", "2013-12-31": "", "2013-09-30": "", "2013-06-30": "", "2013-03-31": "", "2012-12-31": "", "2012-09-30": "", "2012-06-30": "", "2012-03-31": "", "2011-12-31": "", "2011-09-30": "", "2011-06-30": "", "2011-03-31": "", "2010-12-31": "", "2010-09-30": "", "2010-06-30": "", "2010-03-31": "", "2009-12-31": "", "2009-09-30": "", "2009-06-30": "", "2009-03-31": "", "2008-12-31": "", "2008-09-30": "", "2008-06-30": "", "2008-03-31": "", "2007-12-31": "", "2007-09-30": "", "2007-06-30": "", "2007-03-31": "", "2006-12-31": "", "2006-09-30": "", "2006-06-30": "", "2006-03-31": "", "2005-12-31": "", "2005-09-30": "", "2005-06-30": "", "2005-03-31": ""}, "Other Current Assets": {"2020-12-31": "", "2020-09-30": "", "2020-06-30": "", "2020-03-31": "", "2019-12-31": "", "2019-09-30": "", "2019-06-30": "", "2019-03-31": "", "2018-12-31": "", "2018-09-30": "", "2018-06-30": "", "2018-03-31": "", "2017-12-31": "", "2017-09-30": "", "2017-06-30": "", "2017-03-31": "", "2016-12-31": "", "2016-09-30": "", "2016-06-30": "", "2016-03-31": "", "2015-12-31": "", "2015-09-30": "", "2015-06-30": "", "2015-03-31": "", "2014-12-31": "", "2014-09-30": "", "2014-06-30": "", "2014-03-31": "", "2013-12-31": "", "2013-09-30": "", "2013-06-30": "", "2013-03-31": "", "2012-12-31": "", "2012-09-30": "", "2012-06-30": "", "2012-03-31": "", "2011-12-31": "", "2011-09-30": "", "2011-06-30": "", "2011-03-31": "", "2010-12-31": "", "2010-09-30": "", "2010-06-30": "", "2010-03-31": "", "2009-12-31": "", "2009-09-30": "", "2009-06-30": "", "2009-03-31": "", "2008-12-31": "", "2008-09-30": "", "2008-06-30": "", "2008-03-31": "", "2007-12-31": "", "2007-09-30": "", "2007-06-30": "", "2007-03-31": "", "2006-12-31": "", "2006-09-30": "", "2006-06-30": "", "2006-03-31": "", "2005-12-31": "", "2005-09-30": "", "2005-06-30": "", "2005-03-31": ""}, "Total Current Assets": {"2020-12-31": "35743.60000", "2020-09-30": "36360.59000", "2020-06-30": "46294.05000", "2020-03-31": "37565.74000", "2019-12-31": "36255.01000", "2019-09-30": "36438.86000", "2019-06-30": "17211.08000", "2019-03-31": "16527.82000", "2018-12-31": "19684.95000", "2018-09-30": "16199.68000", "2018-06-30": "15787.70000", "2018-03-31": "15419.63000", "2017-12-31": "15280.66000", "2017-09-30": "15293.35000", "2017-06-30": "14986.48000", "2017-03-31": "14334.19000", "2016-12-31": "14119.72000", "2016-09-30": "14148.11000", "2016-06-30": "8078.94600", "2016-03-31": "7842.31600", "2015-12-31": "7693.28100", "2015-09-30": "7690.84200", "2015-06-30": "7426.50100", "2015-03-31": "6181.27200", "2014-12-31": "5946.16200", "2014-09-30": "5489.96300", "2014-06-30": "5100.96100", "2014-03-31": "5194.59600", "2013-12-31": "5017.33700", "2013-09-30": "5062.79200", "2013-06-30": "4589.54700", "2013-03-31": "4820.59000", "2012-12-31": "4889.45600", "2012-09-30": "4520.85400", "2012-06-30": "4267.11300", "2012-03-31": "4393.20100", "2011-12-31": "4297.95500", "2011-09-30": "4452.41800", "2011-06-30": "4210.57000", "2011-03-31": "4393.60400", "2010-12-31": "4309.30300", "2010-09-30": "4418.81100", "2010-06-30": "4090.43900", "2010-03-31": "3450.19700", "2009-12-31": "3375.51600", "2009-09-30": "3472.82700", "2009-06-30": "3211.99200", "2009-03-31": "3215.38300", "2008-12-31": "3176.54200", "2008-09-30": "3072.55200", "2008-06-30": "3001.18800", "2008-03-31": "3071.95800", "2007-12-31": "3010.95000", "2007-09-30": "3043.14900", "2007-06-30": "3016.05500", "2007-03-31": "3054.73700", "2006-12-31": "3023.30400", "2006-09-30": "3050.12300", "2006-06-30": "2944.67900", "2006-03-31": "2924.12600", "2005-12-31": "2889.41400", "2005-09-30": "2937.50100", "2005-06-30": "2783.32400", "2005-03-31": "2776.28600"}, "Property, Plant, And Equipment": {"2020-12-31": "470.13100", "2020-09-30": "469.69900", "2020-06-30": "472.24000", "2020-03-31": "516.45400", "2019-12-31": "533.13800", "2019-09-30": "554.19400", "2019-06-30": "123.70800", "2019-03-31": "122.45200", "2018-12-31": "427.53400", "2018-09-30": "123.30500", "2018-06-30": "125.97000", "2018-03-31": "126.25100", "2017-12-31": "126.89600", "2017-09-30": "141.55000", "2017-06-30": "146.46000", "2017-03-31": "142.76300", "2016-12-31": "145.01200", "2016-09-30": "144.16500", "2016-06-30": "102.70900", "2016-03-31": "105.86800", "2015-12-31": "106.31700", "2015-09-30": "110.67000", "2015-06-30": "111.96800", "2015-03-31": "96.48600", "2014-12-31": "97.49600", "2014-09-30": "80.12700", "2014-06-30": "74.29100", "2014-03-31": "74.77900", "2013-12-31": "75.30800", "2013-09-30": "73.69000", "2013-06-30": "73.37900", "2013-03-31": "73.50100", "2012-12-31": "75.45800", "2012-09-30": "67.79600", "2012-06-30": "67.38200", "2012-03-31": "66.66100", "2011-12-31": "65.99700", "2011-09-30": "64.99800", "2011-06-30": "65.25200", "2011-03-31": "65.13500", "2010-12-31": "65.96100", "2010-09-30": "66.21200", "2010-06-30": "68.61100", "2010-03-31": "54.43800", "2009-12-31": "53.93400", "2009-09-30": "53.17200", "2009-06-30": "52.57800", "2009-03-31": "52.91400", "2008-12-31": "53.03600", "2008-09-30": "51.47100", "2008-06-30": "49.16400", "2008-03-31": "49.33900", "2007-12-31": "49.93000", "2007-09-30": "48.29300", "2007-06-30": "48.31300", "2007-03-31": "49.44200", "2006-12-31": "49.47500", "2006-09-30": "47.55900", "2006-06-30": "44.73600", "2006-03-31": "44.69900", "2005-12-31": "45.05800", "2005-09-30": "45.12300", "2005-06-30": "46.16500", "2005-03-31": "46.67100"}, "Long-Term Investments": {"2020-12-31": "8469.08200", "2020-09-30": "7616.47200", "2020-06-30": "130.10100", "2020-03-31": "7160.84300", "2019-12-31": "6859.44600", "2019-09-30": "5723.83500", "2019-06-30": "3935.91800", "2019-03-31": "3923.57300", "2018-12-31": "2618.91700", "2018-09-30": "3345.24700", "2018-06-30": "3132.59700", "2018-03-31": "2973.97000", "2017-12-31": "2640.63900", "2017-09-30": "2686.84800", "2017-06-30": "2413.08300", "2017-03-31": "1923.03800", "2016-12-31": "1858.39100", "2016-09-30": "1867.10200", "2016-06-30": "1011.38000", "2016-03-31": "1032.31500", "2015-12-31": "1063.70200", "2015-09-30": "1136.72400", "2015-06-30": "1155.54300", "2015-03-31": "1062.09400", "2014-12-31": "1065.27700", "2014-09-30": "894.77300", "2014-06-30": "924.10500", "2014-03-31": "935.91700", "2013-12-31": "958.47500", "2013-09-30": "987.72500", "2013-06-30": "1008.76700", "2013-03-31": "961.37100", "2012-12-31": "816.78600", "2012-09-30": "868.11400", "2012-06-30": "893.26500", "2012-03-31": "867.30400", "2011-12-31": "850.61500", "2011-09-30": "796.92500", "2011-06-30": "802.49500", "2011-03-31": "749.88200", "2010-12-31": "744.01000", "2010-09-30": "790.48700", "2010-06-30": "837.29400", "2010-03-31": "712.84400", "2009-12-31": "745.94600", "2009-09-30": "666.97900", "2009-06-30": "658.78000", "2009-03-31": "632.32200", "2008-12-31": "569.58600", "2008-09-30": "588.56100", "2008-06-30": "611.63100", "2008-03-31": "601.75100", "2007-12-31": "616.64900", "2007-09-30": "654.08800", "2007-06-30": "642.88100", "2007-03-31": "635.22100", "2006-12-31": "637.56200", "2006-09-30": "661.79690", "2006-06-30": "671.73300", "2006-03-31": "699.16700", "2005-12-31": "743.34800", "2005-09-30": "787.34300", "2005-06-30": "819.58000", "2005-03-31": "900.20500"}, "Goodwill And Intangible Assets": {"2020-12-31": "1459.42300", "2020-09-30": "1464.92100", "2020-06-30": "1470.41900", "2020-03-31": "1475.93300", "2019-12-31": "1468.24600", "2019-09-30": "1481.02100", "2019-06-30": "1160.40300", "2019-03-31": "1161.76300", "2018-12-31": "175.25300", "2018-09-30": "1164.54900", "2018-06-30": "1165.97500", "2018-03-31": "1167.40100", "2017-12-31": "1168.83900", "2017-09-30": "1170.36500", "2017-06-30": "1170.85600", "2017-03-31": "1172.38200", "2016-12-31": "1173.74500", "2016-09-30": "1172.86600", "2016-06-30": "321.13700", "2016-03-31": "323.13300", "2015-12-31": "314.37500", "2015-09-30": "326.31800", "2015-06-30": "326.71300", "2015-03-31": "211.78300", "2014-12-31": "213.20800", "2014-09-30": "132.12200", "2014-06-30": "132.61800", "2014-03-31": "133.03600", "2013-12-31": "133.58800", "2013-09-30": "134.02900", "2013-06-30": "134.51800", "2013-03-31": "135.06600", "2012-12-31": "135.55200", "2012-09-30": "123.65700", "2012-06-30": "124.02100", "2012-03-31": "124.35300", "2011-12-31": "124.88600", "2011-09-30": "125.26300", "2011-06-30": "125.74100", "2011-03-31": "126.47400", "2010-12-31": "126.93500", "2010-09-30": "124.79800", "2010-06-30": "124.17200", "2010-03-31": "75.15000", "2009-12-31": "75.31600", "2009-09-30": "75.38500", "2009-06-30": "75.40600", "2009-03-31": "75.13200", "2008-12-31": "75.14900", "2008-09-30": "75.50200", "2008-06-30": "75.87100", "2008-03-31": "76.25000", "2007-12-31": "76.78400", "2007-09-30": "77.23200", "2007-06-30": "77.66500", "2007-03-31": "78.09300", "2006-12-31": "78.90600", "2006-09-30": "80.56200", "2006-06-30": "70.22900", "2006-03-31": "70.82200", "2005-12-31": "71.49600", "2005-09-30": "72.19400", "2005-06-30": "73.03100", "2005-03-31": "73.72800"}, "Other Long-Term Assets": {"2020-12-31": "1660.25200", "2020-09-30": "1654.11000", "2020-06-30": "1695.65800", "2020-03-31": "1875.41300", "2019-12-31": "1535.71400", "2019-09-30": "1494.60600", "2019-06-30": "60.65800", "2019-03-31": "64.70100", "2018-12-31": "792.95900", "2018-09-30": "72.70700", "2018-06-30": "70.36400", "2018-03-31": "68.83700", "2017-12-31": "63.84100", "2017-09-30": "62.19500", "2017-06-30": "64.52200", "2017-03-31": "64.60400", "2016-12-31": "58.31500", "2016-09-30": "51.39300", "2016-06-30": "", "2016-03-31": "", "2015-12-31": "11.12200", "2015-09-30": "", "2015-06-30": "", "2015-03-31": "", "2014-12-31": "", "2014-09-30": "", "2014-06-30": "", "2014-03-31": "", "2013-12-31": "", "2013-09-30": "", "2013-06-30": "", "2013-03-31": "", "2012-12-31": "", "2012-09-30": "", "2012-06-30": "", "2012-03-31": "", "2011-12-31": "", "2011-09-30": "", "2011-06-30": "", "2011-03-31": "", "2010-12-31": "", "2010-09-30": "", "2010-06-30": "", "2010-03-31": "", "2009-12-31": "", "2009-09-30": "", "2009-06-30": "", "2009-03-31": "", "2008-12-31": "", "2008-09-30": "", "2008-06-30": "", "2008-03-31": "", "2007-12-31": "", "2007-09-30": "", "2007-06-30": "", "2007-03-31": "", "2006-12-31": "", "2006-09-30": "", "2006-06-30": "", "2006-03-31": "", "2005-12-31": "", "2005-09-30": "", "2005-06-30": "", "2005-03-31": ""}, "Total Long-Term Assets": {"2020-12-31": "12058.89000", "2020-09-30": "11205.20000", "2020-06-30": "3768.41800", "2020-03-31": "11028.64000", "2019-12-31": "10396.54000", "2019-09-30": "9253.65600", "2019-06-30": "5280.68700", "2019-03-31": "5272.48900", "2018-12-31": "4014.66300", "2018-09-30": "4705.80800", "2018-06-30": "4494.90600", "2018-03-31": "4336.45900", "2017-12-31": "4000.21500", "2017-09-30": "4060.95800", "2017-06-30": "3794.92100", "2017-03-31": "3302.78700", "2016-12-31": "3235.46300", "2016-09-30": "3235.52600", "2016-06-30": "1435.22600", "2016-03-31": "1461.31600", "2015-12-31": "1495.51600", "2015-09-30": "1573.71200", "2015-06-30": "1594.22400", "2015-03-31": "1370.36300", "2014-12-31": "1375.98100", "2014-09-30": "1107.02200", "2014-06-30": "1131.01400", "2014-03-31": "1143.73200", "2013-12-31": "1167.37100", "2013-09-30": "1195.44400", "2013-06-30": "1216.66400", "2013-03-31": "1169.93800", "2012-12-31": "1027.79600", "2012-09-30": "1059.56700", "2012-06-30": "1084.66800", "2012-03-31": "1058.31800", "2011-12-31": "1041.49800", "2011-09-30": "987.18600", "2011-06-30": "993.48800", "2011-03-31": "941.49100", "2010-12-31": "936.90600", "2010-09-30": "981.49690", "2010-06-30": "1030.07700", "2010-03-31": "842.43200", "2009-12-31": "875.19600", "2009-09-30": "795.53600", "2009-06-30": "786.76400", "2009-03-31": "760.36800", "2008-12-31": "697.77100", "2008-09-30": "715.53410", "2008-06-30": "736.66600", "2008-03-31": "727.34000", "2007-12-31": "743.36300", "2007-09-30": "779.61300", "2007-06-30": "768.85890", "2007-03-31": "762.75600", "2006-12-31": "765.94300", "2006-09-30": "789.91800", "2006-06-30": "786.69800", "2006-03-31": "814.68800", "2005-12-31": "859.90200", "2005-09-30": "904.66000", "2005-06-30": "938.77600", "2005-03-31": "1020.60400"}, "Total Assets": {"2020-12-31": "47802.49000", "2020-09-30": "47565.79000", "2020-06-30": "50062.46000", "2020-03-31": "48594.38000", "2019-12-31": "46651.55000", "2019-09-30": "45692.51000", "2019-06-30": "22491.77000", "2019-03-31": "21800.31000", "2018-12-31": "23699.61000", "2018-09-30": "20905.49000", "2018-06-30": "20282.60000", "2018-03-31": "19756.08000", "2017-12-31": "19280.87000", "2017-09-30": "19354.31000", "2017-06-30": "18781.40000", "2017-03-31": "17636.97000", "2016-12-31": "17355.18000", "2016-09-30": "17383.64000", "2016-06-30": "9514.17200", "2016-03-31": "9303.63200", "2015-12-31": "9188.79700", "2015-09-30": "9264.55400", "2015-06-30": "9020.72500", "2015-03-31": "7551.63500", "2014-12-31": "7322.14300", "2014-09-30": "6596.98500", "2014-06-30": "6231.97500", "2014-03-31": "6338.32800", "2013-12-31": "6184.70800", "2013-09-30": "6258.23600", "2013-06-30": "5806.21100", "2013-03-31": "5990.52800", "2012-12-31": "5917.25200", "2012-09-30": "5580.42100", "2012-06-30": "5351.78100", "2012-03-31": "5451.51900", "2011-12-31": "5339.45300", "2011-09-30": "5439.60400", "2011-06-30": "5204.05800", "2011-03-31": "5335.09500", "2010-12-31": "5246.20900", "2010-09-30": "5400.30800", "2010-06-30": "5120.51600", "2010-03-31": "4292.62900", "2009-12-31": "4250.71200", "2009-09-30": "4268.36300", "2009-06-30": "3998.75600", "2009-03-31": "3975.75100", "2008-12-31": "3874.31300", "2008-09-30": "3788.08600", "2008-06-30": "3737.85400", "2008-03-31": "3799.29800", "2007-12-31": "3754.31300", "2007-09-30": "3822.76200", "2007-06-30": "3784.91400", "2007-03-31": "3817.49300", "2006-12-31": "3789.24700", "2006-09-30": "3840.04100", "2006-06-30": "3731.37700", "2006-03-31": "3738.81400", "2005-12-31": "3749.31600", "2005-09-30": "3842.16100", "2005-06-30": "3722.10000", "2005-03-31": "3796.89000"}, "Total Current Liabilities": {"2020-12-31": "39473.68000", "2020-09-30": "39827.56000", "2020-06-30": "41983.87000", "2020-03-31": "39281.84000", "2019-12-31": "37137.61000", "2019-09-30": "37893.38000", "2019-06-30": "19112.16000", "2019-03-31": "18476.77000", "2018-12-31": "18903.69000", "2018-09-30": "17685.59000", "2018-06-30": "17200.65000", "2018-03-31": "16679.90000", "2017-12-31": "16239.24000", "2017-09-30": "16283.37000", "2017-06-30": "15706.11000", "2017-03-31": "14546.05000", "2016-12-31": "14175.81000", "2016-09-30": "14143.36000", "2016-06-30": "8463.87300", "2016-03-31": "8271.34100", "2015-12-31": "7930.43200", "2015-09-30": "8266.19100", "2015-06-30": "8039.93400", "2015-03-31": "6741.13400", "2014-12-31": "6525.01000", "2014-09-30": "5795.37900", "2014-06-30": "5438.47700", "2014-03-31": "5632.73300", "2013-12-31": "5488.20800", "2013-09-30": "5584.91900", "2013-06-30": "5196.64000", "2013-03-31": "5385.77300", "2012-12-31": "5286.62200", "2012-09-30": "4945.08100", "2012-06-30": "4724.61500", "2012-03-31": "4829.27500", "2011-12-31": "4724.66700", "2011-09-30": "4816.58400", "2011-06-30": "4561.49500", "2011-03-31": "4698.50200", "2010-12-31": "4612.00100", "2010-09-30": "4753.94500", "2010-06-30": "4477.83100", "2010-03-31": "3740.31500", "2009-12-31": "3686.40100", "2009-09-30": "3674.08300", "2009-06-30": "3400.43000", "2009-03-31": "3363.35600", "2008-12-31": "3247.74400", "2008-09-30": "3192.16600", "2008-06-30": "3093.63800", "2008-03-31": "3154.67300", "2007-12-31": "3095.80000", "2007-09-30": "3193.82100", "2007-06-30": "3143.39100", "2007-03-31": "3134.77400", "2006-12-31": "3136.28900", "2006-09-30": "3146.67300", "2006-06-30": "2966.93500", "2006-03-31": "3036.61800", "2005-12-31": "3051.48600", "2005-09-30": "3075.30500", "2005-06-30": "2958.48600", "2005-03-31": "3056.22000"}, "Long Term Debt": {"2020-12-31": "1374.73200", "2020-09-30": "871.84500", "2020-06-30": "936.90800", "2020-03-31": "2600.59400", "2019-12-31": "2354.44800", "2019-09-30": "860.48200", "2019-06-30": "426.06900", "2019-03-31": "426.03500", "2018-12-31": "1449.47200", "2018-09-30": "430.97100", "2018-06-30": "330.95600", "2018-03-31": "372.90800", "2017-12-31": "372.88200", "2017-09-30": "397.84500", "2017-06-30": "435.85200", "2017-03-31": "490.87600", "2016-12-31": "597.84700", "2016-09-30": "676.61200", "2016-06-30": "", "2016-03-31": "", "2015-12-31": "242.39100", "2015-09-30": "", "2015-06-30": "", "2015-03-31": "", "2014-12-31": "", "2014-09-30": "", "2014-06-30": "", "2014-03-31": "", "2013-12-31": "", "2013-09-30": "", "2013-06-30": "", "2013-03-31": "", "2012-12-31": "34.28900", "2012-09-30": "37.23700", "2012-06-30": "38.17700", "2012-03-31": "42.12000", "2011-12-31": "43.05700", "2011-09-30": "45.99100", "2011-06-30": "71.92800", "2011-03-31": "72.85400", "2010-12-31": "74.13000", "2010-09-30": "85.39000", "2010-06-30": "86.63500", "2010-03-31": "80.00000", "2009-12-31": "90.00000", "2009-09-30": "115.00000", "2009-06-30": "115.00000", "2009-03-31": "125.02500", "2008-12-31": "135.02500", "2008-09-30": "90.02500", "2008-06-30": "130.02500", "2008-03-31": "130.04900", "2007-12-31": "150.04900", "2007-09-30": "125.04900", "2007-06-30": "135.04900", "2007-03-31": "165.07200", "2006-12-31": "145.07200", "2006-09-30": "180.07200", "2006-06-30": "260.07200", "2006-03-31": "193.09300", "2005-12-31": "196.76500", "2005-09-30": "268.95900", "2005-06-30": "268.95900", "2005-03-31": "253.97900"}, "Other Non-Current Liabilities": {"2020-12-31": "1264.77600", "2020-09-30": "1207.96600", "2020-06-30": "1483.12700", "2020-03-31": "1056.11800", "2019-12-31": "1432.25600", "2019-09-30": "1245.23800", "2019-06-30": "", "2019-03-31": "", "2018-12-31": "790.19400", "2018-09-30": "", "2018-06-30": "", "2018-03-31": "", "2017-12-31": "", "2017-09-30": "", "2017-06-30": "", "2017-03-31": "", "2016-12-31": "", "2016-09-30": "", "2016-06-30": "", "2016-03-31": "", "2015-12-31": "", "2015-09-30": "", "2015-06-30": "", "2015-03-31": "", "2014-12-31": "", "2014-09-30": "", "2014-06-30": "", "2014-03-31": "", "2013-12-31": "", "2013-09-30": "", "2013-06-30": "", "2013-03-31": "", "2012-12-31": "", "2012-09-30": "", "2012-06-30": "", "2012-03-31": "", "2011-12-31": "", "2011-09-30": "", "2011-06-30": "", "2011-03-31": "", "2010-12-31": "", "2010-09-30": "", "2010-06-30": "", "2010-03-31": "", "2009-12-31": "", "2009-09-30": "", "2009-06-30": "", "2009-03-31": "", "2008-12-31": "", "2008-09-30": "", "2008-06-30": "", "2008-03-31": "", "2007-12-31": "", "2007-09-30": "", "2007-06-30": "", "2007-03-31": "", "2006-12-31": "", "2006-09-30": "", "2006-06-30": "", "2006-03-31": "", "2005-12-31": "", "2005-09-30": "", "2005-06-30": "", "2005-03-31": ""}, "Total Long Term Liabilities": {"2020-12-31": "2639.50800", "2020-09-30": "2079.81100", "2020-06-30": "2420.03500", "2020-03-31": "3656.71200", "2019-12-31": "3786.70400", "2019-09-30": "2105.72000", "2019-06-30": "426.06900", "2019-03-31": "426.03500", "2018-12-31": "2239.66600", "2018-09-30": "430.97100", "2018-06-30": "330.95600", "2018-03-31": "372.90800", "2017-12-31": "372.88200", "2017-09-30": "397.84500", "2017-06-30": "435.85200", "2017-03-31": "490.87600", "2016-12-31": "597.84700", "2016-09-30": "676.61200", "2016-06-30": "", "2016-03-31": "", "2015-12-31": "242.39100", "2015-09-30": "", "2015-06-30": "", "2015-03-31": "", "2014-12-31": "", "2014-09-30": "", "2014-06-30": "", "2014-03-31": "", "2013-12-31": "", "2013-09-30": "", "2013-06-30": "", "2013-03-31": "", "2012-12-31": "34.28900", "2012-09-30": "37.23700", "2012-06-30": "38.17700", "2012-03-31": "42.12000", "2011-12-31": "43.05700", "2011-09-30": "45.99100", "2011-06-30": "71.92800", "2011-03-31": "72.85400", "2010-12-31": "74.13000", "2010-09-30": "85.39000", "2010-06-30": "86.63500", "2010-03-31": "80.00000", "2009-12-31": "90.00000", "2009-09-30": "115.00000", "2009-06-30": "115.00000", "2009-03-31": "125.02500", "2008-12-31": "135.02500", "2008-09-30": "90.02500", "2008-06-30": "130.02500", "2008-03-31": "130.04900", "2007-12-31": "150.04900", "2007-09-30": "125.04900", "2007-06-30": "135.04900", "2007-03-31": "165.07200", "2006-12-31": "145.07200", "2006-09-30": "180.07200", "2006-06-30": "260.07200", "2006-03-31": "193.09300", "2005-12-31": "196.76500", "2005-09-30": "268.95900", "2005-06-30": "268.95900", "2005-03-31": "253.97900"}, "Total Liabilities": {"2020-12-31": "42113.19000", "2020-09-30": "41907.37000", "2020-06-30": "44403.91000", "2020-03-31": "42938.55000", "2019-12-31": "40924.31000", "2019-09-30": "39999.09000", "2019-06-30": "19538.23000", "2019-03-31": "18902.80000", "2018-12-31": "21143.35000", "2018-09-30": "18116.56000", "2018-06-30": "17531.60000", "2018-03-31": "17052.81000", "2017-12-31": "16612.12000", "2017-09-30": "16681.22000", "2017-06-30": "16141.96000", "2017-03-31": "15036.92000", "2016-12-31": "14773.65000", "2016-09-30": "14819.97000", "2016-06-30": "8463.87300", "2016-03-31": "8271.34100", "2015-12-31": "8172.82300", "2015-09-30": "8266.19100", "2015-06-30": "8039.93400", "2015-03-31": "6741.13400", "2014-12-31": "6525.01000", "2014-09-30": "5795.37900", "2014-06-30": "5438.47700", "2014-03-31": "5632.73300", "2013-12-31": "5488.20800", "2013-09-30": "5584.91900", "2013-06-30": "5196.64000", "2013-03-31": "5385.77300", "2012-12-31": "5320.91100", "2012-09-30": "4982.31800", "2012-06-30": "4762.79200", "2012-03-31": "4871.39500", "2011-12-31": "4767.72400", "2011-09-30": "4862.57500", "2011-06-30": "4633.42300", "2011-03-31": "4771.35600", "2010-12-31": "4686.13100", "2010-09-30": "4839.33500", "2010-06-30": "4564.46600", "2010-03-31": "3820.31500", "2009-12-31": "3776.40100", "2009-09-30": "3789.08300", "2009-06-30": "3515.43000", "2009-03-31": "3488.38100", "2008-12-31": "3382.76900", "2008-09-30": "3282.19100", "2008-06-30": "3223.66300", "2008-03-31": "3284.72200", "2007-12-31": "3245.84900", "2007-09-30": "3318.87000", "2007-06-30": "3278.44000", "2007-03-31": "3299.84600", "2006-12-31": "3281.36100", "2006-09-30": "3326.74500", "2006-06-30": "3227.00700", "2006-03-31": "3229.71100", "2005-12-31": "3248.25100", "2005-09-30": "3344.26400", "2005-06-30": "3227.44500", "2005-03-31": "3310.19900"}, "Common Stock Net": {"2020-12-31": "152.56600", "2020-09-30": "152.38000", "2020-06-30": "152.23300", "2020-03-31": "152.18600", "2019-12-31": "152.96600", "2019-09-30": "153.57100", "2019-06-30": "71.55900", "2019-03-31": "71.55100", "2018-12-31": "88.19800", "2018-09-30": "71.43800", "2018-06-30": "71.41800", "2018-03-31": "71.35000", "2017-12-31": "71.20700", "2017-09-30": "71.15200", "2017-06-30": "71.13100", "2017-03-31": "71.11800", "2016-12-31": "70.59900", "2016-09-30": "70.49700", "2016-06-30": "38.26700", "2016-03-31": "38.24800", "2015-12-31": "38.16800", "2015-09-30": "38.13100", "2015-06-30": "38.11000", "2015-03-31": "32.84700", "2014-12-31": "32.77400", "2014-09-30": "32.76300", "2014-06-30": "32.76000", "2014-03-31": "29.86600", "2013-12-31": "29.79000", "2013-09-30": "29.77800", "2013-06-30": "27.53800", "2013-03-31": "27.53200", "2012-12-31": "27.49900", "2012-09-30": "27.49800", "2012-06-30": "27.49700", "2012-03-31": "27.49100", "2011-12-31": "27.45700", "2011-09-30": "27.45700", "2011-06-30": "27.45700", "2011-03-31": "27.45100", "2010-12-31": "27.44000", "2010-09-30": "27.44000", "2010-06-30": "27.43400", "2010-03-31": "23.90300", "2009-12-31": "23.89100", "2009-09-30": "23.89000", "2009-06-30": "23.89000", "2009-03-31": "23.89000", "2008-12-31": "23.88100", "2008-09-30": "23.87700", "2008-06-30": "23.82300", "2008-03-31": "23.82300", "2007-12-31": "23.81500", "2007-09-30": "23.95200", "2007-06-30": "24.36500", "2007-03-31": "24.81400", "2006-12-31": "24.82800", "2006-09-30": "24.79900", "2006-06-30": "24.81700", "2006-03-31": "25.10100", "2005-12-31": "25.07900", "2005-09-30": "25.12700", "2005-06-30": "25.13800", "2005-03-31": "25.18500"}, "Retained Earnings (Accumulated Deficit)": {"2020-12-31": "1735.20100", "2020-09-30": "1700.04400", "2020-06-30": "1700.48000", "2020-03-31": "1732.93200", "2019-12-31": "1896.42700", "2019-09-30": "1840.21400", "2019-06-30": "699.71200", "2019-03-31": "654.60500", "2018-12-31": "1766.99400", "2018-09-30": "567.51000", "2018-06-30": "521.53000", "2018-03-31": "471.17800", "2017-12-31": "419.40300", "2017-09-30": "425.43300", "2017-06-30": "404.93900", "2017-03-31": "372.19300", "2016-12-31": "340.20100", "2016-09-30": "310.96600", "2016-06-30": "310.58500", "2016-03-31": "294.85900", "2015-12-31": "281.55800", "2015-09-30": "265.99100", "2015-06-30": "251.45600", "2015-03-31": "241.58200", "2014-12-31": "231.64600", "2014-09-30": "224.22200", "2014-06-30": "215.33300", "2014-03-31": "205.98500", "2013-12-31": "199.05300", "2013-09-30": "191.53800", "2013-06-30": "182.61900", "2013-03-31": "174.20900", "2012-12-31": "166.76600", "2012-09-30": "160.88400", "2012-06-30": "153.55800", "2012-03-31": "145.19500", "2011-12-31": "138.32400", "2011-09-30": "132.61100", "2011-06-30": "126.47700", "2011-03-31": "120.93500", "2010-12-31": "117.23800", "2010-09-30": "115.18700", "2010-06-30": "111.80400", "2010-03-31": "112.90000", "2009-12-31": "115.39100", "2009-09-30": "119.92000", "2009-06-30": "124.49600", "2009-03-31": "129.24900", "2008-12-31": "133.57800", "2008-09-30": "139.03700", "2008-06-30": "147.09200", "2008-03-31": "144.51000", "2007-12-31": "141.86700", "2007-09-30": "138.81700", "2007-06-30": "135.05400", "2007-03-31": "132.53200", "2006-12-31": "123.45400", "2006-09-30": "126.12800", "2006-06-30": "121.45700", "2006-03-31": "116.08300", "2005-12-31": "106.50700", "2005-09-30": "100.59800", "2005-06-30": "93.65000", "2005-03-31": "87.09600"}, "Comprehensive Income": {"2020-12-31": "182.67300", "2020-09-30": "191.77100", "2020-06-30": "198.40800", "2020-03-31": "166.17000", "2019-12-31": "54.27700", "2019-09-30": "56.22800", "2019-06-30": "-30.40100", "2019-03-31": "-38.50700", "2018-12-31": "-33.13800", "2018-09-30": "-57.65500", "2018-06-30": "-47.35100", "2018-03-31": "-41.05400", "2017-12-31": "-25.49800", "2017-09-30": "-24.83000", "2017-06-30": "-34.12900", "2017-03-31": "-37.96500", "2016-12-31": "-40.03600", "2016-09-30": "-25.14200", "2016-06-30": "-25.69800", "2016-03-31": "-26.69000", "2015-12-31": "-29.03200", "2015-09-30": "-29.18600", "2015-06-30": "-31.10400", "2015-03-31": "-29.77900", "2014-12-31": "-32.45300", "2014-09-30": "-19.50600", "2014-06-30": "-17.98800", "2014-03-31": "-19.30100", "2013-12-31": "-20.52000", "2013-09-30": "-35.17500", "2013-06-30": "-35.06500", "2013-03-31": "-30.63400", "2012-12-31": "-31.11900", "2012-09-30": "-22.90600", "2012-06-30": "-24.16400", "2012-03-31": "-24.11100", "2011-12-31": "-25.32900", "2011-09-30": "-13.50100", "2011-06-30": "-13.43300", "2011-03-31": "-14.63700", "2010-12-31": "-14.11100", "2010-09-30": "-11.11300", "2010-06-30": "-12.20900", "2010-03-31": "-12.62500", "2009-12-31": "-12.64700", "2009-09-30": "-12.19700", "2009-06-30": "-12.50700", "2009-03-31": "-13.03300", "2008-12-31": "-12.83100", "2008-09-30": "-3.67100", "2008-06-30": "-1.84100", "2008-03-31": "1.30800", "2007-12-31": "-1.79700", "2007-09-30": "-6.44600", "2007-06-30": "-9.47700", "2007-03-31": "-7.89700", "2006-12-31": "-8.95000", "2006-09-30": "-5.62200", "2006-06-30": "-10.46600", "2006-03-31": "-8.58200", "2005-12-31": "-6.56700", "2005-09-30": "-5.29700", "2005-06-30": "-1.98700", "2005-03-31": "-4.73900"}, "Other Share Holders Equity": {"2020-12-31": "", "2020-09-30": "", "2020-06-30": "", "2020-03-31": "", "2019-12-31": "", "2019-09-30": "", "2019-06-30": "", "2019-03-31": "", "2018-12-31": "", "2018-09-30": "", "2018-06-30": "", "2018-03-31": "", "2017-12-31": "", "2017-09-30": "", "2017-06-30": "", "2017-03-31": "", "2016-12-31": "", "2016-09-30": "", "2016-06-30": "", "2016-03-31": "", "2015-12-31": "", "2015-09-30": "", "2015-06-30": "", "2015-03-31": "", "2014-12-31": "", "2014-09-30": "", "2014-06-30": "", "2014-03-31": "", "2013-12-31": "", "2013-09-30": "", "2013-06-30": "", "2013-03-31": "", "2012-12-31": "", "2012-09-30": "", "2012-06-30": "", "2012-03-31": "", "2011-12-31": "", "2011-09-30": "", "2011-06-30": "", "2011-03-31": "", "2010-12-31": "", "2010-09-30": "", "2010-06-30": "", "2010-03-31": "", "2009-12-31": "", "2009-09-30": "", "2009-06-30": "", "2009-03-31": "", "2008-12-31": "", "2008-09-30": "", "2008-06-30": "", "2008-03-31": "", "2007-12-31": "", "2007-09-30": "", "2007-06-30": "", "2007-03-31": "", "2006-12-31": "", "2006-09-30": "", "2006-06-30": "", "2006-03-31": "", "2005-12-31": "", "2005-09-30": "", "2005-06-30": "", "2005-03-31": ""}, "Share Holder Equity": {"2020-12-31": "5689.29700", "2020-09-30": "5658.42000", "2020-06-30": "5658.55500", "2020-03-31": "5655.83300", "2019-12-31": "5727.24100", "2019-09-30": "5693.41700", "2019-06-30": "2953.53500", "2019-03-31": "2897.50900", "2018-12-31": "2556.26000", "2018-09-30": "2788.92400", "2018-06-30": "2750.99900", "2018-03-31": "2703.27700", "2017-12-31": "2668.74900", "2017-09-30": "2673.08900", "2017-06-30": "2639.44200", "2017-03-31": "2600.05100", "2016-12-31": "2581.52600", "2016-09-30": "2563.66600", "2016-06-30": "1050.29900", "2016-03-31": "1032.29100", "2015-12-31": "1015.97400", "2015-09-30": "998.36300", "2015-06-30": "980.79100", "2015-03-31": "810.50100", "2014-12-31": "797.13300", "2014-09-30": "801.60600", "2014-06-30": "793.49800", "2014-03-31": "705.59500", "2013-12-31": "696.50000", "2013-09-30": "673.31700", "2013-06-30": "609.57100", "2013-03-31": "604.75500", "2012-12-31": "596.34100", "2012-09-30": "598.10300", "2012-06-30": "588.98900", "2012-03-31": "580.12400", "2011-12-31": "571.72900", "2011-09-30": "577.02900", "2011-06-30": "570.63500", "2011-03-31": "563.73900", "2010-12-31": "560.07800", "2010-09-30": "560.97300", "2010-06-30": "556.05000", "2010-03-31": "472.31400", "2009-12-31": "474.31100", "2009-09-30": "479.28000", "2009-06-30": "483.32600", "2009-03-31": "487.37000", "2008-12-31": "491.54400", "2008-09-30": "505.89500", "2008-06-30": "514.19100", "2008-03-31": "514.57600", "2007-12-31": "508.46400", "2007-09-30": "503.89200", "2007-06-30": "506.47400", "2007-03-31": "517.64700", "2006-12-31": "507.88600", "2006-09-30": "513.29600", "2006-06-30": "504.37000", "2006-03-31": "509.10300", "2005-12-31": "501.06500", "2005-09-30": "497.89700", "2005-06-30": "494.65500", "2005-03-31": "486.69100"}, "Total Liabilities And Share Holders Equity": {"2020-12-31": "47802.49000", "2020-09-30": "47565.79000", "2020-06-30": "50062.46000", "2020-03-31": "48594.38000", "2019-12-31": "46651.55000", "2019-09-30": "45692.51000", "2019-06-30": "22491.77000", "2019-03-31": "21800.31000", "2018-12-31": "23699.61000", "2018-09-30": "20905.49000", "2018-06-30": "20282.60000", "2018-03-31": "19756.08000", "2017-12-31": "19280.87000", "2017-09-30": "19354.31000", "2017-06-30": "18781.40000", "2017-03-31": "17636.97000", "2016-12-31": "17355.18000", "2016-09-30": "17383.64000", "2016-06-30": "9514.17200", "2016-03-31": "9303.63200", "2015-12-31": "9188.79700", "2015-09-30": "9264.55400", "2015-06-30": "9020.72500", "2015-03-31": "7551.63500", "2014-12-31": "7322.14300", "2014-09-30": "6596.98500", "2014-06-30": "6231.97500", "2014-03-31": "6338.32800", "2013-12-31": "6184.70800", "2013-09-30": "6258.23600", "2013-06-30": "5806.21100", "2013-03-31": "5990.52800", "2012-12-31": "5917.25200", "2012-09-30": "5580.42100", "2012-06-30": "5351.78100", "2012-03-31": "5451.51900", "2011-12-31": "5339.45300", "2011-09-30": "5439.60400", "2011-06-30": "5204.05800", "2011-03-31": "5335.09500", "2010-12-31": "5246.20900", "2010-09-30": "5400.30800", "2010-06-30": "5120.51600", "2010-03-31": "4292.62900", "2009-12-31": "4250.71200", "2009-09-30": "4268.36300", "2009-06-30": "3998.75600", "2009-03-31": "3975.75100", "2008-12-31": "3874.31300", "2008-09-30": "3788.08600", "2008-06-30": "3737.85400", "2008-03-31": "3799.29800", "2007-12-31": "3754.31300", "2007-09-30": "3822.76200", "2007-06-30": "3784.91400", "2007-03-31": "3817.49300", "2006-12-31": "3789.24700", "2006-09-30": "3840.04100", "2006-06-30": "3731.37700", "2006-03-31": "3738.81400", "2005-12-31": "3749.31600", "2005-09-30": "3842.16100", "2005-06-30": "3722.10000", "2005-03-31": "3796.89000"}}, "cash flow statement": {"Net Income/Loss": {"2020-12-31": "0.00000", "2019-12-31": "306.92600", "2018-12-31": "315.62800", "2017-12-31": "278.78400", "2016-12-31": "108.03200", "2015-12-31": "86.83000", "2014-12-31": "62.12100", "2013-12-31": "56.80800", "2012-12-31": "51.00800", "2011-12-31": "43.05000", "2010-12-31": "23.09000", "2009-12-31": "10.00300", "2008-12-31": "19.84200", "2007-12-31": "39.00900", "2006-12-31": "46.84400", "2005-12-31": "52.87800"}, "Total Depreciation And Amortization - Cash Flow": {"2020-12-31": "", "2019-12-31": "308.63800", "2018-12-31": "204.77800", "2017-12-31": "265.23300", "2016-12-31": "33.02900", "2015-12-31": "25.47900", "2014-12-31": "16.82200", "2013-12-31": "16.40100", "2012-12-31": "16.90600", "2011-12-31": "15.58900", "2010-12-31": "14.25300", "2009-12-31": "9.81300", "2008-12-31": "9.11600", "2007-12-31": "8.98500", "2006-12-31": "9.86200", "2005-12-31": "13.47500"}, "Other Non-Cash Items": {"2020-12-31": "", "2019-12-31": "-4.29400", "2018-12-31": "41.74800", "2017-12-31": "-58.70400", "2016-12-31": "42.74400", "2015-12-31": "10.69100", "2014-12-31": "5.64500", "2013-12-31": "10.41300", "2012-12-31": "31.50100", "2011-12-31": "32.33800", "2010-12-31": "50.98800", "2009-12-31": "51.28700", "2008-12-31": "41.17900", "2007-12-31": "6.92800", "2006-12-31": "6.46900", "2005-12-31": "4.20700"}, "Total Non-Cash Items": {"2020-12-31": "", "2019-12-31": "304.34400", "2018-12-31": "246.52600", "2017-12-31": "206.52900", "2016-12-31": "75.77300", "2015-12-31": "36.17000", "2014-12-31": "22.46700", "2013-12-31": "26.81400", "2012-12-31": "48.40700", "2011-12-31": "47.92700", "2010-12-31": "65.24100", "2009-12-31": "61.10000", "2008-12-31": "50.29500", "2007-12-31": "15.91300", "2006-12-31": "16.33100", "2005-12-31": "17.68200"}, "Change In Accounts Receivable": {"2020-12-31": "", "2019-12-31": "131.30500", "2018-12-31": "-3.26800", "2017-12-31": "-149.48100", "2016-12-31": "143.85100", "2015-12-31": "-17.15100", "2014-12-31": "-0.25600", "2013-12-31": "18.64300", "2012-12-31": "5.41400", "2011-12-31": "12.40800", "2010-12-31": "-10.44200", "2009-12-31": "-17.87200", "2008-12-31": "-12.84500", "2007-12-31": "2.66800", "2006-12-31": "2.49800", "2005-12-31": "-2.86600"}, "Change In Inventories": {"2020-12-31": "", "2019-12-31": "", "2018-12-31": "", "2017-12-31": "", "2016-12-31": "", "2015-12-31": "", "2014-12-31": "", "2013-12-31": "", "2012-12-31": "", "2011-12-31": "", "2010-12-31": "", "2009-12-31": "", "2008-12-31": "", "2007-12-31": "", "2006-12-31": "", "2005-12-31": ""}, "Change In Accounts Payable": {"2020-12-31": "", "2019-12-31": "", "2018-12-31": "", "2017-12-31": "", "2016-12-31": "-46.44900", "2015-12-31": "-2.80000", "2014-12-31": "5.89300", "2013-12-31": "2.41400", "2012-12-31": "2.33700", "2011-12-31": "-0.90900", "2010-12-31": "9.32500", "2009-12-31": "0.30600", "2008-12-31": "12.37800", "2007-12-31": "0.90700", "2006-12-31": "-0.99800", "2005-12-31": "-0.49700"}, "Change In Assets/Liabilities": {"2020-12-31": "", "2019-12-31": "-100.81800", "2018-12-31": "4.74400", "2017-12-31": "-90.87400", "2016-12-31": "-0.70600", "2015-12-31": "", "2014-12-31": "", "2013-12-31": "-15.00000", "2012-12-31": "-12.00000", "2011-12-31": "0.00000", "2010-12-31": "-10.00000", "2009-12-31": "-7.50000", "2008-12-31": "", "2007-12-31": "", "2006-12-31": "", "2005-12-31": ""}, "Total Change In Assets/Liabilities": {"2020-12-31": "", "2019-12-31": "30.48700", "2018-12-31": "1.47600", "2017-12-31": "-240.35500", "2016-12-31": "96.69600", "2015-12-31": "-19.95100", "2014-12-31": "5.63700", "2013-12-31": "6.05700", "2012-12-31": "-4.24900", "2011-12-31": "11.49900", "2010-12-31": "-11.11700", "2009-12-31": "-25.06600", "2008-12-31": "-0.46700", "2007-12-31": "3.57500", "2006-12-31": "1.50000", "2005-12-31": "-3.36300"}, "Cash Flow From Operating Activities": {"2020-12-31": "", "2019-12-31": "641.75700", "2018-12-31": "563.63000", "2017-12-31": "244.95800", "2016-12-31": "280.50100", "2015-12-31": "103.04900", "2014-12-31": "90.22500", "2013-12-31": "89.67900", "2012-12-31": "95.16600", "2011-12-31": "102.47600", "2010-12-31": "77.21400", "2009-12-31": "46.03700", "2008-12-31": "69.67000", "2007-12-31": "58.49700", "2006-12-31": "64.67500", "2005-12-31": "67.19700"}, "Net Change In Property, Plant, And Equipment": {"2020-12-31": "", "2019-12-31": "-154.54000", "2018-12-31": "-155.66400", "2017-12-31": "-168.27200", "2016-12-31": "-18.09800", "2015-12-31": "-8.52700", "2014-12-31": "-13.41100", "2013-12-31": "-8.66400", "2012-12-31": "-10.30300", "2011-12-31": "-8.60200", "2010-12-31": "-7.73300", "2009-12-31": "-6.99800", "2008-12-31": "-8.70800", "2007-12-31": "-5.18700", "2006-12-31": "-10.81500", "2005-12-31": "-3.52200"}, "Net Change In Intangible Assets": {"2020-12-31": "", "2019-12-31": "", "2018-12-31": "", "2017-12-31": "", "2016-12-31": "", "2015-12-31": "", "2014-12-31": "", "2013-12-31": "", "2012-12-31": "", "2011-12-31": "", "2010-12-31": "", "2009-12-31": "", "2008-12-31": "", "2007-12-31": "", "2006-12-31": "", "2005-12-31": ""}, "Net Acquisitions/Divestitures": {"2020-12-31": "", "2019-12-31": "975.01400", "2018-12-31": "", "2017-12-31": "-8.12000", "2016-12-31": "325.71400", "2015-12-31": "16.55100", "2014-12-31": "-14.26000", "2013-12-31": "", "2012-12-31": "339.37200", "2011-12-31": "", "2010-12-31": "17.17700", "2009-12-31": "", "2008-12-31": "", "2007-12-31": "", "2006-12-31": "", "2005-12-31": ""}, "Net Change In Short-term Investments": {"2020-12-31": "", "2019-12-31": "", "2018-12-31": "", "2017-12-31": "", "2016-12-31": "", "2015-12-31": "", "2014-12-31": "", "2013-12-31": "", "2012-12-31": "", "2011-12-31": "", "2010-12-31": "", "2009-12-31": "", "2008-12-31": "", "2007-12-31": "", "2006-12-31": "", "2005-12-31": ""}, "Net Change In Long-Term Investments": {"2020-12-31": "", "2019-12-31": "-187.54170", "2018-12-31": "-802.44100", "2017-12-31": "-225.06200", "2016-12-31": "-12.49700", "2015-12-31": "60.31500", "2014-12-31": "122.55100", "2013-12-31": "-155.14200", "2012-12-31": "30.47700", "2011-12-31": "-110.60000", "2010-12-31": "45.86700", "2009-12-31": "-176.97600", "2008-12-31": "49.89300", "2007-12-31": "28.94400", "2006-12-31": "107.21500", "2005-12-31": "134.84600"}, "Net Change In Investments - Total": {"2020-12-31": "", "2019-12-31": "-187.54170", "2018-12-31": "-802.44100", "2017-12-31": "-225.06200", "2016-12-31": "-12.49700", "2015-12-31": "60.31500", "2014-12-31": "122.55100", "2013-12-31": "-155.14200", "2012-12-31": "30.47700", "2011-12-31": "-110.60000", "2010-12-31": "45.86700", "2009-12-31": "-176.97600", "2008-12-31": "49.89300", "2007-12-31": "28.94400", "2006-12-31": "107.21500", "2005-12-31": "134.84600"}, "Investing Activities - Other": {"2020-12-31": "", "2019-12-31": "33.94400", "2018-12-31": "55.81100", "2017-12-31": "-1018.19800", "2016-12-31": "-837.98800", "2015-12-31": "-477.12300", "2014-12-31": "-573.92900", "2013-12-31": "-484.66900", "2012-12-31": "-306.41900", "2011-12-31": "-180.88200", "2010-12-31": "-106.91900", "2009-12-31": "-47.80400", "2008-12-31": "-225.30800", "2007-12-31": "-1.40500", "2006-12-31": "-124.34700", "2005-12-31": "-128.31000"}, "Cash Flow From Investing Activities": {"2020-12-31": "", "2019-12-31": "666.87600", "2018-12-31": "-902.29400", "2017-12-31": "-1419.65200", "2016-12-31": "-542.86900", "2015-12-31": "-408.78400", "2014-12-31": "-479.04900", "2013-12-31": "-648.47500", "2012-12-31": "53.12700", "2011-12-31": "-300.08400", "2010-12-31": "-51.60800", "2009-12-31": "-231.77800", "2008-12-31": "-184.12300", "2007-12-31": "22.35200", "2006-12-31": "-27.94700", "2005-12-31": "3.01400"}, "Net Long-Term Debt": {"2020-12-31": "", "2019-12-31": "457.82320", "2018-12-31": "198.41410", "2017-12-31": "174.68070", "2016-12-31": "23.98200", "2015-12-31": "119.00000", "2014-12-31": "-10.31000", "2013-12-31": "-34.28900", "2012-12-31": "-8.76800", "2011-12-31": "-31.07300", "2010-12-31": "-51.73300", "2009-12-31": "-45.02500", "2008-12-31": "-15.02400", "2007-12-31": "4.97700", "2006-12-31": "-51.69300", "2005-12-31": "-88.23100"}, "Net Current Debt": {"2020-12-31": "", "2019-12-31": "45.58400", "2018-12-31": "0.16000", "2017-12-31": "-4.74700", "2016-12-31": "", "2015-12-31": "", "2014-12-31": "", "2013-12-31": "16.96500", "2012-12-31": "6.67700", "2011-12-31": "61.08300", "2010-12-31": "2.13500", "2009-12-31": "6.83000", "2008-12-31": "36.37500", "2007-12-31": "-11.60600", "2006-12-31": "5.37100", "2005-12-31": "101.76400"}, "Debt Issuance/Retirement Net - Total": {"2020-12-31": "", "2019-12-31": "503.40720", "2018-12-31": "198.57410", "2017-12-31": "169.93370", "2016-12-31": "23.98200", "2015-12-31": "119.00000", "2014-12-31": "-10.31000", "2013-12-31": "-17.32400", "2012-12-31": "-2.09100", "2011-12-31": "30.01000", "2010-12-31": "-49.59800", "2009-12-31": "-38.19500", "2008-12-31": "21.35100", "2007-12-31": "-6.62900", "2006-12-31": "-46.32200", "2005-12-31": "13.53300"}, "Net Common Equity Issued/Repurchased": {"2020-12-31": "", "2019-12-31": "-86.28000", "2018-12-31": "-213.21100", "2017-12-31": "14.03400", "2016-12-31": "1.57200", "2015-12-31": "2.47300", "2014-12-31": "77.41700", "2013-12-31": "54.73100", "2012-12-31": "0.26000", "2011-12-31": "0.24500", "2010-12-31": "0.29200", "2009-12-31": "0.28000", "2008-12-31": "1.59900", "2007-12-31": "-25.26700", "2006-12-31": "-8.17200", "2005-12-31": "-2.95200"}, "Net Total Equity Issued/Repurchased": {"2020-12-31": "", "2019-12-31": "-86.28000", "2018-12-31": "-313.21100", "2017-12-31": "10.83600", "2016-12-31": "1.57200", "2015-12-31": "2.47300", "2014-12-31": "77.41700", "2013-12-31": "54.73100", "2012-12-31": "0.26000", "2011-12-31": "0.24500", "2010-12-31": "0.29200", "2009-12-31": "0.28000", "2008-12-31": "1.59900", "2007-12-31": "-25.26700", "2006-12-31": "-8.17200", "2005-12-31": "-2.95200"}, "Total Common And Preferred Stock Dividends Paid": {"2020-12-31": "", "2019-12-31": "-166.03500", "2018-12-31": "-111.07800", "2017-12-31": "-70.52100", "2016-12-31": "-49.38900", "2015-12-31": "-36.91800", "2014-12-31": "-29.52800", "2013-12-31": "-24.52100", "2012-12-31": "-22.56600", "2011-12-31": "-21.96400", "2010-12-31": "-21.24300", "2009-12-31": "-28.19000", "2008-12-31": "-28.13100", "2007-12-31": "-27.71200", "2006-12-31": "-27.40300", "2005-12-31": "-26.63700"}, "Financial Activities - Other": {"2020-12-31": "", "2019-12-31": "-918.41090", "2018-12-31": "529.65400", "2017-12-31": "1076.62400", "2016-12-31": "521.81600", "2015-12-31": "276.94900", "2014-12-31": "223.47700", "2013-12-31": "200.56300", "2012-12-31": "150.29900", "2011-12-31": "35.09200", "2010-12-31": "220.39900", "2009-12-31": "439.33300", "2008-12-31": "103.34300", "2007-12-31": "-22.48400", "2006-12-31": "78.42900", "2005-12-31": "-43.59300"}, "Cash Flow From Financial Activities": {"2020-12-31": "", "2019-12-31": "-667.31900", "2018-12-31": "303.93900", "2017-12-31": "1186.87300", "2016-12-31": "497.98100", "2015-12-31": "361.50400", "2014-12-31": "261.05600", "2013-12-31": "213.44900", "2012-12-31": "125.90200", "2011-12-31": "43.38300", "2010-12-31": "149.85000", "2009-12-31": "373.22800", "2008-12-31": "98.16200", "2007-12-31": "-82.09200", "2006-12-31": "-3.46800", "2005-12-31": "-59.64900"}, "Net Cash Flow": {"2020-12-31": "", "2019-12-31": "641.31400", "2018-12-31": "-34.72500", "2017-12-31": "12.17900", "2016-12-31": "235.61300", "2015-12-31": "55.76900", "2014-12-31": "-127.76800", "2013-12-31": "-345.34700", "2012-12-31": "274.19500", "2011-12-31": "-154.22500", "2010-12-31": "175.45600", "2009-12-31": "187.48700", "2008-12-31": "-16.29100", "2007-12-31": "-1.24300", "2006-12-31": "33.26000", "2005-12-31": "10.56200"}, "Stock-Based Compensation": {"2020-12-31": "", "2019-12-31": "28.35100", "2018-12-31": "17.82400", "2017-12-31": "14.74300", "2016-12-31": "13.45200", "2015-12-31": "3.47800", "2014-12-31": "2.93100", "2013-12-31": "2.85400", "2012-12-31": "1.86500", "2011-12-31": "1.51700", "2010-12-31": "1.39500", "2009-12-31": "0.49000", "2008-12-31": "0.66400", "2007-12-31": "0.22200", "2006-12-31": "0.01200", "2005-12-31": ""}, "Common Stock Dividends Paid": {"2020-12-31": "", "2019-12-31": "-156.06000", "2018-12-31": "-99.49000", "2017-12-31": "-50.61700", "2016-12-31": "-49.38900", "2015-12-31": "-36.91800", "2014-12-31": "-29.52800", "2013-12-31": "-24.52100", "2012-12-31": "-22.56600", "2011-12-31": "-21.96400", "2010-12-31": "-21.24300", "2009-12-31": "-28.19000", "2008-12-31": "-28.13100", "2007-12-31": "-27.71200", "2006-12-31": "-27.40300", "2005-12-31": "-26.63700"}}, "cash flow statement, quarterly": {"Net Income/Loss": {"2020-12-31": -137.351, "2020-09-30": 57.302, "2020-06-30": 26.233, "2020-03-31": "53.81600", "2019-12-31": 114.456, "2019-09-30": 24.978, "2019-06-30": 94.043, "2019-03-31": "73.44900", "2018-12-31": 88.156, "2018-09-30": 86.888, "2018-06-30": 68.988, "2018-03-31": "71.59600", "2017-12-31": 138.707, "2017-09-30": 40.459, "2017-06-30": 52.014, "2017-03-31": "47.60400", "2016-12-31": 47.168, "2016-09-30": 11.484, "2016-06-30": 25.775, "2016-03-31": "23.60500", "2015-12-31": 25.504, "2015-09-30": 24.467, "2015-06-30": 19.024, "2015-03-31": "17.83500", "2014-12-31": 15.305, "2014-09-30": 16.767, "2014-06-30": 16.236, "2014-03-31": "13.81300", "2013-12-31": 14.378, "2013-09-30": 14.993, "2013-06-30": 14.203, "2013-03-31": "13.23400", "2012-12-31": 11.662, "2012-09-30": 13.106, "2012-06-30": 13.866, "2012-03-31": "12.37400", "2011-12-31": 11.204, "2011-09-30": 11.625, "2011-06-30": 11.033, "2011-03-31": "9.18800", "2010-12-31": 7.539, "2010-09-30": 8.871, "2010-06-30": 4.391, "2010-03-31": "2.28900", "2009-12-31": 2.518, "2009-09-30": 2.473, "2009-06-30": 2.294, "2009-03-31": "2.71800", "2008-12-31": 1.586, "2008-09-30": -1.025, "2008-06-30": 9.61, "2008-03-31": "9.67100", "2007-12-31": 9.846, "2007-09-30": 10.61, "2007-06-30": 9.512, "2007-03-31": "9.04100", "2006-12-31": 11.228, "2006-09-30": 11.49, "2006-06-30": 12.229, "2006-03-31": "11.89700", "2005-12-31": 12.554, "2005-09-30": 13.605, "2005-06-30": 13.215, "2005-03-31": "13.50400"}, "Total Depreciation And Amortization - Cash Flow": {"2020-12-31": -320.95, "2020-09-30": 116.557, "2020-06-30": 104.852, "2020-03-31": "99.54100", "2019-12-31": 100.684, "2019-09-30": 96.932, "2019-06-30": 54.738, "2019-03-31": "56.28400", "2018-12-31": 51.76, "2018-09-30": 132.647, "2018-06-30": 10.506, "2018-03-31": "9.86500", "2017-12-31": 233.292, "2017-09-30": 11.033, "2017-06-30": 10.745, "2017-03-31": "10.16300", "2016-12-31": 12.157, "2016-09-30": 8.08, "2016-06-30": 6.355, "2016-03-31": "6.43700", "2015-12-31": 3.638, "2015-09-30": 10.056, "2015-06-30": 6.108, "2015-03-31": "5.67700", "2014-12-31": 4.997, "2014-09-30": 4.067, "2014-06-30": 3.851, "2014-03-31": "3.90700", "2013-12-31": 4.001, "2013-09-30": 4.079, "2013-06-30": 4.28, "2013-03-31": "4.04100", "2012-12-31": 4.145, "2012-09-30": 4.073, "2012-06-30": 4.357, "2012-03-31": "4.33100", "2011-12-31": 4.054, "2011-09-30": 3.842, "2011-06-30": 3.879, "2011-03-31": "3.81400", "2010-12-31": 4.06, "2010-09-30": 3.994, "2010-06-30": -10.53, "2010-03-31": "16.72900", "2009-12-31": 2.517, "2009-09-30": 2.41, "2009-06-30": 2.479, "2009-03-31": "2.40700", "2008-12-31": 2.302, "2008-09-30": 2.053, "2008-06-30": 2.359, "2008-03-31": "2.40200", "2007-12-31": 2.19, "2007-09-30": 2.159, "2007-06-30": 2.291, "2007-03-31": "2.34500", "2006-12-31": 2.457, "2006-09-30": 2.319, "2006-06-30": 2.444, "2006-03-31": "2.64200", "2005-12-31": 2.977, "2005-09-30": 3.336, "2005-06-30": 3.375, "2005-03-31": "3.78700"}, "Other Non-Cash Items": {"2020-12-31": -17.658, "2020-09-30": -123.055, "2020-06-30": 75.582, "2020-03-31": "65.13100", "2019-12-31": 32.036, "2019-09-30": -34.284, "2019-06-30": 14.626, "2019-03-31": "-16.67200", "2018-12-31": 25.07, "2018-09-30": 371.788, "2018-06-30": -365.274, "2018-03-31": "10.16400", "2017-12-31": -133.04, "2017-09-30": 23.639, "2017-06-30": 24.63, "2017-03-31": "26.06700", "2016-12-31": 23.443, "2016-09-30": 15.158, "2016-06-30": 2.791, "2016-03-31": "1.35200", "2015-12-31": 10.942, "2015-09-30": -2.527, "2015-06-30": 1.17, "2015-03-31": "1.10600", "2014-12-31": 2.607, "2014-09-30": -0.379, "2014-06-30": 1.642, "2014-03-31": "1.77500", "2013-12-31": 17.651, "2013-09-30": 2.494, "2013-06-30": -12.279, "2013-03-31": "2.54700", "2012-12-31": 30.194, "2012-09-30": -7.538, "2012-06-30": 3.836, "2012-03-31": "5.00900", "2011-12-31": 11.71, "2011-09-30": 6.457, "2011-06-30": 6.627, "2011-03-31": "7.54400", "2010-12-31": 13.693, "2010-09-30": 9.178, "2010-06-30": 28.317, "2010-03-31": "-0.20000", "2009-12-31": 10.282, "2009-09-30": 11.753, "2009-06-30": 15.214, "2009-03-31": "14.03800", "2008-12-31": 11.231, "2008-09-30": 22.177, "2008-06-30": 4.882, "2008-03-31": "2.88900", "2007-12-31": 1.401, "2007-09-30": 2.087, "2007-06-30": 1.856, "2007-03-31": "1.58400", "2006-12-31": 3.62, "2006-09-30": 1.875, "2006-06-30": 0.454, "2006-03-31": "0.52000", "2005-12-31": 2.263, "2005-09-30": 1.513, "2005-06-30": 0.655, "2005-03-31": "-0.22400"}, "Total Non-Cash Items": {"2020-12-31": -338.608, "2020-09-30": -6.498, "2020-06-30": 180.434, "2020-03-31": "164.67200", "2019-12-31": 132.72, "2019-09-30": 62.648, "2019-06-30": 69.364, "2019-03-31": "39.61200", "2018-12-31": 76.83, "2018-09-30": 504.435, "2018-06-30": -354.768, "2018-03-31": "20.02900", "2017-12-31": 100.252, "2017-09-30": 34.672, "2017-06-30": 35.375, "2017-03-31": "36.23000", "2016-12-31": 35.6, "2016-09-30": 23.238, "2016-06-30": 9.146, "2016-03-31": "7.78900", "2015-12-31": 14.58, "2015-09-30": 7.529, "2015-06-30": 7.278, "2015-03-31": "6.78300", "2014-12-31": 7.604, "2014-09-30": 3.688, "2014-06-30": 5.493, "2014-03-31": "5.68200", "2013-12-31": 21.652, "2013-09-30": 6.573, "2013-06-30": -7.999, "2013-03-31": "6.58800", "2012-12-31": 34.339, "2012-09-30": -3.465, "2012-06-30": 8.193, "2012-03-31": "9.34000", "2011-12-31": 15.764, "2011-09-30": 10.299, "2011-06-30": 10.506, "2011-03-31": "11.35800", "2010-12-31": 17.753, "2010-09-30": 13.172, "2010-06-30": 17.787, "2010-03-31": "16.52900", "2009-12-31": 12.799, "2009-09-30": 14.163, "2009-06-30": 17.693, "2009-03-31": "16.44500", "2008-12-31": 13.533, "2008-09-30": 24.23, "2008-06-30": 7.241, "2008-03-31": "5.29100", "2007-12-31": 3.591, "2007-09-30": 4.246, "2007-06-30": 4.147, "2007-03-31": "3.92900", "2006-12-31": 6.077, "2006-09-30": 4.194, "2006-06-30": 2.898, "2006-03-31": "3.16200", "2005-12-31": 5.24, "2005-09-30": 4.849, "2005-06-30": 4.03, "2005-03-31": "3.56300"}, "Change In Accounts Receivable": {"2020-12-31": 268.604, "2020-09-30": 52.044, "2020-06-30": -226.101, "2020-03-31": "-94.54700", "2019-12-31": 167.625, "2019-09-30": -29.274, "2019-06-30": -15.798, "2019-03-31": "8.75200", "2018-12-31": 3.555, "2018-09-30": -372.057, "2018-06-30": 338.961, "2018-03-31": "26.27300", "2017-12-31": 7.877, "2017-09-30": -65.641, "2017-06-30": -102.898, "2017-03-31": "11.18100", "2016-12-31": 204.927, "2016-09-30": -44.209, "2016-06-30": -16.79, "2016-03-31": "-0.07700", "2015-12-31": 2.04, "2015-09-30": -11.901, "2015-06-30": 2.819, "2015-03-31": "-10.10900", "2014-12-31": 4.169, "2014-09-30": -1.812, "2014-06-30": -2.699, "2014-03-31": "0.08600", "2013-12-31": 2.251, "2013-09-30": -1.518, "2013-06-30": 7.941, "2013-03-31": "9.96900", "2012-12-31": -11.019, "2012-09-30": -3.231, "2012-06-30": 11.5, "2012-03-31": "8.16400", "2011-12-31": 0.914, "2011-09-30": -12.605, "2011-06-30": 3.33, "2011-03-31": "20.76900", "2010-12-31": -1.611, "2010-09-30": -12.178, "2010-06-30": -1.733, "2010-03-31": "5.08000", "2009-12-31": -13.975, "2009-09-30": 16.699, "2009-06-30": 0.237, "2009-03-31": "-20.83300", "2008-12-31": -3.51, "2008-09-30": -8.597, "2008-06-30": 1.093, "2008-03-31": "-1.83100", "2007-12-31": 6.422, "2007-09-30": -3.595, "2007-06-30": 0.446, "2007-03-31": "-0.60500", "2006-12-31": 37.654, "2006-09-30": -32.534, "2006-06-30": -0.172, "2006-03-31": "-2.45000", "2005-12-31": -3.759, "2005-09-30": 0.312, "2005-06-30": 2.477, "2005-03-31": "-1.89600"}, "Change In Inventories": {"2020-12-31": 0, "2020-09-30": 0, "2020-06-30": 0, "2020-03-31": "", "2019-12-31": 0, "2019-09-30": 0, "2019-06-30": 0, "2019-03-31": "", "2018-12-31": 0, "2018-09-30": 0, "2018-06-30": 0, "2018-03-31": "", "2017-12-31": 0, "2017-09-30": 0, "2017-06-30": 0, "2017-03-31": "", "2016-12-31": 0, "2016-09-30": 0, "2016-06-30": 0, "2016-03-31": "", "2015-12-31": 0, "2015-09-30": 0, "2015-06-30": 0, "2015-03-31": "", "2014-12-31": 0, "2014-09-30": 0, "2014-06-30": 0, "2014-03-31": "", "2013-12-31": 0, "2013-09-30": 0, "2013-06-30": 0, "2013-03-31": "", "2012-12-31": 0, "2012-09-30": 0, "2012-06-30": 0, "2012-03-31": "", "2011-12-31": 0, "2011-09-30": 0, "2011-06-30": 0, "2011-03-31": "", "2010-12-31": 0, "2010-09-30": 0, "2010-06-30": 0, "2010-03-31": "", "2009-12-31": 0, "2009-09-30": 0, "2009-06-30": 0, "2009-03-31": "", "2008-12-31": 0, "2008-09-30": 0, "2008-06-30": 0, "2008-03-31": "", "2007-12-31": 0, "2007-09-30": 0, "2007-06-30": 0, "2007-03-31": "", "2006-12-31": 0, "2006-09-30": 0, "2006-06-30": 0, "2006-03-31": "", "2005-12-31": 0, "2005-09-30": 0, "2005-06-30": 0, "2005-03-31": ""}, "Change In Accounts Payable": {"2020-12-31": 0, "2020-09-30": 0, "2020-06-30": 0, "2020-03-31": "", "2019-12-31": 0, "2019-09-30": 0, "2019-06-30": 0, "2019-03-31": "", "2018-12-31": 0, "2018-09-30": 5.671, "2018-06-30": 3.389, "2018-03-31": "-9.06000", "2017-12-31": -40.181, "2017-09-30": 32.316, "2017-06-30": 27.147, "2017-03-31": "-19.28200", "2016-12-31": -11.368, "2016-09-30": -30.942, "2016-06-30": 7.736, "2016-03-31": "-11.87500", "2015-12-31": 5.638, "2015-09-30": 7.289, "2015-06-30": -8.689, "2015-03-31": "-7.03800", "2014-12-31": 5.49, "2014-09-30": -0.351, "2014-06-30": -0.485, "2014-03-31": "1.23900", "2013-12-31": 3.2, "2013-09-30": 1.574, "2013-06-30": 5.477, "2013-03-31": "-7.83700", "2012-12-31": 8.01, "2012-09-30": -6.053, "2012-06-30": 9.096, "2012-03-31": "-8.71600", "2011-12-31": 2.462, "2011-09-30": -0.205, "2011-06-30": 4.116, "2011-03-31": "-7.28200", "2010-12-31": 12.666, "2010-09-30": -4.558, "2010-06-30": 0.586, "2010-03-31": "0.63100", "2009-12-31": -3.742, "2009-09-30": 3.019, "2009-06-30": -1.286, "2009-03-31": "2.31500", "2008-12-31": 11.535, "2008-09-30": 2.353, "2008-06-30": -3.114, "2008-03-31": "1.60400", "2007-12-31": 0.05, "2007-09-30": 1.088, "2007-06-30": -3.007, "2007-03-31": "2.77600", "2006-12-31": -0.519, "2006-09-30": -0.96, "2006-06-30": -6.517, "2006-03-31": "6.99800", "2005-12-31": -1.044, "2005-09-30": 1.659, "2005-06-30": -6.106, "2005-03-31": "4.99400"}, "Change In Assets/Liabilities": {"2020-12-31": 588.377, "2020-09-30": 42.528, "2020-06-30": -7.093, "2020-03-31": "-623.81200", "2019-12-31": 71.034, "2019-09-30": -120.562, "2019-06-30": -69.407, "2019-03-31": "18.11700", "2018-12-31": -15.391, "2018-09-30": 20.207, "2018-06-30": -0.023, "2018-03-31": "-0.04900", "2017-12-31": -90.934, "2017-09-30": 0.011, "2017-06-30": 0.049, "2017-03-31": "", "2016-12-31": -0.706, "2016-09-30": 0, "2016-06-30": 0, "2016-03-31": "", "2015-12-31": 0, "2015-09-30": 0, "2015-06-30": 0, "2015-03-31": "", "2014-12-31": 0, "2014-09-30": 0, "2014-06-30": 0, "2014-03-31": "", "2013-12-31": -15, "2013-09-30": 0, "2013-06-30": 15, "2013-03-31": "-15.00000", "2012-12-31": -12, "2012-09-30": 12, "2012-06-30": 0, "2012-03-31": "-12.00000", "2011-12-31": 0, "2011-09-30": 0, "2011-06-30": 0, "2011-03-31": "0.00000", "2010-12-31": -10, "2010-09-30": 0, "2010-06-30": 0, "2010-03-31": "", "2009-12-31": -7.5, "2009-09-30": 0, "2009-06-30": 0, "2009-03-31": "", "2008-12-31": 0, "2008-09-30": 0, "2008-06-30": 0, "2008-03-31": "", "2007-12-31": 0, "2007-09-30": 0, "2007-06-30": 0, "2007-03-31": "", "2006-12-31": 0, "2006-09-30": 0, "2006-06-30": 0, "2006-03-31": "", "2005-12-31": 0, "2005-09-30": 0, "2005-06-30": 0, "2005-03-31": ""}, "Total Change In Assets/Liabilities": {"2020-12-31": 856.9811, "2020-09-30": 94.5719, "2020-06-30": -233.194, "2020-03-31": "-718.35900", "2019-12-31": 238.659, "2019-09-30": -149.836, "2019-06-30": -85.205, "2019-03-31": "26.86900", "2018-12-31": -11.836, "2018-09-30": -346.179, "2018-06-30": 342.327, "2018-03-31": "17.16400", "2017-12-31": -123.238, "2017-09-30": -33.314, "2017-06-30": -75.702, "2017-03-31": "-8.10100", "2016-12-31": 192.853, "2016-09-30": -75.151, "2016-06-30": -9.054, "2016-03-31": "-11.95200", "2015-12-31": 7.678, "2015-09-30": -4.612, "2015-06-30": -5.87, "2015-03-31": "-17.14700", "2014-12-31": 9.659, "2014-09-30": -2.163, "2014-06-30": -3.184, "2014-03-31": "1.32500", "2013-12-31": -9.549, "2013-09-30": 0.056, "2013-06-30": 28.418, "2013-03-31": "-12.86800", "2012-12-31": -15.009, "2012-09-30": 2.716, "2012-06-30": 20.596, "2012-03-31": "-12.55200", "2011-12-31": 3.376, "2011-09-30": -12.81, "2011-06-30": 7.446, "2011-03-31": "13.48700", "2010-12-31": 1.055, "2010-09-30": -16.736, "2010-06-30": -1.147, "2010-03-31": "5.71100", "2009-12-31": -25.217, "2009-09-30": 19.718, "2009-06-30": -1.049, "2009-03-31": "-18.51800", "2008-12-31": 8.025, "2008-09-30": -6.244, "2008-06-30": -2.021, "2008-03-31": "-0.22700", "2007-12-31": 6.472, "2007-09-30": -2.507, "2007-06-30": -2.561, "2007-03-31": "2.17100", "2006-12-31": 37.135, "2006-09-30": -33.494, "2006-06-30": -6.689, "2006-03-31": "4.54800", "2005-12-31": -4.803, "2005-09-30": 1.971, "2005-06-30": -3.629, "2005-03-31": "3.09800"}, "Cash Flow From Operating Activities": {"2020-12-31": 381.022, "2020-09-30": 145.376, "2020-06-30": -26.527, "2020-03-31": "-499.87100", "2019-12-31": 485.835, "2019-09-30": -62.21, "2019-06-30": 78.202, "2019-03-31": "139.93000", "2018-12-31": 153.15, "2018-09-30": 245.144, "2018-06-30": 56.547, "2018-03-31": "108.78900", "2017-12-31": 115.721, "2017-09-30": 41.817, "2017-06-30": 11.687, "2017-03-31": "75.73300", "2016-12-31": 275.621, "2016-09-30": -40.429, "2016-06-30": 25.867, "2016-03-31": "19.44200", "2015-12-31": 47.762, "2015-09-30": 27.384, "2015-06-30": 20.432, "2015-03-31": "7.47100", "2014-12-31": 32.568, "2014-09-30": 18.292, "2014-06-30": 18.545, "2014-03-31": "20.82000", "2013-12-31": 26.481, "2013-09-30": 21.622, "2013-06-30": 34.622, "2013-03-31": "6.95400", "2012-12-31": 30.992, "2012-09-30": 12.357, "2012-06-30": 42.655, "2012-03-31": "9.16200", "2011-12-31": 30.344, "2011-09-30": 9.114, "2011-06-30": 28.985, "2011-03-31": "34.03300", "2010-12-31": 26.347, "2010-09-30": 5.307, "2010-06-30": 21.031, "2010-03-31": "24.52900", "2009-12-31": -9.9, "2009-09-30": 36.354, "2009-06-30": 18.938, "2009-03-31": "0.64500", "2008-12-31": 23.144, "2008-09-30": 16.961, "2008-06-30": 14.83, "2008-03-31": "14.73500", "2007-12-31": 19.909, "2007-09-30": 12.349, "2007-06-30": 11.098, "2007-03-31": "15.14100", "2006-12-31": 54.44, "2006-09-30": -17.81, "2006-06-30": 8.438, "2006-03-31": "19.60700", "2005-12-31": 12.991, "2005-09-30": 20.425, "2005-06-30": 13.616, "2005-03-31": "20.16500"}, "Net Change In Property, Plant, And Equipment": {"2020-12-31": 75.885, "2020-09-30": -33.279, "2020-06-30": -18.76, "2020-03-31": "-23.84600", "2019-12-31": -46.136, "2019-09-30": -40.12, "2019-06-30": -27.163, "2019-03-31": "-41.12100", "2018-12-31": 747.73, "2018-09-30": -895.936, "2018-06-30": -3.974, "2018-03-31": "-3.48400", "2017-12-31": -156.656, "2017-09-30": -1.179, "2017-06-30": -8.165, "2017-03-31": "-2.27200", "2016-12-31": -7.902, "2016-09-30": -6.299, "2016-06-30": -1.491, "2016-03-31": "-2.40600", "2015-12-31": -3.453, "2015-09-30": -1.741, "2015-06-30": -1.864, "2015-03-31": "-1.46900", "2014-12-31": -2.161, "2014-09-30": -8.029, "2014-06-30": -1.631, "2014-03-31": "-1.59000", "2013-12-31": -3.498, "2013-09-30": -2.49, "2013-06-30": -2.074, "2013-03-31": "-0.60200", "2012-12-31": -2.452, "2012-09-30": -2.447, "2012-06-30": -2.749, "2012-03-31": "-2.65500", "2011-12-31": -3.314, "2011-09-30": -1.904, "2011-06-30": -2.215, "2011-03-31": "-1.16900", "2010-12-31": -1.755, "2010-09-30": -1.962, "2010-06-30": -1.833, "2010-03-31": "-2.18300", "2009-12-31": -2.259, "2009-09-30": -2.191, "2009-06-30": -1.265, "2009-03-31": "-1.28300", "2008-12-31": -3.262, "2008-09-30": -3.146, "2008-06-30": -1.232, "2008-03-31": "-1.06800", "2007-12-31": -3.117, "2007-09-30": -1.384, "2007-06-30": 0.745, "2007-03-31": "-1.43100", "2006-12-31": -3.344, "2006-09-30": -4.277, "2006-06-30": -1.493, "2006-03-31": "-1.70100", "2005-12-31": -1.412, "2005-09-30": -0.453, "2005-06-30": -1.009, "2005-03-31": "-0.64800"}, "Net Change In Intangible Assets": {"2020-12-31": 0, "2020-09-30": 0, "2020-06-30": 0, "2020-03-31": "", "2019-12-31": 0, "2019-09-30": 0, "2019-06-30": 0, "2019-03-31": "", "2018-12-31": 0, "2018-09-30": 0, "2018-06-30": 0, "2018-03-31": "", "2017-12-31": 0, "2017-09-30": 0, "2017-06-30": 0, "2017-03-31": "", "2016-12-31": 0, "2016-09-30": 0, "2016-06-30": 0, "2016-03-31": "", "2015-12-31": 0, "2015-09-30": 0, "2015-06-30": 0, "2015-03-31": "", "2014-12-31": 0, "2014-09-30": 0, "2014-06-30": 0, "2014-03-31": "", "2013-12-31": 0, "2013-09-30": 0, "2013-06-30": 0, "2013-03-31": "", "2012-12-31": 0, "2012-09-30": 0, "2012-06-30": 0, "2012-03-31": "", "2011-12-31": 0, "2011-09-30": 0, "2011-06-30": 0, "2011-03-31": "", "2010-12-31": 0, "2010-09-30": 0, "2010-06-30": 0, "2010-03-31": "", "2009-12-31": 0, "2009-09-30": 0, "2009-06-30": 0, "2009-03-31": "", "2008-12-31": 0, "2008-09-30": 0, "2008-06-30": 0, "2008-03-31": "", "2007-12-31": 0, "2007-09-30": 0, "2007-06-30": 0, "2007-03-31": "", "2006-12-31": 0, "2006-09-30": 0, "2006-06-30": 0, "2006-03-31": "", "2005-12-31": 0, "2005-09-30": 0, "2005-06-30": 0, "2005-03-31": ""}, "Net Acquisitions/Divestitures": {"2020-12-31": 0, "2020-09-30": 0, "2020-06-30": 0, "2020-03-31": "", "2019-12-31": 0, "2019-09-30": 975.014, "2019-06-30": 0, "2019-03-31": "", "2018-12-31": 0, "2018-09-30": 0, "2018-06-30": 0, "2018-03-31": "", "2017-12-31": -8.12, "2017-09-30": 0, "2017-06-30": 0, "2017-03-31": "", "2016-12-31": 0, "2016-09-30": 325.714, "2016-06-30": 0, "2016-03-31": "", "2015-12-31": 0, "2015-09-30": 0, "2015-06-30": 16.551, "2015-03-31": "", "2014-12-31": -14.26, "2014-09-30": 0, "2014-06-30": 0, "2014-03-31": "", "2013-12-31": 0, "2013-09-30": 0, "2013-06-30": 0, "2013-03-31": "", "2012-12-31": 339.372, "2012-09-30": 0, "2012-06-30": 0, "2012-03-31": "", "2011-12-31": 0, "2011-09-30": 0, "2011-06-30": 0, "2011-03-31": "", "2010-12-31": 0, "2010-09-30": 0, "2010-06-30": 17.177, "2010-03-31": "", "2009-12-31": 0, "2009-09-30": 0, "2009-06-30": 0, "2009-03-31": "", "2008-12-31": 0, "2008-09-30": 0, "2008-06-30": 0, "2008-03-31": "", "2007-12-31": 0, "2007-09-30": 0, "2007-06-30": 0, "2007-03-31": "", "2006-12-31": 0, "2006-09-30": 0, "2006-06-30": 0, "2006-03-31": "", "2005-12-31": 0, "2005-09-30": 0, "2005-06-30": 0, "2005-03-31": ""}, "Net Change In Short-term Investments": {"2020-12-31": 0, "2020-09-30": 0, "2020-06-30": 0, "2020-03-31": "", "2019-12-31": 0, "2019-09-30": 0, "2019-06-30": 0, "2019-03-31": "", "2018-12-31": 0, "2018-09-30": 0, "2018-06-30": 0, "2018-03-31": "", "2017-12-31": 0, "2017-09-30": 0, "2017-06-30": 0, "2017-03-31": "", "2016-12-31": 0, "2016-09-30": 0, "2016-06-30": 0, "2016-03-31": "", "2015-12-31": 0, "2015-09-30": 0, "2015-06-30": 0, "2015-03-31": "", "2014-12-31": 0, "2014-09-30": 0, "2014-06-30": 0, "2014-03-31": "", "2013-12-31": 0, "2013-09-30": 0, "2013-06-30": 0, "2013-03-31": "", "2012-12-31": 0, "2012-09-30": 0, "2012-06-30": 0, "2012-03-31": "", "2011-12-31": 0, "2011-09-30": 0, "2011-06-30": 0, "2011-03-31": "", "2010-12-31": 0, "2010-09-30": 0, "2010-06-30": 0, "2010-03-31": "", "2009-12-31": 0, "2009-09-30": 0, "2009-06-30": 0, "2009-03-31": "", "2008-12-31": 0, "2008-09-30": 0, "2008-06-30": 0, "2008-03-31": "", "2007-12-31": 0, "2007-09-30": 0, "2007-06-30": 0, "2007-03-31": "", "2006-12-31": 0, "2006-09-30": 0, "2006-06-30": 0, "2006-03-31": "", "2005-12-31": 0, "2005-09-30": 0, "2005-06-30": 0, "2005-03-31": ""}, "Net Change In Long-Term Investments": {"2020-12-31": 240.7222, "2020-09-30": -330.7532, "2020-06-30": 228.359, "2020-03-31": "-138.32800", "2019-12-31": -1183.3876, "2019-09-30": 1599.6599, "2019-06-30": -252.695, "2019-03-31": "-351.11900", "2018-12-31": -14.052, "2018-09-30": -248.348, "2018-06-30": -175.072, "2018-03-31": "-364.96900", "2017-12-31": 607.542, "2017-09-30": -277.442, "2017-06-30": -489.238, "2017-03-31": "-65.92400", "2016-12-31": -19.519, "2016-09-30": -48.729, "2016-06-30": 21.658, "2016-03-31": "34.09300", "2015-12-31": 64.782, "2015-09-30": 19.192, "2015-06-30": -29.074, "2015-03-31": "5.41500", "2014-12-31": 58.746, "2014-09-30": 26.518, "2014-06-30": 13.372, "2014-03-31": "23.91500", "2013-12-31": 26.831, "2013-09-30": 18.824, "2013-06-30": -55.996, "2013-03-31": "-144.80100", "2012-12-31": 49.619, "2012-09-30": 25.38, "2012-06-30": -27.893, "2012-03-31": "-16.62900", "2011-12-31": -56.835, "2011-09-30": 4.189, "2011-06-30": -50.268, "2011-03-31": "-7.68600", "2010-12-31": 17.787, "2010-09-30": 47.636, "2010-06-30": -52.147, "2010-03-31": "32.59100", "2009-12-31": -80.489, "2009-09-30": -7.925, "2009-06-30": -25.588, "2009-03-31": "-62.97400", "2008-12-31": 23.624, "2008-09-30": 19.735, "2008-06-30": -13.126, "2008-03-31": "19.66000", "2007-12-31": 41.824, "2007-09-30": -6.604, "2007-06-30": -10.17, "2007-03-31": "3.89400", "2006-12-31": 25.263, "2006-09-30": 17.139, "2006-06-30": 24.232, "2006-03-31": "40.58100", "2005-12-31": 40.618, "2005-09-30": 26.141, "2005-06-30": 83.803, "2005-03-31": "-15.71600"}, "Net Change In Investments - Total": {"2020-12-31": 240.7222, "2020-09-30": -330.7532, "2020-06-30": 228.359, "2020-03-31": "-138.32800", "2019-12-31": -1183.3876, "2019-09-30": 1599.6599, "2019-06-30": -252.695, "2019-03-31": "-351.11900", "2018-12-31": -14.052, "2018-09-30": -248.348, "2018-06-30": -175.072, "2018-03-31": "-364.96900", "2017-12-31": 607.542, "2017-09-30": -277.442, "2017-06-30": -489.238, "2017-03-31": "-65.92400", "2016-12-31": -19.519, "2016-09-30": -48.729, "2016-06-30": 21.658, "2016-03-31": "34.09300", "2015-12-31": 64.782, "2015-09-30": 19.192, "2015-06-30": -29.074, "2015-03-31": "5.41500", "2014-12-31": 58.746, "2014-09-30": 26.518, "2014-06-30": 13.372, "2014-03-31": "23.91500", "2013-12-31": 26.831, "2013-09-30": 18.824, "2013-06-30": -55.996, "2013-03-31": "-144.80100", "2012-12-31": 49.619, "2012-09-30": 25.38, "2012-06-30": -27.893, "2012-03-31": "-16.62900", "2011-12-31": -56.835, "2011-09-30": 4.189, "2011-06-30": -50.268, "2011-03-31": "-7.68600", "2010-12-31": 17.787, "2010-09-30": 47.636, "2010-06-30": -52.147, "2010-03-31": "32.59100", "2009-12-31": -80.489, "2009-09-30": -7.925, "2009-06-30": -25.588, "2009-03-31": "-62.97400", "2008-12-31": 23.624, "2008-09-30": 19.735, "2008-06-30": -13.126, "2008-03-31": "19.66000", "2007-12-31": 41.824, "2007-09-30": -6.604, "2007-06-30": -10.17, "2007-03-31": "3.89400", "2006-12-31": 25.263, "2006-09-30": 17.139, "2006-06-30": 24.232, "2006-03-31": "40.58100", "2005-12-31": 40.618, "2005-09-30": 26.141, "2005-06-30": 83.803, "2005-03-31": "-15.71600"}, "Investing Activities - Other": {"2020-12-31": -180.798, "2020-09-30": 1199.322, "2020-06-30": 380.488, "2020-03-31": "-1399.01200", "2019-12-31": 65.296, "2019-09-30": 56.955, "2019-06-30": 216.91, "2019-03-31": "-305.21700", "2018-12-31": -1429.223, "2018-09-30": 1916.778, "2018-06-30": -363.143, "2018-03-31": "-68.60100", "2017-12-31": -171.269, "2017-09-30": -166.903, "2017-06-30": -395.322, "2017-03-31": "-284.70400", "2016-12-31": -273.014, "2016-09-30": -185.688, "2016-06-30": -280.076, "2016-03-31": "-99.21000", "2015-12-31": -55.633, "2015-09-30": -178.427, "2015-06-30": -226.523, "2015-03-31": "-16.54000", "2014-12-31": -174.829, "2014-09-30": -143.778, "2014-06-30": -147.554, "2014-03-31": "-107.76800", "2013-12-31": -126.475, "2013-09-30": -187.57, "2013-06-30": -148.951, "2013-03-31": "-21.67300", "2012-12-31": -108.921, "2012-09-30": -58.735, "2012-06-30": -121.248, "2012-03-31": "-17.51500", "2011-12-31": -78.873, "2011-09-30": -24.274, "2011-06-30": -70.537, "2011-03-31": "-7.19800", "2010-12-31": -61.083, "2010-09-30": -2.604, "2010-06-30": -36.129, "2010-03-31": "-7.10300", "2009-12-31": -1.837, "2009-09-30": -34.199, "2009-06-30": -31.868, "2009-03-31": "20.10000", "2008-12-31": -66.196, "2008-09-30": -93.047, "2008-06-30": -74.704, "2008-03-31": "8.63900", "2007-12-31": 10.504, "2007-09-30": -19.917, "2007-06-30": 0.595, "2007-03-31": "7.41300", "2006-12-31": -7.196, "2006-09-30": -61.413, "2006-06-30": -68.26, "2006-03-31": "12.52200", "2005-12-31": -15.434, "2005-09-30": -46.6, "2005-06-30": -78.547, "2005-03-31": "12.27100"}, "Cash Flow From Investing Activities": {"2020-12-31": 135.809, "2020-09-30": 835.29, "2020-06-30": 590.087, "2020-03-31": "-1561.18600", "2019-12-31": -1164.228, "2019-09-30": 2591.509, "2019-06-30": -62.948, "2019-03-31": "-697.45700", "2018-12-31": -695.545, "2018-09-30": 772.494, "2018-06-30": -542.189, "2018-03-31": "-437.05400", "2017-12-31": 271.497, "2017-09-30": -445.524, "2017-06-30": -892.725, "2017-03-31": "-352.90000", "2016-12-31": -300.435, "2016-09-30": 84.998, "2016-06-30": -259.909, "2016-03-31": "-67.52300", "2015-12-31": 5.696, "2015-09-30": -160.976, "2015-06-30": -240.91, "2015-03-31": "-12.59400", "2014-12-31": -132.504, "2014-09-30": -125.289, "2014-06-30": -135.813, "2014-03-31": "-85.44300", "2013-12-31": -103.142, "2013-09-30": -171.236, "2013-06-30": -207.021, "2013-03-31": "-167.07600", "2012-12-31": 277.618, "2012-09-30": -35.802, "2012-06-30": -151.89, "2012-03-31": "-36.79900", "2011-12-31": -139.022, "2011-09-30": -21.989, "2011-06-30": -123.02, "2011-03-31": "-16.05300", "2010-12-31": -45.051, "2010-09-30": 43.07, "2010-06-30": -72.932, "2010-03-31": "23.30500", "2009-12-31": -84.585, "2009-09-30": -44.315, "2009-06-30": -58.721, "2009-03-31": "-44.15700", "2008-12-31": -45.834, "2008-09-30": -76.458, "2008-06-30": -89.062, "2008-03-31": "27.23100", "2007-12-31": 49.211, "2007-09-30": -27.905, "2007-06-30": -8.83, "2007-03-31": "9.87600", "2006-12-31": 14.723, "2006-09-30": -48.551, "2006-06-30": -45.521, "2006-03-31": "51.40200", "2005-12-31": 23.772, "2005-09-30": -20.912, "2005-06-30": 4.247, "2005-03-31": "-4.09300"}, "Net Long-Term Debt": {"2020-12-31": 1489.194, "2020-09-30": -73.945, "2020-06-30": -1652.9389, "2020-03-31": "237.68990", "2019-12-31": 1496.2912, "2019-09-30": -1049.9971, "2019-06-30": 52.2981, "2019-03-31": "-40.76900", "2018-12-31": 273.646, "2018-09-30": -33.2319, "2018-06-30": -42, "2018-03-31": "", "2017-12-31": 374.6807, "2017-09-30": -38, "2017-06-30": -55, "2017-03-31": "-107.00000", "2016-12-31": -28, "2016-09-30": -77.46, "2016-06-30": 98, "2016-03-31": "31.44200", "2015-12-31": -6, "2015-09-30": 100, "2015-06-30": 25, "2015-03-31": "", "2014-12-31": -10.31, "2014-09-30": 0, "2014-06-30": 0, "2014-03-31": "", "2013-12-31": -34.289, "2013-09-30": 34.289, "2013-06-30": 0, "2013-03-31": "-34.28900", "2012-12-31": -2.948, "2012-09-30": -0.94, "2012-06-30": -3.943, "2012-03-31": "-0.93700", "2011-12-31": -2.934, "2011-09-30": -25.937, "2011-06-30": -0.926, "2011-03-31": "-1.27600", "2010-12-31": -11.26, "2010-09-30": -1.245, "2010-06-30": -29.228, "2010-03-31": "-10.00000", "2009-12-31": -45.025, "2009-09-30": 20.025, "2009-06-30": -10.025, "2009-03-31": "-10.00000", "2008-12-31": -15.024, "2008-09-30": 20.024, "2008-06-30": -0.024, "2008-03-31": "-20.00000", "2007-12-31": 25, "2007-09-30": -10, "2007-06-30": -10.023, "2007-03-31": "", "2006-12-31": -5, "2006-09-30": 15, "2006-06-30": -23.021, "2006-03-31": "-38.67200", "2005-12-31": -47.194, "2005-09-30": 0, "2005-06-30": -10.02, "2005-03-31": "-31.01700"}, "Net Current Debt": {"2020-12-31": 2013.623, "2020-09-30": -2117.537, "2020-06-30": -709.511, "2020-03-31": "813.42500", "2019-12-31": 62.876, "2019-09-30": -368.057, "2019-06-30": -5.182, "2019-03-31": "355.94700", "2018-12-31": -2.291, "2018-09-30": 2.451, "2018-06-30": -124.871, "2018-03-31": "124.87100", "2017-12-31": -1151.297, "2017-09-30": -45.445, "2017-06-30": 1061.132, "2017-03-31": "130.86300", "2016-12-31": -9.886, "2016-09-30": -149.128, "2016-06-30": 159.014, "2016-03-31": "", "2015-12-31": 0, "2015-09-30": -103.824, "2015-06-30": 121.055, "2015-03-31": "-17.23100", "2014-12-31": 4.342, "2014-09-30": 17.664, "2014-06-30": -55.809, "2014-03-31": "33.80300", "2013-12-31": 4.122, "2013-09-30": -23.689, "2013-06-30": -0.489, "2013-03-31": "37.02100", "2012-12-31": -1.008, "2012-09-30": 11.723, "2012-06-30": -35.334, "2012-03-31": "31.29600", "2011-12-31": 1.488, "2011-09-30": 25.698, "2011-06-30": -9.593, "2011-03-31": "43.49000", "2010-12-31": -12.096, "2010-09-30": 12.528, "2010-06-30": 4.559, "2010-03-31": "-2.85600", "2009-12-31": 26.9, "2009-09-30": -20.006, "2009-06-30": 12.427, "2009-03-31": "-12.49100", "2008-12-31": 69.078, "2008-09-30": -20.812, "2008-06-30": 7.472, "2008-03-31": "-19.36300", "2007-12-31": -5.959, "2007-09-30": 17.965, "2007-06-30": 7.29, "2007-03-31": "-30.90200", "2006-12-31": 12.518, "2006-09-30": -79.816, "2006-06-30": 101.875, "2006-03-31": "-29.20600", "2005-12-31": 40.985, "2005-09-30": 30.832, "2005-06-30": 37.336, "2005-03-31": "-7.38900"}, "Debt Issuance/Retirement Net - Total": {"2020-12-31": 3502.817, "2020-09-30": -2191.482, "2020-06-30": -2362.45, "2020-03-31": "1051.11500", "2019-12-31": 1559.1672, "2019-09-30": -1418.0541, "2019-06-30": 47.1161, "2019-03-31": "315.17800", "2018-12-31": 271.355, "2018-09-30": -30.7809, "2018-06-30": -166.871, "2018-03-31": "124.87100", "2017-12-31": -776.6163, "2017-09-30": -83.445, "2017-06-30": 1006.132, "2017-03-31": "23.86300", "2016-12-31": -37.886, "2016-09-30": -226.588, "2016-06-30": 257.014, "2016-03-31": "31.44200", "2015-12-31": -6, "2015-09-30": -3.824, "2015-06-30": 146.055, "2015-03-31": "-17.23100", "2014-12-31": -5.968, "2014-09-30": 17.664, "2014-06-30": -55.809, "2014-03-31": "33.80300", "2013-12-31": -30.167, "2013-09-30": 10.6, "2013-06-30": -0.489, "2013-03-31": "2.73200", "2012-12-31": -3.956, "2012-09-30": 10.783, "2012-06-30": -39.277, "2012-03-31": "30.35900", "2011-12-31": -1.446, "2011-09-30": -0.239, "2011-06-30": -10.519, "2011-03-31": "42.21400", "2010-12-31": -23.356, "2010-09-30": 11.283, "2010-06-30": -24.669, "2010-03-31": "-12.85600", "2009-12-31": -18.125, "2009-09-30": 0.019, "2009-06-30": 2.402, "2009-03-31": "-22.49100", "2008-12-31": 54.054, "2008-09-30": -0.788, "2008-06-30": 7.448, "2008-03-31": "-39.36300", "2007-12-31": 19.041, "2007-09-30": 7.965, "2007-06-30": -2.733, "2007-03-31": "-30.90200", "2006-12-31": 7.518, "2006-09-30": -64.816, "2006-06-30": 78.854, "2006-03-31": "-67.87800", "2005-12-31": -6.209, "2005-09-30": 30.832, "2005-06-30": 27.316, "2005-03-31": "-38.40600"}, "Net Common Equity Issued/Repurchased": {"2020-12-31": 33.208, "2020-09-30": 0, "2020-06-30": -0.173, "2020-03-31": "-33.03500", "2019-12-31": -27.476, "2019-09-30": -35.842, "2019-06-30": -22.962, "2019-03-31": "", "2018-12-31": -63.017, "2018-09-30": -152.752, "2018-06-30": 1.606, "2018-03-31": "0.95200", "2017-12-31": 10.681, "2017-09-30": 1.714, "2017-06-30": 0.061, "2017-03-31": "1.57800", "2016-12-31": -2.023, "2016-09-30": 2.942, "2016-06-30": 0.271, "2016-03-31": "0.38200", "2015-12-31": 0.923, "2015-09-30": 0.088, "2015-06-30": 1.015, "2015-03-31": "0.44700", "2014-12-31": 0.031, "2014-09-30": 0.048, "2014-06-30": 76.471, "2014-03-31": "0.86700", "2013-12-31": 0.289, "2013-09-30": 54.121, "2013-06-30": 0.464, "2013-03-31": "-0.14300", "2012-12-31": 0.257, "2012-09-30": 0.011, "2012-06-30": 0, "2012-03-31": "-0.00800", "2011-12-31": 0, "2011-09-30": 0, "2011-06-30": 0, "2011-03-31": "0.24500", "2010-12-31": 0, "2010-09-30": 0, "2010-06-30": 0.042, "2010-03-31": "0.25000", "2009-12-31": 0.036, "2009-09-30": 0, "2009-06-30": 0, "2009-03-31": "0.24400", "2008-12-31": 0.091, "2008-09-30": 1.277, "2008-06-30": 0, "2008-03-31": "0.23100", "2007-12-31": -3.22, "2007-09-30": -9.505, "2007-06-30": -12.121, "2007-03-31": "-0.42100", "2006-12-31": 0.441, "2006-09-30": -0.611, "2006-06-30": -8.432, "2006-03-31": "0.43000", "2005-12-31": -1.339, "2005-09-30": -0.414, "2005-06-30": -1.585, "2005-03-31": "0.38600"}, "Net Total Equity Issued/Repurchased": {"2020-12-31": 33.208, "2020-09-30": 0, "2020-06-30": -0.173, "2020-03-31": "-33.03500", "2019-12-31": -27.476, "2019-09-30": -35.842, "2019-06-30": -22.962, "2019-03-31": "", "2018-12-31": -63.017, "2018-09-30": -252.752, "2018-06-30": 1.606, "2018-03-31": "0.95200", "2017-12-31": 7.483, "2017-09-30": 1.714, "2017-06-30": 0.061, "2017-03-31": "1.57800", "2016-12-31": -2.023, "2016-09-30": 2.942, "2016-06-30": 0.271, "2016-03-31": "0.38200", "2015-12-31": 0.923, "2015-09-30": 0.088, "2015-06-30": 1.015, "2015-03-31": "0.44700", "2014-12-31": 0.031, "2014-09-30": 0.048, "2014-06-30": 76.471, "2014-03-31": "0.86700", "2013-12-31": 0.289, "2013-09-30": 54.121, "2013-06-30": 0.464, "2013-03-31": "-0.14300", "2012-12-31": 0.257, "2012-09-30": 0.011, "2012-06-30": 0, "2012-03-31": "-0.00800", "2011-12-31": 0, "2011-09-30": 0, "2011-06-30": 0, "2011-03-31": "0.24500", "2010-12-31": 0, "2010-09-30": 0, "2010-06-30": 0.042, "2010-03-31": "0.25000", "2009-12-31": 0.036, "2009-09-30": 0, "2009-06-30": 0, "2009-03-31": "0.24400", "2008-12-31": 0.091, "2008-09-30": 1.277, "2008-06-30": 0, "2008-03-31": "0.23100", "2007-12-31": -3.22, "2007-09-30": -9.505, "2007-06-30": -12.121, "2007-03-31": "-0.42100", "2006-12-31": 0.441, "2006-09-30": -0.611, "2006-06-30": -8.432, "2006-03-31": "0.43000", "2005-12-31": -1.339, "2005-09-30": -0.414, "2005-06-30": -1.585, "2005-03-31": "0.38600"}, "Total Common And Preferred Stock Dividends Paid": {"2020-12-31": 168.461, "2020-09-30": -56.174, "2020-06-30": -56.216, "2020-03-31": "-56.07100", "2019-12-31": -56.186, "2019-09-30": -56.242, "2019-06-30": -26.82, "2019-03-31": "-26.78700", "2018-12-31": -27.068, "2018-09-30": -43.873, "2018-06-30": -20.062, "2018-03-31": "-20.07500", "2017-12-31": -12.017, "2017-09-30": -19.965, "2017-06-30": -19.268, "2017-03-31": "-19.27100", "2016-12-31": -19.096, "2016-09-30": -10.351, "2016-06-30": -9.981, "2016-03-31": "-9.96100", "2015-12-31": -9.937, "2015-09-30": -9.932, "2015-06-30": -9.15, "2015-03-31": "-7.89900", "2014-12-31": -7.881, "2014-09-30": -7.878, "2014-06-30": -6.888, "2014-03-31": "-6.88100", "2013-12-31": -6.863, "2013-09-30": -6.074, "2013-06-30": -5.793, "2013-03-31": "-5.79100", "2012-12-31": -5.78, "2012-09-30": -5.78, "2012-06-30": -5.503, "2012-03-31": "-5.50300", "2011-12-31": -5.491, "2011-09-30": -5.491, "2011-06-30": -5.491, "2011-03-31": "-5.49100", "2010-12-31": -5.488, "2010-09-30": -5.488, "2010-06-30": -5.487, "2010-03-31": "-4.78000", "2009-12-31": -7.047, "2009-09-30": -7.049, "2009-06-30": -7.047, "2009-03-31": "-7.04700", "2008-12-31": -7.045, "2008-09-30": -7.03, "2008-06-30": -7.028, "2008-03-31": "-7.02800", "2007-12-31": -6.796, "2007-09-30": -6.847, "2007-06-30": -6.99, "2007-03-31": "-7.07900", "2006-12-31": -6.826, "2006-09-30": -6.819, "2006-06-30": -6.855, "2006-03-31": "-6.90300", "2005-12-31": -6.645, "2005-09-30": -6.657, "2005-06-30": -6.661, "2005-03-31": "-6.67400"}, "Financial Activities - Other": {"2020-12-31": -4764.2, "2020-09-30": -42.433, "2020-06-30": 3657.085, "2020-03-31": "1149.54800", "2019-12-31": -891.7549, "2019-09-30": -251.418, "2019-06-30": 78.861, "2019-03-31": "145.90100", "2018-12-31": 378.214, "2018-09-30": -811.3351, "2018-06-30": 642.0561, "2018-03-31": "320.71900", "2017-12-31": 171.302, "2017-09-30": 595.373, "2017-06-30": 71.574, "2017-03-31": "238.37500", "2016-12-31": 1.654, "2016-09-30": 513.035, "2016-06-30": -71.676, "2016-03-31": "78.80300", "2015-12-31": -91.192, "2015-09-30": 223.763, "2015-06-30": -96.346, "2015-03-31": "240.72400", "2014-12-31": -85.364, "2014-09-30": 339.007, "2014-06-30": -138.597, "2014-03-31": "108.43100", "2013-12-31": -68.92, "2013-09-30": 377.12, "2013-06-30": -193.552, "2013-03-31": "85.91500", "2012-12-31": -81.716, "2012-09-30": 215.328, "2012-06-30": -77.84, "2012-03-31": "94.52700", "2011-12-31": -113.729, "2011-09-30": 229.61, "2011-06-30": -131.295, "2011-03-31": "50.50600", "2010-12-31": -135.637, "2010-09-30": 268.22, "2010-06-30": 31.602, "2010-03-31": "56.21400", "2009-12-31": 14.626, "2009-09-30": 273.072, "2009-06-30": 25.891, "2009-03-31": "125.74400", "2008-12-31": 34.922, "2008-09-30": 57.051, "2008-06-30": -65.44, "2008-03-31": "76.81000", "2007-12-31": -91.623, "2007-09-30": 31.337, "2007-06-30": -16.153, "2007-03-31": "53.95500", "2006-12-31": -58.7, "2006-09-30": 165.599, "2006-06-30": -74.768, "2006-03-31": "46.29800", "2005-12-31": -88.826, "2005-09-30": 84.413, "2005-06-30": -103.654, "2005-03-31": "64.47400"}, "Cash Flow From Financial Activities": {"2020-12-31": -1059.714, "2020-09-30": -2290.089, "2020-06-30": 1238.246, "2020-03-31": "2111.55700", "2019-12-31": 583.75, "2019-09-30": -1761.556, "2019-06-30": 76.195, "2019-03-31": "434.29200", "2018-12-31": 559.484, "2018-09-30": -1138.741, "2018-06-30": 456.729, "2018-03-31": "426.46700", "2017-12-31": -609.848, "2017-09-30": 493.677, "2017-06-30": 1058.499, "2017-03-31": "244.54500", "2016-12-31": -57.351, "2016-09-30": 279.038, "2016-06-30": 175.628, "2016-03-31": "100.66600", "2015-12-31": -106.206, "2015-09-30": 210.095, "2015-06-30": 41.574, "2015-03-31": "216.04100", "2014-12-31": -99.182, "2014-09-30": 348.841, "2014-06-30": -124.823, "2014-03-31": "136.22000", "2013-12-31": -105.661, "2013-09-30": 435.767, "2013-06-30": -199.37, "2013-03-31": "82.71300", "2012-12-31": -91.195, "2012-09-30": 220.342, "2012-06-30": -122.62, "2012-03-31": "119.37500", "2011-12-31": -120.666, "2011-09-30": 223.88, "2011-06-30": -147.305, "2011-03-31": "87.47400", "2010-12-31": -164.481, "2010-09-30": 274.015, "2010-06-30": 1.488, "2010-03-31": "38.82800", "2009-12-31": -10.51, "2009-09-30": 266.042, "2009-06-30": 21.246, "2009-03-31": "96.45000", "2008-12-31": 82.022, "2008-09-30": 50.51, "2008-06-30": -65.02, "2008-03-31": "30.65000", "2007-12-31": -82.598, "2007-09-30": 22.95, "2007-06-30": -37.997, "2007-03-31": "15.55300", "2006-12-31": -57.567, "2006-09-30": 93.353, "2006-06-30": -11.201, "2006-03-31": "-28.05300", "2005-12-31": -103.019, "2005-09-30": 108.174, "2005-06-30": -84.584, "2005-03-31": "19.78000"}, "Net Cash Flow": {"2020-12-31": -542.883, "2020-09-30": -1309.423, "2020-06-30": 1801.806, "2020-03-31": "50.50000", "2019-12-31": -94.643, "2019-09-30": 767.743, "2019-06-30": 91.449, "2019-03-31": "-123.23500", "2018-12-31": 17.089, "2018-09-30": -121.103, "2018-06-30": -28.913, "2018-03-31": "98.20200", "2017-12-31": -222.63, "2017-09-30": 89.97, "2017-06-30": 177.461, "2017-03-31": "-32.62200", "2016-12-31": -82.165, "2016-09-30": 323.607, "2016-06-30": -58.414, "2016-03-31": "52.58500", "2015-12-31": -52.748, "2015-09-30": 76.503, "2015-06-30": -178.904, "2015-03-31": "210.91800", "2014-12-31": -199.118, "2014-09-30": 241.844, "2014-06-30": -242.091, "2014-03-31": "71.59700", "2013-12-31": -182.322, "2013-09-30": 286.153, "2013-06-30": -371.769, "2013-03-31": "-77.40900", "2012-12-31": 217.415, "2012-09-30": 196.897, "2012-06-30": -231.855, "2012-03-31": "91.73800", "2011-12-31": -229.344, "2011-09-30": 211.005, "2011-06-30": -241.34, "2011-03-31": "105.45400", "2010-12-31": -183.185, "2010-09-30": 322.392, "2010-06-30": -50.413, "2010-03-31": "86.66200", "2009-12-31": -104.995, "2009-09-30": 258.081, "2009-06-30": -18.537, "2009-03-31": "52.93800", "2008-12-31": 59.332, "2008-09-30": -8.987, "2008-06-30": -139.252, "2008-03-31": "72.61600", "2007-12-31": -13.478, "2007-09-30": 7.394, "2007-06-30": -35.729, "2007-03-31": "40.57000", "2006-12-31": 11.596, "2006-09-30": 26.992, "2006-06-30": -48.284, "2006-03-31": "42.95600", "2005-12-31": -66.256, "2005-09-30": 107.687, "2005-06-30": -66.721, "2005-03-31": "35.85200"}, "Stock-Based Compensation": {"2020-12-31": -26.447, "2020-09-30": 9.094, "2020-06-30": 11.706, "2020-03-31": "5.64700", "2019-12-31": 10.589, "2019-09-30": 14.255, "2019-06-30": 3.283, "2019-03-31": "0.22400", "2018-12-31": 3.784, "2018-09-30": 9.962, "2018-06-30": 2.426, "2018-03-31": "1.65200", "2017-12-31": 0.17, "2017-09-30": 7.645, "2017-06-30": 3.194, "2017-03-31": "3.73400", "2016-12-31": 6.998, "2016-09-30": 4.674, "2016-06-30": 1.031, "2016-03-31": "0.74900", "2015-12-31": 0.971, "2015-09-30": 1.046, "2015-06-30": 0.706, "2015-03-31": "0.75500", "2014-12-31": 1.05, "2014-09-30": 0.708, "2014-06-30": 0.619, "2014-03-31": "0.55400", "2013-12-31": 0.723, "2013-09-30": 0.75, "2013-06-30": 0.752, "2013-03-31": "0.62900", "2012-12-31": 0.56, "2012-09-30": 0.519, "2012-06-30": 0.472, "2012-03-31": "0.31400", "2011-12-31": 0.815, "2011-09-30": 0.328, "2011-06-30": 0.129, "2011-03-31": "0.24500", "2010-12-31": 0.052, "2010-09-30": 0.444, "2010-06-30": 0.677, "2010-03-31": "0.22200", "2009-12-31": -0.026, "2009-09-30": 0.22, "2009-06-30": 0.183, "2009-03-31": "0.11300", "2008-12-31": 0.171, "2008-09-30": 0.178, "2008-06-30": 0.182, "2008-03-31": "0.13300", "2007-12-31": 0.091, "2007-09-30": 0.128, "2007-06-30": 0.001, "2007-03-31": "0.00200", "2006-12-31": 0.002, "2006-09-30": 0.004, "2006-06-30": 0.003, "2006-03-31": "0.00300", "2005-12-31": 0, "2005-09-30": 0, "2005-06-30": 0, "2005-03-31": ""}, "Common Stock Dividends Paid": {"2020-12-31": 160.98, "2020-09-30": -53.68, "2020-06-30": -53.722, "2020-03-31": "-53.57800", "2019-12-31": -53.692, "2019-09-30": -53.748, "2019-06-30": -24.326, "2019-03-31": "-24.29400", "2018-12-31": -24.574, "2018-09-30": -34.779, "2018-06-30": -20.062, "2018-03-31": "-20.07500", "2017-12-31": 7.887, "2017-09-30": -19.965, "2017-06-30": -19.268, "2017-03-31": "-19.27100", "2016-12-31": -19.096, "2016-09-30": -10.351, "2016-06-30": -9.981, "2016-03-31": "-9.96100", "2015-12-31": -9.937, "2015-09-30": -9.932, "2015-06-30": -9.15, "2015-03-31": "-7.89900", "2014-12-31": -7.881, "2014-09-30": -7.878, "2014-06-30": -6.888, "2014-03-31": "-6.88100", "2013-12-31": -6.863, "2013-09-30": -6.074, "2013-06-30": -5.793, "2013-03-31": "-5.79100", "2012-12-31": -5.78, "2012-09-30": -5.78, "2012-06-30": -5.503, "2012-03-31": "-5.50300", "2011-12-31": -5.491, "2011-09-30": -5.491, "2011-06-30": -5.491, "2011-03-31": "-5.49100", "2010-12-31": -5.488, "2010-09-30": -5.488, "2010-06-30": -5.487, "2010-03-31": "-4.78000", "2009-12-31": -7.047, "2009-09-30": -7.049, "2009-06-30": -7.047, "2009-03-31": "-7.04700", "2008-12-31": -7.045, "2008-09-30": -7.03, "2008-06-30": -7.028, "2008-03-31": "-7.02800", "2007-12-31": -6.796, "2007-09-30": -6.847, "2007-06-30": -6.99, "2007-03-31": "-7.07900", "2006-12-31": -6.826, "2006-09-30": -6.819, "2006-06-30": -6.855, "2006-03-31": "-6.90300", "2005-12-31": -6.645, "2005-09-30": -6.657, "2005-06-30": -6.661, "2005-03-31": "-6.67400"}}, "financial ratios": {"Current Ratio": {"2019-12-31": "", "2018-12-31": "", "2017-12-31": "", "2016-12-31": "", "2015-12-31": "", "2014-12-31": "", "2013-12-31": "", "2012-12-31": "", "2011-12-31": "", "2010-12-31": "", "2009-12-31": "", "2008-12-31": "", "2007-12-31": "", "2006-12-31": "", "2005-12-31": ""}, "Long-term Debt / Capital": {"2019-12-31": "0.29130", "2018-12-31": "0.36180", "2017-12-31": "0.12260", "2016-12-31": "0.18800", "2015-12-31": "0.19260", "2014-12-31": "", "2013-12-31": "", "2012-12-31": "", "2011-12-31": "", "2010-12-31": "", "2009-12-31": "", "2008-12-31": "", "2007-12-31": "", "2006-12-31": "", "2005-12-31": ""}, "Debt/Equity Ratio": {"2019-12-31": "0.87710", "2018-12-31": "0.56700", "2017-12-31": "1.04470", "2016-12-31": "0.68410", "2015-12-31": "0.62950", "2014-12-31": "0.48860", "2013-12-31": "0.47010", "2012-12-31": "0.57810", "2011-12-31": "0.60670", "2010-12-31": "0.56570", "2009-12-31": "0.69690", "2008-12-31": "0.75020", "2007-12-31": "0.68330", "2006-12-31": "0.69710", "2005-12-31": "0.79900"}, "Gross Margin": {"2019-12-31": "", "2018-12-31": "", "2017-12-31": "", "2016-12-31": "", "2015-12-31": "", "2014-12-31": "", "2013-12-31": "", "2012-12-31": "", "2011-12-31": "", "2010-12-31": "", "2009-12-31": "", "2008-12-31": "", "2007-12-31": "", "2006-12-31": "", "2005-12-31": ""}, "Operating Margin": {"2019-12-31": "", "2018-12-31": "", "2017-12-31": "", "2016-12-31": "", "2015-12-31": "", "2014-12-31": "", "2013-12-31": "", "2012-12-31": "", "2011-12-31": "", "2010-12-31": "", "2009-12-31": "", "2008-12-31": "", "2007-12-31": "", "2006-12-31": "", "2005-12-31": ""}, "EBIT Margin": {"2019-12-31": "", "2018-12-31": "", "2017-12-31": "", "2016-12-31": "", "2015-12-31": "", "2014-12-31": "", "2013-12-31": "", "2012-12-31": "", "2011-12-31": "", "2010-12-31": "", "2009-12-31": "", "2008-12-31": "", "2007-12-31": "", "2006-12-31": "", "2005-12-31": ""}, "EBITDA Margin": {"2019-12-31": "", "2018-12-31": "", "2017-12-31": "", "2016-12-31": "", "2015-12-31": "", "2014-12-31": "", "2013-12-31": "", "2012-12-31": "", "2011-12-31": "", "2010-12-31": "", "2009-12-31": "", "2008-12-31": "", "2007-12-31": "", "2006-12-31": "", "2005-12-31": ""}, "Pre-Tax Profit Margin": {"2019-12-31": "21.14310", "2018-12-31": "28.36790", "2017-12-31": "18.78490", "2016-12-31": "30.73100", "2015-12-31": "35.61160", "2014-12-31": "33.24890", "2013-12-31": "32.96320", "2012-12-31": "32.09600", "2011-12-31": "29.42710", "2010-12-31": "18.56640", "2009-12-31": "9.22560", "2008-12-31": "20.50420", "2007-12-31": "35.33920", "2006-12-31": "41.45700", "2005-12-31": "44.30390"}, "Net Profit Margin": {"2019-12-31": "16.90030", "2018-12-31": "20.42820", "2017-12-31": "18.61580", "2016-12-31": "22.11250", "2015-12-31": "24.97100", "2014-12-31": "23.04650", "2013-12-31": "23.08740", "2012-12-31": "22.79900", "2011-12-31": "21.02640", "2010-12-31": "13.74470", "2009-12-31": "7.72060", "2008-12-31": "14.45680", "2007-12-31": "24.09790", "2006-12-31": "28.01960", "2005-12-31": "29.91070"}, "Asset Turnover": {"2019-12-31": "0.03620", "2018-12-31": "0.05980", "2017-12-31": "0.06770", "2016-12-31": "0.02820", "2015-12-31": "0.03780", "2014-12-31": "0.03680", "2013-12-31": "0.03980", "2012-12-31": "0.03780", "2011-12-31": "0.03830", "2010-12-31": "0.03200", "2009-12-31": "0.03050", "2008-12-31": "0.03540", "2007-12-31": "0.04310", "2006-12-31": "0.04410", "2005-12-31": "0.04720"}, "Inventory Turnover Ratio": {"2019-12-31": "", "2018-12-31": "", "2017-12-31": "", "2016-12-31": "", "2015-12-31": "", "2014-12-31": "", "2013-12-31": "", "2012-12-31": "", "2011-12-31": "", "2010-12-31": "", "2009-12-31": "", "2008-12-31": "", "2007-12-31": "", "2006-12-31": "", "2005-12-31": ""}, "Receiveable Turnover": {"2019-12-31": "", "2018-12-31": "", "2017-12-31": "", "2016-12-31": "", "2015-12-31": "", "2014-12-31": "", "2013-12-31": "", "2012-12-31": "", "2011-12-31": "", "2010-12-31": "", "2009-12-31": "", "2008-12-31": "", "2007-12-31": "", "2006-12-31": "", "2005-12-31": ""}, "Days Sales In Receivables": {"2019-12-31": "", "2018-12-31": "", "2017-12-31": "", "2016-12-31": "", "2015-12-31": "", "2014-12-31": "", "2013-12-31": "", "2012-12-31": "", "2011-12-31": "", "2010-12-31": "", "2009-12-31": "", "2008-12-31": "", "2007-12-31": "", "2006-12-31": "", "2005-12-31": ""}, "ROE - Return On Equity": {"2019-12-31": "5.52230", "2018-12-31": "13.22300", "2017-12-31": "10.44620", "2016-12-31": "4.18480", "2015-12-31": "8.54650", "2014-12-31": "7.79310", "2013-12-31": "8.15620", "2012-12-31": "8.55350", "2011-12-31": "7.52980", "2010-12-31": "4.12260", "2009-12-31": "2.10900", "2008-12-31": "4.03670", "2007-12-31": "7.67190", "2006-12-31": "9.22330", "2005-12-31": "10.55310"}, "Return On Tangible Equity": {"2019-12-31": "7.20650", "2018-12-31": "13.25610", "2017-12-31": "18.58670", "2016-12-31": "7.67390", "2015-12-31": "12.37600", "2014-12-31": "10.63850", "2013-12-31": "10.09180", "2012-12-31": "11.06970", "2011-12-31": "9.63430", "2010-12-31": "5.33080", "2009-12-31": "2.50700", "2008-12-31": "4.76520", "2007-12-31": "9.03660", "2006-12-31": "10.91990", "2005-12-31": "12.30960"}, "ROA - Return On Assets": {"2019-12-31": "0.65790", "2018-12-31": "1.33180", "2017-12-31": "1.44590", "2016-12-31": "0.62250", "2015-12-31": "0.94500", "2014-12-31": "0.84840", "2013-12-31": "0.91850", "2012-12-31": "0.86200", "2011-12-31": "0.80630", "2010-12-31": "0.44010", "2009-12-31": "0.23530", "2008-12-31": "0.51210", "2007-12-31": "1.03900", "2006-12-31": "1.23620", "2005-12-31": "1.41030"}, "ROI - Return On Investment": {"2019-12-31": "3.79780", "2018-12-31": "7.87940", "2017-12-31": "9.16560", "2016-12-31": "3.39790", "2015-12-31": "6.90020", "2014-12-31": "7.79310", "2013-12-31": "8.15620", "2012-12-31": "8.55350", "2011-12-31": "7.52980", "2010-12-31": "4.12260", "2009-12-31": "2.10900", "2008-12-31": "4.03670", "2007-12-31": "7.67190", "2006-12-31": "9.22330", "2005-12-31": "10.55310"}, "Book Value Per Share": {"2019-12-31": "37.44140", "2018-12-31": "30.69130", "2017-12-31": "37.47870", "2016-12-31": "36.56600", "2015-12-31": "26.61850", "2014-12-31": "24.32210", "2013-12-31": "23.38030", "2012-12-31": "21.68590", "2011-12-31": "20.82270", "2010-12-31": "20.41100", "2009-12-31": "19.85310", "2008-12-31": "20.58310", "2007-12-31": "21.35060", "2006-12-31": "20.45620", "2005-12-31": "19.97950"}, "Operating Cash Flow Per Share": {"2019-12-31": -0.9447, "2018-12-31": 3.8268, "2017-12-31": -2.7977, "2016-12-31": 2.8202, "2015-12-31": -0.0216, "2014-12-31": -0.3068, "2013-12-31": -0.2871, "2012-12-31": -0.2754, "2011-12-31": 0.7903, "2010-12-31": 1.0098, "2009-12-31": -0.9953, "2008-12-31": 0.5205, "2007-12-31": -0.1914, "2006-12-31": -0.0756, "2005-12-31": 2.6673}, "Free Cash Flow Per Share": {"2019-12-31": -0.4808, "2018-12-31": 3.9435, "2017-12-31": -4.3956, "2016-12-31": 2.69, "2015-12-31": 0.1684, "2014-12-31": -0.4258, "2013-12-31": -0.2191, "2012-12-31": -0.3363, "2011-12-31": 0.7715, "2010-12-31": 1.0086, "2009-12-31": -0.9229, "2008-12-31": 0.3683, "2007-12-31": 0.0291, "2006-12-31": -0.3692, "2005-12-31": 2.5275}}, "financial ratios, quarterly": {"Current Ratio": {"2020-09-30": "", "2020-06-30": "", "2020-03-31": "", "2019-12-31": "", "2019-09-30": "", "2019-06-30": "", "2019-03-31": "", "2018-12-31": "", "2018-09-30": "", "2018-06-30": "", "2018-03-31": "", "2017-12-31": "", "2017-09-30": "", "2017-06-30": "", "2017-03-31": "", "2016-12-31": "", "2016-09-30": "", "2016-06-30": "", "2016-03-31": "", "2015-12-31": "", "2015-09-30": "", "2015-06-30": "", "2015-03-31": "", "2014-12-31": "", "2014-09-30": "", "2014-06-30": "", "2014-03-31": "", "2013-12-31": "", "2013-09-30": "", "2013-06-30": "", "2013-03-31": "", "2012-12-31": "", "2012-09-30": "", "2012-06-30": "", "2012-03-31": "", "2011-12-31": "", "2011-09-30": "", "2011-06-30": "", "2011-03-31": "", "2010-12-31": "", "2010-09-30": "", "2010-06-30": "", "2010-03-31": "", "2009-12-31": "", "2009-09-30": "", "2009-06-30": "", "2009-03-31": "", "2008-12-31": "", "2008-09-30": "", "2008-06-30": "", "2008-03-31": "", "2007-12-31": "", "2007-09-30": "", "2007-06-30": "", "2007-03-31": "", "2006-12-31": "", "2006-09-30": "", "2006-06-30": "", "2006-03-31": "", "2005-12-31": "", "2005-09-30": "", "2005-06-30": "", "2005-03-31": ""}, "Long-term Debt / Capital": {"2020-09-30": "0.13350", "2020-06-30": "0.14210", "2020-03-31": "0.31500", "2019-12-31": "0.29130", "2019-09-30": "0.13130", "2019-06-30": "0.12610", "2019-03-31": "0.12820", "2018-12-31": "0.36180", "2018-09-30": "0.13380", "2018-06-30": "0.10740", "2018-03-31": "0.12120", "2017-12-31": "0.12260", "2017-09-30": "0.12960", "2017-06-30": "0.14170", "2017-03-31": "0.15880", "2016-12-31": "0.18800", "2016-09-30": "0.20880", "2016-06-30": "", "2016-03-31": "", "2015-12-31": "0.19260", "2015-09-30": "", "2015-06-30": "", "2015-03-31": "", "2014-12-31": "", "2014-09-30": "", "2014-06-30": "", "2014-03-31": "", "2013-12-31": "", "2013-09-30": "", "2013-06-30": "", "2013-03-31": "", "2012-12-31": "", "2012-09-30": "", "2012-06-30": "", "2012-03-31": "", "2011-12-31": "", "2011-09-30": "", "2011-06-30": "", "2011-03-31": "", "2010-12-31": "", "2010-09-30": "", "2010-06-30": "", "2010-03-31": "", "2009-12-31": "", "2009-09-30": "", "2009-06-30": "", "2009-03-31": "", "2008-12-31": "", "2008-09-30": "", "2008-06-30": "", "2008-03-31": "", "2007-12-31": "", "2007-09-30": "", "2007-06-30": "", "2007-03-31": "", "2006-12-31": "", "2006-09-30": "", "2006-06-30": "", "2006-03-31": "", "2005-12-31": "", "2005-09-30": "", "2005-06-30": "", "2005-03-31": ""}, "Debt/Equity Ratio": {"2020-09-30": "0.26990", "2020-06-30": "0.65560", "2020-03-31": "1.07560", "2019-12-31": "0.87710", "2019-09-30": "0.60910", "2019-06-30": "1.12840", "2019-03-31": "0.89020", "2018-12-31": "0.56700", "2018-09-30": "0.88870", "2018-06-30": "1.01960", "2018-03-31": "1.07760", "2017-12-31": "1.04470", "2017-09-30": "1.01470", "2017-06-30": "1.05930", "2017-03-31": "0.68840", "2016-12-31": "0.68410", "2016-09-30": "0.54740", "2016-06-30": "0.88340", "2016-03-31": "0.53970", "2015-12-31": "0.62950", "2015-09-30": "0.57940", "2015-06-30": "0.69410", "2015-03-31": "0.45930", "2014-12-31": "0.48860", "2014-09-30": "0.40300", "2014-06-30": "0.38490", "2014-03-31": "0.51200", "2013-12-31": "0.47010", "2013-09-30": "0.53110", "2013-06-30": "0.56920", "2013-03-31": "0.57460", "2012-12-31": "0.57810", "2012-09-30": "0.58300", "2012-06-30": "0.57370", "2012-03-31": "0.65020", "2011-12-31": "0.60670", "2011-09-30": "0.60360", "2011-06-30": "0.61080", "2011-03-31": "0.63690", "2010-12-31": "0.56570", "2010-09-30": "0.60640", "2010-06-30": "0.59150", "2010-03-31": "0.67270", "2009-12-31": "0.69690", "2009-09-30": "0.72750", "2009-06-30": "0.72140", "2009-03-31": "0.71050", "2008-12-31": "0.75020", "2008-09-30": "0.62210", "2008-06-30": "0.61360", "2008-03-31": "0.59860", "2007-12-31": "0.68330", "2007-09-30": "0.65170", "2007-06-30": "0.63260", "2007-03-31": "0.62420", "2006-12-31": "0.69710", "2006-09-30": "0.67510", "2006-06-30": "0.81560", "2006-03-31": "0.65310", "2005-12-31": "0.79900", "2005-09-30": "0.81660", "2005-06-30": "0.75960", "2005-03-31": "0.71590"}, "Gross Margin": {"2020-09-30": "", "2020-06-30": "", "2020-03-31": "", "2019-12-31": "", "2019-09-30": "", "2019-06-30": "", "2019-03-31": "", "2018-12-31": "", "2018-09-30": "", "2018-06-30": "", "2018-03-31": "", "2017-12-31": "", "2017-09-30": "", "2017-06-30": "", "2017-03-31": "", "2016-12-31": "", "2016-09-30": "", "2016-06-30": "", "2016-03-31": "", "2015-12-31": "", "2015-09-30": "", "2015-06-30": "", "2015-03-31": "", "2014-12-31": "", "2014-09-30": "", "2014-06-30": "", "2014-03-31": "", "2013-12-31": "", "2013-09-30": "", "2013-06-30": "", "2013-03-31": "", "2012-12-31": "", "2012-09-30": "", "2012-06-30": "", "2012-03-31": "", "2011-12-31": "", "2011-09-30": "", "2011-06-30": "", "2011-03-31": "", "2010-12-31": "", "2010-09-30": "", "2010-06-30": "", "2010-03-31": "", "2009-12-31": "", "2009-09-30": "", "2009-06-30": "", "2009-03-31": "", "2008-12-31": "", "2008-09-30": "", "2008-06-30": "", "2008-03-31": "", "2007-12-31": "", "2007-09-30": "", "2007-06-30": "", "2007-03-31": "", "2006-12-31": "", "2006-09-30": "", "2006-06-30": "", "2006-03-31": "", "2005-12-31": "", "2005-09-30": "", "2005-06-30": "", "2005-03-31": ""}, "Operating Margin": {"2020-09-30": "", "2020-06-30": "", "2020-03-31": "", "2019-12-31": "", "2019-09-30": "", "2019-06-30": "", "2019-03-31": "", "2018-12-31": "", "2018-09-30": "", "2018-06-30": "", "2018-03-31": "", "2017-12-31": "", "2017-09-30": "", "2017-06-30": "", "2017-03-31": "", "2016-12-31": "", "2016-09-30": "", "2016-06-30": "", "2016-03-31": "", "2015-12-31": "", "2015-09-30": "", "2015-06-30": "", "2015-03-31": "", "2014-12-31": "", "2014-09-30": "", "2014-06-30": "", "2014-03-31": "", "2013-12-31": "", "2013-09-30": "", "2013-06-30": "", "2013-03-31": "", "2012-12-31": "", "2012-09-30": "", "2012-06-30": "", "2012-03-31": "", "2011-12-31": "", "2011-09-30": "", "2011-06-30": "", "2011-03-31": "", "2010-12-31": "", "2010-09-30": "", "2010-06-30": "", "2010-03-31": "", "2009-12-31": "", "2009-09-30": "", "2009-06-30": "", "2009-03-31": "", "2008-12-31": "", "2008-09-30": "", "2008-06-30": "", "2008-03-31": "", "2007-12-31": "", "2007-09-30": "", "2007-06-30": "", "2007-03-31": "", "2006-12-31": "", "2006-09-30": "", "2006-06-30": "", "2006-03-31": "", "2005-12-31": "", "2005-09-30": "", "2005-06-30": "", "2005-03-31": ""}, "EBIT Margin": {"2020-09-30": "", "2020-06-30": "", "2020-03-31": "", "2019-12-31": "", "2019-09-30": "", "2019-06-30": "", "2019-03-31": "", "2018-12-31": "", "2018-09-30": "", "2018-06-30": "", "2018-03-31": "", "2017-12-31": "", "2017-09-30": "", "2017-06-30": "", "2017-03-31": "", "2016-12-31": "", "2016-09-30": "", "2016-06-30": "", "2016-03-31": "", "2015-12-31": "", "2015-09-30": "", "2015-06-30": "", "2015-03-31": "", "2014-12-31": "", "2014-09-30": "", "2014-06-30": "", "2014-03-31": "", "2013-12-31": "", "2013-09-30": "", "2013-06-30": "", "2013-03-31": "", "2012-12-31": "", "2012-09-30": "", "2012-06-30": "", "2012-03-31": "", "2011-12-31": "", "2011-09-30": "", "2011-06-30": "", "2011-03-31": "", "2010-12-31": "", "2010-09-30": "", "2010-06-30": "", "2010-03-31": "", "2009-12-31": "", "2009-09-30": "", "2009-06-30": "", "2009-03-31": "", "2008-12-31": "", "2008-09-30": "", "2008-06-30": "", "2008-03-31": "", "2007-12-31": "", "2007-09-30": "", "2007-06-30": "", "2007-03-31": "", "2006-12-31": "", "2006-09-30": "", "2006-06-30": "", "2006-03-31": "", "2005-12-31": "", "2005-09-30": "", "2005-06-30": "", "2005-03-31": ""}, "EBITDA Margin": {"2020-09-30": "", "2020-06-30": "", "2020-03-31": "", "2019-12-31": "", "2019-09-30": "", "2019-06-30": "", "2019-03-31": "", "2018-12-31": "", "2018-09-30": "", "2018-06-30": "", "2018-03-31": "", "2017-12-31": "", "2017-09-30": "", "2017-06-30": "", "2017-03-31": "", "2016-12-31": "", "2016-09-30": "", "2016-06-30": "", "2016-03-31": "", "2015-12-31": "", "2015-09-30": "", "2015-06-30": "", "2015-03-31": "", "2014-12-31": "", "2014-09-30": "", "2014-06-30": "", "2014-03-31": "", "2013-12-31": "", "2013-09-30": "", "2013-06-30": "", "2013-03-31": "", "2012-12-31": "", "2012-09-30": "", "2012-06-30": "", "2012-03-31": "", "2011-12-31": "", "2011-09-30": "", "2011-06-30": "", "2011-03-31": "", "2010-12-31": "", "2010-09-30": "", "2010-06-30": "", "2010-03-31": "", "2009-12-31": "", "2009-09-30": "", "2009-06-30": "", "2009-03-31": "", "2008-12-31": "", "2008-09-30": "", "2008-06-30": "", "2008-03-31": "", "2007-12-31": "", "2007-09-30": "", "2007-06-30": "", "2007-03-31": "", "2006-12-31": "", "2006-09-30": "", "2006-06-30": "", "2006-03-31": "", "2005-12-31": "", "2005-09-30": "", "2005-06-30": "", "2005-03-31": ""}, "Pre-Tax Profit Margin": {"2020-09-30": "12.40240", "2020-06-30": "7.49870", "2020-03-31": "15.15330", "2019-12-31": "24.58920", "2019-09-30": "3.01760", "2019-06-30": "32.36870", "2019-03-31": "27.23780", "2018-12-31": "17.46450", "2018-09-30": "32.17020", "2018-06-30": "43.77930", "2018-03-31": "45.41820", "2017-12-31": "7.46550", "2017-09-30": "29.78660", "2017-06-30": "43.30970", "2017-03-31": "36.48790", "2016-12-31": "36.65340", "2016-09-30": "11.89610", "2016-06-30": "38.06080", "2016-03-31": "36.16520", "2015-12-31": "38.17470", "2015-09-30": "36.89620", "2015-06-30": "33.12250", "2015-03-31": "33.70150", "2014-12-31": "29.81820", "2014-09-30": "36.18850", "2014-06-30": "35.48610", "2014-03-31": "31.84910", "2013-12-31": "32.56530", "2013-09-30": "35.10620", "2013-06-30": "33.09700", "2013-03-31": "31.09490", "2012-12-31": "27.14860", "2012-09-30": "33.38720", "2012-06-30": "35.80600", "2012-03-31": "32.18820", "2011-12-31": "28.01020", "2011-09-30": "30.72770", "2011-06-30": "32.08190", "2011-03-31": "26.99840", "2010-12-31": "21.07770", "2010-09-30": "25.19210", "2010-06-30": "15.87970", "2010-03-31": "8.29140", "2009-12-31": "9.48310", "2009-09-30": "9.13220", "2009-06-30": "8.30890", "2009-03-31": "9.99170", "2008-12-31": "4.93440", "2008-09-30": "-7.97610", "2008-06-30": "34.57840", "2008-03-31": "34.94890", "2007-12-31": "35.81170", "2007-09-30": "38.05070", "2007-06-30": "34.05130", "2007-03-31": "33.45120", "2006-12-31": "41.29750", "2006-09-30": "40.81940", "2006-06-30": "42.13450", "2006-03-31": "41.52880", "2005-12-31": "44.17510", "2005-09-30": "43.41270", "2005-06-30": "44.62780", "2005-03-31": "44.96770"}, "Net Profit Margin": {"2020-09-30": "12.48940", "2020-06-30": "4.91580", "2020-03-31": "11.19050", "2019-12-31": "19.89580", "2019-09-30": "4.47840", "2019-06-30": "25.10890", "2019-03-31": "19.55110", "2018-12-31": "9.54970", "2018-09-30": "23.03960", "2018-06-30": "37.09370", "2018-03-31": "38.45920", "2017-12-31": "12.90000", "2017-09-30": "23.76430", "2017-06-30": "30.01610", "2017-03-31": "29.01670", "2016-12-31": "26.14070", "2016-09-30": "9.53220", "2016-06-30": "27.02010", "2016-03-31": "25.58840", "2015-12-31": "27.26880", "2015-09-30": "26.49890", "2015-06-30": "22.40520", "2015-03-31": "23.17590", "2014-12-31": "20.41460", "2014-09-30": "25.05570", "2014-06-30": "24.68940", "2014-03-31": "22.31680", "2013-12-31": "22.86470", "2013-09-30": "24.60370", "2013-06-30": "23.15300", "2013-03-31": "21.73390", "2012-12-31": "20.21490", "2012-09-30": "23.77330", "2012-06-30": "24.58950", "2012-03-31": "22.69630", "2011-12-31": "20.01570", "2011-09-30": "22.75220", "2011-06-30": "22.42660", "2011-03-31": "18.95330", "2010-12-31": "16.19170", "2010-09-30": "18.32400", "2010-06-30": "10.66010", "2010-03-31": "7.19180", "2009-12-31": "7.91200", "2009-09-30": "7.59640", "2009-06-30": "7.00760", "2009-03-31": "8.37670", "2008-12-31": "5.26650", "2008-09-30": "-4.13740", "2008-06-30": "23.38480", "2008-03-31": "23.43580", "2007-12-31": "24.73190", "2007-09-30": "26.11370", "2007-06-30": "23.04490", "2007-03-31": "22.51250", "2006-12-31": "28.07000", "2006-09-30": "28.10320", "2006-06-30": "28.21970", "2006-03-31": "27.69130", "2005-12-31": "29.35030", "2005-09-30": "30.99440", "2005-06-30": "29.54990", "2005-03-31": "29.74650"}, "Asset Turnover": {"2020-09-30": "0.00900", "2020-06-30": "0.00860", "2020-03-31": "0.00910", "2019-12-31": "0.01180", "2019-09-30": "0.00960", "2019-06-30": "0.01560", "2019-03-31": "0.01600", "2018-12-31": "0.02870", "2018-09-30": "0.01740", "2018-06-30": "0.00920", "2018-03-31": "0.00940", "2017-12-31": "0.04140", "2017-09-30": "0.00880", "2017-06-30": "0.00920", "2017-03-31": "0.00930", "2016-12-31": "0.01040", "2016-09-30": "0.00690", "2016-06-30": "0.01000", "2016-03-31": "0.00990", "2015-12-31": "0.01020", "2015-09-30": "0.01000", "2015-06-30": "0.00940", "2015-03-31": "0.01020", "2014-12-31": "0.01020", "2014-09-30": "0.01010", "2014-06-30": "0.01060", "2014-03-31": "0.00980", "2013-12-31": "0.01020", "2013-09-30": "0.00970", "2013-06-30": "0.01060", "2013-03-31": "0.01020", "2012-12-31": "0.00970", "2012-09-30": "0.00990", "2012-06-30": "0.01050", "2012-03-31": "0.01000", "2011-12-31": "0.01050", "2011-09-30": "0.00940", "2011-06-30": "0.00950", "2011-03-31": "0.00910", "2010-12-31": "0.00890", "2010-09-30": "0.00900", "2010-06-30": "0.00800", "2010-03-31": "0.00740", "2009-12-31": "0.00750", "2009-09-30": "0.00760", "2009-06-30": "0.00820", "2009-03-31": "0.00820", "2008-12-31": "0.00780", "2008-09-30": "0.00650", "2008-06-30": "0.01100", "2008-03-31": "0.01090", "2007-12-31": "0.01060", "2007-09-30": "0.01060", "2007-06-30": "0.01090", "2007-03-31": "0.01050", "2006-12-31": "0.01060", "2006-09-30": "0.01060", "2006-06-30": "0.01160", "2006-03-31": "0.01150", "2005-12-31": "0.01140", "2005-09-30": "0.01140", "2005-06-30": "0.01200", "2005-03-31": "0.01200"}, "Inventory Turnover Ratio": {"2020-09-30": "", "2020-06-30": "", "2020-03-31": "", "2019-12-31": "", "2019-09-30": "", "2019-06-30": "", "2019-03-31": "", "2018-12-31": "", "2018-09-30": "", "2018-06-30": "", "2018-03-31": "", "2017-12-31": "", "2017-09-30": "", "2017-06-30": "", "2017-03-31": "", "2016-12-31": "", "2016-09-30": "", "2016-06-30": "", "2016-03-31": "", "2015-12-31": "", "2015-09-30": "", "2015-06-30": "", "2015-03-31": "", "2014-12-31": "", "2014-09-30": "", "2014-06-30": "", "2014-03-31": "", "2013-12-31": "", "2013-09-30": "", "2013-06-30": "", "2013-03-31": "", "2012-12-31": "", "2012-09-30": "", "2012-06-30": "", "2012-03-31": "", "2011-12-31": "", "2011-09-30": "", "2011-06-30": "", "2011-03-31": "", "2010-12-31": "", "2010-09-30": "", "2010-06-30": "", "2010-03-31": "", "2009-12-31": "", "2009-09-30": "", "2009-06-30": "", "2009-03-31": "", "2008-12-31": "", "2008-09-30": "", "2008-06-30": "", "2008-03-31": "", "2007-12-31": "", "2007-09-30": "", "2007-06-30": "", "2007-03-31": "", "2006-12-31": "", "2006-09-30": "", "2006-06-30": "", "2006-03-31": "", "2005-12-31": "", "2005-09-30": "", "2005-06-30": "", "2005-03-31": ""}, "Receiveable Turnover": {"2020-09-30": "", "2020-06-30": "", "2020-03-31": "", "2019-12-31": "", "2019-09-30": "", "2019-06-30": "", "2019-03-31": "", "2018-12-31": "", "2018-09-30": "", "2018-06-30": "", "2018-03-31": "", "2017-12-31": "", "2017-09-30": "", "2017-06-30": "", "2017-03-31": "", "2016-12-31": "", "2016-09-30": "", "2016-06-30": "", "2016-03-31": "", "2015-12-31": "", "2015-09-30": "", "2015-06-30": "", "2015-03-31": "", "2014-12-31": "", "2014-09-30": "", "2014-06-30": "", "2014-03-31": "", "2013-12-31": "", "2013-09-30": "", "2013-06-30": "", "2013-03-31": "", "2012-12-31": "", "2012-09-30": "", "2012-06-30": "", "2012-03-31": "", "2011-12-31": "", "2011-09-30": "", "2011-06-30": "", "2011-03-31": "", "2010-12-31": "", "2010-09-30": "", "2010-06-30": "", "2010-03-31": "", "2009-12-31": "", "2009-09-30": "", "2009-06-30": "", "2009-03-31": "", "2008-12-31": "", "2008-09-30": "", "2008-06-30": "", "2008-03-31": "", "2007-12-31": "", "2007-09-30": "", "2007-06-30": "", "2007-03-31": "", "2006-12-31": "", "2006-09-30": "", "2006-06-30": "", "2006-03-31": "", "2005-12-31": "", "2005-09-30": "", "2005-06-30": "", "2005-03-31": ""}, "Days Sales In Receivables": {"2020-09-30": "", "2020-06-30": "", "2020-03-31": "", "2019-12-31": "", "2019-09-30": "", "2019-06-30": "", "2019-03-31": "", "2018-12-31": "", "2018-09-30": "", "2018-06-30": "", "2018-03-31": "", "2017-12-31": "", "2017-09-30": "", "2017-06-30": "", "2017-03-31": "", "2016-12-31": "", "2016-09-30": "", "2016-06-30": "", "2016-03-31": "", "2015-12-31": "", "2015-09-30": "", "2015-06-30": "", "2015-03-31": "", "2014-12-31": "", "2014-09-30": "", "2014-06-30": "", "2014-03-31": "", "2013-12-31": "", "2013-09-30": "", "2013-06-30": "", "2013-03-31": "", "2012-12-31": "", "2012-09-30": "", "2012-06-30": "", "2012-03-31": "", "2011-12-31": "", "2011-09-30": "", "2011-06-30": "", "2011-03-31": "", "2010-12-31": "", "2010-09-30": "", "2010-06-30": "", "2010-03-31": "", "2009-12-31": "", "2009-09-30": "", "2009-06-30": "", "2009-03-31": "", "2008-12-31": "", "2008-09-30": "", "2008-06-30": "", "2008-03-31": "", "2007-12-31": "", "2007-09-30": "", "2007-06-30": "", "2007-03-31": "", "2006-12-31": "", "2006-09-30": "", "2006-06-30": "", "2006-03-31": "", "2005-12-31": "", "2005-09-30": "", "2005-06-30": "", "2005-03-31": ""}, "ROE - Return On Equity": {"2020-09-30": "1.04390", "2020-06-30": "0.47790", "2020-03-31": "0.98090", "2019-12-31": "2.05930", "2019-09-30": "0.45220", "2019-06-30": "3.18410", "2019-03-31": "2.53490", "2018-12-31": "3.61150", "2018-09-30": "3.18540", "2018-06-30": "2.50770", "2018-03-31": "2.64850", "2017-12-31": "5.19750", "2017-09-30": "1.51360", "2017-06-30": "1.97060", "2017-03-31": "1.83090", "2016-12-31": "1.82710", "2016-09-30": "0.44800", "2016-06-30": "2.45410", "2016-03-31": "2.28670", "2015-12-31": "2.51030", "2015-09-30": "2.45070", "2015-06-30": "1.93970", "2015-03-31": "2.20050", "2014-12-31": "1.92000", "2014-09-30": "2.09170", "2014-06-30": "2.04610", "2014-03-31": "1.95760", "2013-12-31": "2.06430", "2013-09-30": "2.22670", "2013-06-30": "2.33000", "2013-03-31": "2.18830", "2012-12-31": "1.95560", "2012-09-30": "2.19130", "2012-06-30": "2.35420", "2012-03-31": "2.13300", "2011-12-31": "1.95970", "2011-09-30": "2.01460", "2011-06-30": "1.93350", "2011-03-31": "1.62980", "2010-12-31": "1.34610", "2010-09-30": "1.58140", "2010-06-30": "0.78970", "2010-03-31": "0.48460", "2009-12-31": "0.53090", "2009-09-30": "0.51600", "2009-06-30": "0.47460", "2009-03-31": "0.55770", "2008-12-31": "0.32270", "2008-09-30": "-0.20260", "2008-06-30": "1.86900", "2008-03-31": "1.87940", "2007-12-31": "1.93640", "2007-09-30": "2.10560", "2007-06-30": "1.87810", "2007-03-31": "1.74660", "2006-12-31": "2.21070", "2006-09-30": "2.23850", "2006-06-30": "2.42460", "2006-03-31": "2.33690", "2005-12-31": "2.50550", "2005-09-30": "2.73250", "2005-06-30": "2.67160", "2005-03-31": "2.77470"}, "Return On Tangible Equity": {"2020-09-30": "1.36640", "2020-06-30": "0.62640", "2020-03-31": "1.28750", "2019-12-31": "2.68740", "2019-09-30": "0.59300", "2019-06-30": "5.24460", "2019-03-31": "4.23160", "2018-12-31": "3.62050", "2018-09-30": "5.46910", "2018-06-30": "4.35250", "2018-03-31": "4.66160", "2017-12-31": "9.24770", "2017-09-30": "2.69240", "2017-06-30": "3.54180", "2017-03-31": "3.33440", "2016-12-31": "3.35050", "2016-09-30": "0.82570", "2016-06-30": "3.53490", "2016-03-31": "3.32860", "2015-12-31": "3.63510", "2015-09-30": "3.64070", "2015-06-30": "2.90850", "2015-03-31": "2.97890", "2014-12-31": "2.62110", "2014-09-30": "2.50450", "2014-06-30": "2.45670", "2014-03-31": "2.41250", "2013-12-31": "2.55420", "2013-09-30": "2.78010", "2013-06-30": "2.98980", "2013-03-31": "2.81760", "2012-12-31": "2.53090", "2012-09-30": "2.76240", "2012-06-30": "2.98210", "2012-03-31": "2.71500", "2011-12-31": "2.50740", "2011-09-30": "2.57320", "2011-06-30": "2.47990", "2011-03-31": "2.10120", "2010-12-31": "1.74050", "2010-09-30": "2.03380", "2010-06-30": "1.01670", "2010-03-31": "0.57630", "2009-12-31": "0.63110", "2009-09-30": "0.61230", "2009-06-30": "0.56240", "2009-03-31": "0.65930", "2008-12-31": "0.38090", "2008-09-30": "-0.23820", "2008-06-30": "2.19250", "2008-03-31": "2.20630", "2007-12-31": "2.28090", "2007-09-30": "2.48680", "2007-06-30": "2.21820", "2007-03-31": "2.05690", "2006-12-31": "2.61740", "2006-09-30": "2.65520", "2006-06-30": "2.81680", "2006-03-31": "2.71450", "2005-12-31": "2.92250", "2005-09-30": "3.19590", "2005-06-30": "3.13430", "2005-03-31": "3.27000"}, "ROA - Return On Assets": {"2020-09-30": "0.12050", "2020-06-30": "0.05240", "2020-03-31": "0.11070", "2019-12-31": "0.24530", "2019-09-30": "0.05470", "2019-06-30": "0.41810", "2019-03-31": "0.33690", "2018-12-31": "0.36370", "2018-09-30": "0.42500", "2018-06-30": "0.34010", "2018-03-31": "0.36240", "2017-12-31": "0.71940", "2017-09-30": "0.20900", "2017-06-30": "0.27690", "2017-03-31": "0.26990", "2016-12-31": "0.27180", "2016-09-30": "0.06610", "2016-06-30": "0.27090", "2016-03-31": "0.25370", "2015-12-31": "0.27760", "2015-09-30": "0.26410", "2015-06-30": "0.21090", "2015-03-31": "0.23620", "2014-12-31": "0.20900", "2014-09-30": "0.25420", "2014-06-30": "0.26050", "2014-03-31": "0.21790", "2013-12-31": "0.23250", "2013-09-30": "0.23960", "2013-06-30": "0.24460", "2013-03-31": "0.22090", "2012-12-31": "0.19710", "2012-09-30": "0.23490", "2012-06-30": "0.25910", "2012-03-31": "0.22700", "2011-12-31": "0.20980", "2011-09-30": "0.21370", "2011-06-30": "0.21200", "2011-03-31": "0.17220", "2010-12-31": "0.14370", "2010-09-30": "0.16430", "2010-06-30": "0.08580", "2010-03-31": "0.05330", "2009-12-31": "0.05920", "2009-09-30": "0.05790", "2009-06-30": "0.05740", "2009-03-31": "0.06840", "2008-12-31": "0.04090", "2008-09-30": "-0.02710", "2008-06-30": "0.25710", "2008-03-31": "0.25450", "2007-12-31": "0.26230", "2007-09-30": "0.27750", "2007-06-30": "0.25130", "2007-03-31": "0.23680", "2006-12-31": "0.29630", "2006-09-30": "0.29920", "2006-06-30": "0.32770", "2006-03-31": "0.31820", "2005-12-31": "0.33480", "2005-09-30": "0.35410", "2005-06-30": "0.35500", "2005-03-31": "0.35570"}, "ROI - Return On Investment": {"2020-09-30": "0.87750", "2020-06-30": "0.39770", "2020-03-31": "0.65180", "2019-12-31": "1.41620", "2019-09-30": "0.38110", "2019-06-30": "2.78270", "2019-03-31": "2.21000", "2018-12-31": "2.15200", "2018-09-30": "2.75910", "2018-06-30": "2.23840", "2018-03-31": "2.32740", "2017-12-31": "4.56030", "2017-09-30": "1.31750", "2017-06-30": "1.69140", "2017-03-31": "1.54010", "2016-12-31": "1.48360", "2016-09-30": "0.35440", "2016-06-30": "2.45410", "2016-03-31": "2.28670", "2015-12-31": "2.02680", "2015-09-30": "2.45070", "2015-06-30": "1.93970", "2015-03-31": "2.20050", "2014-12-31": "1.92000", "2014-09-30": "2.09170", "2014-06-30": "2.04610", "2014-03-31": "1.95760", "2013-12-31": "2.06430", "2013-09-30": "2.22670", "2013-06-30": "2.33000", "2013-03-31": "2.18830", "2012-12-31": "1.95560", "2012-09-30": "2.19130", "2012-06-30": "2.35420", "2012-03-31": "2.13300", "2011-12-31": "1.95970", "2011-09-30": "2.01460", "2011-06-30": "1.93350", "2011-03-31": "1.62980", "2010-12-31": "1.34610", "2010-09-30": "1.58140", "2010-06-30": "0.78970", "2010-03-31": "0.48460", "2009-12-31": "0.53090", "2009-09-30": "0.51600", "2009-06-30": "0.47460", "2009-03-31": "0.55770", "2008-12-31": "0.32270", "2008-09-30": "-0.20260", "2008-06-30": "1.86900", "2008-03-31": "1.87940", "2007-12-31": "1.93640", "2007-09-30": "2.10560", "2007-06-30": "1.87810", "2007-03-31": "1.74660", "2006-12-31": "2.21070", "2006-09-30": "2.23850", "2006-06-30": "2.42460", "2006-03-31": "2.33690", "2005-12-31": "2.50550", "2005-09-30": "2.73250", "2005-06-30": "2.67160", "2005-03-31": "2.77470"}, "Book Value Per Share": {"2020-09-30": "37.13370", "2020-06-30": "37.17040", "2020-03-31": "37.16400", "2019-12-31": "37.44140", "2019-09-30": "37.07340", "2019-06-30": "41.27410", "2019-03-31": "40.49570", "2018-12-31": "30.69130", "2018-09-30": "39.03980", "2018-06-30": "38.51970", "2018-03-31": "37.88760", "2017-12-31": "37.47870", "2017-09-30": "37.56870", "2017-06-30": "37.10680", "2017-03-31": "36.55970", "2016-12-31": "36.56600", "2016-09-30": "36.36560", "2016-06-30": "27.44660", "2016-03-31": "26.98940", "2015-12-31": "26.61850", "2015-09-30": "26.18250", "2015-06-30": "25.73580", "2015-03-31": "24.67500", "2014-12-31": "24.32210", "2014-09-30": "24.46680", "2014-06-30": "24.22160", "2014-03-31": "23.62540", "2013-12-31": "23.38030", "2013-09-30": "22.61120", "2013-06-30": "22.13600", "2013-03-31": "21.96550", "2012-12-31": "21.68590", "2012-09-30": "21.75080", "2012-06-30": "21.42010", "2012-03-31": "21.10230", "2011-12-31": "20.82270", "2011-09-30": "21.01650", "2011-06-30": "20.78290", "2011-03-31": "20.53620", "2010-12-31": "20.41100", "2010-09-30": "20.44360", "2010-06-30": "20.26860", "2010-03-31": "19.75960", "2009-12-31": "19.85310", "2009-09-30": "20.06200", "2009-06-30": "20.23130", "2009-03-31": "20.40060", "2008-12-31": "20.58310", "2008-09-30": "21.18750", "2008-06-30": "21.58380", "2008-03-31": "21.60000", "2007-12-31": "21.35060", "2007-09-30": "21.03760", "2007-06-30": "20.78700", "2007-03-31": "20.86110", "2006-12-31": "20.45620", "2006-09-30": "20.69830", "2006-06-30": "20.32360", "2006-03-31": "20.28220", "2005-12-31": "19.97950", "2005-09-30": "19.81520", "2005-06-30": "19.67760", "2005-03-31": "19.32460"}, "Operating Cash Flow Per Share": {"2020-09-30": 0.9612, "2020-06-30": -0.1847, "2020-03-31": "-3.28620", "2019-12-31": 4.5283, "2019-09-30": -1.4395, "2019-06-30": 0.9491, "2019-03-31": "1.70140", "2018-12-31": 1.7861, "2018-09-30": 2.6024, "2018-06-30": 0.7826, "2018-03-31": "1.51290", "2017-12-31": 1.0498, "2017-09-30": 0.5838, "2017-06-30": 0.1631, "2017-03-31": "1.06050", "2016-12-31": 5.5566, "2016-09-30": -1.0755, "2016-06-30": 0.6691, "2016-03-31": "0.50470", "2015-12-31": 1.3947, "2015-09-30": 0.6517, "2015-06-30": 0.5622, "2015-03-31": "0.22610", "2014-12-31": 1.1068, "2014-09-30": 0.4494, "2014-06-30": 0.607, "2014-03-31": "0.69310", "2013-12-31": 0.909, "2013-09-30": 0.7518, "2013-06-30": 1.2507, "2013-03-31": "0.25160", "2012-12-31": 1.124, "2012-09-30": 0.4472, "2012-06-30": 1.5463, "2012-03-31": "0.33270", "2011-12-31": 1.103, "2011-09-30": 0.3308, "2011-06-30": 1.0534, "2011-03-31": "1.23840", "2010-12-31": 1.0836, "2010-09-30": 0.1194, "2010-06-30": 0.7069, "2010-03-31": "1.02540", "2009-12-31": -0.4138, "2009-09-30": 1.5202, "2009-06-30": 0.7921, "2009-03-31": "0.02700", "2008-12-31": 0.9689, "2008-09-30": 0.7113, "2008-06-30": 0.6222, "2008-03-31": "0.61840", "2007-12-31": 0.799, "2007-09-30": 0.5371, "2007-06-30": 0.4549, "2007-03-31": "0.60930", "2006-12-31": 2.1795, "2006-09-30": -0.7092, "2006-06-30": 0.3415, "2006-03-31": "0.77990", "2005-12-31": 0.5154, "2005-09-30": 0.8114, "2005-06-30": 0.5418, "2005-03-31": "0.79870"}, "Free Cash Flow Per Share": {"2020-09-30": 0.7423, "2020-06-30": -0.3089, "2020-03-31": "-3.44290", "2019-12-31": 3.9881, "2019-09-30": -1.4517, "2019-06-30": 0.6194, "2019-03-31": "1.20140", "2018-12-31": 10.7195, "2018-09-30": -8.0735, "2018-06-30": 0.7275, "2018-03-31": "1.46450", "2017-12-31": -0.7504, "2017-09-30": 0.5674, "2017-06-30": 0.0489, "2017-03-31": "1.02860", "2016-12-31": 5.3972, "2016-09-30": -1.18, "2016-06-30": 0.6306, "2016-03-31": "0.44230", "2015-12-31": 1.2922, "2015-09-30": 0.6138, "2015-06-30": 0.5125, "2015-03-31": "0.18160", "2014-12-31": 1.0235, "2014-09-30": 0.2145, "2014-06-30": 0.5535, "2014-03-31": "0.64020", "2013-12-31": 0.7877, "2013-09-30": 0.6641, "2013-06-30": 1.1759, "2013-03-31": "0.22980", "2012-12-31": 1.035, "2012-09-30": 0.3586, "2012-06-30": 1.4467, "2012-03-31": "0.23630", "2011-12-31": 0.9826, "2011-09-30": 0.2616, "2011-06-30": 0.9729, "2011-03-31": "1.19580", "2010-12-31": 1.0073, "2010-09-30": 0.0545, "2010-06-30": 0.6454, "2010-03-31": "0.93420", "2009-12-31": -0.5083, "2009-09-30": 1.4286, "2009-06-30": 0.7392, "2009-03-31": "-0.02670", "2008-12-31": 0.8323, "2008-09-30": 0.5793, "2008-06-30": 0.5705, "2008-03-31": "0.57360", "2007-12-31": 0.672, "2007-09-30": 0.479, "2007-06-30": 0.4847, "2007-03-31": "0.55170", "2006-12-31": 2.047, "2006-09-30": -0.8823, "2006-06-30": 0.2814, "2006-03-31": "0.71220", "2005-12-31": 0.4594, "2005-09-30": 0.7933, "2005-06-30": 0.5018, "2005-03-31": "0.77300"}}, "revenue": {"TCF Financial Annual Revenue (Millions of US $)": {"2020": "$2,282", "2019": "$2,053", "2018": "$1,614", "2017": "$1,468", "2016": "$533", "2015": "$372", "2014": "$290", "2013": "$274", "2012": "$265", "2011": "$262", "2010": "$253", "2009": "$234", "2008": "$250", "2007": "$269", "2006": "$258", "2005": "$239"}, "TCF Financial Quarterly Revenue (Millions of US $)": {"2020-12-31": "$539", "2020-09-30": "$539", "2020-06-30": "$571", "2020-03-31": "$632", "2019-12-31": "$668", "2019-09-30": "$554", "2019-06-30": "$420", "2019-03-31": "$410", "2018-12-31": "$764", "2018-09-30": "$404", "2018-06-30": "$228", "2018-03-31": "$218", "2017-12-31": "$893", "2017-09-30": "$197", "2017-06-30": "$197", "2017-03-31": "$181", "2016-12-31": "$199", "2016-09-30": "$131", "2016-06-30": "$104", "2016-03-31": "$99", "2015-12-31": "$101", "2015-09-30": "$99", "2015-06-30": "$90", "2015-03-31": "$82", "2014-12-31": "$80", "2014-09-30": "$72", "2014-06-30": "$71", "2014-03-31": "$67", "2013-12-31": "$69", "2013-09-30": "$68", "2013-06-30": "$69", "2013-03-31": "$69", "2012-12-31": "$68", "2012-09-30": "$65", "2012-06-30": "$66", "2012-03-31": "$66", "2011-12-31": "$68", "2011-09-30": "$65", "2011-06-30": "$64", "2011-03-31": "$64", "2010-12-31": "$66", "2010-09-30": "$67", "2010-06-30": "$64", "2010-03-31": "$56", "2009-12-31": "$58", "2009-09-30": "$58", "2009-06-30": "$59", "2009-03-31": "$58", "2008-12-31": "$61", "2008-09-30": "$62", "2008-06-30": "$63", "2008-03-31": "$63", "2007-12-31": "$67", "2007-09-30": "$68", "2007-06-30": "$68", "2007-03-31": "$66", "2006-12-31": "$66", "2006-09-30": "$65", "2006-06-30": "$64", "2006-03-31": "$62", "2005-12-31": "$61", "2005-09-30": "$61", "2005-06-30": "$59", "2005-03-31": "$58"}}, "gross-profit": {"TCF Financial Annual Gross Profit (Millions of US $)": {"2020": "$2,054", "2019": "$1,755", "2018": "$1,463", "2017": "$1,374", "2016": "$503", "2015": "$354", "2014": "$276", "2013": "$257", "2012": "$242", "2011": "$231", "2010": "$214", "2009": "$189", "2008": "$186", "2007": "$173", "2006": "$172", "2005": "$181"}, "TCF Financial Quarterly Gross Profit (Millions of US $)": {"2020-12-31": "$509", "2020-09-30": "$496", "2020-06-30": "$511", "2020-03-31": "$538", "2019-12-31": "$567", "2019-09-30": "$466", "2019-06-30": "$364", "2019-03-31": "$358", "2018-12-31": "$709", "2018-09-30": "$366", "2018-06-30": "$196", "2018-03-31": "$192", "2017-12-31": "$850", "2017-09-30": "$176", "2017-06-30": "$180", "2017-03-31": "$168", "2016-12-31": "$187", "2016-09-30": "$125", "2016-06-30": "$98", "2016-03-31": "$94", "2015-12-31": "$96", "2015-09-30": "$94", "2015-06-30": "$86", "2015-03-31": "$78", "2014-12-31": "$76", "2014-09-30": "$68", "2014-06-30": "$67", "2014-03-31": "$63", "2013-12-31": "$65", "2013-09-30": "$64", "2013-06-30": "$64", "2013-03-31": "$64", "2012-12-31": "$63", "2012-09-30": "$60", "2012-06-30": "$60", "2012-03-31": "$60", "2011-12-31": "$61", "2011-09-30": "$57", "2011-06-30": "$56", "2011-03-31": "$56", "2010-12-31": "$57", "2010-09-30": "$57", "2010-06-30": "$54", "2010-03-31": "$46", "2009-12-31": "$47", "2009-09-30": "$47", "2009-06-30": "$48", "2009-03-31": "$46", "2008-12-31": "$48", "2008-09-30": "$47", "2008-06-30": "$48", "2008-03-31": "$44", "2007-12-31": "$44", "2007-09-30": "$44", "2007-06-30": "$44", "2007-03-31": "$42", "2006-12-31": "$43", "2006-09-30": "$43", "2006-06-30": "$44", "2006-03-31": "$43", "2005-12-31": "$44", "2005-09-30": "$45", "2005-06-30": "$45", "2005-03-31": "$46"}}, "operating-income": {"TCF Financial Annual Operating Income (Millions of US $)": {"2020": "$474", "2019": "$529", "2018": "$402", "2017": "$245", "2016": "$211", "2015": "$132", "2014": "$96", "2013": "$81", "2012": "$72", "2011": "$60", "2010": "$31", "2009": "$12", "2008": "$28", "2007": "$57", "2006": "$69", "2005": "$78"}, "TCF Financial Quarterly Operating Income (Millions of US $)": {"2020-12-31": "$149", "2020-09-30": "$107", "2020-06-30": "$114", "2020-03-31": "$104", "2019-12-31": "$183", "2019-09-30": "$125", "2019-06-30": "$118", "2019-03-31": "$104", "2018-12-31": "$119", "2018-09-30": "$117", "2018-06-30": "$81", "2018-03-31": "$85", "2017-12-31": "$34", "2017-09-30": "$72", "2017-06-30": "$76", "2017-03-31": "$64", "2016-12-31": "$84", "2016-09-30": "$52", "2016-06-30": "$39", "2016-03-31": "$36", "2015-12-31": "$38", "2015-09-30": "$35", "2015-06-30": "$32", "2015-03-31": "$27", "2014-12-31": "$27", "2014-09-30": "$25", "2014-06-30": "$24", "2014-03-31": "$20", "2013-12-31": "$20", "2013-09-30": "$21", "2013-06-30": "$20", "2013-03-31": "$19", "2012-12-31": "$16", "2012-09-30": "$18", "2012-06-30": "$20", "2012-03-31": "$18", "2011-12-31": "$16", "2011-09-30": "$16", "2011-06-30": "$16", "2011-03-31": "$13", "2010-12-31": "$10", "2010-09-30": "$12", "2010-06-30": "$7", "2010-03-31": "$3", "2009-12-31": "$3", "2009-09-30": "$3", "2009-06-30": "$3", "2009-03-31": "$3", "2008-12-31": "$1", "2008-09-30": "$-2", "2008-06-30": "$14", "2008-03-31": "$14", "2007-12-31": "$14", "2007-09-30": "$15", "2007-06-30": "$14", "2007-03-31": "$13", "2006-12-31": "$17", "2006-09-30": "$17", "2006-06-30": "$18", "2006-03-31": "$18", "2005-12-31": "$19", "2005-09-30": "$19", "2005-06-30": "$20", "2005-03-31": "$20"}}, "ebitda": {"TCF Financial Annual EBITDA (Millions of US $)": {"2019": "$", "2018": "$", "2017": "$", "2016": "$", "2015": "$", "2014": "$", "2013": "$", "2012": "$", "2011": "$", "2010": "$", "2009": "$", "2008": "$", "2007": "$", "2006": "$", "2005": "$"}, "TCF Financial Quarterly EBITDA (Millions of US $)": {"2020-09-30": "", "2020-06-30": "", "2020-03-31": "", "2019-12-31": "", "2019-09-30": "", "2019-06-30": "", "2019-03-31": "", "2018-12-31": "", "2018-09-30": "", "2018-06-30": "", "2018-03-31": "", "2017-12-31": "", "2017-09-30": "", "2017-06-30": "", "2017-03-31": "", "2016-12-31": "", "2016-09-30": "", "2016-06-30": "", "2016-03-31": "", "2015-12-31": "", "2015-09-30": "", "2015-06-30": "", "2015-03-31": "", "2014-12-31": "", "2014-09-30": "", "2014-06-30": "", "2014-03-31": "", "2013-12-31": "", "2013-09-30": "", "2013-06-30": "", "2013-03-31": "", "2012-12-31": "", "2012-09-30": "", "2012-06-30": "", "2012-03-31": "", "2011-12-31": "", "2011-09-30": "", "2011-06-30": "", "2011-03-31": "", "2010-12-31": "", "2010-09-30": "", "2010-06-30": "", "2010-03-31": "", "2009-12-31": "", "2009-09-30": "", "2009-06-30": "", "2009-03-31": "", "2008-12-31": "", "2008-09-30": "", "2008-06-30": "", "2008-03-31": "", "2007-12-31": "", "2007-09-30": "", "2007-06-30": "", "2007-03-31": "", "2006-12-31": "", "2006-09-30": "", "2006-06-30": "", "2006-03-31": "", "2005-12-31": "", "2005-09-30": "", "2005-06-30": "", "2005-03-31": ""}}, "net-income": {"TCF Financial Annual Net Income (Millions of US $)": {"2020": "$213", "2019": "$285", "2018": "$289", "2017": "$243", "2016": "$108", "2015": "$87", "2014": "$62", "2013": "$57", "2012": "$51", "2011": "$43", "2010": "$23", "2009": "$10", "2008": "$20", "2007": "$39", "2006": "$47", "2005": "$53"}, "TCF Financial Quarterly Net Income (Millions of US $)": {"2020-12-31": "$89", "2020-09-30": "$53", "2020-06-30": "$21", "2020-03-31": "$49", "2019-12-31": "$110", "2019-09-30": "$20", "2019-06-30": "$88", "2019-03-31": "$68", "2018-12-31": "$65", "2018-09-30": "$84", "2018-06-30": "$69", "2018-03-31": "$72", "2017-12-31": "$103", "2017-09-30": "$40", "2017-06-30": "$52", "2017-03-31": "$48", "2016-12-31": "$47", "2016-09-30": "$11", "2016-06-30": "$26", "2016-03-31": "$24", "2015-12-31": "$26", "2015-09-30": "$24", "2015-06-30": "$19", "2015-03-31": "$18", "2014-12-31": "$15", "2014-09-30": "$17", "2014-06-30": "$16", "2014-03-31": "$14", "2013-12-31": "$14", "2013-09-30": "$15", "2013-06-30": "$14", "2013-03-31": "$13", "2012-12-31": "$12", "2012-09-30": "$13", "2012-06-30": "$14", "2012-03-31": "$12", "2011-12-31": "$11", "2011-09-30": "$12", "2011-06-30": "$11", "2011-03-31": "$9", "2010-12-31": "$8", "2010-09-30": "$9", "2010-06-30": "$4", "2010-03-31": "$2", "2009-12-31": "$3", "2009-09-30": "$2", "2009-06-30": "$2", "2009-03-31": "$3", "2008-12-31": "$2", "2008-09-30": "$-1", "2008-06-30": "$10", "2008-03-31": "$10", "2007-12-31": "$10", "2007-09-30": "$11", "2007-06-30": "$10", "2007-03-31": "$9", "2006-12-31": "$11", "2006-09-30": "$11", "2006-06-30": "$12", "2006-03-31": "$12", "2005-12-31": "$13", "2005-09-30": "$14", "2005-06-30": "$13", "2005-03-31": "$14"}}, "eps-earnings-per-share-diluted": {"TCF Financial Annual EPS": {"2020": "$0.00", "2019": "$2.55", "2018": "$3.43", "2017": "$2.83", "2016": "$2.17", "2015": "$2.39", "2014": "$1.97", "2013": "$2.00", "2012": "$1.85", "2011": "$1.57", "2010": "$0.88", "2009": "$0.42", "2008": "$0.83", "2007": "$1.60", "2006": "$1.88", "2005": "$2.10"}, "TCF Financial Quarterly EPS": {"2020-12-31": "$0.58", "2020-09-30": "$0.35", "2020-06-30": "$0.14", "2020-03-31": "$0.32", "2019-12-31": "$0.50", "2019-09-30": "$0.15", "2019-06-30": "$1.07", "2019-03-31": "$0.83", "2018-12-31": "$0.48", "2018-09-30": "$1.00", "2018-06-30": "$0.96", "2018-03-31": "$0.99", "2017-12-31": "$0.87", "2017-09-30": "$0.56", "2017-06-30": "$0.73", "2017-03-31": "$0.67", "2016-12-31": "$0.67", "2016-09-30": "$0.23", "2016-06-30": "$0.67", "2016-03-31": "$0.60", "2015-12-31": "$0.67", "2015-09-30": "$0.64", "2015-06-30": "$0.54", "2015-03-31": "$0.54", "2014-12-31": "$0.46", "2014-09-30": "$0.51", "2014-06-30": "$0.54", "2014-03-31": "$0.46", "2013-12-31": "$0.48", "2013-09-30": "$0.53", "2013-06-30": "$0.51", "2013-03-31": "$0.48", "2012-12-31": "$0.42", "2012-09-30": "$0.48", "2012-06-30": "$0.50", "2012-03-31": "$0.45", "2011-12-31": "$0.42", "2011-09-30": "$0.42", "2011-06-30": "$0.40", "2011-03-31": "$0.33", "2010-12-31": "$0.29", "2010-09-30": "$0.32", "2010-06-30": "$0.17", "2010-03-31": "$0.10", "2009-12-31": "$0.11", "2009-09-30": "$0.10", "2009-06-30": "$0.10", "2009-03-31": "$0.11", "2008-12-31": "$0.06", "2008-09-30": "$-0.04", "2008-06-30": "$0.40", "2008-03-31": "$0.41", "2007-12-31": "$0.41", "2007-09-30": "$0.44", "2007-06-30": "$0.39", "2007-03-31": "$0.36", "2006-12-31": "$0.46", "2006-09-30": "$0.46", "2006-06-30": "$0.49", "2006-03-31": "$0.47", "2005-12-31": "$0.50", "2005-09-30": "$0.54", "2005-06-30": "$0.53", "2005-03-31": "$0.53"}}, "shares-outstanding": {"TCF Financial Annual Shares Outstanding (Millions of Shares)": {"2020": "", "2019": "112", "2018": "84", "2017": "86", "2016": "50", "2015": "36", "2014": "32", "2013": "28", "2012": "28", "2011": "28", "2010": "26", "2009": "24", "2008": "24", "2007": "24", "2006": "25", "2005": "25"}, "TCF Financial Quarterly Shares Outstanding (Millions of Shares)": {"2020-12-31": "152", "2020-09-30": "152", "2020-06-30": "152", "2020-03-31": "152", "2019-12-31": "112", "2019-09-30": "129", "2019-06-30": "82", "2019-03-31": "82", "2018-12-31": "84", "2018-09-30": "84", "2018-06-30": "72", "2018-03-31": "72", "2017-12-31": "86", "2017-09-30": "72", "2017-06-30": "71", "2017-03-31": "71", "2016-12-31": "50", "2016-09-30": "50", "2016-06-30": "39", "2016-03-31": "39", "2015-12-31": "36", "2015-09-30": "38", "2015-06-30": "35", "2015-03-31": "33", "2014-12-31": "32", "2014-09-30": "33", "2014-06-30": "30", "2014-03-31": "30", "2013-12-31": "28", "2013-09-30": "28", "2013-06-30": "28", "2013-03-31": "28", "2012-12-31": "28", "2012-09-30": "28", "2012-06-30": "28", "2012-03-31": "28", "2011-12-31": "28", "2011-09-30": "28", "2011-06-30": "27", "2011-03-31": "27", "2010-12-31": "26", "2010-09-30": "27", "2010-06-30": "26", "2010-03-31": "24", "2009-12-31": "24", "2009-09-30": "24", "2009-06-30": "24", "2009-03-31": "24", "2008-12-31": "24", "2008-09-30": "24", "2008-06-30": "24", "2008-03-31": "24", "2007-12-31": "24", "2007-09-30": "24", "2007-06-30": "25", "2007-03-31": "25", "2006-12-31": "25", "2006-09-30": "25", "2006-06-30": "25", "2006-03-31": "25", "2005-12-31": "25", "2005-09-30": "25", "2005-06-30": "25", "2005-03-31": "25"}}, "total-assets": {"TCF Financial Annual Total Assets (Millions of US $)": {"2019": "$46,652", "2018": "$23,700", "2017": "$19,281", "2016": "$17,355", "2015": "$9,189", "2014": "$7,322", "2013": "$6,185", "2012": "$5,917", "2011": "$5,339", "2010": "$5,246", "2009": "$4,251", "2008": "$3,874", "2007": "$3,754", "2006": "$3,789", "2005": "$3,749"}, "TCF Financial Quarterly Total Assets (Millions of US $)": {"2020-09-30": "$47,566", "2020-06-30": "$50,062", "2020-03-31": "$48,594", "2019-12-31": "$46,652", "2019-09-30": "$45,693", "2019-06-30": "$22,492", "2019-03-31": "$21,800", "2018-12-31": "$23,700", "2018-09-30": "$20,905", "2018-06-30": "$20,283", "2018-03-31": "$19,756", "2017-12-31": "$19,281", "2017-09-30": "$19,354", "2017-06-30": "$18,781", "2017-03-31": "$17,637", "2016-12-31": "$17,355", "2016-09-30": "$17,384", "2016-06-30": "$9,514", "2016-03-31": "$9,304", "2015-12-31": "$9,189", "2015-09-30": "$9,265", "2015-06-30": "$9,021", "2015-03-31": "$7,552", "2014-12-31": "$7,322", "2014-09-30": "$6,597", "2014-06-30": "$6,232", "2014-03-31": "$6,338", "2013-12-31": "$6,185", "2013-09-30": "$6,258", "2013-06-30": "$5,806", "2013-03-31": "$5,991", "2012-12-31": "$5,917", "2012-09-30": "$5,580", "2012-06-30": "$5,352", "2012-03-31": "$5,452", "2011-12-31": "$5,339", "2011-09-30": "$5,440", "2011-06-30": "$5,204", "2011-03-31": "$5,335", "2010-12-31": "$5,246", "2010-09-30": "$5,400", "2010-06-30": "$5,121", "2010-03-31": "$4,293", "2009-12-31": "$4,251", "2009-09-30": "$4,268", "2009-06-30": "$3,999", "2009-03-31": "$3,976", "2008-12-31": "$3,874", "2008-09-30": "$3,788", "2008-06-30": "$3,738", "2008-03-31": "$3,799", "2007-12-31": "$3,754", "2007-09-30": "$3,823", "2007-06-30": "$3,785", "2007-03-31": "$3,817", "2006-12-31": "$3,789", "2006-09-30": "$3,840", "2006-06-30": "$3,731", "2006-03-31": "$3,739", "2005-12-31": "$3,749", "2005-09-30": "$3,842", "2005-06-30": "$3,722", "2005-03-31": "$3,797"}}, "cash-on-hand": {"TCF Financial Annual Cash on Hand (Millions of US $)": {"2019": "$1,671", "2018": "$679", "2017": "$456", "2016": "$474", "2015": "$239", "2014": "$183", "2013": "$311", "2012": "$656", "2011": "$382", "2010": "$536", "2009": "$361", "2008": "$173", "2007": "$190", "2006": "$191", "2005": "$157"}, "TCF Financial Quarterly Cash on Hand (Millions of US $)": {"2020-09-30": "$2,072", "2020-06-30": "$3,467", "2020-03-31": "$1,763", "2019-12-31": "$1,671", "2019-09-30": "$1,613", "2019-06-30": "$593", "2019-03-31": "$518", "2018-12-31": "$679", "2018-09-30": "$665", "2018-06-30": "$525", "2018-03-31": "$553", "2017-12-31": "$456", "2017-09-30": "$709", "2017-06-30": "$619", "2017-03-31": "$442", "2016-12-31": "$474", "2016-09-30": "$557", "2016-06-30": "$233", "2016-03-31": "$291", "2015-12-31": "$239", "2015-09-30": "$292", "2015-06-30": "$215", "2015-03-31": "$394", "2014-12-31": "$183", "2014-09-30": "$382", "2014-06-30": "$140", "2014-03-31": "$382", "2013-12-31": "$311", "2013-09-30": "$493", "2013-06-30": "$207", "2013-03-31": "$579", "2012-12-31": "$656", "2012-09-30": "$439", "2012-06-30": "$242", "2012-03-31": "$474", "2011-12-31": "$382", "2011-09-30": "$611", "2011-06-30": "$400", "2011-03-31": "$642", "2010-12-31": "$536", "2010-09-30": "$721", "2010-06-30": "$398", "2010-03-31": "$447", "2009-12-31": "$361", "2009-09-30": "$466", "2009-06-30": "$208", "2009-03-31": "$226", "2008-12-31": "$173", "2008-09-30": "$114", "2008-06-30": "$123", "2008-03-31": "$262", "2007-12-31": "$190", "2007-09-30": "$203", "2007-06-30": "$196", "2007-03-31": "$231", "2006-12-31": "$191", "2006-09-30": "$179", "2006-06-30": "$152", "2006-03-31": "$200", "2005-12-31": "$157", "2005-09-30": "$224", "2005-06-30": "$116", "2005-03-31": "$183"}}, "long-term-debt": {"TCF Financial Annual Long Term Debt (Millions of US $)": {"2019": "$2,354", "2018": "$1,449", "2017": "$373", "2016": "$598", "2015": "$242", "2014": "$", "2013": "$", "2012": "$34", "2011": "$43", "2010": "$74", "2009": "$90", "2008": "$135", "2007": "$150", "2006": "$145", "2005": "$197"}, "TCF Financial Quarterly Long Term Debt (Millions of US $)": {"2020-09-30": "$872", "2020-06-30": "$937", "2020-03-31": "$2,601", "2019-12-31": "$2,354", "2019-09-30": "$860", "2019-06-30": "$426", "2019-03-31": "$426", "2018-12-31": "$1,449", "2018-09-30": "$431", "2018-06-30": "$331", "2018-03-31": "$373", "2017-12-31": "$373", "2017-09-30": "$398", "2017-06-30": "$436", "2017-03-31": "$491", "2016-12-31": "$598", "2016-09-30": "$677", "2016-06-30": "", "2016-03-31": "", "2015-12-31": "$242", "2015-09-30": "", "2015-06-30": "", "2015-03-31": "", "2014-12-31": "", "2014-09-30": "", "2014-06-30": "", "2014-03-31": "", "2013-12-31": "", "2013-09-30": "", "2013-06-30": "", "2013-03-31": "", "2012-12-31": "$34", "2012-09-30": "$37", "2012-06-30": "$38", "2012-03-31": "$42", "2011-12-31": "$43", "2011-09-30": "$46", "2011-06-30": "$72", "2011-03-31": "$73", "2010-12-31": "$74", "2010-09-30": "$85", "2010-06-30": "$87", "2010-03-31": "$80", "2009-12-31": "$90", "2009-09-30": "$115", "2009-06-30": "$115", "2009-03-31": "$125", "2008-12-31": "$135", "2008-09-30": "$90", "2008-06-30": "$130", "2008-03-31": "$130", "2007-12-31": "$150", "2007-09-30": "$125", "2007-06-30": "$135", "2007-03-31": "$165", "2006-12-31": "$145", "2006-09-30": "$180", "2006-06-30": "$260", "2006-03-31": "$193", "2005-12-31": "$197", "2005-09-30": "$269", "2005-06-30": "$269", "2005-03-31": "$254"}}, "total-liabilities": {"TCF Financial Annual Total Liabilities (Millions of US $)": {"2019": "$40,924", "2018": "$21,143", "2017": "$16,612", "2016": "$14,774", "2015": "$8,173", "2014": "$6,525", "2013": "$5,488", "2012": "$5,321", "2011": "$4,768", "2010": "$4,686", "2009": "$3,776", "2008": "$3,383", "2007": "$3,246", "2006": "$3,281", "2005": "$3,248"}, "TCF Financial Quarterly Total Liabilities (Millions of US $)": {"2020-09-30": "$41,907", "2020-06-30": "$44,404", "2020-03-31": "$42,939", "2019-12-31": "$40,924", "2019-09-30": "$39,999", "2019-06-30": "$19,538", "2019-03-31": "$18,903", "2018-12-31": "$21,143", "2018-09-30": "$18,117", "2018-06-30": "$17,532", "2018-03-31": "$17,053", "2017-12-31": "$16,612", "2017-09-30": "$16,681", "2017-06-30": "$16,142", "2017-03-31": "$15,037", "2016-12-31": "$14,774", "2016-09-30": "$14,820", "2016-06-30": "$8,464", "2016-03-31": "$8,271", "2015-12-31": "$8,173", "2015-09-30": "$8,266", "2015-06-30": "$8,040", "2015-03-31": "$6,741", "2014-12-31": "$6,525", "2014-09-30": "$5,795", "2014-06-30": "$5,438", "2014-03-31": "$5,633", "2013-12-31": "$5,488", "2013-09-30": "$5,585", "2013-06-30": "$5,197", "2013-03-31": "$5,386", "2012-12-31": "$5,321", "2012-09-30": "$4,982", "2012-06-30": "$4,763", "2012-03-31": "$4,871", "2011-12-31": "$4,768", "2011-09-30": "$4,863", "2011-06-30": "$4,633", "2011-03-31": "$4,771", "2010-12-31": "$4,686", "2010-09-30": "$4,839", "2010-06-30": "$4,564", "2010-03-31": "$3,820", "2009-12-31": "$3,776", "2009-09-30": "$3,789", "2009-06-30": "$3,515", "2009-03-31": "$3,488", "2008-12-31": "$3,383", "2008-09-30": "$3,282", "2008-06-30": "$3,224", "2008-03-31": "$3,285", "2007-12-31": "$3,246", "2007-09-30": "$3,319", "2007-06-30": "$3,278", "2007-03-31": "$3,300", "2006-12-31": "$3,281", "2006-09-30": "$3,327", "2006-06-30": "$3,227", "2006-03-31": "$3,230", "2005-12-31": "$3,248", "2005-09-30": "$3,344", "2005-06-30": "$3,227", "2005-03-31": "$3,310"}}, "total-share-holder-equity": {"TCF Financial Annual Share Holder Equity (Millions of US $)": {"2019": "$5,727", "2018": "$2,556", "2017": "$2,669", "2016": "$2,582", "2015": "$1,016", "2014": "$797", "2013": "$697", "2012": "$596", "2011": "$572", "2010": "$560", "2009": "$474", "2008": "$492", "2007": "$508", "2006": "$508", "2005": "$501"}, "TCF Financial Quarterly Share Holder Equity (Millions of US $)": {"2020-09-30": "$5,658", "2020-06-30": "$5,659", "2020-03-31": "$5,656", "2019-12-31": "$5,727", "2019-09-30": "$5,693", "2019-06-30": "$2,954", "2019-03-31": "$2,898", "2018-12-31": "$2,556", "2018-09-30": "$2,789", "2018-06-30": "$2,751", "2018-03-31": "$2,703", "2017-12-31": "$2,669", "2017-09-30": "$2,673", "2017-06-30": "$2,639", "2017-03-31": "$2,600", "2016-12-31": "$2,582", "2016-09-30": "$2,564", "2016-06-30": "$1,050", "2016-03-31": "$1,032", "2015-12-31": "$1,016", "2015-09-30": "$998", "2015-06-30": "$981", "2015-03-31": "$811", "2014-12-31": "$797", "2014-09-30": "$802", "2014-06-30": "$793", "2014-03-31": "$706", "2013-12-31": "$697", "2013-09-30": "$673", "2013-06-30": "$610", "2013-03-31": "$605", "2012-12-31": "$596", "2012-09-30": "$598", "2012-06-30": "$589", "2012-03-31": "$580", "2011-12-31": "$572", "2011-09-30": "$577", "2011-06-30": "$571", "2011-03-31": "$564", "2010-12-31": "$560", "2010-09-30": "$561", "2010-06-30": "$556", "2010-03-31": "$472", "2009-12-31": "$474", "2009-09-30": "$479", "2009-06-30": "$483", "2009-03-31": "$487", "2008-12-31": "$492", "2008-09-30": "$506", "2008-06-30": "$514", "2008-03-31": "$515", "2007-12-31": "$508", "2007-09-30": "$504", "2007-06-30": "$506", "2007-03-31": "$518", "2006-12-31": "$508", "2006-09-30": "$513", "2006-06-30": "$504", "2006-03-31": "$509", "2005-12-31": "$501", "2005-09-30": "$498", "2005-06-30": "$495", "2005-03-31": "$487"}}, "profit-margins": {"current": "9.76%"}, "gross margin": {"2020-12-31": "90.05%", "2020-09-30": "87.63%", "2020-06-30": "85.86%", "2020-03-31": "85.09%", "2019-12-31": "85.53%", "2019-09-30": "88.31%", "2019-06-30": "89.94%", "2019-03-31": "90.20%", "2018-12-31": "90.64%", "2018-09-30": "92.03%", "2018-06-30": "92.06%", "2018-03-31": "92.89%", "2017-12-31": "93.60%", "2017-09-30": "91.86%", "2017-06-30": "93.22%", "2017-03-31": "93.98%", "2016-12-31": "94.56%", "2016-09-30": "94.94%", "2016-06-30": "94.79%", "2016-03-31": "95.12%", "2015-12-31": "95.16%", "2015-09-30": "95.16%", "2015-06-30": "95.06%", "2015-03-31": "94.75%", "2014-12-31": "94.48%", "2014-09-30": "94.27%", "2014-06-30": "94.18%", "2014-03-31": "93.77%", "2013-12-31": "93.45%", "2013-09-30": "93.07%", "2013-06-30": "92.62%", "2013-03-31": "92.16%", "2012-12-31": "91.70%", "2012-09-30": "90.94%", "2012-06-30": "89.81%", "2012-03-31": "88.97%", "2011-12-31": "88.12%", "2011-09-30": "87.26%", "2011-06-30": "86.59%", "2011-03-31": "85.82%", "2010-12-31": "84.58%", "2010-09-30": "83.27%", "2010-06-30": "82.20%", "2010-03-31": "81.39%", "2009-12-31": "80.69%", "2009-09-30": "80.08%", "2009-06-30": "78.75%", "2009-03-31": "77.46%", "2008-12-31": "75.10%", "2008-09-30": "71.76%", "2008-06-30": "68.97%", "2008-03-31": "66.17%", "2007-12-31": "64.68%", "2007-09-30": "64.55%", "2007-06-30": "64.91%", "2007-03-31": "65.90%", "2006-12-31": "67.32%", "2006-09-30": "69.05%", "2006-06-30": "70.97%", "2006-03-31": "72.84%", "2005-12-31": "75.31%"}, "operating margin": {"2020-12-31": "20.78%", "2020-09-30": "21.08%", "2020-06-30": "21.69%", "2020-03-31": "23.31%", "2019-12-31": "25.83%", "2019-09-30": "21.69%", "2019-06-30": "22.92%", "2019-03-31": "23.31%", "2018-12-31": "24.91%", "2018-09-30": "18.19%", "2018-06-30": "17.71%", "2018-03-31": "17.74%", "2017-12-31": "16.76%", "2017-09-30": "38.24%", "2017-06-30": "38.98%", "2017-03-31": "38.86%", "2016-12-31": "39.59%", "2016-09-30": "37.93%", "2016-06-30": "36.72%", "2016-03-31": "36.25%", "2015-12-31": "35.48%", "2015-09-30": "34.47%", "2015-06-30": "34.26%", "2015-03-31": "33.77%", "2014-12-31": "33.10%", "2014-09-30": "31.90%", "2014-06-30": "30.91%", "2014-03-31": "29.67%", "2013-12-31": "29.09%", "2013-09-30": "27.74%", "2013-06-30": "26.94%", "2013-03-31": "27.24%", "2012-12-31": "27.17%", "2012-09-30": "27.17%", "2012-06-30": "26.42%", "2012-03-31": "25.10%", "2011-12-31": "23.37%", "2011-09-30": "21.24%", "2011-06-30": "19.54%", "2011-03-31": "16.09%", "2010-12-31": "12.65%", "2010-09-30": "10.20%", "2010-06-30": "6.78%", "2010-03-31": "5.19%", "2009-12-31": "5.15%", "2009-09-30": "4.24%", "2009-06-30": "2.08%", "2009-03-31": "6.56%", "2008-12-31": "10.84%", "2008-09-30": "15.69%", "2008-06-30": "21.84%", "2008-03-31": "21.43%", "2007-12-31": "20.82%", "2007-09-30": "22.01%", "2007-06-30": "23.02%", "2007-03-31": "24.90%", "2006-12-31": "27.24%", "2006-09-30": "28.57%", "2006-06-30": "29.84%", "2006-03-31": "31.28%", "2005-12-31": "32.64%"}, "ebitda margin": {"2020-09-30": "0.00%", "2020-06-30": "0.00%", "2020-03-31": "0.00%", "2019-12-31": "0.00%", "2019-09-30": "0.00%", "2019-06-30": "0.00%", "2019-03-31": "0.00%", "2018-12-31": "0.00%", "2018-09-30": "0.00%", "2018-06-30": "0.00%", "2018-03-31": "0.00%", "2017-12-31": "0.00%", "2017-09-30": "0.00%", "2017-06-30": "0.00%", "2017-03-31": "0.00%", "2016-12-31": "0.00%", "2016-09-30": "0.00%", "2016-06-30": "0.00%", "2016-03-31": "0.00%", "2015-12-31": "0.00%", "2015-09-30": "0.00%", "2015-06-30": "0.00%", "2015-03-31": "0.00%", "2014-12-31": "0.00%", "2014-09-30": "0.00%", "2014-06-30": "0.00%", "2014-03-31": "0.00%", "2013-12-31": "0.00%", "2013-09-30": "0.00%", "2013-06-30": "0.00%", "2013-03-31": "0.00%", "2012-12-31": "0.00%", "2012-09-30": "0.00%", "2012-06-30": "0.00%", "2012-03-31": "0.00%", "2011-12-31": "0.00%", "2011-09-30": "0.00%", "2011-06-30": "0.00%", "2011-03-31": "0.00%", "2010-12-31": "0.00%", "2010-09-30": "0.00%", "2010-06-30": "0.00%", "2010-03-31": "0.00%", "2009-12-31": "0.00%", "2009-09-30": "0.00%", "2009-06-30": "0.00%", "2009-03-31": "0.00%", "2008-12-31": "0.00%", "2008-09-30": "0.00%", "2008-06-30": "0.00%", "2008-03-31": "0.00%", "2007-12-31": "0.00%", "2007-09-30": "0.00%", "2007-06-30": "0.00%", "2007-03-31": "0.00%", "2006-12-31": "0.00%", "2006-09-30": "0.00%", "2006-06-30": "0.00%", "2006-03-31": "0.00%", "2005-12-31": "0.00%"}, "pre tax profit margin": {"2020-12-31": "11.84%", "2020-09-30": "11.95%", "2020-06-30": "10.23%", "2020-03-31": "14.47%", "2019-12-31": "17.40%", "2019-09-30": "15.83%", "2019-06-30": "22.22%", "2019-03-31": "22.81%", "2018-12-31": "24.91%", "2018-09-30": "19.68%", "2018-06-30": "18.03%", "2018-03-31": "18.01%", "2017-12-31": "16.76%", "2017-09-30": "32.56%", "2017-06-30": "30.37%", "2017-03-31": "28.62%", "2016-12-31": "27.95%", "2016-09-30": "27.36%", "2016-06-30": "34.49%", "2016-03-31": "33.68%", "2015-12-31": "33.33%", "2015-09-30": "31.34%", "2015-06-30": "30.86%", "2015-03-31": "31.15%", "2014-12-31": "30.69%", "2014-09-30": "31.18%", "2014-06-30": "30.55%", "2014-03-31": "29.67%", "2013-12-31": "29.09%", "2013-09-30": "27.74%", "2013-06-30": "26.94%", "2013-03-31": "27.24%", "2012-12-31": "27.17%", "2012-09-30": "27.17%", "2012-06-30": "26.42%", "2012-03-31": "25.10%", "2011-12-31": "23.37%", "2011-09-30": "21.24%", "2011-06-30": "19.54%", "2011-03-31": "16.09%", "2010-12-31": "12.65%", "2010-09-30": "10.20%", "2010-06-30": "6.78%", "2010-03-31": "5.19%", "2009-12-31": "5.15%", "2009-09-30": "4.24%", "2009-06-30": "2.08%", "2009-03-31": "6.56%", "2008-12-31": "10.84%", "2008-09-30": "15.69%", "2008-06-30": "21.84%", "2008-03-31": "21.43%", "2007-12-31": "20.82%", "2007-09-30": "22.01%", "2007-06-30": "23.02%", "2007-03-31": "24.90%", "2006-12-31": "27.24%", "2006-09-30": "28.57%", "2006-06-30": "29.84%", "2006-03-31": "31.28%", "2005-12-31": "32.64%"}, "net profit margin": {"2020-12-31": "9.29%", "2020-09-30": "9.67%", "2020-06-30": "8.25%", "2020-03-31": "11.74%", "2019-12-31": "13.94%", "2019-09-30": "11.22%", "2019-06-30": "15.27%", "2019-03-31": "15.84%", "2018-12-31": "17.97%", "2018-09-30": "18.82%", "2018-06-30": "18.49%", "2018-03-31": "17.74%", "2017-12-31": "16.55%", "2017-09-30": "24.16%", "2017-06-30": "22.32%", "2017-03-31": "21.46%", "2016-12-31": "20.26%", "2016-09-30": "20.00%", "2016-06-30": "24.81%", "2016-03-31": "23.91%", "2015-12-31": "23.39%", "2015-09-30": "21.65%", "2015-06-30": "21.30%", "2015-03-31": "21.64%", "2014-12-31": "21.38%", "2014-09-30": "21.86%", "2014-06-30": "21.45%", "2014-03-31": "20.88%", "2013-12-31": "20.36%", "2013-09-30": "19.71%", "2013-06-30": "19.19%", "2013-03-31": "19.40%", "2012-12-31": "19.25%", "2012-09-30": "18.87%", "2012-06-30": "18.49%", "2012-03-31": "17.49%", "2011-12-31": "16.48%", "2011-09-30": "15.44%", "2011-06-30": "14.18%", "2011-03-31": "11.49%", "2010-12-31": "9.09%", "2010-09-30": "7.35%", "2010-06-30": "4.66%", "2010-03-31": "3.90%", "2009-12-31": "4.29%", "2009-09-30": "3.81%", "2009-06-30": "2.50%", "2009-03-31": "5.74%", "2008-12-31": "8.43%", "2008-09-30": "11.37%", "2008-06-30": "15.71%", "2008-03-31": "15.41%", "2007-12-31": "14.87%", "2007-09-30": "15.30%", "2007-06-30": "15.47%", "2007-03-31": "16.48%", "2006-12-31": "17.90%", "2006-09-30": "19.05%", "2006-06-30": "20.56%", "2006-03-31": "21.40%", "2005-12-31": "22.59%"}, "pe ratio": {"current": "16.61", "2021-02-05": "29.76", "2020-12-31": "26.63", "2020-09-30": "15.10", "2020-06-30": "21.60", "2020-03-31": "10.14", "2019-12-31": "16.55", "2019-09-30": "12.06", "2019-06-30": "10.09", "2019-03-31": "10.02", "2018-12-31": "8.62", "2018-09-30": "16.09", "2018-06-30": "19.34", "2018-03-31": "20.72", "2017-12-31": "23.06", "2017-09-30": "17.89", "2017-06-30": "19.01", "2017-03-31": "20.51", "2016-12-31": "22.32", "2016-09-30": "18.09", "2016-06-30": "12.65", "2016-03-31": "12.67", "2015-12-31": "12.38", "2015-09-30": "12.67", "2015-06-30": "13.65", "2015-03-31": "12.85", "2014-12-31": "12.96", "2014-09-30": "11.17", "2014-06-30": "11.45", "2014-03-31": "13.33", "2013-12-31": "12.78", "2013-09-30": "11.53", "2013-06-30": "10.92", "2013-03-31": "11.06", "2012-12-31": "10.04", "2012-09-30": "10.18", "2012-06-30": "9.26", "2012-03-31": "10.60", "2011-12-31": "10.29", "2011-09-30": "8.04", "2011-06-30": "10.47", "2011-03-31": "13.33", "2010-12-31": "18.59", "2010-09-30": "21.08", "2010-06-30": "32.12", "2010-03-31": "40.44", "2009-12-31": "39.03", "2009-09-30": "39.38", "2009-06-30": "56.13", "2009-03-31": "25.69", "2008-12-31": "21.74", "2008-09-30": "17.06", "2008-06-30": "7.87", "2008-03-31": "9.14", "2007-12-31": "9.29", "2007-09-30": "9.14", "2007-06-30": "9.52", "2007-03-31": "10.23", "2006-12-31": "10.66"}, "price sales": {"2021-02-05": "2.75", "2020-12-31": "2.46", "2020-09-30": "1.32", "2020-06-30": "1.58", "2020-03-31": "1.12", "2019-12-31": "2.19", "2019-09-30": "1.54", "2019-06-30": "1.61", "2019-03-31": "1.74", "2018-12-31": "1.68", "2018-09-30": "2.28", "2018-06-30": "2.62", "2018-03-31": "2.61", "2017-12-31": "2.61", "2017-09-30": "3.89", "2017-06-30": "3.61", "2017-03-31": "3.82", "2016-12-31": "4.01", "2016-09-30": "3.63", "2016-06-30": "3.07", "2016-03-31": "2.95", "2015-12-31": "2.84", "2015-09-30": "2.72", "2015-06-30": "2.87", "2015-03-31": "2.76", "2014-12-31": "2.74", "2014-09-30": "2.42", "2014-06-30": "2.44", "2014-03-31": "2.75", "2013-12-31": "2.60", "2013-09-30": "2.27", "2013-06-30": "2.11", "2013-03-31": "2.14", "2012-12-31": "1.93", "2012-09-30": "1.94", "2012-06-30": "1.71", "2012-03-31": "1.86", "2011-12-31": "1.68", "2011-09-30": "1.19", "2011-06-30": "1.43", "2011-03-31": "1.49", "2010-12-31": "1.65", "2010-09-30": "1.53", "2010-06-30": "1.60", "2010-03-31": "1.71", "2009-12-31": "1.68", "2009-09-30": "1.51", "2009-06-30": "1.34", "2009-03-31": "1.35", "2008-12-31": "1.74", "2008-09-30": "1.89", "2008-06-30": "1.20", "2008-03-31": "1.37", "2007-12-31": "1.35", "2007-09-30": "1.37", "2007-06-30": "1.48", "2007-03-31": "1.72", "2006-12-31": "1.93"}, "price book": {"current": "1.14", "2021-02-05": "1.11", "2020-09-30": "0.62", "2020-06-30": "0.77", "2020-03-31": "0.59", "2019-12-31": "1.19", "2019-09-30": "0.97", "2019-06-30": "0.93", "2019-03-31": "0.94", "2018-12-31": "1.10", "2018-09-30": "1.25", "2018-06-30": "1.32", "2018-03-31": "1.31", "2017-12-31": "1.29", "2017-09-30": "1.25", "2017-06-30": "1.16", "2017-03-31": "1.24", "2016-12-31": "1.31", "2016-09-30": "1.06", "2016-06-30": "1.18", "2016-03-31": "1.15", "2015-12-31": "1.11", "2015-09-30": "1.05", "2015-06-30": "1.09", "2015-03-31": "1.07", "2014-12-31": "1.05", "2014-09-30": "0.91", "2014-06-30": "0.95", "2014-03-31": "1.12", "2013-12-31": "1.09", "2013-09-30": "0.99", "2013-06-30": "0.93", "2013-03-31": "0.95", "2012-12-31": "0.86", "2012-09-30": "0.86", "2012-06-30": "0.77", "2012-03-31": "0.84", "2011-12-31": "0.77", "2011-09-30": "0.54", "2011-06-30": "0.67", "2011-03-31": "0.71", "2010-12-31": "0.78", "2010-09-30": "0.72", "2010-06-30": "0.76", "2010-03-31": "0.84", "2009-12-31": "0.83", "2009-09-30": "0.75", "2009-06-30": "0.67", "2009-03-31": "0.68", "2008-12-31": "0.89", "2008-09-30": "0.95", "2008-06-30": "0.61", "2008-03-31": "0.70", "2007-12-31": "0.70", "2007-09-30": "0.71", "2007-06-30": "0.76", "2007-03-31": "0.86", "2006-12-31": "0.97", "2006-09-30": "0.85", "2006-06-30": "0.89", "2006-03-31": "0.93"}, "price fcf": {"2021-02-05": "", "2020-09-30": "$0.98", "2020-06-30": "$-1.22", "2020-03-31": "$-0.29", "2019-12-31": "$4.36", "2019-09-30": "$11.09", "2019-06-30": "$4.47", "2019-03-31": "$4.57", "2018-12-31": "$4.84", "2018-09-30": "$-6.63", "2018-06-30": "$2.01", "2018-03-31": "$1.33", "2017-12-31": "$0.89", "2017-09-30": "$7.04", "2017-06-30": "$5.29", "2017-03-31": "$5.88", "2016-12-31": "$5.29", "2016-09-30": "$1.19", "2016-06-30": "$2.98", "2016-03-31": "$2.86", "2015-12-31": "$2.60", "2015-09-30": "$2.33", "2015-06-30": "$1.93", "2015-03-31": "$1.97", "2014-12-31": "$2.43", "2014-09-30": "$2.20", "2014-06-30": "$2.65", "2014-03-31": "$3.27", "2013-12-31": "$2.86", "2013-09-30": "$3.10", "2013-06-30": "$2.80", "2013-03-31": "$3.07", "2012-12-31": "$3.08", "2012-09-30": "$3.02", "2012-06-30": "$2.93", "2012-03-31": "$2.45", "2011-12-31": "$3.41", "2011-09-30": "$3.44", "2011-06-30": "$3.23", "2011-03-31": "$2.90", "2010-12-31": "$2.64", "2010-09-30": "$1.13", "2010-06-30": "$2.50", "2010-03-31": "$2.59", "2009-12-31": "$1.63", "2009-09-30": "$2.97", "2009-06-30": "$2.12", "2009-03-31": "$1.96", "2008-12-31": "$2.56", "2008-09-30": "$2.40", "2008-06-30": "$2.30", "2008-03-31": "$2.21", "2007-12-31": "$2.19", "2007-09-30": "$3.56", "2007-06-30": "$2.20", "2007-03-31": "$2.00", "2006-12-31": "$2.16"}, "net worth": {"value": "$6.31B"}, "current ratio": {"2020-12-31": "0.91", "2020-09-30": "0.91", "2020-06-30": "1.10", "2020-03-31": "0.96", "2019-12-31": "0.98", "2019-09-30": "0.96", "2019-06-30": "0.90", "2019-03-31": "0.90", "2018-12-31": "1.04", "2018-09-30": "0.92", "2018-06-30": "0.92", "2018-03-31": "0.92", "2017-12-31": "0.94", "2017-09-30": "0.94", "2017-06-30": "0.95", "2017-03-31": "0.99", "2016-12-31": "1.00", "2016-09-30": "1.00", "2016-06-30": "0.96", "2016-03-31": "0.95", "2015-12-31": "0.97", "2015-09-30": "0.93", "2015-06-30": "0.92", "2015-03-31": "0.92", "2014-12-31": "0.91", "2014-09-30": "0.95", "2014-06-30": "0.94", "2014-03-31": "0.92", "2013-12-31": "0.91", "2013-09-30": "0.91", "2013-06-30": "0.88", "2013-03-31": "0.90", "2012-12-31": "0.93", "2012-09-30": "0.91", "2012-06-30": "0.90", "2012-03-31": "0.91", "2011-12-31": "0.91", "2011-09-30": "0.92", "2011-06-30": "0.92", "2011-03-31": "0.94", "2010-12-31": "0.93", "2010-09-30": "0.93", "2010-06-30": "0.91", "2010-03-31": "0.92", "2009-12-31": "0.92", "2009-09-30": "0.95", "2009-06-30": "0.95", "2009-03-31": "0.96", "2008-12-31": "0.98", "2008-09-30": "0.96", "2008-06-30": "0.97", "2008-03-31": "0.97", "2007-12-31": "0.97", "2007-09-30": "0.95", "2007-06-30": "0.96", "2007-03-31": "0.97", "2006-12-31": "0.96", "2006-09-30": "0.97", "2006-06-30": "0.99", "2006-03-31": "0.96", "2005-12-31": "0.95", "2005-09-30": "0.96", "2005-06-30": "0.94", "2005-03-31": "0.91"}, "quick ratio": {"2020-12-31": "0.00", "2020-09-30": "0.00", "2020-06-30": "0.00", "2020-03-31": "0.00", "2019-12-31": "0.00", "2019-09-30": "0.00", "2019-06-30": "0.00", "2019-03-31": "0.00", "2018-12-31": "0.00", "2018-09-30": "0.00", "2018-06-30": "0.00", "2018-03-31": "0.00", "2017-12-31": "0.00", "2017-09-30": "0.00", "2017-06-30": "0.00", "2017-03-31": "0.00", "2016-12-31": "0.00", "2016-09-30": "0.00", "2016-06-30": "0.00", "2016-03-31": "0.00", "2015-12-31": "0.00", "2015-09-30": "0.00", "2015-06-30": "0.00", "2015-03-31": "0.00", "2014-12-31": "0.00", "2014-09-30": "0.00", "2014-06-30": "0.00", "2014-03-31": "0.00", "2013-12-31": "0.00", "2013-09-30": "0.00", "2013-06-30": "0.00", "2013-03-31": "0.00", "2012-12-31": "0.00", "2012-09-30": "0.00", "2012-06-30": "0.00", "2012-03-31": "0.00", "2011-12-31": "0.00", "2011-09-30": "0.00", "2011-06-30": "0.00", "2011-03-31": "0.00", "2010-12-31": "0.00", "2010-09-30": "0.00", "2010-06-30": "0.00", "2010-03-31": "0.00", "2009-12-31": "0.00", "2009-09-30": "0.00", "2009-06-30": "0.00", "2009-03-31": "0.00", "2008-12-31": "0.00", "2008-09-30": "0.00", "2008-06-30": "0.00", "2008-03-31": "0.00", "2007-12-31": "0.00", "2007-09-30": "0.00", "2007-06-30": "0.00", "2007-03-31": "0.00", "2006-12-31": "0.00", "2006-09-30": "0.00", "2006-06-30": "0.00", "2006-03-31": "0.00", "2005-12-31": "0.00", "2005-09-30": "0.00", "2005-06-30": "0.00", "2005-03-31": "0.00"}, "debt equity ratio": {"current": "0.25", "2020-12-31": "7.40", "2020-09-30": "7.41", "2020-06-30": "7.85", "2020-03-31": "7.59", "2019-12-31": "7.15", "2019-09-30": "7.03", "2019-06-30": "6.62", "2019-03-31": "6.52", "2018-12-31": "8.27", "2018-09-30": "6.50", "2018-06-30": "6.37", "2018-03-31": "6.31", "2017-12-31": "6.23", "2017-09-30": "6.24", "2017-06-30": "6.12", "2017-03-31": "5.78", "2016-12-31": "5.72", "2016-09-30": "5.78", "2016-06-30": "8.06", "2016-03-31": "8.01", "2015-12-31": "8.04", "2015-09-30": "8.28", "2015-06-30": "8.20", "2015-03-31": "8.32", "2014-12-31": "8.19", "2014-09-30": "7.23", "2014-06-30": "6.85", "2014-03-31": "7.98", "2013-12-31": "7.88", "2013-09-30": "8.30", "2013-06-30": "8.53", "2013-03-31": "8.91", "2012-12-31": "8.92", "2012-09-30": "8.33", "2012-06-30": "8.09", "2012-03-31": "8.40", "2011-12-31": "8.34", "2011-09-30": "8.43", "2011-06-30": "8.12", "2011-03-31": "8.46", "2010-12-31": "8.37", "2010-09-30": "8.63", "2010-06-30": "8.21", "2010-03-31": "8.09", "2009-12-31": "7.96", "2009-09-30": "7.91", "2009-06-30": "7.27", "2009-03-31": "7.16", "2008-12-31": "6.88", "2008-09-30": "6.49", "2008-06-30": "6.27", "2008-03-31": "6.38", "2007-12-31": "6.38", "2007-09-30": "6.59", "2007-06-30": "6.47", "2007-03-31": "6.38", "2006-12-31": "6.46", "2006-09-30": "6.48", "2006-06-30": "6.40", "2006-03-31": "6.34", "2005-12-31": "6.48", "2005-09-30": "6.72", "2005-06-30": "6.53", "2005-03-31": "6.80"}, "return on equity": {"2020-12-31": "3.74%", "2020-09-30": "4.11%", "2020-06-30": "3.52%", "2020-03-31": "5.33%", "2019-12-31": "6.62%", "2019-09-30": "6.84%", "2019-06-30": "10.90%", "2019-03-31": "10.41%", "2018-12-31": "10.74%", "2018-09-30": "12.02%", "2018-06-30": "10.52%", "2018-03-31": "10.00%", "2017-12-31": "9.19%", "2017-09-30": "7.13%", "2017-06-30": "6.09%", "2017-03-31": "6.00%", "2016-12-31": "5.98%", "2016-09-30": "6.15%", "2016-06-30": "9.77%", "2016-03-31": "9.24%", "2015-12-31": "9.14%", "2015-09-30": "8.48%", "2015-06-30": "8.14%", "2015-03-31": "8.24%", "2014-12-31": "8.01%", "2014-09-30": "8.14%", "2014-06-30": "8.23%", "2014-03-31": "8.49%", "2013-12-31": "8.67%", "2013-09-30": "8.70%", "2013-06-30": "8.63%", "2013-03-31": "8.71%", "2012-12-31": "8.63%", "2012-09-30": "8.55%", "2012-06-30": "8.46%", "2012-03-31": "8.00%", "2011-12-31": "7.53%", "2011-09-30": "7.04%", "2011-06-30": "6.56%", "2011-03-31": "5.35%", "2010-12-31": "4.28%", "2010-09-30": "3.49%", "2010-06-30": "2.22%", "2010-03-31": "1.89%", "2009-12-31": "2.08%", "2009-09-30": "1.85%", "2009-06-30": "1.22%", "2009-03-31": "2.80%", "2008-12-31": "4.14%", "2008-09-30": "5.68%", "2008-06-30": "8.04%", "2008-03-31": "8.07%", "2007-12-31": "7.86%", "2007-09-30": "8.06%", "2007-06-30": "8.02%", "2007-03-31": "8.42%", "2006-12-31": "9.05%", "2006-09-30": "9.47%", "2006-06-30": "10.14%", "2006-03-31": "10.38%", "2005-12-31": "10.90%"}, "return on assets": {"2020-12-31": "0.44%", "2020-09-30": "0.48%", "2020-06-30": "0.42%", "2020-03-31": "0.65%", "2019-12-31": "0.84%", "2019-09-30": "0.85%", "2019-06-30": "1.37%", "2019-03-31": "1.32%", "2018-12-31": "1.37%", "2018-09-30": "1.64%", "2018-06-30": "1.44%", "2018-03-31": "1.38%", "2017-12-31": "1.30%", "2017-09-30": "1.02%", "2017-06-30": "0.89%", "2017-03-31": "0.85%", "2016-12-31": "0.81%", "2016-09-30": "0.77%", "2016-06-30": "1.07%", "2016-03-31": "1.01%", "2015-12-31": "0.99%", "2015-09-30": "0.92%", "2015-06-30": "0.91%", "2015-03-31": "0.95%", "2014-12-31": "0.94%", "2014-09-30": "0.96%", "2014-06-30": "0.94%", "2014-03-31": "0.93%", "2013-12-31": "0.92%", "2013-09-30": "0.90%", "2013-06-30": "0.89%", "2013-03-31": "0.91%", "2012-12-31": "0.91%", "2012-09-30": "0.92%", "2012-06-30": "0.91%", "2012-03-31": "0.86%", "2011-12-31": "0.81%", "2011-09-30": "0.75%", "2011-06-30": "0.70%", "2011-03-31": "0.57%", "2010-12-31": "0.46%", "2010-09-30": "0.38%", "2010-06-30": "0.25%", "2010-03-31": "0.21%", "2009-12-31": "0.24%", "2009-09-30": "0.22%", "2009-06-30": "0.15%", "2009-03-31": "0.36%", "2008-12-31": "0.55%", "2008-09-30": "0.77%", "2008-06-30": "1.09%", "2008-03-31": "1.08%", "2007-12-31": "1.05%", "2007-09-30": "1.08%", "2007-06-30": "1.08%", "2007-03-31": "1.13%", "2006-12-31": "1.22%", "2006-09-30": "1.27%", "2006-06-30": "1.35%", "2006-03-31": "1.38%", "2005-12-31": "1.43%"}, "return on investments": {"2020-12-31": "6.67%", "2020-09-30": "6.90%", "2020-06-30": "7.14%", "2020-03-31": "8.07%", "2019-12-31": "9.93%", "2019-09-30": "10.80%", "2019-06-30": "13.15%", "2019-03-31": "12.35%", "2018-12-31": "12.01%", "2018-09-30": "10.21%", "2018-06-30": "8.87%", "2018-03-31": "8.71%", "2017-12-31": "8.01%", "2017-09-30": "9.54%", "2017-06-30": "8.77%", "2017-03-31": "10.05%", "2016-12-31": "13.15%", "2016-09-30": "14.67%", "2016-06-30": "47.06%", "2016-03-31": "44.83%", "2015-12-31": "41.97%", "2015-09-30": "inf%", "2015-06-30": "inf%", "2015-03-31": "inf%", "2014-12-31": "inf%", "2014-09-30": "inf%", "2014-06-30": "inf%", "2014-03-31": "inf%", "2013-12-31": "inf%", "2013-09-30": "48.18%", "2013-06-30": "23.06%", "2013-03-31": "15.43%", "2012-12-31": "11.45%", "2012-09-30": "11.52%", "2012-06-30": "11.26%", "2012-03-31": "10.55%", "2011-12-31": "9.69%", "2011-09-30": "8.67%", "2011-06-30": "7.97%", "2011-03-31": "6.56%", "2010-12-31": "5.17%", "2010-09-30": "4.16%", "2010-06-30": "2.72%", "2010-03-31": "2.08%", "2009-12-31": "2.03%", "2009-09-30": "1.65%", "2009-06-30": "0.82%", "2009-03-31": "2.58%", "2008-12-31": "4.30%", "2008-09-30": "6.29%", "2008-06-30": "8.85%", "2008-03-31": "8.85%", "2007-12-31": "8.57%", "2007-09-30": "9.05%", "2007-06-30": "9.14%", "2007-03-31": "9.31%", "2006-12-31": "9.96%", "2006-09-30": "10.08%", "2006-06-30": "10.10%", "2006-03-31": "10.37%", "2005-12-31": "10.51%"}, "return on tangible equity": {"2020-09-30": "5.54%", "2020-06-30": "4.75%", "2020-03-31": "7.39%", "2019-12-31": "9.53%", "2019-09-30": "9.52%", "2019-06-30": "16.19%", "2019-03-31": "15.62%", "2018-12-31": "16.28%", "2018-09-30": "21.01%", "2018-06-30": "18.55%", "2018-03-31": "17.78%", "2017-12-31": "16.47%", "2017-09-30": "12.88%", "2017-06-30": "11.10%", "2017-03-31": "10.65%", "2016-12-31": "10.20%", "2016-09-30": "9.86%", "2016-06-30": "14.22%", "2016-03-31": "13.59%", "2015-12-31": "13.25%", "2015-09-30": "12.12%", "2015-06-30": "11.01%", "2015-03-31": "10.51%", "2014-12-31": "9.97%", "2014-09-30": "9.89%", "2014-06-30": "10.10%", "2014-03-31": "10.60%", "2013-12-31": "10.94%", "2013-09-30": "11.11%", "2013-06-30": "11.06%", "2013-03-31": "11.12%", "2012-12-31": "10.99%", "2012-09-30": "10.86%", "2012-06-30": "10.77%", "2012-03-31": "10.22%", "2011-12-31": "9.66%", "2011-09-30": "9.05%", "2011-06-30": "8.45%", "2011-03-31": "6.90%", "2010-12-31": "5.42%", "2010-09-30": "4.33%", "2010-06-30": "2.70%", "2010-03-31": "2.24%", "2009-12-31": "2.46%", "2009-09-30": "2.20%", "2009-06-30": "1.44%", "2009-03-31": "3.30%", "2008-12-31": "4.88%", "2008-09-30": "6.67%", "2008-06-30": "9.45%", "2008-03-31": "9.50%", "2007-12-31": "9.26%", "2007-09-30": "9.51%", "2007-06-30": "9.47%", "2007-03-31": "9.91%", "2006-12-31": "10.61%", "2006-09-30": "11.07%", "2006-06-30": "11.81%", "2006-03-31": "12.12%", "2005-12-31": "12.77%"}, "dividend yield history": {"last payout": "$1.40", "last yield": "3.38%"}}