{"ticker": "TDG", "price": {"title": "Transdigm Group Historical Annual Stock Price Data", "value": 575.02, "historical": {"2020": {"Average Stock Price": "485.7685", "Year Open": "567.4400", "Year High": "657.9300", "Year Low": "245.7900", "Year Close": "618.8500", "Annual % Change": "10.51%"}, "2019": {"Average Stock Price": "484.4419", "Year Open": "339.6500", "Year High": "597.7800", "Year Low": "325.5500", "Year Close": "560.0000", "Annual % Change": "64.68%"}, "2018": {"Average Stock Price": "331.8834", "Year Open": "275.1100", "Year High": "375.5400", "Year Low": "270.2200", "Year Close": "340.0600", "Annual % Change": "23.83%"}, "2017": {"Average Stock Price": "258.7595", "Year Open": "250.5400", "Year High": "287.6000", "Year Low": "210.0400", "Year Close": "274.6200", "Annual % Change": "10.31%"}, "2016": {"Average Stock Price": "251.8025", "Year Open": "229.8600", "Year High": "291.8100", "Year Low": "187.2900", "Year Close": "248.9600", "Annual % Change": "8.98%"}, "2015": {"Average Stock Price": "222.3156", "Year Open": "197.7500", "Year High": "244.3500", "Year Low": "196.4500", "Year Close": "228.4500", "Annual % Change": "16.35%"}, "2014": {"Average Stock Price": "180.6152", "Year Open": "159.5700", "Year High": "200.6100", "Year Low": "159.5700", "Year Close": "196.3500", "Annual % Change": "21.94%"}, "2013": {"Average Stock Price": "146.0069", "Year Open": "140.0000", "Year High": "162.4800", "Year Low": "134.8100", "Year Close": "161.0200", "Annual % Change": "18.08%"}, "2012": {"Average Stock Price": "125.8834", "Year Open": "94.0800", "Year High": "150.9000", "Year Low": "93.1300", "Year Close": "136.3600", "Annual % Change": "42.52%"}, "2011": {"Average Stock Price": "85.6727", "Year Open": "73.7500", "Year High": "98.5100", "Year Low": "73.7500", "Year Close": "95.6800", "Annual % Change": "32.87%"}, "2010": {"Average Stock Price": "57.1407", "Year Open": "49.4000", "Year High": "72.3900", "Year Low": "47.5000", "Year Close": "72.0100", "Annual % Change": "51.63%"}, "2009": {"Average Stock Price": "39.4382", "Year Open": "33.4500", "Year High": "50.0700", "Year Low": "30.6300", "Year Close": "47.4900", "Annual % Change": "41.47%"}, "2008": {"Average Stock Price": "36.0942", "Year Open": "45.1400", "Year High": "45.5600", "Year Low": "24.2400", "Year Close": "33.5700", "Annual % Change": "-25.68%"}, "2007": {"Average Stock Price": "39.1653", "Year Open": "25.4100", "Year High": "50.1900", "Year Low": "25.3500", "Year Close": "45.1700", "Annual % Change": "70.39%"}, "2006": {"Average Stock Price": "24.6140", "Year Open": "24.1000", "Year High": "27.8100", "Year Low": "22.1700", "Year Close": "26.5100", "Annual % Change": "0.00%"}}}, "market cap": {"value": "$32.63B"}, "income statement": {"Revenue": {"2020-09-30": "5103.00000", "2019-09-30": "5223.00000", "2018-09-30": "3811.00000", "2017-09-30": "3504.28600", "2016-09-30": "3171.41100", "2015-09-30": "2707.11500", "2014-09-30": "2372.90600", "2013-09-30": "1924.40000", "2012-09-30": "1700.20800", "2011-09-30": "1206.02100", "2010-09-30": "827.65400", "2009-09-30": "761.55200", "2008-09-30": "713.71100", "2007-09-30": "592.79800", "2006-09-30": "435.16400", "2005-09-30": "374.25300"}, "Cost Of Goods Sold": {"2020-09-30": "2456.00000", "2019-09-30": "2414.00000", "2018-09-30": "1634.00000", "2017-09-30": "1519.65900", "2016-09-30": "1443.34800", "2015-09-30": "1257.27000", "2014-09-30": "1105.03200", "2013-09-30": "874.83800", "2012-09-30": "754.49100", "2011-09-30": "544.83600", "2010-09-30": "354.58800", "2009-09-30": "332.20600", "2008-09-30": "327.78000", "2007-09-30": "283.76600", "2006-09-30": "213.87400", "2005-09-30": "189.98300"}, "Gross Profit": {"2020-09-30": "2647.00000", "2019-09-30": "2809.00000", "2018-09-30": "2177.00000", "2017-09-30": "1984.62700", "2016-09-30": "1728.06300", "2015-09-30": "1449.84500", "2014-09-30": "1267.87400", "2013-09-30": "1049.56200", "2012-09-30": "945.71700", "2011-09-30": "661.18500", "2010-09-30": "473.06600", "2009-09-30": "429.34600", "2008-09-30": "385.93100", "2007-09-30": "309.03200", "2006-09-30": "221.29000", "2005-09-30": "184.27000"}, "Research And Development Expenses": {"2020-09-30": "", "2019-09-30": "", "2018-09-30": "", "2017-09-30": "", "2016-09-30": "", "2015-09-30": "", "2014-09-30": "", "2013-09-30": "", "2012-09-30": "", "2011-09-30": "", "2010-09-30": "", "2009-09-30": "", "2008-09-30": "", "2007-09-30": "", "2006-09-30": "", "2005-09-30": ""}, "SG&A Expenses": {"2020-09-30": "727.00000", "2019-09-30": "748.00000", "2018-09-30": "450.00000", "2017-09-30": "412.55500", "2016-09-30": "382.85800", "2015-09-30": "321.62400", "2014-09-30": "276.44600", "2013-09-30": "254.46800", "2012-09-30": "201.70900", "2011-09-30": "133.71100", "2010-09-30": "94.91800", "2009-09-30": "80.01800", "2008-09-30": "74.65000", "2007-09-30": "62.89000", "2006-09-30": "48.30900", "2005-09-30": "38.94300"}, "Other Operating Income Or Expenses": {"2020-09-30": "", "2019-09-30": "", "2018-09-30": "", "2017-09-30": "", "2016-09-30": "", "2015-09-30": "", "2014-09-30": "", "2013-09-30": "", "2012-09-30": "", "2011-09-30": "", "2010-09-30": "", "2009-09-30": "", "2008-09-30": "", "2007-09-30": "", "2006-09-30": "-48.61700", "2005-09-30": ""}, "Operating Expenses": {"2020-09-30": "3352.00000", "2019-09-30": "3297.00000", "2018-09-30": "2156.00000", "2017-09-30": "2021.44000", "2016-09-30": "1903.65100", "2015-09-30": "1633.11300", "2014-09-30": "1445.08600", "2013-09-30": "1174.94500", "2012-09-30": "1000.43300", "2011-09-30": "718.88600", "2010-09-30": "464.58500", "2009-09-30": "426.15200", "2008-09-30": "414.43200", "2007-09-30": "358.96000", "2006-09-30": "316.99700", "2005-09-30": "236.67300"}, "Operating Income": {"2020-09-30": "1751.00000", "2019-09-30": "1926.00000", "2018-09-30": "1655.00000", "2017-09-30": "1482.84600", "2016-09-30": "1267.76000", "2015-09-30": "1074.00200", "2014-09-30": "927.81990", "2013-09-30": "749.45510", "2012-09-30": "699.77500", "2011-09-30": "487.13500", "2010-09-30": "363.06900", "2009-09-30": "335.40000", "2008-09-30": "299.27900", "2007-09-30": "233.83800", "2006-09-30": "118.16700", "2005-09-30": "137.58000"}, "Total Non-Operating Income/Expense": {"2020-09-30": "-1011.00000", "2019-09-30": "-863.00000", "2018-09-30": "-669.00000", "2017-09-30": "-645.41600", "2016-09-30": "-499.64400", "2015-09-30": "-437.17800", "2014-09-30": "-479.31000", "2013-09-30": "-300.96600", "2012-09-30": "-211.90600", "2011-09-30": "-257.71000", "2010-09-30": "-112.23400", "2009-09-30": "-84.39800", "2008-09-30": "-92.67700", "2007-09-30": "-91.76700", "2006-09-30": "-76.73200", "2005-09-30": "-80.26600"}, "Pre-Tax Income": {"2020-09-30": "740.00000", "2019-09-30": "1063.00000", "2018-09-30": "986.00000", "2017-09-30": "837.43000", "2016-09-30": "768.11600", "2015-09-30": "636.82400", "2014-09-30": "448.51000", "2013-09-30": "448.48900", "2012-09-30": "487.86900", "2011-09-30": "229.42500", "2010-09-30": "250.83500", "2009-09-30": "251.00200", "2008-09-30": "206.60200", "2007-09-30": "142.07100", "2006-09-30": "41.43500", "2005-09-30": "57.31400"}, "Income Taxes": {"2020-09-30": "87.00000", "2019-09-30": "222.00000", "2018-09-30": "24.00000", "2017-09-30": "208.88900", "2016-09-30": "181.70200", "2015-09-30": "189.61200", "2014-09-30": "141.60000", "2013-09-30": "145.70000", "2012-09-30": "162.90000", "2011-09-30": "77.20000", "2010-09-30": "87.39000", "2009-09-30": "88.10000", "2008-09-30": "73.47600", "2007-09-30": "53.42600", "2006-09-30": "16.31800", "2005-09-30": "22.62700"}, "Income After Taxes": {"2020-09-30": "653.00000", "2019-09-30": "841.00000", "2018-09-30": "962.00000", "2017-09-30": "628.54100", "2016-09-30": "586.41410", "2015-09-30": "447.21200", "2014-09-30": "306.91000", "2013-09-30": "302.78900", "2012-09-30": "324.96900", "2011-09-30": "152.22500", "2010-09-30": "163.44500", "2009-09-30": "162.90200", "2008-09-30": "133.12600", "2007-09-30": "88.64500", "2006-09-30": "25.11700", "2005-09-30": "34.68700"}, "Other Income": {"2020-09-30": "", "2019-09-30": "", "2018-09-30": "", "2017-09-30": "", "2016-09-30": "", "2015-09-30": "", "2014-09-30": "", "2013-09-30": "", "2012-09-30": "", "2011-09-30": "", "2010-09-30": "", "2009-09-30": "", "2008-09-30": "", "2007-09-30": "", "2006-09-30": "", "2005-09-30": ""}, "Income From Continuous Operations": {"2020-09-30": "653.00000", "2019-09-30": "841.00000", "2018-09-30": "962.00000", "2017-09-30": "628.54100", "2016-09-30": "586.41400", "2015-09-30": "447.21200", "2014-09-30": "306.91000", "2013-09-30": "302.78900", "2012-09-30": "324.96900", "2011-09-30": "152.22500", "2010-09-30": "163.44500", "2009-09-30": "162.90200", "2008-09-30": "133.12600", "2007-09-30": "88.64500", "2006-09-30": "25.11700", "2005-09-30": "34.68700"}, "Income From Discontinued Operations": {"2020-09-30": "47.00000", "2019-09-30": "51.00000", "2018-09-30": "-5.00000", "2017-09-30": "-31.65400", "2016-09-30": "", "2015-09-30": "", "2014-09-30": "", "2013-09-30": "", "2012-09-30": "", "2011-09-30": "19.90900", "2010-09-30": "0.00000", "2009-09-30": "", "2008-09-30": "", "2007-09-30": "", "2006-09-30": "", "2005-09-30": ""}, "Net Income": {"2020-09-30": "514.00000", "2019-09-30": "779.00000", "2018-09-30": "901.00000", "2017-09-30": "437.63000", "2016-09-30": "583.41400", "2015-09-30": "443.84700", "2014-09-30": "180.28400", "2013-09-30": "131.54600", "2012-09-30": "321.67000", "2011-09-30": "169.32300", "2010-09-30": "133.13200", "2009-09-30": "162.90200", "2008-09-30": "133.12600", "2007-09-30": "88.64500", "2006-09-30": "25.11700", "2005-09-30": "34.68700"}, "EBITDA": {"2020-09-30": "2031.00000", "2019-09-30": "2219.00000", "2018-09-30": "1803.00000", "2017-09-30": "1662.12100", "2016-09-30": "1405.64100", "2015-09-30": "1183.46200", "2014-09-30": "1038.14000", "2013-09-30": "834.90310", "2012-09-30": "780.54600", "2011-09-30": "557.43700", "2010-09-30": "400.81200", "2009-09-30": "366.17200", "2008-09-30": "327.63000", "2007-09-30": "260.93700", "2006-09-30": "160.99900", "2005-09-30": "158.34400"}, "EBIT": {"2020-09-30": "1751.00000", "2019-09-30": "1926.00000", "2018-09-30": "1655.00000", "2017-09-30": "1482.84600", "2016-09-30": "1267.76000", "2015-09-30": "1074.00200", "2014-09-30": "927.81990", "2013-09-30": "749.45510", "2012-09-30": "699.77500", "2011-09-30": "487.13500", "2010-09-30": "363.06900", "2009-09-30": "335.40000", "2008-09-30": "299.27900", "2007-09-30": "233.83800", "2006-09-30": "118.16700", "2005-09-30": "137.58000"}, "Basic Shares Outstanding": {"2020-09-30": "57.30000", "2019-09-30": "56.30000", "2018-09-30": "55.60000", "2017-09-30": "55.53000", "2016-09-30": "56.15700", "2015-09-30": "56.60600", "2014-09-30": "56.99300", "2013-09-30": "55.08000", "2012-09-30": "53.88200", "2011-09-30": "53.33300", "2010-09-30": "52.92300", "2009-09-30": "52.53900", "2008-09-30": "52.09800", "2007-09-30": "45.63000", "2006-09-30": "44.41500", "2005-09-30": "44.20200"}, "Shares Outstanding": {"2020-09-30": "57.30000", "2019-09-30": "56.30000", "2018-09-30": "55.60000", "2017-09-30": "55.53000", "2016-09-30": "56.15700", "2015-09-30": "56.60600", "2014-09-30": "56.99300", "2013-09-30": "55.08000", "2012-09-30": "53.88200", "2011-09-30": "53.33300", "2010-09-30": "52.92300", "2009-09-30": "52.53900", "2008-09-30": "52.09800", "2007-09-30": "48.54200", "2006-09-30": "47.18100", "2005-09-30": "46.54400"}, "Basic EPS": {"2020-09-30": "8.96000", "2019-09-30": "13.84000", "2018-09-30": "16.20000", "2017-09-30": "7.88000", "2016-09-30": "10.39000", "2015-09-30": "7.84000", "2014-09-30": "3.16000", "2013-09-30": "2.39000", "2012-09-30": "5.97000", "2011-09-30": "3.17000", "2010-09-30": "2.52000", "2009-09-30": "3.10000", "2008-09-30": "2.56000", "2007-09-30": "1.94000", "2006-09-30": "0.57000", "2005-09-30": "0.78000"}, "EPS - Earnings Per Share": {"2020-09-30": "8.96000", "2019-09-30": "13.84000", "2018-09-30": "16.20000", "2017-09-30": "7.88000", "2016-09-30": "10.39000", "2015-09-30": "7.84000", "2014-09-30": "3.16000", "2013-09-30": "2.39000", "2012-09-30": "5.97000", "2011-09-30": "3.17000", "2010-09-30": "2.52000", "2009-09-30": "3.10000", "2008-09-30": "2.56000", "2007-09-30": "1.83000", "2006-09-30": "0.53000", "2005-09-30": "0.75000"}}, "income statement, quarterly": {"Revenue": {"2020-09-30": "1173.00000", "2020-06-30": "1022.00000", "2020-03-31": "1443.00000", "2019-12-31": "1465.00000", "2019-09-30": "1541.00000", "2019-06-30": "1521.00000", "2019-03-31": "1168.00000", "2018-12-31": "993.00000", "2018-09-30": "1049.30800", "2018-06-30": "980.66200", "2018-03-31": "933.07000", "2017-12-31": "847.96000", "2017-09-30": "923.88480", "2017-06-30": "897.65500", "2017-03-31": "868.72800", "2016-12-31": "814.01800", "2016-09-30": "875.22270", "2016-06-30": "797.69200", "2016-03-31": "796.80100", "2015-12-31": "701.69500", "2015-09-30": "809.79190", "2015-06-30": "691.39500", "2015-03-31": "619.03000", "2014-12-31": "586.89800", "2014-09-30": "642.24100", "2014-06-30": "610.58200", "2014-03-31": "590.76100", "2013-12-31": "529.32200", "2013-09-30": "539.73710", "2013-06-30": "488.63600", "2013-03-31": "465.60900", "2012-12-31": "430.41800", "2012-09-30": "462.60600", "2012-06-30": "461.66000", "2012-03-31": "423.46900", "2011-12-31": "352.47300", "2011-09-30": "342.95300", "2011-06-30": "325.20900", "2011-03-31": "304.30700", "2010-12-31": "233.55200", "2010-09-30": "223.11700", "2010-06-30": "214.18200", "2010-03-31": "206.07700", "2009-12-31": "184.27800", "2009-09-30": "197.35400", "2009-06-30": "189.87500", "2009-03-31": "193.04700", "2008-12-31": "181.27600", "2008-09-30": "189.23800", "2008-06-30": "186.05200", "2008-03-31": "175.28500", "2007-12-31": "163.13600", "2007-09-30": "168.03790", "2007-06-30": "157.61300", "2007-03-31": "144.43800", "2006-12-31": "122.70900", "2006-09-30": "115.89200", "2006-06-30": "110.85600", "2006-03-31": "108.27600", "2005-12-31": "100.14000", "2005-06-30": "97.62700", "2005-03-31": "91.39200"}, "Cost Of Goods Sold": {"2020-09-30": "636.00000", "2020-06-30": "531.00000", "2020-03-31": "625.00000", "2019-12-31": "664.00000", "2019-09-30": "659.00000", "2019-06-30": "808.00000", "2019-03-31": "518.00000", "2018-12-31": "429.00000", "2018-09-30": "452.55210", "2018-06-30": "411.14200", "2018-03-31": "398.99600", "2017-12-31": "371.31000", "2017-09-30": "392.64610", "2017-06-30": "377.95900", "2017-03-31": "379.29100", "2016-12-31": "369.76300", "2016-09-30": "390.90300", "2016-06-30": "354.17700", "2016-03-31": "371.14000", "2015-12-31": "327.12800", "2015-09-30": "382.19200", "2015-06-30": "331.94000", "2015-03-31": "277.41300", "2014-12-31": "265.72500", "2014-09-30": "293.61310", "2014-06-30": "283.05400", "2014-03-31": "283.17900", "2013-12-31": "245.18600", "2013-09-30": "257.01800", "2013-06-30": "219.65000", "2013-03-31": "206.29900", "2012-12-31": "191.87100", "2012-09-30": "205.78600", "2012-06-30": "208.35800", "2012-03-31": "187.42900", "2011-12-31": "152.91800", "2011-09-30": "149.93700", "2011-06-30": "142.06000", "2011-03-31": "146.43300", "2010-12-31": "106.40600", "2010-09-30": "90.74600", "2010-06-30": "91.74900", "2010-03-31": "90.87400", "2009-12-31": "81.21900", "2009-09-30": "88.95800", "2009-06-30": "82.02400", "2009-03-31": "84.23600", "2008-12-31": "76.98800", "2008-09-30": "85.80000", "2008-06-30": "85.57000", "2008-03-31": "81.36600", "2007-12-31": "75.04400", "2007-09-30": "79.96400", "2007-06-30": "75.36000", "2007-03-31": "69.36700", "2006-12-31": "59.07500", "2006-09-30": "57.42900", "2006-06-30": "53.74900", "2006-03-31": "51.79900", "2005-12-31": "50.89700", "2005-06-30": "49.73500", "2005-03-31": "46.33400"}, "Gross Profit": {"2020-09-30": "537.00000", "2020-06-30": "491.00000", "2020-03-31": "818.00000", "2019-12-31": "801.00000", "2019-09-30": "882.00000", "2019-06-30": "713.00000", "2019-03-31": "650.00000", "2018-12-31": "564.00000", "2018-09-30": "596.75580", "2018-06-30": "569.52000", "2018-03-31": "534.07400", "2017-12-31": "476.65000", "2017-09-30": "531.23880", "2017-06-30": "519.69600", "2017-03-31": "489.43700", "2016-12-31": "444.25500", "2016-09-30": "484.31970", "2016-06-30": "443.51500", "2016-03-31": "425.66100", "2015-12-31": "374.56700", "2015-09-30": "427.59990", "2015-06-30": "359.45500", "2015-03-31": "341.61700", "2014-12-31": "321.17300", "2014-09-30": "348.62790", "2014-06-30": "327.52800", "2014-03-31": "307.58200", "2013-12-31": "284.13600", "2013-09-30": "282.71910", "2013-06-30": "268.98600", "2013-03-31": "259.31000", "2012-12-31": "238.54700", "2012-09-30": "256.81990", "2012-06-30": "253.30200", "2012-03-31": "236.04000", "2011-12-31": "199.55500", "2011-09-30": "193.01600", "2011-06-30": "183.14900", "2011-03-31": "157.87400", "2010-12-31": "127.14600", "2010-09-30": "132.37100", "2010-06-30": "122.43300", "2010-03-31": "115.20300", "2009-12-31": "103.05900", "2009-09-30": "108.39600", "2009-06-30": "107.85100", "2009-03-31": "108.81100", "2008-12-31": "104.28800", "2008-09-30": "103.43800", "2008-06-30": "100.48200", "2008-03-31": "93.91900", "2007-12-31": "88.09200", "2007-09-30": "88.07390", "2007-06-30": "82.25300", "2007-03-31": "75.07100", "2006-12-31": "63.63400", "2006-09-30": "58.46300", "2006-06-30": "57.10700", "2006-03-31": "56.47700", "2005-12-31": "49.24300", "2005-06-30": "47.89200", "2005-03-31": "45.05800"}, "Research And Development Expenses": {"2020-09-30": "", "2020-06-30": "", "2020-03-31": "", "2019-12-31": "", "2019-09-30": "", "2019-06-30": "", "2019-03-31": "", "2018-12-31": "", "2018-09-30": "", "2018-06-30": "", "2018-03-31": "", "2017-12-31": "", "2017-09-30": "", "2017-06-30": "", "2017-03-31": "", "2016-12-31": "", "2016-09-30": "", "2016-06-30": "", "2016-03-31": "", "2015-12-31": "", "2015-09-30": "", "2015-06-30": "", "2015-03-31": "", "2014-12-31": "", "2014-09-30": "", "2014-06-30": "", "2014-03-31": "", "2013-12-31": "", "2013-09-30": "", "2013-06-30": "", "2013-03-31": "", "2012-12-31": "", "2012-09-30": "", "2012-06-30": "", "2012-03-31": "", "2011-12-31": "", "2011-09-30": "", "2011-06-30": "", "2011-03-31": "", "2010-12-31": "", "2010-09-30": "", "2010-06-30": "", "2010-03-31": "", "2009-12-31": "", "2009-09-30": "", "2009-06-30": "", "2009-03-31": "", "2008-12-31": "", "2008-09-30": "", "2008-06-30": "", "2008-03-31": "", "2007-12-31": "", "2007-09-30": "", "2007-06-30": "", "2007-03-31": "", "2006-12-31": "", "2006-09-30": "", "2006-06-30": "", "2006-03-31": "", "2005-12-31": "", "2005-06-30": "", "2005-03-31": ""}, "SG&A Expenses": {"2020-09-30": "183.00000", "2020-06-30": "163.00000", "2020-03-31": "180.00000", "2019-12-31": "201.00000", "2019-09-30": "214.00000", "2019-06-30": "252.00000", "2019-03-31": "160.00000", "2018-12-31": "122.00000", "2018-09-30": "123.13000", "2018-06-30": "112.81600", "2018-03-31": "107.52600", "2017-12-31": "106.52800", "2017-09-30": "101.87900", "2017-06-30": "108.10400", "2017-03-31": "100.85700", "2016-12-31": "101.71500", "2016-09-30": "111.34700", "2016-06-30": "94.24400", "2016-03-31": "95.06400", "2015-12-31": "82.20300", "2015-09-30": "98.27000", "2015-06-30": "81.84900", "2015-03-31": "74.02600", "2014-12-31": "67.47900", "2014-09-30": "76.68500", "2014-06-30": "71.14600", "2014-03-31": "71.48800", "2013-12-31": "57.12700", "2013-09-30": "61.07100", "2013-06-30": "82.77300", "2013-03-31": "55.46300", "2012-12-31": "55.16100", "2012-09-30": "54.28800", "2012-06-30": "56.09700", "2012-03-31": "49.47400", "2011-12-31": "41.85000", "2011-09-30": "38.47100", "2011-06-30": "31.54900", "2011-03-31": "33.17100", "2010-12-31": "30.52000", "2010-09-30": "25.51400", "2010-06-30": "23.34400", "2010-03-31": "23.59400", "2009-12-31": "22.46600", "2009-09-30": "22.08100", "2009-06-30": "19.34900", "2009-03-31": "20.41200", "2008-12-31": "18.17600", "2008-09-30": "19.10100", "2008-06-30": "19.31700", "2008-03-31": "18.36000", "2007-12-31": "17.87200", "2007-09-30": "18.84300", "2007-06-30": "17.34000", "2007-03-31": "14.58600", "2006-12-31": "12.12100", "2006-09-30": "11.25000", "2006-06-30": "11.54300", "2006-03-31": "12.42600", "2005-12-31": "13.09000", "2005-06-30": "10.09800", "2005-03-31": "9.48900"}, "Other Operating Income Or Expenses": {"2020-09-30": "", "2020-06-30": "", "2020-03-31": "", "2019-12-31": "", "2019-09-30": "", "2019-06-30": "", "2019-03-31": "", "2018-12-31": "", "2018-09-30": "", "2018-06-30": "", "2018-03-31": "", "2017-12-31": "", "2017-09-30": "", "2017-06-30": "", "2017-03-31": "", "2016-12-31": "", "2016-09-30": "", "2016-06-30": "", "2016-03-31": "", "2015-12-31": "", "2015-09-30": "", "2015-06-30": "", "2015-03-31": "", "2014-12-31": "", "2014-09-30": "", "2014-06-30": "", "2014-03-31": "", "2013-12-31": "", "2013-09-30": "", "2013-06-30": "", "2013-03-31": "", "2012-12-31": "", "2012-09-30": "", "2012-06-30": "", "2012-03-31": "", "2011-12-31": "", "2011-09-30": "", "2011-06-30": "", "2011-03-31": "", "2010-12-31": "", "2010-09-30": "", "2010-06-30": "", "2010-03-31": "", "2009-12-31": "0.00000", "2009-09-30": "", "2009-06-30": "", "2009-03-31": "", "2008-12-31": "", "2008-09-30": "", "2008-06-30": "", "2008-03-31": "", "2007-12-31": "", "2007-09-30": "", "2007-06-30": "", "2007-03-31": "", "2006-12-31": "", "2006-09-30": "-0.16100", "2006-06-30": "-48.45600", "2006-03-31": "", "2005-12-31": "", "2005-06-30": "", "2005-03-31": ""}, "Operating Expenses": {"2020-09-30": "860.00000", "2020-06-30": "736.00000", "2020-03-31": "851.00000", "2019-12-31": "905.00000", "2019-09-30": "928.00000", "2019-06-30": "1098.00000", "2019-03-31": "700.00000", "2018-12-31": "571.00000", "2018-09-30": "593.88900", "2018-06-30": "543.18200", "2018-03-31": "523.97900", "2017-12-31": "494.95000", "2017-09-30": "512.92900", "2017-06-30": "509.32200", "2017-03-31": "502.18000", "2016-12-31": "497.00900", "2016-09-30": "526.22110", "2016-06-30": "467.05000", "2016-03-31": "484.72600", "2015-12-31": "425.65400", "2015-09-30": "496.71510", "2015-06-30": "427.69900", "2015-03-31": "362.46900", "2014-12-31": "346.23000", "2014-09-30": "383.52120", "2014-06-30": "370.60200", "2014-03-31": "372.26700", "2013-12-31": "318.69600", "2013-09-30": "333.96400", "2013-06-30": "311.91200", "2013-03-31": "271.49700", "2012-12-31": "257.57200", "2012-09-30": "271.18800", "2012-06-30": "275.79600", "2012-03-31": "246.24200", "2011-12-31": "207.20700", "2011-09-30": "200.56300", "2011-06-30": "186.05400", "2011-03-31": "191.06600", "2010-12-31": "141.20300", "2010-09-30": "119.83700", "2010-06-30": "118.90500", "2010-03-31": "118.01800", "2009-12-31": "107.82500", "2009-09-30": "114.81300", "2009-06-30": "104.67800", "2009-03-31": "108.27300", "2008-12-31": "98.38800", "2008-09-30": "108.06200", "2008-06-30": "107.63400", "2008-03-31": "102.50900", "2007-12-31": "96.22700", "2007-09-30": "102.49400", "2007-06-30": "96.30700", "2007-03-31": "87.32100", "2006-12-31": "72.83800", "2006-09-30": "70.35600", "2006-06-30": "115.16300", "2006-03-31": "65.67500", "2005-12-31": "65.80300", "2005-06-30": "61.95800", "2005-03-31": "57.69300"}, "Operating Income": {"2020-09-30": "313.00000", "2020-06-30": "286.00000", "2020-03-31": "592.00000", "2019-12-31": "560.00000", "2019-09-30": "613.00000", "2019-06-30": "423.00000", "2019-03-31": "468.00000", "2018-12-31": "422.00000", "2018-09-30": "455.41890", "2018-06-30": "437.48000", "2018-03-31": "409.09100", "2017-12-31": "353.01000", "2017-09-30": "410.95590", "2017-06-30": "388.33300", "2017-03-31": "366.54800", "2016-12-31": "317.00900", "2016-09-30": "349.00160", "2016-06-30": "330.64200", "2016-03-31": "312.07500", "2015-12-31": "276.04100", "2015-09-30": "313.07690", "2015-06-30": "263.69600", "2015-03-31": "256.56100", "2014-12-31": "240.66800", "2014-09-30": "258.71980", "2014-06-30": "239.98000", "2014-03-31": "218.49400", "2013-12-31": "210.62600", "2013-09-30": "205.77310", "2013-06-30": "176.72400", "2013-03-31": "194.11200", "2012-12-31": "172.84600", "2012-09-30": "191.41800", "2012-06-30": "185.86400", "2012-03-31": "177.22700", "2011-12-31": "145.26600", "2011-09-30": "142.39000", "2011-06-30": "139.15500", "2011-03-31": "113.24100", "2010-12-31": "92.34900", "2010-09-30": "103.28000", "2010-06-30": "95.27700", "2010-03-31": "88.05900", "2009-12-31": "76.45300", "2009-09-30": "82.54100", "2009-06-30": "85.19700", "2009-03-31": "84.77400", "2008-12-31": "82.88800", "2008-09-30": "81.17600", "2008-06-30": "78.41800", "2008-03-31": "72.77600", "2007-12-31": "66.90900", "2007-09-30": "65.54400", "2007-06-30": "61.30600", "2007-03-31": "57.11700", "2006-12-31": "49.87100", "2006-09-30": "45.53600", "2006-06-30": "-4.30700", "2006-03-31": "42.60100", "2005-12-31": "34.33700", "2005-06-30": "35.66900", "2005-03-31": "33.69900"}, "Total Non-Operating Income/Expense": {"2020-09-30": "-237.00000", "2020-06-30": "-252.00000", "2020-03-31": "-255.00000", "2019-12-31": "-267.00000", "2019-09-30": "-246.00000", "2019-06-30": "-240.00000", "2019-03-31": "-205.00000", "2018-12-31": "-172.00000", "2018-09-30": "-173.11100", "2018-06-30": "-171.93900", "2018-03-31": "-161.90400", "2017-12-31": "-162.04600", "2017-09-30": "-163.49300", "2017-06-30": "-152.48600", "2017-03-31": "-151.34900", "2016-12-31": "-178.08800", "2016-09-30": "-139.90700", "2016-06-30": "-136.46600", "2016-03-31": "-111.28800", "2015-12-31": "-111.98300", "2015-09-30": "-113.39600", "2015-06-30": "-124.95500", "2015-03-31": "-99.89200", "2014-12-31": "-98.93500", "2014-09-30": "-97.06500", "2014-06-30": "-219.10300", "2014-03-31": "-82.28900", "2013-12-31": "-80.85300", "2013-09-30": "-81.24600", "2013-06-30": "-62.46900", "2013-03-31": "-94.37500", "2012-12-31": "-62.87600", "2012-09-30": "-55.15200", "2012-06-30": "-55.39300", "2012-03-31": "-52.30000", "2011-12-31": "-49.06100", "2011-09-30": "-48.74000", "2011-06-30": "-49.89800", "2011-03-31": "-55.78600", "2010-12-31": "-103.28600", "2010-09-30": "-27.08300", "2010-06-30": "-28.22200", "2010-03-31": "-28.41400", "2009-12-31": "-28.51500", "2009-09-30": "-19.55000", "2009-06-30": "-21.22600", "2009-03-31": "-21.64000", "2008-12-31": "-21.98200", "2008-09-30": "-22.30600", "2008-06-30": "-21.84900", "2008-03-31": "-24.01500", "2007-12-31": "-24.50700", "2007-09-30": "-25.44700", "2007-06-30": "-25.92400", "2007-03-31": "-22.60300", "2006-12-31": "-17.79300", "2006-09-30": "-18.04600", "2006-06-30": "-19.50500", "2006-03-31": "-19.38200", "2005-12-31": "-19.79900", "2005-06-30": "-20.20700", "2005-03-31": "-19.76300"}, "Pre-Tax Income": {"2020-09-30": "76.00000", "2020-06-30": "34.00000", "2020-03-31": "337.00000", "2019-12-31": "293.00000", "2019-09-30": "367.00000", "2019-06-30": "183.00000", "2019-03-31": "263.00000", "2018-12-31": "250.00000", "2018-09-30": "282.30800", "2018-06-30": "265.54100", "2018-03-31": "247.18700", "2017-12-31": "190.96400", "2017-09-30": "247.46300", "2017-06-30": "235.84700", "2017-03-31": "215.19900", "2016-12-31": "138.92100", "2016-09-30": "209.09510", "2016-06-30": "194.17600", "2016-03-31": "200.78700", "2015-12-31": "164.05800", "2015-09-30": "199.68100", "2015-06-30": "138.74100", "2015-03-31": "156.66900", "2014-12-31": "141.73300", "2014-09-30": "161.65500", "2014-06-30": "20.87700", "2014-03-31": "136.20500", "2013-12-31": "129.77300", "2013-09-30": "124.52700", "2013-06-30": "114.25500", "2013-03-31": "99.73700", "2012-12-31": "109.97000", "2012-09-30": "136.26600", "2012-06-30": "130.47100", "2012-03-31": "124.92700", "2011-12-31": "96.20500", "2011-09-30": "93.65000", "2011-06-30": "89.25700", "2011-03-31": "57.45500", "2010-12-31": "-10.93700", "2010-09-30": "76.19700", "2010-06-30": "67.05500", "2010-03-31": "59.64500", "2009-12-31": "47.93800", "2009-09-30": "62.99100", "2009-06-30": "63.97100", "2009-03-31": "63.13400", "2008-12-31": "60.90600", "2008-09-30": "58.87000", "2008-06-30": "56.56900", "2008-03-31": "48.76100", "2007-12-31": "42.40200", "2007-09-30": "40.09700", "2007-06-30": "35.38200", "2007-03-31": "34.51400", "2006-12-31": "32.07800", "2006-09-30": "27.49000", "2006-06-30": "-23.81200", "2006-03-31": "23.21900", "2005-12-31": "14.53800", "2005-06-30": "15.46200", "2005-03-31": "13.93600"}, "Income Taxes": {"2020-09-30": "-25.00000", "2020-06-30": "39.00000", "2020-03-31": "14.00000", "2019-12-31": "59.00000", "2019-09-30": "50.00000", "2019-06-30": "55.00000", "2019-03-31": "63.00000", "2018-12-31": "54.00000", "2018-09-30": "51.55000", "2018-06-30": "48.15000", "2018-03-31": "45.34700", "2017-12-31": "-121.04700", "2017-09-30": "63.31600", "2017-06-30": "66.01500", "2017-03-31": "59.50800", "2016-12-31": "20.05000", "2016-09-30": "54.42700", "2016-06-30": "33.55400", "2016-03-31": "59.10400", "2015-12-31": "34.61700", "2015-09-30": "58.00800", "2015-06-30": "39.62900", "2015-03-31": "45.77500", "2014-12-31": "46.20000", "2014-09-30": "47.40000", "2014-06-30": "4.70000", "2014-03-31": "45.85000", "2013-12-31": "43.65000", "2013-09-30": "40.50000", "2013-06-30": "37.60000", "2013-03-31": "31.80000", "2012-12-31": "35.80000", "2012-09-30": "48.40000", "2012-06-30": "40.02500", "2012-03-31": "43.37500", "2011-12-31": "31.10000", "2011-09-30": "29.33700", "2011-06-30": "30.88900", "2011-03-31": "20.75800", "2010-12-31": "-3.78400", "2010-09-30": "25.56000", "2010-06-30": "23.05000", "2010-03-31": "21.60000", "2009-12-31": "17.18000", "2009-09-30": "21.38000", "2009-06-30": "22.58300", "2009-03-31": "22.83000", "2008-12-31": "21.30700", "2008-09-30": "20.88100", "2008-06-30": "20.57000", "2008-03-31": "16.59100", "2007-12-31": "15.43400", "2007-09-30": "15.42200", "2007-06-30": "13.26100", "2007-03-31": "13.00000", "2006-12-31": "11.74300", "2006-09-30": "12.26800", "2006-06-30": "-10.44900", "2006-03-31": "8.94500", "2005-12-31": "5.55400", "2005-06-30": "5.93300", "2005-03-31": "5.17200"}, "Income After Taxes": {"2020-09-30": "101.00000", "2020-06-30": "-5.00000", "2020-03-31": "323.00000", "2019-12-31": "234.00000", "2019-09-30": "317.00000", "2019-06-30": "128.00000", "2019-03-31": "200.00000", "2018-12-31": "196.00000", "2018-09-30": "230.75810", "2018-06-30": "217.39100", "2018-03-31": "201.84000", "2017-12-31": "312.01100", "2017-09-30": "184.14700", "2017-06-30": "169.83200", "2017-03-31": "155.69100", "2016-12-31": "118.87100", "2016-09-30": "154.66810", "2016-06-30": "160.62200", "2016-03-31": "141.68300", "2015-12-31": "129.44100", "2015-09-30": "141.67300", "2015-06-30": "99.11200", "2015-03-31": "110.89400", "2014-12-31": "95.53300", "2014-09-30": "114.25500", "2014-06-30": "16.17700", "2014-03-31": "90.35500", "2013-12-31": "86.12300", "2013-09-30": "84.02700", "2013-06-30": "76.65500", "2013-03-31": "67.93700", "2012-12-31": "74.17000", "2012-09-30": "87.86600", "2012-06-30": "90.44600", "2012-03-31": "81.55200", "2011-12-31": "65.10500", "2011-09-30": "64.31300", "2011-06-30": "58.36800", "2011-03-31": "36.69700", "2010-12-31": "-7.15300", "2010-09-30": "50.63700", "2010-06-30": "44.00500", "2010-03-31": "38.04500", "2009-12-31": "30.75800", "2009-09-30": "41.61100", "2009-06-30": "41.38800", "2009-03-31": "40.30400", "2008-12-31": "39.59900", "2008-09-30": "37.98900", "2008-06-30": "35.99900", "2008-03-31": "32.17000", "2007-12-31": "26.96800", "2007-09-30": "24.67500", "2007-06-30": "22.12100", "2007-03-31": "21.51400", "2006-12-31": "20.33500", "2006-09-30": "15.22200", "2006-06-30": "-13.36300", "2006-03-31": "14.27400", "2005-12-31": "8.98400", "2005-06-30": "9.52900", "2005-03-31": "8.76400"}, "Other Income": {"2020-09-30": "", "2020-06-30": "", "2020-03-31": "", "2019-12-31": "", "2019-09-30": "", "2019-06-30": "", "2019-03-31": "", "2018-12-31": "", "2018-09-30": "", "2018-06-30": "", "2018-03-31": "", "2017-12-31": "", "2017-09-30": "", "2017-06-30": "", "2017-03-31": "", "2016-12-31": "", "2016-09-30": "", "2016-06-30": "", "2016-03-31": "", "2015-12-31": "", "2015-09-30": "", "2015-06-30": "", "2015-03-31": "", "2014-12-31": "", "2014-09-30": "", "2014-06-30": "", "2014-03-31": "", "2013-12-31": "", "2013-09-30": "", "2013-06-30": "", "2013-03-31": "", "2012-12-31": "", "2012-09-30": "", "2012-06-30": "", "2012-03-31": "", "2011-12-31": "", "2011-09-30": "", "2011-06-30": "", "2011-03-31": "", "2010-12-31": "", "2010-09-30": "", "2010-06-30": "", "2010-03-31": "", "2009-12-31": "", "2009-09-30": "", "2009-06-30": "", "2009-03-31": "", "2008-12-31": "", "2008-09-30": "", "2008-06-30": "", "2008-03-31": "", "2007-12-31": "", "2007-09-30": "", "2007-06-30": "", "2007-03-31": "", "2006-12-31": "", "2006-09-30": "", "2006-06-30": "", "2006-03-31": "", "2005-12-31": "", "2005-06-30": "", "2005-03-31": ""}, "Income From Continuous Operations": {"2020-09-30": "101.00000", "2020-06-30": "-5.00000", "2020-03-31": "323.00000", "2019-12-31": "234.00000", "2019-09-30": "317.00000", "2019-06-30": "128.00000", "2019-03-31": "200.00000", "2018-12-31": "196.00000", "2018-09-30": "230.75810", "2018-06-30": "217.39100", "2018-03-31": "201.84000", "2017-12-31": "312.01100", "2017-09-30": "184.14700", "2017-06-30": "169.83200", "2017-03-31": "155.69100", "2016-12-31": "118.87100", "2016-09-30": "154.66800", "2016-06-30": "160.62200", "2016-03-31": "141.68300", "2015-12-31": "129.44100", "2015-09-30": "141.67300", "2015-06-30": "99.11200", "2015-03-31": "110.89400", "2014-12-31": "95.53300", "2014-09-30": "114.25500", "2014-06-30": "16.17700", "2014-03-31": "90.35500", "2013-12-31": "86.12300", "2013-09-30": "84.02700", "2013-06-30": "76.65500", "2013-03-31": "67.93700", "2012-12-31": "74.17000", "2012-09-30": "87.86600", "2012-06-30": "90.44600", "2012-03-31": "81.55200", "2011-12-31": "65.10500", "2011-09-30": "64.31300", "2011-06-30": "58.36800", "2011-03-31": "36.69700", "2010-12-31": "-7.15300", "2010-09-30": "50.63700", "2010-06-30": "44.00500", "2010-03-31": "38.04500", "2009-12-31": "30.75800", "2009-09-30": "41.61100", "2009-06-30": "41.38800", "2009-03-31": "40.30400", "2008-12-31": "39.59900", "2008-09-30": "37.98900", "2008-06-30": "35.99900", "2008-03-31": "32.17000", "2007-12-31": "26.96800", "2007-09-30": "24.67500", "2007-06-30": "22.12100", "2007-03-31": "21.51400", "2006-12-31": "20.33500", "2006-09-30": "15.22200", "2006-06-30": "-13.36300", "2006-03-31": "14.27400", "2005-12-31": "8.98400", "2005-06-30": "9.52900", "2005-03-31": "8.76400"}, "Income From Discontinued Operations": {"2020-09-30": "-19.00000", "2020-06-30": "-1.00000", "2020-03-31": "-4.00000", "2019-12-31": "71.00000", "2019-09-30": "32.00000", "2019-06-30": "17.00000", "2019-03-31": "2.00000", "2018-12-31": "", "2018-09-30": "-2.05700", "2018-06-30": "-0.14500", "2018-03-31": "-5.56200", "2017-12-31": "2.76400", "2017-09-30": "-30.68900", "2017-06-30": "-0.77900", "2017-03-31": "-0.18600", "2016-12-31": "", "2016-09-30": "", "2016-06-30": "", "2016-03-31": "", "2015-12-31": "", "2015-09-30": "", "2015-06-30": "", "2015-03-31": "", "2014-12-31": "", "2014-09-30": "", "2014-06-30": "", "2014-03-31": "", "2013-12-31": "", "2013-09-30": "", "2013-06-30": "", "2013-03-31": "", "2012-12-31": "", "2012-09-30": "", "2012-06-30": "", "2012-03-31": "", "2011-12-31": "", "2011-09-30": "3.08200", "2011-06-30": "-2.08800", "2011-03-31": "19.12000", "2010-12-31": "-0.20500", "2010-09-30": "", "2010-06-30": "", "2010-03-31": "", "2009-12-31": "", "2009-09-30": "", "2009-06-30": "", "2009-03-31": "", "2008-12-31": "", "2008-09-30": "", "2008-06-30": "", "2008-03-31": "", "2007-12-31": "", "2007-09-30": "", "2007-06-30": "", "2007-03-31": "", "2006-12-31": "", "2006-09-30": "", "2006-06-30": "", "2006-03-31": "", "2005-12-31": "", "2005-06-30": "", "2005-03-31": ""}, "Net Income": {"2020-09-30": "-103.00000", "2020-06-30": "-6.00000", "2020-03-31": "319.00000", "2019-12-31": "304.00000", "2019-09-30": "236.00000", "2019-06-30": "145.00000", "2019-03-31": "202.00000", "2018-12-31": "196.00000", "2018-09-30": "228.84900", "2018-06-30": "217.24600", "2018-03-31": "196.27800", "2017-12-31": "258.62700", "2017-09-30": "90.17200", "2017-06-30": "169.05300", "2017-03-31": "155.50500", "2016-12-31": "22.90000", "2016-09-30": "154.66800", "2016-06-30": "160.62200", "2016-03-31": "141.68300", "2015-12-31": "126.44100", "2015-09-30": "141.67300", "2015-06-30": "99.11200", "2015-03-31": "110.89400", "2014-12-31": "92.16800", "2014-09-30": "108.15700", "2014-06-30": "-94.72600", "2014-03-31": "84.86900", "2013-12-31": "81.98400", "2013-09-30": "-11.11000", "2013-06-30": "38.67900", "2013-03-31": "67.93700", "2012-12-31": "36.04000", "2012-09-30": "87.86600", "2012-06-30": "90.44600", "2012-03-31": "81.55200", "2011-12-31": "61.80600", "2011-09-30": "67.39500", "2011-06-30": "56.28000", "2011-03-31": "55.81700", "2010-12-31": "-10.16900", "2010-09-30": "50.63700", "2010-06-30": "44.00500", "2010-03-31": "38.04500", "2009-12-31": "0.44500", "2009-09-30": "41.61100", "2009-06-30": "41.38800", "2009-03-31": "40.30400", "2008-12-31": "39.59900", "2008-09-30": "37.98900", "2008-06-30": "35.99900", "2008-03-31": "32.17000", "2007-12-31": "26.96800", "2007-09-30": "24.67500", "2007-06-30": "22.12100", "2007-03-31": "21.51400", "2006-12-31": "20.33500", "2006-09-30": "15.22200", "2006-06-30": "-13.36300", "2006-03-31": "14.27400", "2005-12-31": "8.98400", "2005-06-30": "9.52900", "2005-03-31": "8.76400"}, "EBITDA": {"2020-09-30": "389.00000", "2020-06-30": "358.00000", "2020-03-31": "658.00000", "2019-12-31": "626.00000", "2019-09-30": "650.00000", "2019-06-30": "577.00000", "2019-03-31": "527.00000", "2018-12-31": "465.00000", "2018-09-30": "488.54090", "2018-06-30": "480.15500", "2018-03-31": "445.33600", "2017-12-31": "388.96800", "2017-09-30": "465.62490", "2017-06-30": "430.06100", "2017-03-31": "406.75800", "2016-12-31": "359.67700", "2016-09-30": "390.07060", "2016-06-30": "364.25300", "2016-03-31": "345.24300", "2015-12-31": "306.07400", "2015-09-30": "342.78090", "2015-06-30": "294.65900", "2015-03-31": "279.57300", "2014-12-31": "266.44900", "2014-09-30": "284.60080", "2014-06-30": "268.26900", "2014-03-31": "247.72000", "2013-12-31": "237.55000", "2013-09-30": "232.52910", "2013-06-30": "194.67700", "2013-03-31": "213.60300", "2012-12-31": "194.09400", "2012-09-30": "212.40000", "2012-06-30": "206.88300", "2012-03-31": "195.59900", "2011-12-31": "165.66400", "2011-09-30": "162.60210", "2011-06-30": "159.32300", "2011-03-31": "132.46500", "2010-12-31": "103.04700", "2010-09-30": "112.81900", "2010-06-30": "104.76100", "2010-03-31": "97.28500", "2009-12-31": "85.94700", "2009-09-30": "90.53400", "2009-06-30": "92.74900", "2009-03-31": "92.47500", "2008-12-31": "90.41400", "2008-09-30": "88.59300", "2008-06-30": "85.38600", "2008-03-31": "79.31900", "2007-12-31": "74.33200", "2007-09-30": "73.37900", "2007-06-30": "68.83600", "2007-03-31": "64.19700", "2006-12-31": "54.52500", "2006-09-30": "50.27600", "2006-06-30": "23.20000", "2006-03-31": "47.79600", "2005-12-31": "39.72700", "2005-06-30": "41.03600", "2005-03-31": "33.69900"}, "EBIT": {"2020-09-30": "313.00000", "2020-06-30": "286.00000", "2020-03-31": "592.00000", "2019-12-31": "560.00000", "2019-09-30": "613.00000", "2019-06-30": "423.00000", "2019-03-31": "468.00000", "2018-12-31": "422.00000", "2018-09-30": "455.41900", "2018-06-30": "437.48000", "2018-03-31": "409.09100", "2017-12-31": "353.01000", "2017-09-30": "410.95590", "2017-06-30": "388.33300", "2017-03-31": "366.54800", "2016-12-31": "317.00900", "2016-09-30": "349.00180", "2016-06-30": "330.64200", "2016-03-31": "312.07500", "2015-12-31": "276.04100", "2015-09-30": "313.07690", "2015-06-30": "263.69600", "2015-03-31": "256.56100", "2014-12-31": "240.66800", "2014-09-30": "258.71990", "2014-06-30": "239.98000", "2014-03-31": "218.49400", "2013-12-31": "210.62600", "2013-09-30": "205.77310", "2013-06-30": "176.72400", "2013-03-31": "194.11200", "2012-12-31": "172.84600", "2012-09-30": "191.41800", "2012-06-30": "185.86400", "2012-03-31": "177.22700", "2011-12-31": "145.26600", "2011-09-30": "142.39000", "2011-06-30": "139.15500", "2011-03-31": "113.24100", "2010-12-31": "92.34900", "2010-09-30": "103.28000", "2010-06-30": "95.27700", "2010-03-31": "88.05900", "2009-12-31": "76.45300", "2009-09-30": "82.54100", "2009-06-30": "85.19700", "2009-03-31": "84.77400", "2008-12-31": "82.88800", "2008-09-30": "81.17600", "2008-06-30": "78.41800", "2008-03-31": "72.77600", "2007-12-31": "66.90900", "2007-09-30": "65.54400", "2007-06-30": "61.30600", "2007-03-31": "57.11700", "2006-12-31": "49.87100", "2006-09-30": "45.53600", "2006-06-30": "-4.30700", "2006-03-31": "42.60100", "2005-12-31": "34.33700", "2005-06-30": "35.66900", "2005-03-31": "33.69900"}, "Basic Shares Outstanding": {"2020-09-30": "57.30000", "2020-06-30": "57.30000", "2020-03-31": "57.40000", "2019-12-31": "57.40000", "2019-09-30": "56.30000", "2019-06-30": "56.30000", "2019-03-31": "56.30000", "2018-12-31": "56.30000", "2018-09-30": "55.60000", "2018-06-30": "55.59700", "2018-03-31": "55.60500", "2017-12-31": "55.60000", "2017-09-30": "55.53000", "2017-06-30": "54.89000", "2017-03-31": "55.89400", "2016-12-31": "56.52400", "2016-09-30": "56.15700", "2016-06-30": "55.83200", "2016-03-31": "56.13400", "2015-12-31": "56.80500", "2015-09-30": "56.60600", "2015-06-30": "56.60800", "2015-03-31": "56.60400", "2014-12-31": "56.59100", "2014-09-30": "56.99300", "2014-06-30": "57.17000", "2014-03-31": "57.06800", "2013-12-31": "56.99100", "2013-09-30": "55.08000", "2013-06-30": "54.50600", "2013-03-31": "54.45300", "2012-12-31": "54.45300", "2012-09-30": "53.88200", "2012-06-30": "53.88200", "2012-03-31": "53.88200", "2011-12-31": "53.88200", "2011-09-30": "53.33300", "2011-06-30": "53.33300", "2011-03-31": "53.33300", "2010-12-31": "53.32800", "2010-09-30": "52.92300", "2010-06-30": "52.92300", "2010-03-31": "52.92200", "2009-12-31": "52.86900", "2009-09-30": "52.53900", "2009-06-30": "52.38400", "2009-03-31": "52.38900", "2008-12-31": "52.80900", "2008-09-30": "52.09800", "2008-06-30": "48.08400", "2008-03-31": "47.60500", "2007-12-31": "47.22300", "2007-09-30": "45.63000", "2007-06-30": "45.80000", "2007-03-31": "44.97200", "2006-12-31": "44.77300", "2006-09-30": "44.41500", "2006-06-30": "44.57800", "2006-03-31": "44.25500", "2005-12-31": "44.20200", "2005-06-30": "44.20200", "2005-03-31": "44.20200"}, "Shares Outstanding": {"2020-09-30": "57.30000", "2020-06-30": "57.30000", "2020-03-31": "57.40000", "2019-12-31": "57.40000", "2019-09-30": "56.30000", "2019-06-30": "56.30000", "2019-03-31": "56.30000", "2018-12-31": "56.30000", "2018-09-30": "55.60000", "2018-06-30": "55.59700", "2018-03-31": "55.60500", "2017-12-31": "55.60000", "2017-09-30": "55.53000", "2017-06-30": "54.89000", "2017-03-31": "55.89400", "2016-12-31": "56.52400", "2016-09-30": "56.15700", "2016-06-30": "55.83200", "2016-03-31": "56.13400", "2015-12-31": "56.80500", "2015-09-30": "56.60600", "2015-06-30": "56.60800", "2015-03-31": "56.60400", "2014-12-31": "56.59100", "2014-09-30": "56.99300", "2014-06-30": "57.17000", "2014-03-31": "57.06800", "2013-12-31": "56.99100", "2013-09-30": "55.08000", "2013-06-30": "54.50600", "2013-03-31": "54.45300", "2012-12-31": "54.45300", "2012-09-30": "53.88200", "2012-06-30": "53.88200", "2012-03-31": "53.88200", "2011-12-31": "53.88200", "2011-09-30": "53.33300", "2011-06-30": "53.33300", "2011-03-31": "53.33300", "2010-12-31": "53.32800", "2010-09-30": "52.92300", "2010-06-30": "52.92300", "2010-03-31": "52.92200", "2009-12-31": "52.86900", "2009-09-30": "52.53900", "2009-06-30": "52.38400", "2009-03-31": "52.38900", "2008-12-31": "52.80900", "2008-09-30": "52.09800", "2008-06-30": "50.27300", "2008-03-31": "50.03700", "2007-12-31": "49.86200", "2007-09-30": "48.54200", "2007-06-30": "48.83200", "2007-03-31": "48.00000", "2006-12-31": "47.80200", "2006-09-30": "47.18100", "2006-06-30": "44.57800", "2006-03-31": "47.12100", "2005-12-31": "46.65700", "2005-06-30": "46.44000", "2005-03-31": "46.35400"}, "Basic EPS": {"2020-09-30": "1.43000", "2020-06-30": "-0.10000", "2020-03-31": "5.56000", "2019-12-31": "2.07000", "2019-09-30": "4.62000", "2019-06-30": "2.57000", "2019-03-31": "3.60000", "2018-12-31": "3.05000", "2018-09-30": "4.11000", "2018-06-30": "3.91000", "2018-03-31": "3.53000", "2017-12-31": "4.65000", "2017-09-30": "1.61000", "2017-06-30": "3.08000", "2017-03-31": "2.78000", "2016-12-31": "0.41000", "2016-09-30": "2.76000", "2016-06-30": "2.88000", "2016-03-31": "2.52000", "2015-12-31": "2.23000", "2015-09-30": "2.50000", "2015-06-30": "1.75000", "2015-03-31": "1.96000", "2014-12-31": "1.63000", "2014-09-30": "1.89000", "2014-06-30": "-1.66000", "2014-03-31": "1.49000", "2013-12-31": "1.44000", "2013-09-30": "-0.23000", "2013-06-30": "0.71000", "2013-03-31": "1.25000", "2012-12-31": "0.66000", "2012-09-30": "1.63000", "2012-06-30": "1.68000", "2012-03-31": "1.51000", "2011-12-31": "1.15000", "2011-09-30": "1.26000", "2011-06-30": "1.06000", "2011-03-31": "1.04000", "2010-12-31": "-0.19000", "2010-09-30": "0.96000", "2010-06-30": "0.83000", "2010-03-31": "0.72000", "2009-12-31": "0.01000", "2009-09-30": "0.79000", "2009-06-30": "0.79000", "2009-03-31": "0.77000", "2008-12-31": "0.75000", "2008-09-30": "0.56000", "2008-06-30": "0.75000", "2008-03-31": "0.68000", "2007-12-31": "0.57000", "2007-09-30": "0.53000", "2007-06-30": "0.48000", "2007-03-31": "0.48000", "2006-12-31": "0.45000", "2006-09-30": "0.35000", "2006-06-30": "-0.30000", "2006-03-31": "0.32000", "2005-12-31": "0.20000", "2005-06-30": "0.22000", "2005-03-31": "0.20000"}, "EPS - Earnings Per Share": {"2020-09-30": "1.43000", "2020-06-30": "-0.10000", "2020-03-31": "5.56000", "2019-12-31": "2.07000", "2019-09-30": "4.62000", "2019-06-30": "2.57000", "2019-03-31": "3.60000", "2018-12-31": "3.05000", "2018-09-30": "4.11000", "2018-06-30": "3.91000", "2018-03-31": "3.53000", "2017-12-31": "4.65000", "2017-09-30": "1.61000", "2017-06-30": "3.08000", "2017-03-31": "2.78000", "2016-12-31": "0.41000", "2016-09-30": "2.76000", "2016-06-30": "2.88000", "2016-03-31": "2.52000", "2015-12-31": "2.23000", "2015-09-30": "2.50000", "2015-06-30": "1.75000", "2015-03-31": "1.96000", "2014-12-31": "1.63000", "2014-09-30": "1.89000", "2014-06-30": "-1.66000", "2014-03-31": "1.49000", "2013-12-31": "1.44000", "2013-09-30": "-0.23000", "2013-06-30": "0.71000", "2013-03-31": "1.25000", "2012-12-31": "0.66000", "2012-09-30": "1.63000", "2012-06-30": "1.68000", "2012-03-31": "1.51000", "2011-12-31": "1.15000", "2011-09-30": "1.26000", "2011-06-30": "1.06000", "2011-03-31": "1.04000", "2010-12-31": "-0.19000", "2010-09-30": "0.96000", "2010-06-30": "0.83000", "2010-03-31": "0.72000", "2009-12-31": "0.01000", "2009-09-30": "0.79000", "2009-06-30": "0.79000", "2009-03-31": "0.77000", "2008-12-31": "0.75000", "2008-09-30": "0.66000", "2008-06-30": "0.72000", "2008-03-31": "0.64000", "2007-12-31": "0.54000", "2007-09-30": "0.50000", "2007-06-30": "0.45000", "2007-03-31": "0.45000", "2006-12-31": "0.43000", "2006-09-30": "0.34000", "2006-06-30": "-0.30000", "2006-03-31": "0.30000", "2005-12-31": "0.19000", "2005-06-30": "0.21000", "2005-03-31": "0.19000"}}, "balance sheet": {"Cash On Hand": {"2020-09-30": "4717.00000", "2019-09-30": "1467.00000", "2018-09-30": "2073.01700", "2017-09-30": "650.56100", "2016-09-30": "1586.99400", "2015-09-30": "714.03300", "2014-09-30": "819.54800", "2013-09-30": "564.74000", "2012-09-30": "440.52400", "2011-09-30": "376.18300", "2010-09-30": "234.11200", "2009-09-30": "190.16700", "2008-09-30": "159.06200", "2007-09-30": "105.94600", "2006-09-30": "61.21700", "2005-09-30": "104.22100"}, "Receivables": {"2020-09-30": "720.00000", "2019-09-30": "1068.00000", "2018-09-30": "704.31000", "2017-09-30": "636.12700", "2016-09-30": "576.33900", "2015-09-30": "444.07200", "2014-09-30": "351.30700", "2013-09-30": "290.44900", "2012-09-30": "235.78300", "2011-09-30": "189.29300", "2010-09-30": "134.46100", "2009-09-30": "106.44600", "2008-09-30": "96.19600", "2007-09-30": "104.56600", "2006-09-30": "74.93400", "2005-09-30": "63.55400"}, "Inventory": {"2020-09-30": "1283.00000", "2019-09-30": "1233.00000", "2018-09-30": "805.29200", "2017-09-30": "730.68100", "2016-09-30": "724.01100", "2015-09-30": "591.40100", "2014-09-30": "459.07400", "2013-09-30": "413.58100", "2012-09-30": "320.50300", "2011-09-30": "265.31700", "2010-09-30": "188.75600", "2009-09-30": "167.76600", "2008-09-30": "144.11400", "2007-09-30": "126.76300", "2006-09-30": "89.24300", "2005-09-30": "76.07700"}, "Pre-Paid Expenses": {"2020-09-30": "240.00000", "2019-09-30": "135.00000", "2018-09-30": "74.66800", "2017-09-30": "38.68300", "2016-09-30": "43.35300", "2015-09-30": "37.08100", "2014-09-30": "21.97800", "2013-09-30": "21.54300", "2012-09-30": "24.58700", "2011-09-30": "8.65500", "2010-09-30": "10.97900", "2009-09-30": "11.67500", "2008-09-30": "4.16000", "2007-09-30": "4.40100", "2006-09-30": "1.39700", "2005-09-30": "1.74800"}, "Other Current Assets": {"2020-09-30": "", "2019-09-30": "962.00000", "2018-09-30": "", "2017-09-30": "77.50000", "2016-09-30": "", "2015-09-30": "", "2014-09-30": "", "2013-09-30": "", "2012-09-30": "", "2011-09-30": "", "2010-09-30": "", "2009-09-30": "", "2008-09-30": "", "2007-09-30": "", "2006-09-30": "", "2005-09-30": ""}, "Total Current Assets": {"2020-09-30": "6960.00000", "2019-09-30": "4865.00000", "2018-09-30": "3657.28700", "2017-09-30": "2133.55200", "2016-09-30": "2930.69700", "2015-09-30": "1786.58700", "2014-09-30": "1689.57600", "2013-09-30": "1320.49500", "2012-09-30": "1050.53100", "2011-09-30": "870.29200", "2010-09-30": "583.50800", "2009-09-30": "494.75400", "2008-09-30": "423.43400", "2007-09-30": "365.59900", "2006-09-30": "234.18100", "2005-09-30": "258.34600"}, "Property, Plant, And Equipment": {"2020-09-30": "752.00000", "2019-09-30": "757.00000", "2018-09-30": "388.33300", "2017-09-30": "324.92400", "2016-09-30": "310.58000", "2015-09-30": "260.68400", "2014-09-30": "212.10800", "2013-09-30": "208.96400", "2012-09-30": "172.73700", "2011-09-30": "150.80000", "2010-09-30": "99.61300", "2009-09-30": "96.75100", "2008-09-30": "96.24100", "2007-09-30": "87.07400", "2006-09-30": "62.85100", "2005-09-30": "63.62400"}, "Long-Term Investments": {"2020-09-30": "", "2019-09-30": "", "2018-09-30": "", "2017-09-30": "15.80900", "2016-09-30": "", "2015-09-30": "", "2014-09-30": "", "2013-09-30": "", "2012-09-30": "", "2011-09-30": "", "2010-09-30": "", "2009-09-30": "", "2008-09-30": "", "2007-09-30": "", "2006-09-30": "", "2005-09-30": ""}, "Goodwill And Intangible Assets": {"2020-09-30": "10499.00000", "2019-09-30": "10564.00000", "2018-09-30": "8011.69400", "2017-09-30": "7463.20000", "2016-09-30": "7443.79500", "2015-09-30": "6226.07100", "2014-09-30": "4742.23000", "2013-09-30": "4533.39700", "2012-09-30": "4159.11200", "2011-09-30": "3424.11300", "2010-09-30": "1972.05800", "2009-09-30": "1835.23100", "2008-09-30": "1710.96800", "2007-09-30": "1582.76800", "2006-09-30": "1103.78800", "2005-09-30": "1085.63500"}, "Other Long-Term Assets": {"2020-09-30": "167.00000", "2019-09-30": "69.00000", "2018-09-30": "140.15300", "2017-09-30": "38.17600", "2016-09-30": "41.20500", "2015-09-30": "30.59300", "2014-09-30": "112.93400", "2013-09-30": "13.35500", "2012-09-30": "15.04700", "2011-09-30": "9.42400", "2010-09-30": "3.99000", "2009-09-30": "3.61500", "2008-09-30": "5.86900", "2007-09-30": "2.58600", "2006-09-30": "1.02000", "2005-09-30": "0.80300"}, "Total Long-Term Assets": {"2020-09-30": "11435.00000", "2019-09-30": "11390.00000", "2018-09-30": "8540.18100", "2017-09-30": "7842.10900", "2016-09-30": "7795.58000", "2015-09-30": "6517.34800", "2014-09-30": "5067.27200", "2013-09-30": "4828.38400", "2012-09-30": "4409.08500", "2011-09-30": "3643.34400", "2010-09-30": "2094.31000", "2009-09-30": "1959.68600", "2008-09-30": "1832.38700", "2007-09-30": "1695.45400", "2006-09-30": "1182.53100", "2005-09-30": "1169.40200"}, "Total Assets": {"2020-09-30": "18395.00000", "2019-09-30": "16255.00000", "2018-09-30": "12197.47000", "2017-09-30": "9975.66100", "2016-09-30": "10726.28000", "2015-09-30": "8303.93500", "2014-09-30": "6756.84800", "2013-09-30": "6148.87900", "2012-09-30": "5459.61700", "2011-09-30": "4513.63600", "2010-09-30": "2677.81800", "2009-09-30": "2454.44000", "2008-09-30": "2255.82100", "2007-09-30": "2061.05300", "2006-09-30": "1416.71200", "2005-09-30": "1427.74800"}, "Total Current Liabilities": {"2020-09-30": "1616.00000", "2019-09-30": "1538.00000", "2018-09-30": "900.38200", "2017-09-30": "870.99400", "2016-09-30": "752.60300", "2015-09-30": "657.59400", "2014-09-30": "585.90700", "2013-09-30": "322.50000", "2012-09-30": "233.91500", "2011-09-30": "206.85900", "2010-09-30": "113.01200", "2009-09-30": "99.75200", "2008-09-30": "88.50200", "2007-09-30": "67.21900", "2006-09-30": "43.43900", "2005-09-30": "139.78700"}, "Long Term Debt": {"2020-09-30": "19384.00000", "2019-09-30": "16469.00000", "2018-09-30": "12501.95000", "2017-09-30": "11393.62000", "2016-09-30": "9943.19100", "2015-09-30": "8106.38300", "2014-09-30": "7233.83600", "2013-09-30": "5700.19300", "2012-09-30": "3598.62500", "2011-09-30": "3122.87500", "2010-09-30": "1771.64600", "2009-09-30": "1356.76100", "2008-09-30": "1357.23000", "2007-09-30": "1357.85400", "2006-09-30": "925.00000", "2005-09-30": "886.90300"}, "Other Non-Current Liabilities": {"2020-09-30": "933.00000", "2019-09-30": "691.00000", "2018-09-30": "204.11400", "2017-09-30": "161.30200", "2016-09-30": "189.71800", "2015-09-30": "173.26700", "2014-09-30": "90.95700", "2013-09-30": "78.26600", "2012-09-30": "51.34700", "2011-09-30": "62.50200", "2010-09-30": "31.59300", "2009-09-30": "16.02000", "2008-09-30": "4.51700", "2007-09-30": "8.17800", "2006-09-30": "7.12300", "2005-09-30": "3.00100"}, "Total Long Term Liabilities": {"2020-09-30": "20747.00000", "2019-09-30": "17601.00000", "2018-09-30": "13105.56000", "2017-09-30": "12055.87000", "2016-09-30": "10625.16000", "2015-09-30": "8684.64600", "2014-09-30": "7727.04000", "2013-09-30": "6162.76000", "2012-09-30": "4006.86800", "2011-09-30": "3495.82800", "2010-09-30": "1971.82700", "2009-09-30": "1535.52600", "2008-09-30": "1513.41900", "2007-09-30": "1506.28300", "2006-09-30": "1010.23200", "2005-09-30": "954.85400"}, "Total Liabilities": {"2020-09-30": "22363.00000", "2019-09-30": "19139.00000", "2018-09-30": "14005.94000", "2017-09-30": "12926.87000", "2016-09-30": "11377.77000", "2015-09-30": "9342.24100", "2014-09-30": "8312.94700", "2013-09-30": "6485.26000", "2012-09-30": "4240.78300", "2011-09-30": "3702.68700", "2010-09-30": "2084.83900", "2009-09-30": "1635.27800", "2008-09-30": "1601.92100", "2007-09-30": "1573.50200", "2006-09-30": "1053.67100", "2005-09-30": "1094.64100"}, "Common Stock Net": {"2020-09-30": "1.00000", "2019-09-30": "1.00000", "2018-09-30": "0.56900", "2017-09-30": "0.56100", "2016-09-30": "0.55800", "2015-09-30": "0.55100", "2014-09-30": "0.53800", "2013-09-30": "0.53200", "2012-09-30": "0.52100", "2011-09-30": "0.50800", "2010-09-30": "0.49900", "2009-09-30": "0.49400", "2008-09-30": "0.48600", "2007-09-30": "0.47000", "2006-09-30": "0.44600", "2005-09-30": "0.44200"}, "Retained Earnings (Accumulated Deficit)": {"2020-09-30": "-4359.00000", "2019-09-30": "-3120.00000", "2018-09-30": "-2246.57800", "2017-09-30": "-3187.22000", "2016-09-30": "-1146.96300", "2015-09-30": "-1717.23200", "2014-09-30": "-2150.29300", "2013-09-30": "-1004.24400", "2012-09-30": "689.22900", "2011-09-30": "364.26000", "2010-09-30": "192.12600", "2009-09-30": "450.64700", "2008-09-30": "287.74500", "2007-09-30": "156.31200", "2006-09-30": "67.66700", "2005-09-30": "42.55000"}, "Comprehensive Income": {"2020-09-30": "-401.00000", "2019-09-30": "-379.00000", "2018-09-30": "4.10000", "2017-09-30": "-85.14300", "2016-09-30": "-149.78700", "2015-09-30": "-96.00900", "2014-09-30": "-25.17100", "2013-09-30": "-6.51600", "2012-09-30": "-8.05100", "2011-09-30": "-3.27700", "2010-09-30": "-3.80000", "2009-09-30": "-5.50900", "2008-09-30": "0.44500", "2007-09-30": "-1.75300", "2006-09-30": "-1.82900", "2005-09-30": "-0.33600"}, "Other Share Holders Equity": {"2020-09-30": "", "2019-09-30": "", "2018-09-30": "", "2017-09-30": "", "2016-09-30": "", "2015-09-30": "", "2014-09-30": "", "2013-09-30": "", "2012-09-30": "", "2011-09-30": "", "2010-09-30": "", "2009-09-30": "", "2008-09-30": "", "2007-09-30": "", "2006-09-30": "", "2005-09-30": ""}, "Share Holder Equity": {"2020-09-30": "-3968.00000", "2019-09-30": "-2884.00000", "2018-09-30": "-1808.47100", "2017-09-30": "-2951.20400", "2016-09-30": "-651.49000", "2015-09-30": "-1038.30600", "2014-09-30": "-1556.09900", "2013-09-30": "-336.38100", "2012-09-30": "1218.83400", "2011-09-30": "810.94900", "2010-09-30": "592.97900", "2009-09-30": "819.16200", "2008-09-30": "653.90000", "2007-09-30": "487.55100", "2006-09-30": "363.04100", "2005-09-30": "333.10700"}, "Total Liabilities And Share Holders Equity": {"2020-09-30": "18395.00000", "2019-09-30": "16255.00000", "2018-09-30": "12197.47000", "2017-09-30": "9975.66100", "2016-09-30": "10726.28000", "2015-09-30": "8303.93500", "2014-09-30": "6756.84800", "2013-09-30": "6148.87900", "2012-09-30": "5459.61700", "2011-09-30": "4513.63600", "2010-09-30": "2677.81800", "2009-09-30": "2454.44000", "2008-09-30": "2255.82100", "2007-09-30": "2061.05300", "2006-09-30": "1416.71200", "2005-09-30": "1427.74800"}}, "balance sheet, quarterly": {"Cash On Hand": {"2020-09-30": "4717.00000", "2020-06-30": "4549.00000", "2020-03-31": "2668.00000", "2019-12-31": "4194.00000", "2019-09-30": "1467.00000", "2019-06-30": "2716.81200", "2019-03-31": "2828.90200", "2018-12-31": "2337.31600", "2018-09-30": "2073.01700", "2018-06-30": "1853.37300", "2018-03-31": "1011.00700", "2017-12-31": "857.86200", "2017-09-30": "650.56100", "2017-06-30": "970.55600", "2017-03-31": "985.38900", "2016-12-31": "972.36000", "2016-09-30": "1586.99400", "2016-06-30": "1666.69500", "2016-03-31": "612.01500", "2015-12-31": "805.29100", "2015-09-30": "714.03300", "2015-06-30": "915.35000", "2015-03-31": "392.51900", "2014-12-31": "1011.62900", "2014-09-30": "819.54800", "2014-06-30": "729.13400", "2014-03-31": "475.69100", "2013-12-31": "410.92400", "2013-09-30": "564.74000", "2013-06-30": "269.17200", "2013-03-31": "680.02400", "2012-12-31": "554.43100", "2012-09-30": "440.52400", "2012-06-30": "302.71800", "2012-03-31": "201.48100", "2011-12-31": "359.90000", "2011-09-30": "376.18300", "2011-06-30": "549.25100", "2011-03-31": "505.33700", "2010-12-31": "234.30800", "2010-09-30": "234.11200", "2010-06-30": "258.38900", "2010-03-31": "187.34900", "2009-12-31": "161.95600", "2009-09-30": "190.16700", "2009-06-30": "203.64800", "2009-03-31": "154.61000", "2008-12-31": "149.30900", "2008-09-30": "159.06200", "2008-06-30": "189.19300", "2008-03-31": "193.98700", "2007-12-31": "170.31500", "2007-09-30": "105.94600", "2007-06-30": "120.19500", "2007-03-31": "64.79500", "2006-12-31": "54.55600", "2006-09-30": "61.21700", "2006-06-30": "22.09100", "2006-03-31": "32.37700", "2005-12-31": "", "2005-06-30": "", "2005-03-31": ""}, "Receivables": {"2020-09-30": "720.00000", "2020-06-30": "726.00000", "2020-03-31": "999.00000", "2019-12-31": "1025.00000", "2019-09-30": "1068.00000", "2019-06-30": "1162.34500", "2019-03-31": "1141.24900", "2018-12-31": "657.68400", "2018-09-30": "704.31000", "2018-06-30": "658.16800", "2018-03-31": "644.98500", "2017-12-31": "556.74300", "2017-09-30": "636.12700", "2017-06-30": "606.00500", "2017-03-31": "573.95200", "2016-12-31": "512.78400", "2016-09-30": "576.33900", "2016-06-30": "525.81500", "2016-03-31": "480.57900", "2015-12-31": "427.26500", "2015-09-30": "444.07200", "2015-06-30": "419.95500", "2015-03-31": "419.63600", "2014-12-31": "333.51000", "2014-09-30": "351.30700", "2014-06-30": "353.31800", "2014-03-31": "342.37900", "2013-12-31": "322.43900", "2013-09-30": "290.44900", "2013-06-30": "287.89500", "2013-03-31": "243.07200", "2012-12-31": "218.66000", "2012-09-30": "235.78300", "2012-06-30": "250.70100", "2012-03-31": "252.65800", "2011-12-31": "174.69800", "2011-09-30": "189.29300", "2011-06-30": "164.58200", "2011-03-31": "162.38900", "2010-12-31": "158.42700", "2010-09-30": "134.46100", "2010-06-30": "120.44700", "2010-03-31": "112.34800", "2009-12-31": "103.40600", "2009-09-30": "106.44600", "2009-06-30": "104.52900", "2009-03-31": "99.93100", "2008-12-31": "103.12800", "2008-09-30": "96.19600", "2008-06-30": "100.94700", "2008-03-31": "101.78600", "2007-12-31": "92.27900", "2007-09-30": "104.56600", "2007-06-30": "90.96600", "2007-03-31": "89.68600", "2006-12-31": "68.49500", "2006-09-30": "74.93400", "2006-06-30": "86.72600", "2006-03-31": "76.15400", "2005-12-31": "", "2005-06-30": "", "2005-03-31": ""}, "Inventory": {"2020-09-30": "1283.00000", "2020-06-30": "1344.00000", "2020-03-31": "1313.00000", "2019-12-31": "1294.00000", "2019-09-30": "1233.00000", "2019-06-30": "1413.93400", "2019-03-31": "1453.04400", "2018-12-31": "838.70500", "2018-09-30": "805.29200", "2018-06-30": "815.25100", "2018-03-31": "767.23200", "2017-12-31": "743.86800", "2017-09-30": "730.68100", "2017-06-30": "743.57900", "2017-03-31": "725.02500", "2016-12-31": "715.38100", "2016-09-30": "724.01100", "2016-06-30": "706.06900", "2016-03-31": "634.12900", "2015-12-31": "599.31100", "2015-09-30": "591.40100", "2015-06-30": "574.18600", "2015-03-31": "553.05700", "2014-12-31": "470.84700", "2014-09-30": "459.07400", "2014-06-30": "461.62900", "2014-03-31": "458.46300", "2013-12-31": "443.05100", "2013-09-30": "413.58100", "2013-06-30": "413.95000", "2013-03-31": "340.17500", "2012-12-31": "332.46800", "2012-09-30": "320.50300", "2012-06-30": "328.07700", "2012-03-31": "326.60500", "2011-12-31": "274.17300", "2011-09-30": "265.31700", "2011-06-30": "250.71400", "2011-03-31": "245.76300", "2010-12-31": "252.52100", "2010-09-30": "188.75600", "2010-06-30": "174.08000", "2010-03-31": "174.23000", "2009-12-31": "175.71800", "2009-09-30": "167.76600", "2009-06-30": "157.83300", "2009-03-31": "157.51700", "2008-12-31": "154.53600", "2008-09-30": "144.11400", "2008-06-30": "142.99300", "2008-03-31": "128.52400", "2007-12-31": "128.12900", "2007-09-30": "126.76300", "2007-06-30": "121.21600", "2007-03-31": "119.12400", "2006-12-31": "94.07500", "2006-09-30": "89.24300", "2006-06-30": "87.92000", "2006-03-31": "81.77200", "2005-12-31": "", "2005-06-30": "", "2005-03-31": ""}, "Pre-Paid Expenses": {"2020-09-30": "240.00000", "2020-06-30": "152.00000", "2020-03-31": "220.00000", "2019-12-31": "139.00000", "2019-09-30": "135.00000", "2019-06-30": "118.10400", "2019-03-31": "172.33400", "2018-12-31": "92.91300", "2018-09-30": "74.66800", "2018-06-30": "58.61000", "2018-03-31": "46.88000", "2017-12-31": "36.57800", "2017-09-30": "38.68300", "2017-06-30": "66.89000", "2017-03-31": "36.06300", "2016-12-31": "34.89300", "2016-09-30": "43.35300", "2016-06-30": "33.55500", "2016-03-31": "31.27700", "2015-12-31": "28.90800", "2015-09-30": "37.08100", "2015-06-30": "82.37200", "2015-03-31": "65.46500", "2014-12-31": "23.55700", "2014-09-30": "21.97800", "2014-06-30": "55.19500", "2014-03-31": "22.87700", "2013-12-31": "16.24800", "2013-09-30": "21.54300", "2013-06-30": "43.01200", "2013-03-31": "40.75500", "2012-12-31": "25.04700", "2012-09-30": "24.58700", "2012-06-30": "9.10400", "2012-03-31": "10.56800", "2011-12-31": "6.17000", "2011-09-30": "8.65500", "2011-06-30": "5.97900", "2011-03-31": "5.80100", "2010-12-31": "19.52200", "2010-09-30": "10.97900", "2010-06-30": "12.84400", "2010-03-31": "17.76000", "2009-12-31": "9.71300", "2009-09-30": "11.67500", "2009-06-30": "10.40900", "2009-03-31": "8.16700", "2008-12-31": "3.54500", "2008-09-30": "4.16000", "2008-06-30": "4.03300", "2008-03-31": "3.78400", "2007-12-31": "3.70000", "2007-09-30": "4.40100", "2007-06-30": "3.78600", "2007-03-31": "6.48900", "2006-12-31": "3.07300", "2006-09-30": "1.39700", "2006-06-30": "2.59700", "2006-03-31": "2.98100", "2005-12-31": "", "2005-06-30": "", "2005-03-31": ""}, "Other Current Assets": {"2020-09-30": "", "2020-06-30": "", "2020-03-31": "", "2019-12-31": "", "2019-09-30": "962.00000", "2019-06-30": "", "2019-03-31": "", "2018-12-31": "", "2018-09-30": "", "2018-06-30": "", "2018-03-31": "", "2017-12-31": "76.28200", "2017-09-30": "77.50000", "2017-06-30": "", "2017-03-31": "", "2016-12-31": "", "2016-09-30": "", "2016-06-30": "", "2016-03-31": "", "2015-12-31": "", "2015-09-30": "", "2015-06-30": "", "2015-03-31": "", "2014-12-31": "", "2014-09-30": "", "2014-06-30": "", "2014-03-31": "", "2013-12-31": "", "2013-09-30": "", "2013-06-30": "", "2013-03-31": "", "2012-12-31": "", "2012-09-30": "", "2012-06-30": "", "2012-03-31": "", "2011-12-31": "", "2011-09-30": "", "2011-06-30": "", "2011-03-31": "", "2010-12-31": "", "2010-09-30": "", "2010-06-30": "", "2010-03-31": "", "2009-12-31": "", "2009-09-30": "", "2009-06-30": "", "2009-03-31": "", "2008-12-31": "", "2008-09-30": "", "2008-06-30": "", "2008-03-31": "", "2007-12-31": "", "2007-09-30": "", "2007-06-30": "", "2007-03-31": "", "2006-12-31": "", "2006-09-30": "", "2006-06-30": "", "2006-03-31": "", "2005-12-31": "", "2005-06-30": "", "2005-03-31": ""}, "Total Current Assets": {"2020-09-30": "6960.00000", "2020-06-30": "6771.00000", "2020-03-31": "5200.00000", "2019-12-31": "6652.00000", "2019-09-30": "4865.00000", "2019-06-30": "5411.19500", "2019-03-31": "5595.52900", "2018-12-31": "3926.61800", "2018-09-30": "3657.28700", "2018-06-30": "3385.40200", "2018-03-31": "2470.10400", "2017-12-31": "2271.33300", "2017-09-30": "2133.55200", "2017-06-30": "2387.03000", "2017-03-31": "2320.42900", "2016-12-31": "2235.41800", "2016-09-30": "2930.69700", "2016-06-30": "2932.13400", "2016-03-31": "1758.00000", "2015-12-31": "1860.77500", "2015-09-30": "1786.58700", "2015-06-30": "2029.48600", "2015-03-31": "1467.32200", "2014-12-31": "1876.35100", "2014-09-30": "1689.57600", "2014-06-30": "1624.77100", "2014-03-31": "1328.01700", "2013-12-31": "1221.09300", "2013-09-30": "1320.49500", "2013-06-30": "1040.87800", "2013-03-31": "1327.65800", "2012-12-31": "1155.39600", "2012-09-30": "1050.53100", "2012-06-30": "914.25100", "2012-03-31": "815.08200", "2011-12-31": "840.04100", "2011-09-30": "870.29200", "2011-06-30": "996.86800", "2011-03-31": "964.04400", "2010-12-31": "677.70500", "2010-09-30": "583.50800", "2010-06-30": "581.36000", "2010-03-31": "505.88700", "2009-12-31": "468.29300", "2009-09-30": "494.75400", "2009-06-30": "491.20300", "2009-03-31": "439.90200", "2008-12-31": "429.99600", "2008-09-30": "423.43400", "2008-06-30": "454.21700", "2008-03-31": "449.70500", "2007-12-31": "417.55900", "2007-09-30": "365.59900", "2007-06-30": "360.87000", "2007-03-31": "297.82200", "2006-12-31": "227.21600", "2006-09-30": "234.18100", "2006-06-30": "213.08600", "2006-03-31": "200.58600", "2005-12-31": "", "2005-06-30": "", "2005-03-31": ""}, "Property, Plant, And Equipment": {"2020-09-30": "752.00000", "2020-06-30": "744.00000", "2020-03-31": "748.00000", "2019-12-31": "753.00000", "2019-09-30": "757.00000", "2019-06-30": "745.53800", "2019-03-31": "737.59900", "2018-12-31": "395.97000", "2018-09-30": "388.33300", "2018-06-30": "380.47500", "2018-03-31": "352.45600", "2017-12-31": "327.25300", "2017-09-30": "324.92400", "2017-06-30": "326.32500", "2017-03-31": "319.40300", "2016-12-31": "314.55700", "2016-09-30": "310.58000", "2016-06-30": "283.90600", "2016-03-31": "275.84900", "2015-12-31": "268.02800", "2015-09-30": "260.68400", "2015-06-30": "250.92300", "2015-03-31": "232.33500", "2014-12-31": "211.82200", "2014-09-30": "212.10800", "2014-06-30": "209.35300", "2014-03-31": "208.71300", "2013-12-31": "219.22200", "2013-09-30": "208.96400", "2013-06-30": "198.55800", "2013-03-31": "175.44200", "2012-12-31": "174.54600", "2012-09-30": "172.73700", "2012-06-30": "170.05500", "2012-03-31": "174.37800", "2011-12-31": "149.82200", "2011-09-30": "150.80000", "2011-06-30": "134.60400", "2011-03-31": "135.88500", "2010-12-31": "150.00800", "2010-09-30": "99.61300", "2010-06-30": "98.44800", "2010-03-31": "99.30500", "2009-12-31": "100.85000", "2009-09-30": "96.75100", "2009-06-30": "99.49100", "2009-03-31": "98.22700", "2008-12-31": "97.40600", "2008-09-30": "96.24100", "2008-06-30": "93.56800", "2008-03-31": "84.85700", "2007-12-31": "86.29300", "2007-09-30": "87.07400", "2007-06-30": "87.63300", "2007-03-31": "86.60900", "2006-12-31": "63.37700", "2006-09-30": "62.85100", "2006-06-30": "63.83300", "2006-03-31": "62.56900", "2005-12-31": "", "2005-06-30": "", "2005-03-31": ""}, "Long-Term Investments": {"2020-09-30": "", "2020-06-30": "", "2020-03-31": "", "2019-12-31": "", "2019-09-30": "", "2019-06-30": "", "2019-03-31": "", "2018-12-31": "26.04400", "2018-09-30": "", "2018-06-30": "", "2018-03-31": "", "2017-12-31": "", "2017-09-30": "15.80900", "2017-06-30": "", "2017-03-31": "", "2016-12-31": "", "2016-09-30": "", "2016-06-30": "", "2016-03-31": "", "2015-12-31": "", "2015-09-30": "", "2015-06-30": "", "2015-03-31": "", "2014-12-31": "", "2014-09-30": "", "2014-06-30": "", "2014-03-31": "", "2013-12-31": "", "2013-09-30": "", "2013-06-30": "", "2013-03-31": "", "2012-12-31": "", "2012-09-30": "", "2012-06-30": "", "2012-03-31": "", "2011-12-31": "", "2011-09-30": "", "2011-06-30": "", "2011-03-31": "", "2010-12-31": "", "2010-09-30": "", "2010-06-30": "", "2010-03-31": "", "2009-12-31": "", "2009-09-30": "", "2009-06-30": "", "2009-03-31": "", "2008-12-31": "", "2008-09-30": "", "2008-06-30": "", "2008-03-31": "", "2007-12-31": "", "2007-09-30": "", "2007-06-30": "", "2007-03-31": "", "2006-12-31": "", "2006-09-30": "", "2006-06-30": "", "2006-03-31": "", "2005-12-31": "", "2005-06-30": "", "2005-03-31": ""}, "Goodwill And Intangible Assets": {"2020-09-30": "10499.00000", "2020-06-30": "10492.00000", "2020-03-31": "10515.00000", "2019-12-31": "10583.00000", "2019-09-30": "10564.00000", "2019-06-30": "11418.68000", "2019-03-31": "11338.77000", "2018-12-31": "8001.46700", "2018-09-30": "8011.69400", "2018-06-30": "7924.32100", "2018-03-31": "7459.11400", "2017-12-31": "7448.52500", "2017-09-30": "7463.20000", "2017-06-30": "7553.23200", "2017-03-31": "7488.24300", "2016-12-31": "7422.57900", "2016-09-30": "7443.79500", "2016-06-30": "7314.82200", "2016-03-31": "6290.96600", "2015-12-31": "6170.94600", "2015-09-30": "6226.07100", "2015-06-30": "5967.15900", "2015-03-31": "5419.95800", "2014-12-31": "4716.33500", "2014-09-30": "4742.23000", "2014-06-30": "4767.79100", "2014-03-31": "4779.26400", "2013-12-31": "4767.86900", "2013-09-30": "4533.39700", "2013-06-30": "4517.03200", "2013-03-31": "4135.68900", "2012-12-31": "4140.53700", "2012-09-30": "4159.11200", "2012-06-30": "4142.05800", "2012-03-31": "4128.11300", "2011-12-31": "3489.69100", "2011-09-30": "3424.11300", "2011-06-30": "3184.35600", "2011-03-31": "3217.77400", "2010-12-31": "3318.63400", "2010-09-30": "1972.05800", "2010-06-30": "1912.14600", "2010-03-31": "1915.05800", "2009-12-31": "1907.86000", "2009-09-30": "1835.23100", "2009-06-30": "1762.32900", "2009-03-31": "1765.79300", "2008-12-31": "1770.45300", "2008-09-30": "1710.96800", "2008-06-30": "1649.70300", "2008-03-31": "1577.78800", "2007-12-31": "1579.34600", "2007-09-30": "1582.76800", "2007-06-30": "1556.74300", "2007-03-31": "1558.82000", "2006-12-31": "1142.97300", "2006-09-30": "1103.78800", "2006-06-30": "1103.44200", "2006-03-31": "1082.42300", "2005-12-31": "", "2005-06-30": "", "2005-03-31": ""}, "Other Long-Term Assets": {"2020-09-30": "167.00000", "2020-06-30": "160.00000", "2020-03-31": "159.00000", "2019-12-31": "155.00000", "2019-09-30": "69.00000", "2019-06-30": "64.41300", "2019-03-31": "86.28800", "2018-12-31": "39.17900", "2018-09-30": "140.15300", "2018-06-30": "114.27900", "2018-03-31": "113.00300", "2017-12-31": "65.01600", "2017-09-30": "38.17600", "2017-06-30": "49.84900", "2017-03-31": "59.25200", "2016-12-31": "64.56800", "2016-09-30": "41.20500", "2016-06-30": "39.60700", "2016-03-31": "34.65900", "2015-12-31": "30.22900", "2015-09-30": "30.59300", "2015-06-30": "22.69400", "2015-03-31": "22.11100", "2014-12-31": "20.62900", "2014-09-30": "112.93400", "2014-06-30": "16.57000", "2014-03-31": "16.41900", "2013-12-31": "13.75200", "2013-09-30": "13.35500", "2013-06-30": "13.05200", "2013-03-31": "10.32800", "2012-12-31": "10.11700", "2012-09-30": "15.04700", "2012-06-30": "13.98600", "2012-03-31": "13.69300", "2011-12-31": "9.35600", "2011-09-30": "9.42400", "2011-06-30": "7.70600", "2011-03-31": "4.89200", "2010-12-31": "5.54700", "2010-09-30": "3.99000", "2010-06-30": "3.97100", "2010-03-31": "3.83100", "2009-12-31": "5.37600", "2009-09-30": "3.61500", "2009-06-30": "3.54900", "2009-03-31": "3.58200", "2008-12-31": "3.57700", "2008-09-30": "5.86900", "2008-06-30": "4.36900", "2008-03-31": "2.64900", "2007-12-31": "2.65400", "2007-09-30": "2.58600", "2007-06-30": "2.54600", "2007-03-31": "0.50200", "2006-12-31": "0.50400", "2006-09-30": "1.02000", "2006-06-30": "0.83100", "2006-03-31": "0.81800", "2005-12-31": "", "2005-06-30": "", "2005-03-31": ""}, "Total Long-Term Assets": {"2020-09-30": "11435.00000", "2020-06-30": "11408.00000", "2020-03-31": "11435.00000", "2019-12-31": "11504.00000", "2019-09-30": "11390.00000", "2019-06-30": "12291.40000", "2019-03-31": "12201.63000", "2018-12-31": "8462.65900", "2018-09-30": "8540.18100", "2018-06-30": "8419.07500", "2018-03-31": "7924.57300", "2017-12-31": "7840.79400", "2017-09-30": "7842.10900", "2017-06-30": "7929.40700", "2017-03-31": "7866.89800", "2016-12-31": "7801.70400", "2016-09-30": "7795.58000", "2016-06-30": "7638.33500", "2016-03-31": "6601.47400", "2015-12-31": "6469.20300", "2015-09-30": "6517.34800", "2015-06-30": "6320.89600", "2015-03-31": "5758.89000", "2014-12-31": "5037.22100", "2014-09-30": "5067.27200", "2014-06-30": "5086.22000", "2014-03-31": "5071.32100", "2013-12-31": "5071.39400", "2013-09-30": "4828.38400", "2013-06-30": "4771.78200", "2013-03-31": "4366.43400", "2012-12-31": "4394.22000", "2012-09-30": "4409.08500", "2012-06-30": "4391.69100", "2012-03-31": "4384.78100", "2011-12-31": "3705.29500", "2011-09-30": "3643.34400", "2011-06-30": "3388.15100", "2011-03-31": "3422.42400", "2010-12-31": "3535.20700", "2010-09-30": "2094.31000", "2010-06-30": "2034.59600", "2010-03-31": "2039.38500", "2009-12-31": "2036.60100", "2009-09-30": "1959.68600", "2009-06-30": "1881.88900", "2009-03-31": "1885.05100", "2008-12-31": "1889.81500", "2008-09-30": "1832.38700", "2008-06-30": "1767.87900", "2008-03-31": "1686.46300", "2007-12-31": "1690.39300", "2007-09-30": "1695.45400", "2007-06-30": "1670.59100", "2007-03-31": "1670.28200", "2006-12-31": "1221.49800", "2006-09-30": "1182.53100", "2006-06-30": "1182.43800", "2006-03-31": "1169.50700", "2005-12-31": "", "2005-06-30": "", "2005-03-31": ""}, "Total Assets": {"2020-09-30": "18395.00000", "2020-06-30": "18179.00000", "2020-03-31": "16635.00000", "2019-12-31": "18156.00000", "2019-09-30": "16255.00000", "2019-06-30": "17702.60000", "2019-03-31": "17797.16000", "2018-12-31": "12389.28000", "2018-09-30": "12197.47000", "2018-06-30": "11804.48000", "2018-03-31": "10394.68000", "2017-12-31": "10112.13000", "2017-09-30": "9975.66100", "2017-06-30": "10316.44000", "2017-03-31": "10187.33000", "2016-12-31": "10037.12000", "2016-09-30": "10726.28000", "2016-06-30": "10570.47000", "2016-03-31": "8359.47400", "2015-12-31": "8329.97800", "2015-09-30": "8303.93500", "2015-06-30": "8350.38200", "2015-03-31": "7226.21200", "2014-12-31": "6913.57200", "2014-09-30": "6756.84800", "2014-06-30": "6710.99100", "2014-03-31": "6399.33800", "2013-12-31": "6292.48700", "2013-09-30": "6148.87900", "2013-06-30": "5812.66000", "2013-03-31": "5694.09200", "2012-12-31": "5549.61600", "2012-09-30": "5459.61700", "2012-06-30": "5305.94200", "2012-03-31": "5199.86300", "2011-12-31": "4545.33600", "2011-09-30": "4513.63600", "2011-06-30": "4385.01900", "2011-03-31": "4386.46800", "2010-12-31": "4212.91200", "2010-09-30": "2677.81800", "2010-06-30": "2615.95600", "2010-03-31": "2545.27200", "2009-12-31": "2504.89400", "2009-09-30": "2454.44000", "2009-06-30": "2373.09200", "2009-03-31": "2324.95300", "2008-12-31": "2319.81100", "2008-09-30": "2255.82100", "2008-06-30": "2222.09600", "2008-03-31": "2136.16800", "2007-12-31": "2107.95200", "2007-09-30": "2061.05300", "2007-06-30": "2031.46100", "2007-03-31": "1968.10400", "2006-12-31": "1448.71400", "2006-09-30": "1416.71200", "2006-06-30": "1395.52400", "2006-03-31": "1370.09300", "2005-12-31": "0.00000", "2005-06-30": "0.00000", "2005-03-31": "0.00000"}, "Total Current Liabilities": {"2020-09-30": "1616.00000", "2020-06-30": "1651.00000", "2020-03-31": "1656.00000", "2019-12-31": "3350.00000", "2019-09-30": "1538.00000", "2019-06-30": "1380.64000", "2019-03-31": "1726.19300", "2018-12-31": "951.26600", "2018-09-30": "900.38200", "2018-06-30": "817.17000", "2018-03-31": "812.83500", "2017-12-31": "823.42100", "2017-09-30": "870.99400", "2017-06-30": "730.71700", "2017-03-31": "732.63900", "2016-12-31": "698.91800", "2016-09-30": "752.60300", "2016-06-30": "727.32100", "2016-03-31": "675.99600", "2015-12-31": "656.44200", "2015-09-30": "657.59400", "2015-06-30": "679.68900", "2015-03-31": "613.51600", "2014-12-31": "645.05200", "2014-09-30": "585.90700", "2014-06-30": "551.72100", "2014-03-31": "352.47800", "2013-12-31": "338.64900", "2013-09-30": "322.50000", "2013-06-30": "257.45000", "2013-03-31": "259.26100", "2012-12-31": "233.70300", "2012-09-30": "233.91500", "2012-06-30": "183.15800", "2012-03-31": "210.30100", "2011-12-31": "164.73400", "2011-09-30": "206.85900", "2011-06-30": "154.76200", "2011-03-31": "217.75100", "2010-12-31": "168.58400", "2010-09-30": "113.01200", "2010-06-30": "113.95500", "2010-03-31": "91.94700", "2009-12-31": "101.37000", "2009-09-30": "99.75200", "2009-06-30": "82.63000", "2009-03-31": "81.42100", "2008-12-31": "119.35700", "2008-09-30": "88.50200", "2008-06-30": "90.61500", "2008-03-31": "63.62000", "2007-12-31": "80.27400", "2007-09-30": "67.21900", "2007-06-30": "74.08600", "2007-03-31": "60.40000", "2006-12-31": "49.33800", "2006-09-30": "43.43900", "2006-06-30": "37.21100", "2006-03-31": "46.62300", "2005-12-31": "", "2005-06-30": "", "2005-03-31": ""}, "Long Term Debt": {"2020-09-30": "19384.00000", "2020-06-30": "19410.00000", "2020-03-31": "17933.00000", "2019-12-31": "17952.00000", "2019-09-30": "16469.00000", "2019-06-30": "16495.88000", "2019-03-31": "16509.18000", "2018-12-31": "12507.62000", "2018-09-30": "12501.95000", "2018-06-30": "12516.01000", "2018-03-31": "11365.79000", "2017-12-31": "11378.32000", "2017-09-30": "11393.62000", "2017-06-30": "10828.20000", "2017-03-31": "10839.28000", "2016-12-31": "10555.95000", "2016-09-30": "9943.19100", "2016-06-30": "9953.09400", "2016-03-31": "8091.93400", "2015-12-31": "8099.15900", "2015-09-30": "8106.38300", "2015-06-30": "8204.86200", "2015-03-31": "7299.26200", "2014-12-31": "7233.83600", "2014-09-30": "7233.83600", "2014-06-30": "7251.42100", "2014-03-31": "5692.43200", "2013-12-31": "5700.19300", "2013-09-30": "5700.19300", "2013-06-30": "4317.00000", "2013-03-31": "4322.50000", "2012-12-31": "4297.12500", "2012-09-30": "3598.62500", "2012-06-30": "3603.75000", "2012-03-31": "3608.87500", "2011-12-31": "3119.00000", "2011-09-30": "3122.87500", "2011-06-30": "3126.75000", "2011-03-31": "3130.62500", "2010-12-31": "3134.50000", "2010-09-30": "1771.64600", "2010-06-30": "1771.12000", "2010-03-31": "1770.59400", "2009-12-31": "1770.06800", "2009-09-30": "1356.76100", "2009-06-30": "1356.87800", "2009-03-31": "1356.99600", "2008-12-31": "1357.11300", "2008-09-30": "1357.23000", "2008-06-30": "1357.34800", "2008-03-31": "1357.46500", "2007-12-31": "1357.79700", "2007-09-30": "1357.85400", "2007-06-30": "1357.91100", "2007-03-31": "1357.96800", "2006-12-31": "925.00000", "2006-09-30": "925.00000", "2006-06-30": "925.00000", "2006-03-31": "885.43400", "2005-12-31": "", "2005-06-30": "", "2005-03-31": ""}, "Other Non-Current Liabilities": {"2020-09-30": "933.00000", "2020-06-30": "925.00000", "2020-03-31": "866.00000", "2019-12-31": "705.00000", "2019-09-30": "691.00000", "2019-06-30": "495.68500", "2019-03-31": "385.85400", "2018-12-31": "222.24100", "2018-09-30": "204.11400", "2018-06-30": "212.09700", "2018-03-31": "166.04700", "2017-12-31": "170.66000", "2017-09-30": "161.30200", "2017-06-30": "153.49900", "2017-03-31": "135.25700", "2016-12-31": "141.21600", "2016-09-30": "189.71800", "2016-06-30": "184.56000", "2016-03-31": "156.86700", "2015-12-31": "128.53700", "2015-09-30": "173.26700", "2015-06-30": "141.25500", "2015-03-31": "156.23900", "2014-12-31": "102.68600", "2014-09-30": "90.95700", "2014-06-30": "93.83100", "2014-03-31": "76.06900", "2013-12-31": "70.48300", "2013-09-30": "78.26600", "2013-06-30": "47.78900", "2013-03-31": "65.67400", "2012-12-31": "65.17700", "2012-09-30": "51.34700", "2012-06-30": "64.65800", "2012-03-31": "62.96400", "2011-12-31": "60.93400", "2011-09-30": "62.50200", "2011-06-30": "48.31700", "2011-03-31": "51.82900", "2010-12-31": "57.69300", "2010-09-30": "31.59300", "2010-06-30": "34.57300", "2010-03-31": "35.73000", "2009-12-31": "28.47000", "2009-09-30": "16.02000", "2009-06-30": "12.62100", "2009-03-31": "13.23600", "2008-12-31": "13.48900", "2008-09-30": "4.51700", "2008-06-30": "10.46100", "2008-03-31": "18.66900", "2007-12-31": "9.94700", "2007-09-30": "8.17800", "2007-06-30": "6.24000", "2007-03-31": "7.35800", "2006-12-31": "6.54300", "2006-09-30": "7.12300", "2006-06-30": "4.93500", "2006-03-31": "3.79200", "2005-12-31": "", "2005-06-30": "", "2005-03-31": ""}, "Total Long Term Liabilities": {"2020-09-30": "20747.00000", "2020-06-30": "20707.00000", "2020-03-31": "19184.00000", "2019-12-31": "19105.00000", "2019-09-30": "17601.00000", "2019-06-30": "17632.57000", "2019-03-31": "17553.21000", "2018-12-31": "13104.91000", "2018-09-30": "13105.56000", "2018-06-30": "13085.79000", "2018-03-31": "11891.18000", "2017-12-31": "11888.42000", "2017-09-30": "12055.87000", "2017-06-30": "11481.16000", "2017-03-31": "11493.45000", "2016-12-31": "11212.83000", "2016-09-30": "10625.16000", "2016-06-30": "10651.40000", "2016-03-31": "8645.29600", "2015-12-31": "8637.80700", "2015-09-30": "8684.64600", "2015-06-30": "8839.71800", "2015-03-31": "7938.90400", "2014-12-31": "7733.25300", "2014-09-30": "7727.04000", "2014-06-30": "7750.77700", "2014-03-31": "6172.48900", "2013-12-31": "6188.02000", "2013-09-30": "6162.76000", "2013-06-30": "4753.48400", "2013-03-31": "4749.46200", "2012-12-31": "4717.06600", "2012-09-30": "4006.86800", "2012-06-30": "4016.13500", "2012-03-31": "3994.63900", "2011-12-31": "3493.53400", "2011-09-30": "3495.82800", "2011-06-30": "3494.93400", "2011-03-31": "3501.69100", "2010-12-31": "3448.06600", "2010-09-30": "1971.82700", "2010-06-30": "1966.15500", "2010-03-31": "1967.10900", "2009-12-31": "1962.51200", "2009-09-30": "1535.52600", "2009-06-30": "1524.98100", "2009-03-31": "1525.71400", "2008-12-31": "1524.63300", "2008-09-30": "1513.41900", "2008-06-30": "1517.31500", "2008-03-31": "1517.02400", "2007-12-31": "1508.29600", "2007-09-30": "1506.28300", "2007-06-30": "1496.50000", "2007-03-31": "1495.51100", "2006-12-31": "1012.03500", "2006-09-30": "1010.23200", "2006-06-30": "1011.55800", "2006-03-31": "963.37900", "2005-12-31": "", "2005-06-30": "", "2005-03-31": ""}, "Total Liabilities": {"2020-09-30": "22363.00000", "2020-06-30": "22358.00000", "2020-03-31": "20840.00000", "2019-12-31": "22455.00000", "2019-09-30": "19139.00000", "2019-06-30": "19013.21000", "2019-03-31": "19279.40000", "2018-12-31": "14056.17000", "2018-09-30": "14005.94000", "2018-06-30": "13902.96000", "2018-03-31": "12704.01000", "2017-12-31": "12711.84000", "2017-09-30": "12926.87000", "2017-06-30": "12211.88000", "2017-03-31": "12226.09000", "2016-12-31": "11911.75000", "2016-09-30": "11377.77000", "2016-06-30": "11378.72000", "2016-03-31": "9321.29200", "2015-12-31": "9294.24800", "2015-09-30": "9342.24100", "2015-06-30": "9519.40700", "2015-03-31": "8552.42000", "2014-12-31": "8378.30500", "2014-09-30": "8312.94700", "2014-06-30": "8302.49800", "2014-03-31": "6524.96700", "2013-12-31": "6526.66900", "2013-09-30": "6485.26000", "2013-06-30": "5010.93400", "2013-03-31": "5008.72300", "2012-12-31": "4950.76900", "2012-09-30": "4240.78300", "2012-06-30": "4199.29300", "2012-03-31": "4204.94000", "2011-12-31": "3658.26800", "2011-09-30": "3702.68700", "2011-06-30": "3649.69600", "2011-03-31": "3719.44200", "2010-12-31": "3616.65000", "2010-09-30": "2084.83900", "2010-06-30": "2080.11000", "2010-03-31": "2059.05600", "2009-12-31": "2063.88200", "2009-09-30": "1635.27800", "2009-06-30": "1607.61100", "2009-03-31": "1607.13500", "2008-12-31": "1643.99000", "2008-09-30": "1601.92100", "2008-06-30": "1607.93000", "2008-03-31": "1580.64400", "2007-12-31": "1588.57000", "2007-09-30": "1573.50200", "2007-06-30": "1570.58600", "2007-03-31": "1555.91100", "2006-12-31": "1061.37300", "2006-09-30": "1053.67100", "2006-06-30": "1048.76900", "2006-03-31": "1010.00200", "2005-12-31": "", "2005-06-30": "", "2005-03-31": ""}, "Common Stock Net": {"2020-09-30": "1.00000", "2020-06-30": "1.00000", "2020-03-31": "1.00000", "2019-12-31": "1.00000", "2019-09-30": "1.00000", "2019-06-30": "0.57500", "2019-03-31": "0.57300", "2018-12-31": "0.57000", "2018-09-30": "0.56900", "2018-06-30": "0.56700", "2018-03-31": "0.56500", "2017-12-31": "0.56300", "2017-09-30": "0.56100", "2017-06-30": "0.56000", "2017-03-31": "0.56000", "2016-12-31": "0.55800", "2016-09-30": "0.55800", "2016-06-30": "0.55700", "2016-03-31": "0.55400", "2015-12-31": "0.55300", "2015-09-30": "0.55100", "2015-06-30": "0.54900", "2015-03-31": "0.54700", "2014-12-31": "0.54000", "2014-09-30": "0.53800", "2014-06-30": "0.53500", "2014-03-31": "0.53400", "2013-12-31": "0.53200", "2013-09-30": "0.53200", "2013-06-30": "0.53000", "2013-03-31": "0.52900", "2012-12-31": "0.52500", "2012-09-30": "0.52100", "2012-06-30": "0.51900", "2012-03-31": "0.51500", "2011-12-31": "0.51100", "2011-09-30": "0.50800", "2011-06-30": "0.50600", "2011-03-31": "0.50500", "2010-12-31": "0.50100", "2010-09-30": "0.49900", "2010-06-30": "0.49800", "2010-03-31": "0.49700", "2009-12-31": "0.49500", "2009-09-30": "0.49400", "2009-06-30": "0.49000", "2009-03-31": "0.48800", "2008-12-31": "0.48700", "2008-09-30": "0.48600", "2008-06-30": "0.48300", "2008-03-31": "0.47800", "2007-12-31": "0.47400", "2007-09-30": "0.47000", "2007-06-30": "0.46900", "2007-03-31": "0.45100", "2006-12-31": "0.44900", "2006-09-30": "0.44600", "2006-06-30": "0.44600", "2006-03-31": "0.44600", "2005-12-31": "", "2005-06-30": "", "2005-03-31": ""}, "Retained Earnings (Accumulated Deficit)": {"2020-09-30": "-4359.00000", "2020-06-30": "-4427.00000", "2020-03-31": "-4401.00000", "2019-12-31": "-4699.00000", "2019-09-30": "-3120.00000", "2019-06-30": "-1709.79000", "2019-03-31": "-1851.11300", "2018-12-31": "-2050.72700", "2018-09-30": "-2246.57800", "2018-06-30": "-2471.57500", "2018-03-31": "-2684.83200", "2017-12-31": "-2876.95400", "2017-09-30": "-3187.22000", "2017-06-30": "-2088.76100", "2017-03-31": "-2248.57800", "2016-12-31": "-2394.48900", "2016-09-30": "-1146.96300", "2016-06-30": "-1334.77300", "2016-03-31": "-1471.70500", "2015-12-31": "-1606.44300", "2015-09-30": "-1717.23200", "2015-06-30": "-1857.07500", "2015-03-31": "-1952.18500", "2014-12-31": "-2059.18100", "2014-09-30": "-2150.29300", "2014-06-30": "-2260.67700", "2014-03-31": "-831.88900", "2013-12-31": "-919.46000", "2013-09-30": "-1004.24400", "2013-06-30": "172.63600", "2013-03-31": "95.98100", "2012-12-31": "28.04400", "2012-09-30": "689.22900", "2012-06-30": "601.36300", "2012-03-31": "510.91700", "2011-12-31": "429.36500", "2011-09-30": "364.26000", "2011-06-30": "296.86500", "2011-03-31": "240.58500", "2010-12-31": "184.77900", "2010-09-30": "192.12600", "2010-06-30": "140.77900", "2010-03-31": "96.77300", "2009-12-31": "58.72700", "2009-09-30": "450.64700", "2009-06-30": "409.03600", "2009-03-31": "367.64800", "2008-12-31": "327.34400", "2008-09-30": "287.74500", "2008-06-30": "249.75600", "2008-03-31": "213.75700", "2007-12-31": "181.58700", "2007-09-30": "156.31200", "2007-06-30": "131.63700", "2007-03-31": "109.51600", "2006-12-31": "88.00200", "2006-09-30": "67.66700", "2006-06-30": "52.44500", "2006-03-31": "65.80800", "2005-12-31": "", "2005-06-30": "", "2005-03-31": ""}, "Comprehensive Income": {"2020-09-30": "-401.00000", "2020-06-30": "-490.00000", "2020-03-31": "-503.00000", "2019-12-31": "-252.00000", "2019-09-30": "-379.00000", "2019-06-30": "-175.77500", "2019-03-31": "-157.03700", "2018-12-31": "-80.99300", "2018-09-30": "4.10000", "2018-06-30": "-23.71700", "2018-03-31": "6.51900", "2017-12-31": "-61.74300", "2017-09-30": "-85.14300", "2017-06-30": "-112.69600", "2017-03-31": "-128.83500", "2016-12-31": "-139.06400", "2016-09-30": "-149.78700", "2016-06-30": "-137.54000", "2016-03-31": "-109.84800", "2015-12-31": "-96.10100", "2015-09-30": "-96.00900", "2015-06-30": "-58.59200", "2015-03-31": "-84.40800", "2014-12-31": "-46.45700", "2014-09-30": "-25.17100", "2014-06-30": "-6.84500", "2014-03-31": "-0.63100", "2013-12-31": "0.19500", "2013-09-30": "-6.51600", "2013-06-30": "-13.22200", "2013-03-31": "-15.53800", "2012-12-31": "-6.21300", "2012-09-30": "-8.05100", "2012-06-30": "-11.77100", "2012-03-31": "-5.27400", "2011-12-31": "-7.61800", "2011-09-30": "-3.27700", "2011-06-30": "2.52200", "2011-03-31": "-0.99400", "2010-12-31": "-2.17100", "2010-09-30": "-3.80000", "2010-06-30": "-3.40200", "2010-03-31": "-4.51300", "2009-12-31": "-5.16700", "2009-09-30": "-5.50900", "2009-06-30": "-4.83000", "2009-03-31": "-6.44600", "2008-12-31": "-7.48700", "2008-09-30": "0.44500", "2008-06-30": "2.94700", "2008-03-31": "-7.57800", "2007-12-31": "-2.95600", "2007-09-30": "-1.75300", "2007-06-30": "-0.11300", "2007-03-31": "-1.56700", "2006-12-31": "-1.30500", "2006-09-30": "-1.82900", "2006-06-30": "-0.94700", "2006-03-31": "-0.33900", "2005-12-31": "", "2005-06-30": "", "2005-03-31": ""}, "Other Share Holders Equity": {"2020-09-30": "", "2020-06-30": "", "2020-03-31": "", "2019-12-31": "", "2019-09-30": "", "2019-06-30": "", "2019-03-31": "", "2018-12-31": "", "2018-09-30": "", "2018-06-30": "", "2018-03-31": "", "2017-12-31": "", "2017-09-30": "", "2017-06-30": "", "2017-03-31": "", "2016-12-31": "", "2016-09-30": "", "2016-06-30": "", "2016-03-31": "", "2015-12-31": "", "2015-09-30": "", "2015-06-30": "", "2015-03-31": "", "2014-12-31": "", "2014-09-30": "", "2014-06-30": "", "2014-03-31": "", "2013-12-31": "", "2013-09-30": "", "2013-06-30": "", "2013-03-31": "", "2012-12-31": "", "2012-09-30": "", "2012-06-30": "", "2012-03-31": "", "2011-12-31": "", "2011-09-30": "", "2011-06-30": "", "2011-03-31": "", "2010-12-31": "", "2010-09-30": "", "2010-06-30": "", "2010-03-31": "", "2009-12-31": "", "2009-09-30": "", "2009-06-30": "", "2009-03-31": "", "2008-12-31": "", "2008-09-30": "", "2008-06-30": "", "2008-03-31": "", "2007-12-31": "", "2007-09-30": "", "2007-06-30": "", "2007-03-31": "", "2006-12-31": "", "2006-09-30": "", "2006-06-30": "", "2006-03-31": "", "2005-12-31": "", "2005-06-30": "", "2005-03-31": ""}, "Share Holder Equity": {"2020-09-30": "-3968.00000", "2020-06-30": "-4179.00000", "2020-03-31": "-4205.00000", "2019-12-31": "-4299.00000", "2019-09-30": "-2884.00000", "2019-06-30": "-1310.61400", "2019-03-31": "-1482.24700", "2018-12-31": "-1666.89300", "2018-09-30": "-1808.47100", "2018-06-30": "-2098.48000", "2018-03-31": "-2309.33700", "2017-12-31": "-2599.71300", "2017-09-30": "-2951.20400", "2017-06-30": "-1895.44500", "2017-03-31": "-2038.76400", "2016-12-31": "-1874.62500", "2016-09-30": "-651.49000", "2016-06-30": "-808.24800", "2016-03-31": "-961.81800", "2015-12-31": "-964.27000", "2015-09-30": "-1038.30600", "2015-06-30": "-1169.02500", "2015-03-31": "-1326.20800", "2014-12-31": "-1464.73300", "2014-09-30": "-1556.09900", "2014-06-30": "-1591.50700", "2014-03-31": "-125.62900", "2013-12-31": "-234.18200", "2013-09-30": "-336.38100", "2013-06-30": "801.72600", "2013-03-31": "685.36900", "2012-12-31": "598.84700", "2012-09-30": "1218.83400", "2012-06-30": "1106.64900", "2012-03-31": "994.92300", "2011-12-31": "887.06800", "2011-09-30": "810.94900", "2011-06-30": "735.32300", "2011-03-31": "667.02600", "2010-12-31": "596.26200", "2010-09-30": "592.97900", "2010-06-30": "535.84600", "2010-03-31": "486.21600", "2009-12-31": "441.01200", "2009-09-30": "819.16200", "2009-06-30": "765.48100", "2009-03-31": "717.81800", "2008-12-31": "675.82100", "2008-09-30": "653.90000", "2008-06-30": "614.16600", "2008-03-31": "555.52400", "2007-12-31": "519.38200", "2007-09-30": "487.55100", "2007-06-30": "460.87500", "2007-03-31": "412.19300", "2006-12-31": "387.34100", "2006-09-30": "363.04100", "2006-06-30": "346.75500", "2006-03-31": "360.09100", "2005-12-31": "", "2005-06-30": "", "2005-03-31": ""}, "Total Liabilities And Share Holders Equity": {"2020-09-30": "18395.00000", "2020-06-30": "18179.00000", "2020-03-31": "16635.00000", "2019-12-31": "18156.00000", "2019-09-30": "16255.00000", "2019-06-30": "17702.60000", "2019-03-31": "17797.16000", "2018-12-31": "12389.28000", "2018-09-30": "12197.47000", "2018-06-30": "11804.48000", "2018-03-31": "10394.68000", "2017-12-31": "10112.13000", "2017-09-30": "9975.66100", "2017-06-30": "10316.44000", "2017-03-31": "10187.33000", "2016-12-31": "10037.12000", "2016-09-30": "10726.28000", "2016-06-30": "10570.47000", "2016-03-31": "8359.47400", "2015-12-31": "8329.97800", "2015-09-30": "8303.93500", "2015-06-30": "8350.38200", "2015-03-31": "7226.21200", "2014-12-31": "6913.57200", "2014-09-30": "6756.84800", "2014-06-30": "6710.99100", "2014-03-31": "6399.33800", "2013-12-31": "6292.48700", "2013-09-30": "6148.87900", "2013-06-30": "5812.66000", "2013-03-31": "5694.09200", "2012-12-31": "5549.61600", "2012-09-30": "5459.61700", "2012-06-30": "5305.94200", "2012-03-31": "5199.86300", "2011-12-31": "4545.33600", "2011-09-30": "4513.63600", "2011-06-30": "4385.01900", "2011-03-31": "4386.46800", "2010-12-31": "4212.91200", "2010-09-30": "2677.81800", "2010-06-30": "2615.95600", "2010-03-31": "2545.27200", "2009-12-31": "2504.89400", "2009-09-30": "2454.44000", "2009-06-30": "2373.09200", "2009-03-31": "2324.95300", "2008-12-31": "2319.81100", "2008-09-30": "2255.82100", "2008-06-30": "2222.09600", "2008-03-31": "2136.16800", "2007-12-31": "2107.95200", "2007-09-30": "2061.05300", "2007-06-30": "2031.46100", "2007-03-31": "1968.10400", "2006-12-31": "1448.71400", "2006-09-30": "1416.71200", "2006-06-30": "1395.52400", "2006-03-31": "1370.09300", "2005-12-31": "", "2005-06-30": "", "2005-03-31": ""}}, "cash flow statement": {"Net Income/Loss": {"2020-09-30": "700.00000", "2019-09-30": "892.00000", "2018-09-30": "957.00000", "2017-09-30": "596.88700", "2016-09-30": "586.41400", "2015-09-30": "447.21200", "2014-09-30": "306.91000", "2013-09-30": "302.78900", "2012-09-30": "324.96900", "2011-09-30": "172.13400", "2010-09-30": "163.44500", "2009-09-30": "162.90200", "2008-09-30": "133.12600", "2007-09-30": "88.64500", "2006-09-30": "25.11700", "2005-09-30": "34.68700"}, "Total Depreciation And Amortization - Cash Flow": {"2020-09-30": "280.00000", "2019-09-30": "293.00000", "2018-09-30": "148.00000", "2017-09-30": "179.27500", "2016-09-30": "137.88100", "2015-09-30": "109.46000", "2014-09-30": "110.32000", "2013-09-30": "85.44800", "2012-09-30": "80.77100", "2011-09-30": "70.30200", "2010-09-30": "37.74300", "2009-09-30": "30.77200", "2008-09-30": "28.35100", "2007-09-30": "27.09900", "2006-09-30": "42.83200", "2005-09-30": "20.76400"}, "Other Non-Cash Items": {"2020-09-30": "98.00000", "2019-09-30": "45.00000", "2018-09-30": "-82.00000", "2017-09-30": "116.06700", "2016-09-30": "69.90800", "2015-09-30": "-11.41200", "2014-09-30": "96.02500", "2013-09-30": "10.35000", "2012-09-30": "-3.60400", "2011-09-30": "50.59600", "2010-09-30": "-8.85500", "2009-09-30": "5.33500", "2008-09-30": "-7.38600", "2007-09-30": "-13.91000", "2006-09-30": "46.25700", "2005-09-30": "1.75500"}, "Total Non-Cash Items": {"2020-09-30": "378.00000", "2019-09-30": "338.00000", "2018-09-30": "66.00000", "2017-09-30": "295.34200", "2016-09-30": "207.78900", "2015-09-30": "98.04800", "2014-09-30": "206.34500", "2013-09-30": "95.79800", "2012-09-30": "77.16700", "2011-09-30": "120.89800", "2010-09-30": "28.88800", "2009-09-30": "36.10700", "2008-09-30": "20.96500", "2007-09-30": "13.18900", "2006-09-30": "89.08900", "2005-09-30": "22.51900"}, "Change In Accounts Receivable": {"2020-09-30": "352.00000", "2019-09-30": "-82.00000", "2018-09-30": "-44.00000", "2017-09-30": "-54.66900", "2016-09-30": "-80.11400", "2015-09-30": "-25.41800", "2014-09-30": "-24.30900", "2013-09-30": "-25.00600", "2012-09-30": "-1.95700", "2011-09-30": "-14.99300", "2010-09-30": "-17.72100", "2009-09-30": "-0.34600", "2008-09-30": "7.10300", "2007-09-30": "-17.40100", "2006-09-30": "-0.48900", "2005-09-30": "-15.57600"}, "Change In Inventories": {"2020-09-30": "-62.00000", "2019-09-30": "-36.00000", "2018-09-30": "-18.00000", "2017-09-30": "5.12700", "2016-09-30": "-2.07300", "2015-09-30": "-25.97400", "2014-09-30": "-8.39200", "2013-09-30": "-15.28900", "2012-09-30": "-0.41600", "2011-09-30": "-9.66100", "2010-09-30": "2.89300", "2009-09-30": "-4.51800", "2008-09-30": "0.87800", "2007-09-30": "-5.62400", "2006-09-30": "-10.16300", "2005-09-30": "-3.07300"}, "Change In Accounts Payable": {"2020-09-30": "-62.00000", "2019-09-30": "-1.00000", "2018-09-30": "18.00000", "2017-09-30": "-10.35400", "2016-09-30": "-6.65700", "2015-09-30": "13.48000", "2014-09-30": "-2.41500", "2013-09-30": "23.51000", "2012-09-30": "-3.62000", "2011-09-30": "4.48400", "2010-09-30": "4.93300", "2009-09-30": "8.80800", "2008-09-30": "-0.33300", "2007-09-30": "1.64200", "2006-09-30": "1.61800", "2005-09-30": "4.03100"}, "Change In Assets/Liabilities": {"2020-09-30": "-16.00000", "2019-09-30": "-27.00000", "2018-09-30": "-5.00000", "2017-09-30": "-10.56400", "2016-09-30": "-4.91900", "2015-09-30": "-12.39200", "2014-09-30": "-5.70300", "2013-09-30": "1.15500", "2012-09-30": "-10.56400", "2011-09-30": "-2.69200", "2010-09-30": "0.51300", "2009-09-30": "-2.33500", "2008-09-30": "0.43100", "2007-09-30": "-2.56400", "2006-09-30": "-88.09700", "2005-09-30": "33.05800"}, "Total Change In Assets/Liabilities": {"2020-09-30": "135.00000", "2019-09-30": "-215.00000", "2018-09-30": "-1.00000", "2017-09-30": "-103.49600", "2016-09-30": "-110.90500", "2015-09-30": "-24.32200", "2014-09-30": "27.96700", "2013-09-30": "71.61800", "2012-09-30": "11.74900", "2011-09-30": "-32.64600", "2010-09-30": "4.97100", "2009-09-30": "-1.89700", "2008-09-30": "35.54400", "2007-09-30": "10.60200", "2006-09-30": "-111.14800", "2005-09-30": "23.48900"}, "Cash Flow From Operating Activities": {"2020-09-30": "1213.00000", "2019-09-30": "1015.00000", "2018-09-30": "1022.00000", "2017-09-30": "788.73300", "2016-09-30": "683.29800", "2015-09-30": "520.93800", "2014-09-30": "541.22200", "2013-09-30": "470.20500", "2012-09-30": "413.88500", "2011-09-30": "260.38600", "2010-09-30": "197.30400", "2009-09-30": "197.11200", "2008-09-30": "189.63500", "2007-09-30": "112.43600", "2006-09-30": "3.05800", "2005-09-30": "80.69500"}, "Net Change In Property, Plant, And Equipment": {"2020-09-30": "-105.00000", "2019-09-30": "-102.00000", "2018-09-30": "-73.00000", "2017-09-30": "-71.01300", "2016-09-30": "-43.98200", "2015-09-30": "-54.87100", "2014-09-30": "-34.14600", "2013-09-30": "-35.53500", "2012-09-30": "-25.24600", "2011-09-30": "-18.02600", "2010-09-30": "-10.00200", "2009-09-30": "-13.15500", "2008-09-30": "-10.88400", "2007-09-30": "-10.25800", "2006-09-30": "-8.35000", "2005-09-30": "-7.96000"}, "Net Change In Intangible Assets": {"2020-09-30": "", "2019-09-30": "", "2018-09-30": "", "2017-09-30": "", "2016-09-30": "", "2015-09-30": "", "2014-09-30": "", "2013-09-30": "", "2012-09-30": "", "2011-09-30": "", "2010-09-30": "", "2009-09-30": "", "2008-09-30": "", "2007-09-30": "", "2006-09-30": "", "2005-09-30": ""}, "Net Acquisitions/Divestitures": {"2020-09-30": "", "2019-09-30": "-3976.00000", "2018-09-30": "-668.00000", "2017-09-30": "-215.99000", "2016-09-30": "-1399.06400", "2015-09-30": "-1624.27800", "2014-09-30": "-295.49200", "2013-09-30": "-483.25700", "2012-09-30": "-851.04600", "2011-09-30": "-1650.36300", "2010-09-30": "-166.55700", "2009-09-30": "-155.23300", "2008-09-30": "-154.16000", "2007-09-30": "-511.40700", "2006-09-30": "-26.97300", "2005-09-30": "-63.17100"}, "Net Change In Short-term Investments": {"2020-09-30": "", "2019-09-30": "", "2018-09-30": "", "2017-09-30": "", "2016-09-30": "", "2015-09-30": "", "2014-09-30": "", "2013-09-30": "", "2012-09-30": "", "2011-09-30": "", "2010-09-30": "", "2009-09-30": "", "2008-09-30": "", "2007-09-30": "", "2006-09-30": "", "2005-09-30": "50.60100"}, "Net Change In Long-Term Investments": {"2020-09-30": "", "2019-09-30": "", "2018-09-30": "", "2017-09-30": "", "2016-09-30": "", "2015-09-30": "", "2014-09-30": "", "2013-09-30": "16.35000", "2012-09-30": "", "2011-09-30": "", "2010-09-30": "", "2009-09-30": "", "2008-09-30": "", "2007-09-30": "", "2006-09-30": "", "2005-09-30": ""}, "Net Change In Investments - Total": {"2020-09-30": "", "2019-09-30": "", "2018-09-30": "", "2017-09-30": "", "2016-09-30": "", "2015-09-30": "", "2014-09-30": "", "2013-09-30": "16.35000", "2012-09-30": "", "2011-09-30": "", "2010-09-30": "", "2009-09-30": "", "2008-09-30": "", "2007-09-30": "", "2006-09-30": "", "2005-09-30": "50.60100"}, "Investing Activities - Other": {"2020-09-30": "904.00000", "2019-09-30": "189.00000", "2018-09-30": "57.00000", "2017-09-30": "", "2016-09-30": "", "2015-09-30": "", "2014-09-30": "", "2013-09-30": "", "2012-09-30": "", "2011-09-30": "271.36100", "2010-09-30": "", "2009-09-30": "", "2008-09-30": "", "2007-09-30": "", "2006-09-30": "", "2005-09-30": ""}, "Cash Flow From Investing Activities": {"2020-09-30": "799.00000", "2019-09-30": "-3889.00000", "2018-09-30": "-684.00000", "2017-09-30": "-287.00300", "2016-09-30": "-1443.04600", "2015-09-30": "-1679.14900", "2014-09-30": "-329.63800", "2013-09-30": "-502.44200", "2012-09-30": "-876.29200", "2011-09-30": "-1397.02800", "2010-09-30": "-176.55900", "2009-09-30": "-168.38800", "2008-09-30": "-165.04400", "2007-09-30": "-521.66500", "2006-09-30": "-35.32300", "2005-09-30": "-20.53000"}, "Net Long-Term Debt": {"2020-09-30": "3072.00000", "2019-09-30": "3853.00000", "2018-09-30": "1095.00000", "2017-09-30": "1424.61400", "2016-09-30": "1816.69000", "2015-09-30": "935.93900", "2014-09-30": "1377.63200", "2013-09-30": "2059.81000", "2012-09-30": "465.06600", "2011-09-30": "1248.71300", "2010-09-30": "404.24800", "2009-09-30": "", "2008-09-30": "", "2007-09-30": "421.88100", "2006-09-30": "-205.92000", "2005-09-30": "-2.94200"}, "Net Current Debt": {"2020-09-30": "", "2019-09-30": "49.00000", "2018-09-30": "", "2017-09-30": "99.47100", "2016-09-30": "", "2015-09-30": "", "2014-09-30": "199.16400", "2013-09-30": "", "2012-09-30": "", "2011-09-30": "", "2010-09-30": "", "2009-09-30": "", "2008-09-30": "", "2007-09-30": "", "2006-09-30": "193.75200", "2005-09-30": ""}, "Debt Issuance/Retirement Net - Total": {"2020-09-30": "3072.00000", "2019-09-30": "3902.00000", "2018-09-30": "1095.00000", "2017-09-30": "1524.08500", "2016-09-30": "1816.69000", "2015-09-30": "935.93900", "2014-09-30": "1576.79600", "2013-09-30": "2059.81000", "2012-09-30": "465.06600", "2011-09-30": "1248.71300", "2010-09-30": "404.24800", "2009-09-30": "", "2008-09-30": "", "2007-09-30": "421.88100", "2006-09-30": "-12.16800", "2005-09-30": "-2.94200"}, "Net Common Equity Issued/Repurchased": {"2020-09-30": "97.00000", "2019-09-30": "82.00000", "2018-09-30": "58.00000", "2017-09-30": "-368.64400", "2016-09-30": "-177.64300", "2015-09-30": "61.67400", "2014-09-30": "-133.11400", "2013-09-30": "21.53400", "2012-09-30": "14.86400", "2011-09-30": "9.20800", "2010-09-30": "6.36100", "2009-09-30": "-6.89700", "2008-09-30": "9.76900", "2007-09-30": "8.45000", "2006-09-30": "1.42900", "2005-09-30": ""}, "Net Total Equity Issued/Repurchased": {"2020-09-30": "97.00000", "2019-09-30": "82.00000", "2018-09-30": "58.00000", "2017-09-30": "-368.64400", "2016-09-30": "-177.64300", "2015-09-30": "61.67400", "2014-09-30": "-133.11400", "2013-09-30": "21.53400", "2012-09-30": "14.86400", "2011-09-30": "9.20800", "2010-09-30": "6.36100", "2009-09-30": "-6.89700", "2008-09-30": "9.76900", "2007-09-30": "8.45000", "2006-09-30": "1.42900", "2005-09-30": ""}, "Total Common And Preferred Stock Dividends Paid": {"2020-09-30": "-1928.00000", "2019-09-30": "-1712.00000", "2018-09-30": "-56.00000", "2017-09-30": "-2581.55200", "2016-09-30": "-3.00000", "2015-09-30": "-3.36500", "2014-09-30": "-1451.39100", "2013-09-30": "-1991.35000", "2012-09-30": "-3.29900", "2011-09-30": "-2.81100", "2010-09-30": "-404.86800", "2009-09-30": "", "2008-09-30": "", "2007-09-30": "", "2006-09-30": "", "2005-09-30": ""}, "Financial Activities - Other": {"2020-09-30": "-11.00000", "2019-09-30": "-1.00000", "2018-09-30": "-11.00000", "2017-09-30": "-17.57100", "2016-09-30": "-3.58000", "2015-09-30": "60.69900", "2014-09-30": "51.68200", "2013-09-30": "66.20100", "2012-09-30": "50.55500", "2011-09-30": "23.41100", "2010-09-30": "17.45900", "2009-09-30": "9.27800", "2008-09-30": "18.75600", "2007-09-30": "23.62700", "2006-09-30": "", "2005-09-30": "-1.50000"}, "Cash Flow From Financial Activities": {"2020-09-30": "1230.00000", "2019-09-30": "2271.00000", "2018-09-30": "1086.00000", "2017-09-30": "-1443.68200", "2016-09-30": "1632.46700", "2015-09-30": "1054.94700", "2014-09-30": "43.97300", "2013-09-30": "156.19500", "2012-09-30": "527.18600", "2011-09-30": "1278.52100", "2010-09-30": "23.20000", "2009-09-30": "2.38100", "2008-09-30": "28.52500", "2007-09-30": "453.95800", "2006-09-30": "-10.73900", "2005-09-30": "-4.44200"}, "Net Cash Flow": {"2020-09-30": "3250.00000", "2019-09-30": "-606.00000", "2018-09-30": "1422.00000", "2017-09-30": "-936.43300", "2016-09-30": "872.96100", "2015-09-30": "-105.51500", "2014-09-30": "254.80800", "2013-09-30": "124.21600", "2012-09-30": "64.34100", "2011-09-30": "142.07100", "2010-09-30": "43.94500", "2009-09-30": "31.10500", "2008-09-30": "53.11600", "2007-09-30": "44.72900", "2006-09-30": "-43.00400", "2005-09-30": "55.72300"}, "Stock-Based Compensation": {"2020-09-30": "93.00000", "2019-09-30": "93.00000", "2018-09-30": "58.00000", "2017-09-30": "45.52400", "2016-09-30": "48.30600", "2015-09-30": "31.50000", "2014-09-30": "26.33200", "2013-09-30": "48.88400", "2012-09-30": "22.15100", "2011-09-30": "12.57400", "2010-09-30": "6.70400", "2009-09-30": "5.81300", "2008-09-30": "4.03500", "2007-09-30": "3.48700", "2006-09-30": "2.40300", "2005-09-30": ""}, "Common Stock Dividends Paid": {"2020-09-30": "-1928.00000", "2019-09-30": "-1712.00000", "2018-09-30": "-56.00000", "2017-09-30": "-2581.55200", "2016-09-30": "-3.00000", "2015-09-30": "-3.36500", "2014-09-30": "-1451.39100", "2013-09-30": "-1991.35000", "2012-09-30": "-3.29900", "2011-09-30": "-2.81100", "2010-09-30": "-404.86800", "2009-09-30": "", "2008-09-30": "", "2007-09-30": "", "2006-09-30": "", "2005-09-30": ""}}, "cash flow statement, quarterly": {"Net Income/Loss": {"2020-09-30": 82, "2020-06-30": -6, "2020-03-31": 319, "2019-12-31": "305.00000", "2019-09-30": 349, "2019-06-30": 145, "2019-03-31": 202, "2018-12-31": "196.00000", "2018-09-30": 228.701, "2018-06-30": 217.246, "2018-03-31": 196.278, "2017-12-31": "314.77500", "2017-09-30": 153.458, "2017-06-30": 169.053, "2017-03-31": 155.505, "2016-12-31": "118.87100", "2016-09-30": 154.668, "2016-06-30": 160.622, "2016-03-31": 141.683, "2015-12-31": "129.44100", "2015-09-30": 141.673, "2015-06-30": 99.112, "2015-03-31": 110.894, "2014-12-31": "95.53300", "2014-09-30": 114.255, "2014-06-30": 16.177, "2014-03-31": 90.355, "2013-12-31": "86.12300", "2013-09-30": 84.027, "2013-06-30": 76.655, "2013-03-31": 67.937, "2012-12-31": "74.17000", "2012-09-30": 87.866, "2012-06-30": 90.446, "2012-03-31": 81.552, "2011-12-31": "65.10500", "2011-09-30": 67.395, "2011-06-30": 56.28, "2011-03-31": 55.817, "2010-12-31": "-7.35800", "2010-09-30": 50.635, "2010-06-30": 44.006, "2010-03-31": 38.046, "2009-12-31": "30.75800", "2009-09-30": 41.611, "2009-06-30": 41.388, "2009-03-31": 40.304, "2008-12-31": "39.59900", "2008-09-30": 37.989, "2008-06-30": 35.999, "2008-03-31": 32.17, "2007-12-31": "26.96800", "2007-09-30": 24.675, "2007-06-30": 22.121, "2007-03-31": 21.514, "2006-12-31": "20.33500", "2006-09-30": 15.222, "2006-06-30": -13.363, "2006-03-31": 14.274, "2005-12-31": "8.98400", "2005-06-30": 9.529, "2005-03-31": 15.131}, "Total Depreciation And Amortization - Cash Flow": {"2020-09-30": 76, "2020-06-30": 72, "2020-03-31": 66, "2019-12-31": "66.00000", "2019-09-30": 37, "2019-06-30": 154, "2019-03-31": 59, "2018-12-31": "43.00000", "2018-09-30": 33.122, "2018-06-30": 42.675, "2018-03-31": 36.245, "2017-12-31": "35.95800", "2017-09-30": 54.669, "2017-06-30": 41.728, "2017-03-31": 40.21, "2016-12-31": "42.66800", "2016-09-30": 41.069, "2016-06-30": 33.611, "2016-03-31": 33.168, "2015-12-31": "30.03300", "2015-09-30": 29.704, "2015-06-30": 30.963, "2015-03-31": 23.012, "2014-12-31": "25.78100", "2014-09-30": 25.881, "2014-06-30": 28.289, "2014-03-31": 29.226, "2013-12-31": "26.92400", "2013-09-30": 26.756, "2013-06-30": 17.953, "2013-03-31": 19.491, "2012-12-31": "21.24800", "2012-09-30": 20.982, "2012-06-30": 21.019, "2012-03-31": 18.372, "2011-12-31": "20.39800", "2011-09-30": 20.212, "2011-06-30": 20.168, "2011-03-31": 19.224, "2010-12-31": "10.69800", "2010-09-30": 9.539, "2010-06-30": 9.484, "2010-03-31": 9.226, "2009-12-31": "9.49400", "2009-09-30": 7.993, "2009-06-30": 7.552, "2009-03-31": 7.701, "2008-12-31": "7.52600", "2008-09-30": 7.417, "2008-06-30": 6.968, "2008-03-31": 6.543, "2007-12-31": "7.42300", "2007-09-30": 7.835, "2007-06-30": 7.53, "2007-03-31": 7.08, "2006-12-31": "4.65400", "2006-09-30": 4.74, "2006-06-30": 27.507, "2006-03-31": 5.195, "2005-12-31": "5.39000", "2005-06-30": 5.367, "2005-03-31": 9.994}, "Other Non-Cash Items": {"2020-09-30": 95, "2020-06-30": 17, "2020-03-31": 11, "2019-12-31": "-25.00000", "2019-09-30": -14, "2019-06-30": 27, "2019-03-31": 14, "2018-12-31": "18.00000", "2018-09-30": 39.519, "2018-06-30": 17.821, "2018-03-31": 21.335, "2017-12-31": "-160.67500", "2017-09-30": 46.189, "2017-06-30": 12.629, "2017-03-31": 15.638, "2016-12-31": "41.61100", "2016-09-30": 15.946, "2016-06-30": 28.89, "2016-03-31": 13.79, "2015-12-31": "11.28200", "2015-09-30": -6.31, "2015-06-30": 13.805, "2015-03-31": -17.33, "2014-12-31": "-1.57700", "2014-09-30": -10.502, "2014-06-30": 111.826, "2014-03-31": -5.751, "2013-12-31": "0.45200", "2013-09-30": -28.902, "2013-06-30": 29.271, "2013-03-31": 28.28, "2012-12-31": "-18.29900", "2012-09-30": 20.614, "2012-06-30": -5.052, "2012-03-31": -9.064, "2011-12-31": "-10.10200", "2011-09-30": -2.575, "2011-06-30": 18.775, "2011-03-31": -36.451, "2010-12-31": "70.84700", "2010-09-30": 2.079, "2010-06-30": -0.547, "2010-03-31": -2.284, "2009-12-31": "-8.10300", "2009-09-30": -0.727, "2009-06-30": 3.218, "2009-03-31": 0.744, "2008-12-31": "2.10000", "2008-09-30": 1.569, "2008-06-30": -3.928, "2008-03-31": -2.315, "2007-12-31": "-2.71200", "2007-09-30": 7.51, "2007-06-30": -22.924, "2007-03-31": -0.73, "2006-12-31": "2.23400", "2006-09-30": 19.2, "2006-06-30": 25.923, "2006-03-31": 0.897, "2005-12-31": "0.23700", "2005-06-30": -1.261, "2005-03-31": 1.781}, "Total Non-Cash Items": {"2020-09-30": 171, "2020-06-30": 89, "2020-03-31": 77, "2019-12-31": "41.00000", "2019-09-30": 23, "2019-06-30": 181, "2019-03-31": 73, "2018-12-31": "61.00000", "2018-09-30": 72.641, "2018-06-30": 60.496, "2018-03-31": 57.58, "2017-12-31": "-124.71700", "2017-09-30": 100.858, "2017-06-30": 54.357, "2017-03-31": 55.848, "2016-12-31": "84.27900", "2016-09-30": 57.015, "2016-06-30": 62.501, "2016-03-31": 46.958, "2015-12-31": "41.31500", "2015-09-30": 23.394, "2015-06-30": 44.768, "2015-03-31": 5.682, "2014-12-31": "24.20400", "2014-09-30": 15.379, "2014-06-30": 140.115, "2014-03-31": 23.475, "2013-12-31": "27.37600", "2013-09-30": -2.146, "2013-06-30": 47.224, "2013-03-31": 47.771, "2012-12-31": "2.94900", "2012-09-30": 41.596, "2012-06-30": 15.967, "2012-03-31": 9.308, "2011-12-31": "10.29600", "2011-09-30": 17.637, "2011-06-30": 38.943, "2011-03-31": -17.227, "2010-12-31": "81.54500", "2010-09-30": 11.618, "2010-06-30": 8.937, "2010-03-31": 6.942, "2009-12-31": "1.39100", "2009-09-30": 7.266, "2009-06-30": 10.77, "2009-03-31": 8.445, "2008-12-31": "9.62600", "2008-09-30": 8.986, "2008-06-30": 3.04, "2008-03-31": 4.228, "2007-12-31": "4.71100", "2007-09-30": 15.345, "2007-06-30": -15.394, "2007-03-31": 6.35, "2006-12-31": "6.88800", "2006-09-30": 23.94, "2006-06-30": 53.43, "2006-03-31": 6.092, "2005-12-31": "5.62700", "2005-06-30": 4.106, "2005-03-31": 11.775}, "Change In Accounts Receivable": {"2020-09-30": 5, "2020-06-30": 273, "2020-03-31": 23, "2019-12-31": "51.00000", "2019-09-30": -17, "2019-06-30": -58, "2019-03-31": -52, "2018-12-31": "45.00000", "2018-09-30": -43.139, "2018-06-30": -6.725, "2018-03-31": -75.311, "2017-12-31": "81.17500", "2017-09-30": -33.474, "2017-06-30": -24.303, "2017-03-31": -56.704, "2016-12-31": "59.81200", "2016-09-30": -42.766, "2016-06-30": -18.864, "2016-03-31": -32.852, "2015-12-31": "14.36800", "2015-09-30": -18.374, "2015-06-30": 2.612, "2015-03-31": -26.752, "2014-12-31": "17.09600", "2014-09-30": 0.624, "2014-06-30": -11.556, "2014-03-31": -10.343, "2013-12-31": "-3.03400", "2013-09-30": -2.315, "2013-06-30": -16.347, "2013-03-31": -23.665, "2012-12-31": "17.32100", "2012-09-30": 4.971, "2012-06-30": 2.265, "2012-03-31": -28.939, "2011-12-31": "19.74600", "2011-09-30": -15.153, "2011-06-30": -5.251, "2011-03-31": -13.883, "2010-12-31": "19.29400", "2010-09-30": -8.895, "2010-06-30": -8.16, "2010-03-31": -9.552, "2009-12-31": "8.88600", "2009-09-30": 4.019, "2009-06-30": -4.598, "2009-03-31": 3.197, "2008-12-31": "-2.96400", "2008-09-30": 4.751, "2008-06-30": 3.673, "2008-03-31": -9.136, "2007-12-31": "7.81500", "2007-09-30": -10.02, "2007-06-30": 1.105, "2007-03-31": -9.511, "2006-12-31": "1.02500", "2006-09-30": -1.484, "2006-06-30": 2.77, "2006-03-31": -3.572, "2005-12-31": "1.79700", "2005-06-30": -1.05, "2005-03-31": -7.882}, "Change In Inventories": {"2020-09-30": 64, "2020-06-30": -29, "2020-03-31": -28, "2019-12-31": "-69.00000", "2019-09-30": 64, "2019-06-30": -55, "2019-03-31": -16, "2018-12-31": "-29.00000", "2018-09-30": 7.157, "2018-06-30": -8.82, "2018-03-31": -3.829, "2017-12-31": "-12.50800", "2017-09-30": 5.452, "2017-06-30": -7.221, "2017-03-31": -1.469, "2016-12-31": "8.36500", "2016-09-30": 13.616, "2016-06-30": -0.155, "2016-03-31": -1.426, "2015-12-31": "-14.10800", "2015-09-30": 2.023, "2015-06-30": -8.623, "2015-03-31": -6.728, "2014-12-31": "-12.64600", "2014-09-30": 0.018, "2014-06-30": -3.53, "2014-03-31": -2.664, "2013-12-31": "-2.21600", "2013-09-30": 1.473, "2013-06-30": 1.464, "2013-03-31": -6.705, "2012-12-31": "-11.52100", "2012-09-30": 3.282, "2012-06-30": -2.926, "2012-03-31": 0.165, "2011-12-31": "-0.93700", "2011-09-30": -2.565, "2011-06-30": -8.363, "2011-03-31": -2.526, "2010-12-31": "3.79300", "2010-09-30": -2.461, "2010-06-30": 0.15, "2010-03-31": 0.944, "2009-12-31": "4.26000", "2009-09-30": 4.816, "2009-06-30": -0.316, "2009-03-31": -2.845, "2008-12-31": "-6.17300", "2008-09-30": 2.562, "2008-06-30": 0.077, "2008-03-31": -0.395, "2007-12-31": "-1.36600", "2007-09-30": 2.44, "2007-06-30": -1.732, "2007-03-31": -3.999, "2006-12-31": "-2.33300", "2006-09-30": -0.946, "2006-06-30": -3.522, "2006-03-31": -3.564, "2005-12-31": "-2.13100", "2005-06-30": -2.047, "2005-03-31": -1.043}, "Change In Accounts Payable": {"2020-09-30": -14, "2020-06-30": -36, "2020-03-31": 2, "2019-12-31": "-14.00000", "2019-09-30": 6, "2019-06-30": -8, "2019-03-31": -2, "2018-12-31": "3.00000", "2018-09-30": 17.276, "2018-06-30": 1.348, "2018-03-31": 3.804, "2017-12-31": "-4.42800", "2017-09-30": 1.988, "2017-06-30": 5.203, "2017-03-31": 8.655, "2016-12-31": "-26.20000", "2016-09-30": 20.446, "2016-06-30": 0.562, "2016-03-31": 0.495, "2015-12-31": "-28.16000", "2015-09-30": 14.128, "2015-06-30": 10.701, "2015-03-31": 11.424, "2014-12-31": "-22.77300", "2014-09-30": 21.4, "2014-06-30": -0.403, "2014-03-31": 1.361, "2013-12-31": "-24.77300", "2013-09-30": 32.157, "2013-06-30": -6.822, "2013-03-31": 2.58, "2012-12-31": "-4.40500", "2012-09-30": -2.064, "2012-06-30": 2.536, "2012-03-31": 11.577, "2011-12-31": "-15.66900", "2011-09-30": 7.538, "2011-06-30": 0.994, "2011-03-31": 7.901, "2010-12-31": "-11.94900", "2010-09-30": 12.821, "2010-06-30": 1.254, "2010-03-31": 0.749, "2009-12-31": "-9.89100", "2009-09-30": 15.069, "2009-06-30": -8.691, "2009-03-31": 2.161, "2008-12-31": "0.26900", "2008-09-30": -0.996, "2008-06-30": 0.556, "2008-03-31": 2.179, "2007-12-31": "-2.07200", "2007-09-30": 0.168, "2007-06-30": -0.343, "2007-03-31": 1.473, "2006-12-31": "0.34400", "2006-09-30": -0.383, "2006-06-30": 1.238, "2006-03-31": 0.468, "2005-12-31": "0.29500", "2005-06-30": -0.281, "2005-03-31": 2.41}, "Change In Assets/Liabilities": {"2020-09-30": -22, "2020-06-30": 38, "2020-03-31": -27, "2019-12-31": "-5.00000", "2019-09-30": -3, "2019-06-30": 30, "2019-03-31": -45, "2018-12-31": "-9.00000", "2018-09-30": -2.5, "2018-06-30": 6.303, "2018-03-31": -10.334, "2017-12-31": "1.53100", "2017-09-30": -6.46, "2017-06-30": 0.047, "2017-03-31": 0.675, "2016-12-31": "-4.82600", "2016-09-30": -6.697, "2016-06-30": -3.113, "2016-03-31": 3.974, "2015-12-31": "0.91700", "2015-09-30": -12.545, "2015-06-30": 0.682, "2015-03-31": 2.627, "2014-12-31": "-3.15600", "2014-09-30": -7.568, "2014-06-30": -1.39, "2014-03-31": 0.099, "2013-12-31": "3.15600", "2013-09-30": -0.706, "2013-06-30": -0.915, "2013-03-31": -0.269, "2012-12-31": "3.04500", "2012-09-30": -13.478, "2012-06-30": 1.025, "2012-03-31": -0.729, "2011-12-31": "2.61800", "2011-09-30": -0.674, "2011-06-30": -2.615, "2011-03-31": 0.538, "2010-12-31": "0.05900", "2010-09-30": -0.435, "2010-06-30": 2.209, "2010-03-31": 2.579, "2009-12-31": "-3.84000", "2009-09-30": -2.665, "2009-06-30": 0.734, "2009-03-31": 0.383, "2008-12-31": "-0.78700", "2008-09-30": 1.243, "2008-06-30": -1.09, "2008-03-31": -1.032, "2007-12-31": "1.31000", "2007-09-30": 0.745, "2007-06-30": -0.418, "2007-03-31": -1.403, "2006-12-31": "-1.48800", "2006-09-30": 9.684, "2006-06-30": -1.328, "2006-03-31": -10.043, "2005-12-31": "-86.41000", "2005-06-30": 11.649, "2005-03-31": 15.264}, "Total Change In Assets/Liabilities": {"2020-09-30": -31, "2020-06-30": 314, "2020-03-31": -235, "2019-12-31": "87.00000", "2019-09-30": -125, "2019-06-30": -11, "2019-03-31": -152, "2018-12-31": "73.00000", "2018-09-30": 29.748, "2018-06-30": -40.516, "2018-03-31": -92.985, "2017-12-31": "102.75300", "2017-09-30": -20.799, "2017-06-30": -58.694, "2017-03-31": -46.644, "2016-12-31": "22.64100", "2016-09-30": -10.561, "2016-06-30": -27.827, "2016-03-31": -80.43, "2015-12-31": "7.91300", "2015-09-30": -17.556, "2015-06-30": 46.631, "2015-03-31": -122.619, "2014-12-31": "69.22200", "2014-09-30": 62.059, "2014-06-30": -27.251, "2014-03-31": -9.049, "2013-12-31": "2.20800", "2013-09-30": 121.289, "2013-06-30": -54.133, "2013-03-31": -16.534, "2012-12-31": "20.99600", "2012-09-30": 26.6, "2012-06-30": -13.552, "2012-03-31": 6.008, "2011-12-31": "-7.30700", "2011-09-30": 32.311, "2011-06-30": -81.331, "2011-03-31": 28.413, "2010-12-31": "-12.03900", "2010-09-30": -20.212, "2010-06-30": 18.489, "2010-03-31": -20.754, "2009-12-31": "27.44800", "2009-09-30": 19.218, "2009-06-30": -2.656, "2009-03-31": -35.454, "2008-12-31": "16.99500", "2008-09-30": -7.26, "2008-06-30": 32.708, "2008-03-31": -18.453, "2007-12-31": "28.54900", "2007-09-30": -17.703, "2007-06-30": 27.992, "2007-03-31": -10.917, "2006-12-31": "11.23000", "2006-09-30": 3.688, "2006-06-30": -18.787, "2006-03-31": -15.418, "2005-12-31": "-80.63100", "2005-06-30": 13.994, "2005-03-31": 6.436}, "Cash Flow From Operating Activities": {"2020-09-30": 222, "2020-06-30": 397, "2020-03-31": 161, "2019-12-31": "433.00000", "2019-09-30": 247, "2019-06-30": 315, "2019-03-31": 123, "2018-12-31": "330.00000", "2018-09-30": 331.09, "2018-06-30": 237.226, "2018-03-31": 160.873, "2017-12-31": "292.81100", "2017-09-30": 233.517, "2017-06-30": 164.716, "2017-03-31": 164.709, "2016-12-31": "225.79100", "2016-09-30": 201.122, "2016-06-30": 195.296, "2016-03-31": 108.211, "2015-12-31": "178.66900", "2015-09-30": 147.511, "2015-06-30": 190.511, "2015-03-31": -6.043, "2014-12-31": "188.95900", "2014-09-30": 191.693, "2014-06-30": 129.041, "2014-03-31": 104.781, "2013-12-31": "115.70700", "2013-09-30": 203.17, "2013-06-30": 69.746, "2013-03-31": 99.174, "2012-12-31": "98.11500", "2012-09-30": 156.062, "2012-06-30": 92.861, "2012-03-31": 96.868, "2011-12-31": "68.09400", "2011-09-30": 117.343, "2011-06-30": 13.892, "2011-03-31": 67.003, "2010-12-31": "62.14800", "2010-09-30": 42.041, "2010-06-30": 71.432, "2010-03-31": 24.234, "2009-12-31": "59.59700", "2009-09-30": 68.095, "2009-06-30": 49.502, "2009-03-31": 13.295, "2008-12-31": "66.22000", "2008-09-30": 39.715, "2008-06-30": 71.747, "2008-03-31": 17.945, "2007-12-31": "60.22800", "2007-09-30": 22.317, "2007-06-30": 34.719, "2007-03-31": 16.947, "2006-12-31": "38.45300", "2006-09-30": 42.85, "2006-06-30": 21.28, "2006-03-31": 4.948, "2005-12-31": "-66.02000", "2005-06-30": 27.629, "2005-03-31": 33.342}, "Net Change In Property, Plant, And Equipment": {"2020-09-30": -43, "2020-06-30": -12, "2020-03-31": -23, "2019-12-31": "-27.00000", "2019-09-30": -22, "2019-06-30": -36, "2019-03-31": -20, "2018-12-31": "-24.00000", "2018-09-30": -22.903, "2018-06-30": -19.213, "2018-03-31": -15.594, "2017-12-31": "-15.29000", "2017-09-30": -15.342, "2017-06-30": -17.235, "2017-03-31": -16.629, "2016-12-31": "-21.80700", "2016-09-30": -13.975, "2016-06-30": -7.693, "2016-03-31": -12.142, "2015-12-31": "-10.17200", "2015-09-30": -14.572, "2015-06-30": -17.3, "2015-03-31": -14.861, "2014-12-31": "-8.13800", "2014-09-30": -25.076, "2014-06-30": -7.741, "2014-03-31": 6.768, "2013-12-31": "-8.09700", "2013-09-30": -11.902, "2013-06-30": -7.317, "2013-03-31": -7.639, "2012-12-31": "-8.67700", "2012-09-30": -9.037, "2012-06-30": -7.1, "2012-03-31": -4.406, "2011-12-31": "-4.70300", "2011-09-30": -5.805, "2011-06-30": -3.835, "2011-03-31": -5.399, "2010-12-31": "-2.98700", "2010-09-30": -0.131, "2010-06-30": -2.941, "2010-03-31": -3.437, "2009-12-31": "-3.49300", "2009-09-30": -3.996, "2009-06-30": -3.342, "2009-03-31": -4.084, "2008-12-31": "-1.73300", "2008-09-30": -3.633, "2008-06-30": -3.068, "2008-03-31": -1.782, "2007-12-31": "-2.40100", "2007-09-30": -3.113, "2007-06-30": -2.94, "2007-03-31": -1.709, "2006-12-31": "-2.49600", "2006-09-30": -2.783, "2006-06-30": -1.736, "2006-03-31": -2.064, "2005-12-31": "-1.76700", "2005-06-30": -2.113, "2005-03-31": -3.407}, "Net Change In Intangible Assets": {"2020-09-30": 0, "2020-06-30": 0, "2020-03-31": 0, "2019-12-31": "", "2019-09-30": 0, "2019-06-30": 0, "2019-03-31": 0, "2018-12-31": "", "2018-09-30": 0, "2018-06-30": 0, "2018-03-31": 0, "2017-12-31": "", "2017-09-30": 0, "2017-06-30": 0, "2017-03-31": 0, "2016-12-31": "", "2016-09-30": 0, "2016-06-30": 0, "2016-03-31": 0, "2015-12-31": "", "2015-09-30": 0, "2015-06-30": 0, "2015-03-31": 0, "2014-12-31": "", "2014-09-30": 0, "2014-06-30": 0, "2014-03-31": 0, "2013-12-31": "", "2013-09-30": 0, "2013-06-30": 0, "2013-03-31": 0, "2012-12-31": "", "2012-09-30": 0, "2012-06-30": 0, "2012-03-31": 0, "2011-12-31": "", "2011-09-30": 0, "2011-06-30": 0, "2011-03-31": 0, "2010-12-31": "", "2010-09-30": 0, "2010-06-30": 0, "2010-03-31": 0, "2009-12-31": "", "2009-09-30": 0, "2009-06-30": 0, "2009-03-31": 0, "2008-12-31": "", "2008-09-30": 0, "2008-06-30": 0, "2008-03-31": 0, "2007-12-31": "", "2007-09-30": 0, "2007-06-30": 0, "2007-03-31": 0, "2006-12-31": "", "2006-09-30": 0, "2006-06-30": 0, "2006-03-31": 0, "2005-12-31": "", "2005-06-30": 0, "2005-03-31": 0}, "Net Acquisitions/Divestitures": {"2020-09-30": 0, "2020-06-30": 0, "2020-03-31": 0, "2019-12-31": "", "2019-09-30": -19, "2019-06-30": -388, "2019-03-31": -3540, "2018-12-31": "-29.00000", "2018-09-30": -85.738, "2018-06-30": -531.942, "2018-03-31": -50.32, "2017-12-31": "", "2017-09-30": -80.483, "2017-06-30": -105.505, "2017-03-31": 0, "2016-12-31": "-30.00200", "2016-09-30": -256.058, "2016-06-30": -998.626, "2016-03-31": -144.38, "2015-12-31": "", "2015-09-30": -330.78, "2015-06-30": -570.298, "2015-03-31": -723.2, "2014-12-31": "", "2014-09-30": 16.38, "2014-06-30": -0.856, "2014-03-31": -47.124, "2013-12-31": "-263.89200", "2013-09-30": -1.549, "2013-06-30": -473.341, "2013-03-31": -8.501, "2012-12-31": "0.13400", "2012-09-30": -17.075, "2012-06-30": -0.459, "2012-03-31": -749.7, "2011-12-31": "-83.81200", "2011-09-30": -288.364, "2011-06-30": 0.203, "2011-03-31": -0.001, "2010-12-31": "-1362.20100", "2010-09-30": -70.643, "2010-06-30": 0, "2010-03-31": -0.164, "2009-12-31": "-95.75000", "2009-09-30": -88.67, "2009-06-30": -0.076, "2009-03-31": -0.068, "2008-12-31": "-66.41900", "2008-09-30": -69.438, "2008-06-30": -84.722, "2008-03-31": 0, "2007-12-31": "", "2007-09-30": -35.498, "2007-06-30": -0.204, "2007-03-31": -430.455, "2006-12-31": "-45.25000", "2006-09-30": 0.184, "2006-06-30": -27.157, "2006-03-31": 0, "2005-12-31": "", "2005-06-30": -8.447, "2005-03-31": -54.635}, "Net Change In Short-term Investments": {"2020-09-30": 0, "2020-06-30": 0, "2020-03-31": 0, "2019-12-31": "", "2019-09-30": 0, "2019-06-30": 0, "2019-03-31": 0, "2018-12-31": "", "2018-09-30": 0, "2018-06-30": 0, "2018-03-31": 0, "2017-12-31": "", "2017-09-30": 0, "2017-06-30": 0, "2017-03-31": 0, "2016-12-31": "", "2016-09-30": 0, "2016-06-30": 0, "2016-03-31": 0, "2015-12-31": "", "2015-09-30": 0, "2015-06-30": 0, "2015-03-31": 0, "2014-12-31": "", "2014-09-30": 0, "2014-06-30": 0, "2014-03-31": 0, "2013-12-31": "", "2013-09-30": 0, "2013-06-30": 0, "2013-03-31": 0, "2012-12-31": "", "2012-09-30": 0, "2012-06-30": 0, "2012-03-31": 0, "2011-12-31": "", "2011-09-30": 0, "2011-06-30": 0, "2011-03-31": 0, "2010-12-31": "", "2010-09-30": 0, "2010-06-30": 0, "2010-03-31": 0, "2009-12-31": "", "2009-09-30": 0, "2009-06-30": 0, "2009-03-31": 0, "2008-12-31": "", "2008-09-30": 0, "2008-06-30": 0, "2008-03-31": 0, "2007-12-31": "", "2007-09-30": 0, "2007-06-30": 0, "2007-03-31": 0, "2006-12-31": "", "2006-09-30": 0, "2006-06-30": 0, "2006-03-31": 0, "2005-12-31": "", "2005-06-30": 3.148, "2005-03-31": -0.113}, "Net Change In Long-Term Investments": {"2020-09-30": 0, "2020-06-30": 0, "2020-03-31": 0, "2019-12-31": "", "2019-09-30": 0, "2019-06-30": 0, "2019-03-31": 0, "2018-12-31": "", "2018-09-30": 0, "2018-06-30": 0, "2018-03-31": 0, "2017-12-31": "", "2017-09-30": 0, "2017-06-30": 0, "2017-03-31": 0, "2016-12-31": "", "2016-09-30": 0, "2016-06-30": 0, "2016-03-31": 0, "2015-12-31": "", "2015-09-30": 0, "2015-06-30": 0, "2015-03-31": 0, "2014-12-31": "", "2014-09-30": 0, "2014-06-30": 0, "2014-03-31": 0, "2013-12-31": "", "2013-09-30": 5.85, "2013-06-30": 0, "2013-03-31": 5.5, "2012-12-31": "5.00000", "2012-09-30": 0, "2012-06-30": 0, "2012-03-31": 0, "2011-12-31": "", "2011-09-30": 0, "2011-06-30": 0, "2011-03-31": 0, "2010-12-31": "", "2010-09-30": 0, "2010-06-30": 0, "2010-03-31": 0, "2009-12-31": "", "2009-09-30": 0, "2009-06-30": 0, "2009-03-31": 0, "2008-12-31": "", "2008-09-30": 0, "2008-06-30": 0, "2008-03-31": 0, "2007-12-31": "", "2007-09-30": 0, "2007-06-30": 0, "2007-03-31": 0, "2006-12-31": "", "2006-09-30": 0, "2006-06-30": 0, "2006-03-31": 0, "2005-12-31": "", "2005-06-30": 0, "2005-03-31": 0}, "Net Change In Investments - Total": {"2020-09-30": 0, "2020-06-30": 0, "2020-03-31": 0, "2019-12-31": "", "2019-09-30": 0, "2019-06-30": 0, "2019-03-31": 0, "2018-12-31": "", "2018-09-30": 0, "2018-06-30": 0, "2018-03-31": 0, "2017-12-31": "", "2017-09-30": 0, "2017-06-30": 0, "2017-03-31": 0, "2016-12-31": "", "2016-09-30": 0, "2016-06-30": 0, "2016-03-31": 0, "2015-12-31": "", "2015-09-30": 0, "2015-06-30": 0, "2015-03-31": 0, "2014-12-31": "", "2014-09-30": 0, "2014-06-30": 0, "2014-03-31": 0, "2013-12-31": "", "2013-09-30": 5.85, "2013-06-30": 0, "2013-03-31": 5.5, "2012-12-31": "5.00000", "2012-09-30": 0, "2012-06-30": 0, "2012-03-31": 0, "2011-12-31": "", "2011-09-30": 0, "2011-06-30": 0, "2011-03-31": 0, "2010-12-31": "", "2010-09-30": 0, "2010-06-30": 0, "2010-03-31": 0, "2009-12-31": "", "2009-09-30": 0, "2009-06-30": 0, "2009-03-31": 0, "2008-12-31": "", "2008-09-30": 0, "2008-06-30": 0, "2008-03-31": 0, "2007-12-31": "", "2007-09-30": 0, "2007-06-30": 0, "2007-03-31": 0, "2006-12-31": "", "2006-09-30": 0, "2006-06-30": 0, "2006-03-31": 0, "2005-12-31": "", "2005-06-30": 3.148, "2005-03-31": -0.113}, "Investing Activities - Other": {"2020-09-30": 0, "2020-06-30": 0, "2020-03-31": 0, "2019-12-31": "904.00000", "2019-09-30": 189, "2019-06-30": 0, "2019-03-31": 0, "2018-12-31": "", "2018-09-30": -0.686, "2018-06-30": 0, "2018-03-31": 57.686, "2017-12-31": "", "2017-09-30": 79.695, "2017-06-30": -0.816, "2017-03-31": -78.879, "2016-12-31": "", "2016-09-30": 0, "2016-06-30": 0, "2016-03-31": 0, "2015-12-31": "", "2015-09-30": 0, "2015-06-30": 0, "2015-03-31": 0, "2014-12-31": "", "2014-09-30": 0, "2014-06-30": 0, "2014-03-31": 0, "2013-12-31": "", "2013-09-30": 0, "2013-06-30": 0, "2013-03-31": 0, "2012-12-31": "", "2012-09-30": 0, "2012-06-30": 0, "2012-03-31": 0, "2011-12-31": "", "2011-09-30": 0, "2011-06-30": 31.361, "2011-03-31": 240, "2010-12-31": "", "2010-09-30": 0, "2010-06-30": 0, "2010-03-31": 0, "2009-12-31": "", "2009-09-30": 0, "2009-06-30": 0, "2009-03-31": 0, "2008-12-31": "", "2008-09-30": 0, "2008-06-30": 0, "2008-03-31": 0, "2007-12-31": "", "2007-09-30": 0, "2007-06-30": 0, "2007-03-31": 0, "2006-12-31": "", "2006-09-30": 0, "2006-06-30": 0, "2006-03-31": 0, "2005-12-31": "", "2005-06-30": 0, "2005-03-31": 0}, "Cash Flow From Investing Activities": {"2020-09-30": -43, "2020-06-30": -12, "2020-03-31": -23, "2019-12-31": "877.00000", "2019-09-30": 148, "2019-06-30": -424, "2019-03-31": -3560, "2018-12-31": "-53.00000", "2018-09-30": -109.327, "2018-06-30": -551.155, "2018-03-31": -8.228, "2017-12-31": "-15.29000", "2017-09-30": -16.13, "2017-06-30": -123.556, "2017-03-31": -95.508, "2016-12-31": "-51.80900", "2016-09-30": -270.033, "2016-06-30": -1006.319, "2016-03-31": -156.522, "2015-12-31": "-10.17200", "2015-09-30": -345.352, "2015-06-30": -587.598, "2015-03-31": -738.061, "2014-12-31": "-8.13800", "2014-09-30": -8.696, "2014-06-30": -8.597, "2014-03-31": -40.356, "2013-12-31": "-271.98900", "2013-09-30": -7.601, "2013-06-30": -480.658, "2013-03-31": -10.64, "2012-12-31": "-3.54300", "2012-09-30": -26.112, "2012-06-30": -7.559, "2012-03-31": -754.106, "2011-12-31": "-88.51500", "2011-09-30": -294.169, "2011-06-30": 27.729, "2011-03-31": 234.6, "2010-12-31": "-1365.18800", "2010-09-30": -70.774, "2010-06-30": -2.941, "2010-03-31": -3.601, "2009-12-31": "-99.24300", "2009-09-30": -92.666, "2009-06-30": -3.418, "2009-03-31": -4.152, "2008-12-31": "-68.15200", "2008-09-30": -73.071, "2008-06-30": -87.79, "2008-03-31": -1.782, "2007-12-31": "-2.40100", "2007-09-30": -38.611, "2007-06-30": -3.144, "2007-03-31": -432.164, "2006-12-31": "-47.74600", "2006-09-30": -2.599, "2006-06-30": -28.893, "2006-03-31": -2.064, "2005-12-31": "-1.76700", "2005-06-30": -7.412, "2005-03-31": -58.155}, "Net Long-Term Debt": {"2020-09-30": -40, "2020-06-30": 1474, "2020-03-31": 181, "2019-12-31": "1457.00000", "2019-09-30": -20, "2019-06-30": -21, "2019-03-31": 3894, "2018-12-31": "", "2018-09-30": -19.984, "2018-06-30": 1154.994, "2018-03-31": -18.243, "2017-12-31": "-21.76700", "2017-09-30": 568.642, "2017-06-30": -16.659, "2017-03-31": 284.8549, "2016-12-31": "587.77610", "2016-09-30": -14.349, "2016-06-30": 1852.959, "2016-03-31": -10.96, "2015-12-31": "-10.96000", "2015-09-30": -23.062, "2015-06-30": 893.575, "2015-03-31": 65.426, "2014-12-31": "", "2014-09-30": -21.352, "2014-06-30": 1406.745, "2014-03-31": -7.761, "2013-12-31": "", "2013-09-30": 1359.635, "2013-06-30": -5.6871, "2013-03-31": 16.4891, "2012-12-31": "689.37300", "2012-09-30": -5.125, "2012-06-30": -5.522, "2012-03-31": 479.588, "2011-12-31": "-3.87500", "2011-09-30": -4.008, "2011-06-30": -4.092, "2011-03-31": -42.09, "2010-12-31": "1298.90300", "2010-09-30": 404.248, "2010-06-30": -404.46, "2010-03-31": -0.043, "2009-12-31": "404.50300", "2009-09-30": 0, "2009-06-30": 0, "2009-03-31": 0, "2008-12-31": "", "2008-09-30": 0, "2008-06-30": 0, "2008-03-31": 0, "2007-12-31": "", "2007-09-30": -0.337, "2007-06-30": -0.293, "2007-03-31": 422.511, "2006-12-31": "", "2006-09-30": -1.4611, "2006-06-30": -2.9899, "2006-03-31": -0.736, "2005-12-31": "-200.73300", "2005-06-30": -0.735, "2005-03-31": -2.971}, "Net Current Debt": {"2020-09-30": 0, "2020-06-30": 0, "2020-03-31": 0, "2019-12-31": "", "2019-09-30": 49, "2019-06-30": 0, "2019-03-31": 0, "2018-12-31": "", "2018-09-30": 0, "2018-06-30": 0, "2018-03-31": 0, "2017-12-31": "", "2017-09-30": 99.471, "2017-06-30": 0, "2017-03-31": 0, "2016-12-31": "", "2016-09-30": 0, "2016-06-30": 0, "2016-03-31": 0, "2015-12-31": "", "2015-09-30": 0, "2015-06-30": 0, "2015-03-31": 0, "2014-12-31": "", "2014-09-30": -0.226, "2014-06-30": 199.39, "2014-03-31": 0, "2013-12-31": "", "2013-09-30": 0, "2013-06-30": 0, "2013-03-31": 0, "2012-12-31": "", "2012-09-30": 0, "2012-06-30": 0, "2012-03-31": 0, "2011-12-31": "", "2011-09-30": 0, "2011-06-30": 0, "2011-03-31": 0, "2010-12-31": "", "2010-09-30": 0, "2010-06-30": 0, "2010-03-31": 0, "2009-12-31": "", "2009-09-30": 0, "2009-06-30": 0, "2009-03-31": 0, "2008-12-31": "", "2008-09-30": 0, "2008-06-30": 0, "2008-03-31": 0, "2007-12-31": "", "2007-09-30": 0, "2007-06-30": 0, "2007-03-31": 0, "2006-12-31": "", "2006-09-30": 0, "2006-06-30": 0, "2006-03-31": -0.103, "2005-12-31": "193.85500", "2005-06-30": 0, "2005-03-31": 0}, "Debt Issuance/Retirement Net - Total": {"2020-09-30": -40, "2020-06-30": 1474, "2020-03-31": 181, "2019-12-31": "1457.00000", "2019-09-30": 29, "2019-06-30": -21, "2019-03-31": 3894, "2018-12-31": "", "2018-09-30": -19.984, "2018-06-30": 1154.994, "2018-03-31": -18.243, "2017-12-31": "-21.76700", "2017-09-30": 668.113, "2017-06-30": -16.659, "2017-03-31": 284.8549, "2016-12-31": "587.77610", "2016-09-30": -14.349, "2016-06-30": 1852.959, "2016-03-31": -10.96, "2015-12-31": "-10.96000", "2015-09-30": -23.062, "2015-06-30": 893.575, "2015-03-31": 65.426, "2014-12-31": "", "2014-09-30": -21.578, "2014-06-30": 1606.135, "2014-03-31": -7.761, "2013-12-31": "", "2013-09-30": 1359.635, "2013-06-30": -5.6871, "2013-03-31": 16.4891, "2012-12-31": "689.37300", "2012-09-30": -5.125, "2012-06-30": -5.522, "2012-03-31": 479.588, "2011-12-31": "-3.87500", "2011-09-30": -4.008, "2011-06-30": -4.092, "2011-03-31": -42.09, "2010-12-31": "1298.90300", "2010-09-30": 404.248, "2010-06-30": -404.46, "2010-03-31": -0.043, "2009-12-31": "404.50300", "2009-09-30": 0, "2009-06-30": 0, "2009-03-31": 0, "2008-12-31": "", "2008-09-30": 0, "2008-06-30": 0, "2008-03-31": 0, "2007-12-31": "", "2007-09-30": -0.337, "2007-06-30": -0.293, "2007-03-31": 422.511, "2006-12-31": "", "2006-09-30": -1.4611, "2006-06-30": -2.9899, "2006-03-31": -0.839, "2005-12-31": "-6.87800", "2005-06-30": -0.735, "2005-03-31": -2.971}, "Net Common Equity Issued/Repurchased": {"2020-09-30": 27, "2020-06-30": 20, "2020-03-31": 30, "2019-12-31": "20.00000", "2019-09-30": 18, "2019-06-30": 17, "2019-03-31": 33, "2018-12-31": "14.00000", "2018-09-30": 17.379, "2018-06-30": 14.316, "2018-03-31": 19.015, "2017-12-31": "7.29000", "2017-09-30": 3.131, "2017-06-30": -44.287, "2017-03-31": -331.136, "2016-12-31": "3.64800", "2016-09-30": 4.792, "2016-06-30": 12.936, "2016-03-31": -133.488, "2015-12-31": "-61.88300", "2015-09-30": 8.692, "2015-06-30": 13.86, "2015-03-31": 31.731, "2014-12-31": "7.39100", "2014-09-30": -75.361, "2014-06-30": -67.175, "2014-03-31": 6.529, "2013-12-31": "2.89300", "2013-09-30": 6.688, "2013-06-30": 1.927, "2013-03-31": 7.378, "2012-12-31": "5.54100", "2012-09-30": 2.772, "2012-06-30": 5.622, "2012-03-31": 3.813, "2011-12-31": "2.65700", "2011-09-30": 1.463, "2011-06-30": 1.526, "2011-03-31": 3.239, "2010-12-31": "2.98000", "2010-09-30": 3.068, "2010-06-30": 1.361, "2010-03-31": 1.363, "2009-12-31": "0.56900", "2009-09-30": 5.123, "2009-06-30": 1.404, "2009-03-31": -4.889, "2008-12-31": "-8.53500", "2008-09-30": 1.5, "2008-06-30": 4.402, "2008-03-31": 2.342, "2007-12-31": "1.52500", "2007-09-30": 0.717, "2007-06-30": 5.015, "2007-03-31": 1.414, "2006-12-31": "1.30400", "2006-09-30": 0.336, "2006-06-30": 0.317, "2006-03-31": 0.776, "2005-12-31": "", "2005-06-30": 0, "2005-03-31": 0}, "Net Total Equity Issued/Repurchased": {"2020-09-30": 27, "2020-06-30": 20, "2020-03-31": 30, "2019-12-31": "20.00000", "2019-09-30": 18, "2019-06-30": 17, "2019-03-31": 33, "2018-12-31": "14.00000", "2018-09-30": 17.379, "2018-06-30": 14.316, "2018-03-31": 19.015, "2017-12-31": "7.29000", "2017-09-30": 3.131, "2017-06-30": -44.287, "2017-03-31": -331.136, "2016-12-31": "3.64800", "2016-09-30": 4.792, "2016-06-30": 12.936, "2016-03-31": -133.488, "2015-12-31": "-61.88300", "2015-09-30": 8.692, "2015-06-30": 13.86, "2015-03-31": 31.731, "2014-12-31": "7.39100", "2014-09-30": -75.361, "2014-06-30": -67.175, "2014-03-31": 6.529, "2013-12-31": "2.89300", "2013-09-30": 6.688, "2013-06-30": 1.927, "2013-03-31": 7.378, "2012-12-31": "5.54100", "2012-09-30": 2.772, "2012-06-30": 5.622, "2012-03-31": 3.813, "2011-12-31": "2.65700", "2011-09-30": 1.463, "2011-06-30": 1.526, "2011-03-31": 3.239, "2010-12-31": "2.98000", "2010-09-30": 3.068, "2010-06-30": 1.361, "2010-03-31": 1.363, "2009-12-31": "0.56900", "2009-09-30": 5.123, "2009-06-30": 1.404, "2009-03-31": -4.889, "2008-12-31": "-8.53500", "2008-09-30": 1.5, "2008-06-30": 4.402, "2008-03-31": 2.342, "2007-12-31": "1.52500", "2007-09-30": 0.717, "2007-06-30": 5.015, "2007-03-31": 1.414, "2006-12-31": "1.30400", "2006-09-30": 0.336, "2006-06-30": 0.317, "2006-03-31": 0.776, "2005-12-31": "", "2005-06-30": 0, "2005-03-31": 0}, "Total Common And Preferred Stock Dividends Paid": {"2020-09-30": 0, "2020-06-30": 0, "2020-03-31": -1864, "2019-12-31": "-64.00000", "2019-09-30": -1688, "2019-06-30": 0, "2019-03-31": 0, "2018-12-31": "-24.00000", "2018-09-30": 0.148, "2018-06-30": 0, "2018-03-31": 0, "2017-12-31": "-56.14800", "2017-09-30": -1205.518, "2017-06-30": -0.036, "2017-03-31": 0, "2016-12-31": "-1375.99800", "2016-09-30": 0, "2016-06-30": 0, "2016-03-31": 0, "2015-12-31": "-3.00000", "2015-09-30": 0, "2015-06-30": 0, "2015-03-31": 0, "2014-12-31": "-3.36500", "2014-09-30": -6.098, "2014-06-30": -1435.668, "2014-03-31": -5.486, "2013-12-31": "-4.13900", "2013-09-30": -1288.944, "2013-06-30": 0, "2013-03-31": 0, "2012-12-31": "-702.40600", "2012-09-30": 0, "2012-06-30": 0, "2012-03-31": 0, "2011-12-31": "-3.29900", "2011-09-30": 0, "2011-06-30": -0.001, "2011-03-31": 0, "2010-12-31": "-2.81000", "2010-09-30": 0, "2010-06-30": 0, "2010-03-31": 0, "2009-12-31": "-404.86800", "2009-09-30": 0, "2009-06-30": 0, "2009-03-31": 0, "2008-12-31": "", "2008-09-30": 0, "2008-06-30": 0, "2008-03-31": 0, "2007-12-31": "", "2007-09-30": 0, "2007-06-30": 0, "2007-03-31": 0, "2006-12-31": "", "2006-09-30": 0, "2006-06-30": 0, "2006-03-31": 0, "2005-12-31": "", "2005-06-30": 0, "2005-03-31": 0}, "Financial Activities - Other": {"2020-09-30": -2, "2020-06-30": -1, "2020-03-31": -9, "2019-12-31": "1.00000", "2019-09-30": 0, "2019-06-30": 1, "2019-03-31": -2, "2018-12-31": "", "2018-09-30": -1.096, "2018-06-30": -7.749, "2018-03-31": -1.793, "2017-12-31": "-0.36200", "2017-09-30": -6.794, "2017-06-30": -0.032, "2017-03-31": -10.602, "2016-12-31": "-0.14300", "2016-09-30": -1.271, "2016-06-30": -2.256, "2016-03-31": 0.034, "2015-12-31": "-0.08700", "2015-09-30": 11.068, "2015-06-30": 11.643, "2015-03-31": 29.765, "2014-12-31": "8.22300", "2014-09-30": 11.279, "2014-06-30": 29.783, "2014-03-31": 7.062, "2013-12-31": "3.55800", "2013-09-30": 22.416, "2013-06-30": 3.741, "2013-03-31": 13.356, "2012-12-31": "26.68800", "2012-09-30": 10.024, "2012-06-30": 16.3, "2012-03-31": 15.181, "2011-12-31": "9.05000", "2011-09-30": 6.779, "2011-06-30": 4.192, "2011-03-31": 8.277, "2010-12-31": "4.16300", "2010-09-30": -402.86, "2010-06-30": 405.648, "2010-03-31": 3.44, "2009-12-31": "11.23100", "2009-09-30": 5.967, "2009-06-30": 1.55, "2009-03-31": 1.047, "2008-12-31": "0.71400", "2008-09-30": 1.725, "2008-06-30": 6.847, "2008-03-31": 5.167, "2007-12-31": "5.01700", "2007-09-30": 1.665, "2007-06-30": 19.103, "2007-03-31": 1.531, "2006-12-31": "1.32800", "2006-09-30": 0, "2006-06-30": 0, "2006-03-31": 0, "2005-12-31": "", "2005-06-30": 0, "2005-03-31": 0}, "Cash Flow From Financial Activities": {"2020-09-30": -15, "2020-06-30": 1493, "2020-03-31": -1662, "2019-12-31": "1414.00000", "2019-09-30": -1641, "2019-06-30": -3, "2019-03-31": 3925, "2018-12-31": "-10.00000", "2018-09-30": -3.554, "2018-06-30": 1161.562, "2018-03-31": -1.021, "2017-12-31": "-70.98700", "2017-09-30": -541.068, "2017-06-30": -61.014, "2017-03-31": -56.883, "2016-12-31": "-784.71700", "2016-09-30": -10.828, "2016-06-30": 1863.639, "2016-03-31": -144.414, "2015-12-31": "-75.93000", "2015-09-30": -3.302, "2015-06-30": 919.078, "2015-03-31": 126.922, "2014-12-31": "12.24900", "2014-09-30": -91.758, "2014-06-30": 133.075, "2014-03-31": 0.344, "2013-12-31": "2.31200", "2013-09-30": 99.795, "2013-06-30": -0.019, "2013-03-31": 37.223, "2012-12-31": "19.19600", "2012-09-30": 7.671, "2012-06-30": 16.4, "2012-03-31": 498.582, "2011-12-31": "4.53300", "2011-09-30": 4.234, "2011-06-30": 1.625, "2011-03-31": -30.574, "2010-12-31": "1303.23600", "2010-09-30": 4.456, "2010-06-30": 2.549, "2010-03-31": 4.76, "2009-12-31": "11.43500", "2009-09-30": 11.09, "2009-06-30": 2.954, "2009-03-31": -3.842, "2008-12-31": "-7.82100", "2008-09-30": 3.225, "2008-06-30": 11.249, "2008-03-31": 7.509, "2007-12-31": "6.54200", "2007-09-30": 2.045, "2007-06-30": 23.825, "2007-03-31": 425.456, "2006-12-31": "2.63200", "2006-09-30": -1.125, "2006-06-30": -2.673, "2006-03-31": -0.063, "2005-12-31": "-6.87800", "2005-06-30": -0.735, "2005-03-31": -2.971}, "Net Cash Flow": {"2020-09-30": 168, "2020-06-30": 1881, "2020-03-31": -1526, "2019-12-31": "2727.00000", "2019-09-30": -1250, "2019-06-30": -112, "2019-03-31": 492, "2018-12-31": "264.00000", "2018-09-30": 219.188, "2018-06-30": 842.366, "2018-03-31": 153.145, "2017-12-31": "207.30100", "2017-09-30": -319.995, "2017-06-30": -14.833, "2017-03-31": 13.029, "2016-12-31": "-614.63400", "2016-09-30": -79.701, "2016-06-30": 1054.68, "2016-03-31": -193.276, "2015-12-31": "91.25800", "2015-09-30": -201.317, "2015-06-30": 522.831, "2015-03-31": -619.11, "2014-12-31": "192.08100", "2014-09-30": 90.414, "2014-06-30": 253.443, "2014-03-31": 64.767, "2013-12-31": "-153.81600", "2013-09-30": 295.568, "2013-06-30": -410.852, "2013-03-31": 125.593, "2012-12-31": "113.90700", "2012-09-30": 137.806, "2012-06-30": 101.237, "2012-03-31": -158.419, "2011-12-31": "-16.28300", "2011-09-30": -173.068, "2011-06-30": 43.914, "2011-03-31": 271.029, "2010-12-31": "0.19600", "2010-09-30": -24.277, "2010-06-30": 71.04, "2010-03-31": 25.393, "2009-12-31": "-28.21100", "2009-09-30": -13.481, "2009-06-30": 49.038, "2009-03-31": 5.301, "2008-12-31": "-9.75300", "2008-09-30": -30.131, "2008-06-30": -4.794, "2008-03-31": 23.672, "2007-12-31": "64.36900", "2007-09-30": -14.249, "2007-06-30": 55.4, "2007-03-31": 10.239, "2006-12-31": "-6.66100", "2006-09-30": 39.126, "2006-06-30": -10.286, "2006-03-31": 2.821, "2005-12-31": "-74.66500", "2005-06-30": 19.482, "2005-03-31": -27.784}, "Stock-Based Compensation": {"2020-09-30": 34, "2020-06-30": 22, "2020-03-31": 11, "2019-12-31": "26.00000", "2019-09-30": 23, "2019-06-30": 32, "2019-03-31": 20, "2018-12-31": "18.00000", "2018-09-30": 21.589, "2018-06-30": 13.708, "2018-03-31": 11.59, "2017-12-31": "11.11300", "2017-09-30": 12.817, "2017-06-30": 11.581, "2017-03-31": 11.106, "2016-12-31": "10.02000", "2016-09-30": 14.487, "2016-06-30": 11.371, "2016-03-31": 11.767, "2015-12-31": "10.68100", "2015-09-30": 8.065, "2015-06-30": 9.841, "2015-03-31": 7.83, "2014-12-31": "5.76400", "2014-09-30": 7.483, "2014-06-30": 6.516, "2014-03-31": 8.158, "2013-12-31": "4.17500", "2013-09-30": 2.904, "2013-06-30": 31.718, "2013-03-31": 7.131, "2012-12-31": "7.13100", "2012-09-30": 7.758, "2012-06-30": 5.858, "2012-03-31": 4.887, "2011-12-31": "3.64800", "2011-09-30": 5.721, "2011-06-30": 2.799, "2011-03-31": 2.197, "2010-12-31": "1.85700", "2010-09-30": 1.667, "2010-06-30": 1.753, "2010-03-31": 1.656, "2009-12-31": "1.62800", "2009-09-30": 1.599, "2009-06-30": 1.705, "2009-03-31": 1.701, "2008-12-31": "0.80800", "2008-09-30": 0.947, "2008-06-30": 0.869, "2008-03-31": 1.002, "2007-12-31": "1.21700", "2007-09-30": 1.034, "2007-06-30": 0.994, "2007-03-31": 1.459, "2006-12-31": "", "2006-09-30": 2.403, "2006-06-30": 0, "2006-03-31": 0, "2005-12-31": "", "2005-06-30": 0, "2005-03-31": 0}, "Common Stock Dividends Paid": {"2020-09-30": 0, "2020-06-30": 0, "2020-03-31": -1864, "2019-12-31": "-64.00000", "2019-09-30": -1688, "2019-06-30": 0, "2019-03-31": 0, "2018-12-31": "-24.00000", "2018-09-30": 0.148, "2018-06-30": 0, "2018-03-31": 0, "2017-12-31": "-56.14800", "2017-09-30": -1205.518, "2017-06-30": -0.036, "2017-03-31": 0, "2016-12-31": "-1375.99800", "2016-09-30": 0, "2016-06-30": 0, "2016-03-31": 0, "2015-12-31": "-3.00000", "2015-09-30": 0, "2015-06-30": 0, "2015-03-31": 0, "2014-12-31": "-3.36500", "2014-09-30": -6.098, "2014-06-30": -1435.668, "2014-03-31": -5.486, "2013-12-31": "-4.13900", "2013-09-30": -1288.944, "2013-06-30": 0, "2013-03-31": 0, "2012-12-31": "-702.40600", "2012-09-30": 0, "2012-06-30": 0, "2012-03-31": 0, "2011-12-31": "-3.29900", "2011-09-30": 0, "2011-06-30": -0.001, "2011-03-31": 0, "2010-12-31": "-2.81000", "2010-09-30": 0, "2010-06-30": 0, "2010-03-31": 0, "2009-12-31": "-404.86800", "2009-09-30": 0, "2009-06-30": 0, "2009-03-31": 0, "2008-12-31": "", "2008-09-30": 0, "2008-06-30": 0, "2008-03-31": 0, "2007-12-31": "", "2007-09-30": 0, "2007-06-30": 0, "2007-03-31": 0, "2006-12-31": "", "2006-09-30": 0, "2006-06-30": 0, "2006-03-31": 0, "2005-12-31": "", "2005-06-30": 0, "2005-03-31": 0}}, "financial ratios": {"Current Ratio": {"2020-09-30": "4.30690", "2019-09-30": "3.16320", "2018-09-30": "4.06190", "2017-09-30": "2.44960", "2016-09-30": "3.89410", "2015-09-30": "2.71690", "2014-09-30": "2.88370", "2013-09-30": "4.09460", "2012-09-30": "4.49110", "2011-09-30": "4.20720", "2010-09-30": "5.16320", "2009-09-30": "4.95980", "2008-09-30": "4.78450", "2007-09-30": "5.43890", "2006-09-30": "5.39100", "2005-09-30": "1.84810"}, "Long-term Debt / Capital": {"2020-09-30": "1.25740", "2019-09-30": "1.21230", "2018-09-30": "1.16910", "2017-09-30": "1.34960", "2016-09-30": "1.07010", "2015-09-30": "1.14690", "2014-09-30": "1.27410", "2013-09-30": "1.06270", "2012-09-30": "0.74700", "2011-09-30": "0.79390", "2010-09-30": "0.74920", "2009-09-30": "0.62350", "2008-09-30": "0.67490", "2007-09-30": "0.73580", "2006-09-30": "0.71810", "2005-09-30": "0.72700"}, "Debt/Equity Ratio": {"2020-09-30": "-5.04260", "2019-09-30": "-5.85960", "2018-09-30": "-7.12050", "2017-09-30": "-3.98570", "2016-09-30": "-15.64970", "2015-09-30": "-8.04160", "2014-09-30": "-4.80250", "2013-09-30": "-17.03790", "2012-09-30": "2.96930", "2011-09-30": "3.87000", "2010-09-30": "2.98770", "2009-09-30": "1.65630", "2008-09-30": "2.07560", "2007-09-30": "2.78510", "2006-09-30": "2.54790", "2005-09-30": "2.67140"}, "Gross Margin": {"2020-09-30": "51.87150", "2019-09-30": "53.78140", "2018-09-30": "57.12410", "2017-09-30": "56.63430", "2016-09-30": "54.48880", "2015-09-30": "53.55680", "2014-09-30": "53.43130", "2013-09-30": "54.53970", "2012-09-30": "55.62360", "2011-09-30": "54.82370", "2010-09-30": "57.15750", "2009-09-30": "56.37780", "2008-09-30": "54.07380", "2007-09-30": "52.13110", "2006-09-30": "50.85210", "2005-09-30": "49.23680"}, "Operating Margin": {"2020-09-30": "34.31320", "2019-09-30": "36.87540", "2018-09-30": "43.42690", "2017-09-30": "42.31520", "2016-09-30": "39.97460", "2015-09-30": "39.67330", "2014-09-30": "39.10060", "2013-09-30": "38.94490", "2012-09-30": "41.15820", "2011-09-30": "40.39190", "2010-09-30": "43.86720", "2009-09-30": "44.04160", "2008-09-30": "41.93280", "2007-09-30": "39.44650", "2006-09-30": "27.15460", "2005-09-30": "36.76120"}, "EBIT Margin": {"2020-09-30": "34.31320", "2019-09-30": "36.87540", "2018-09-30": "43.42690", "2017-09-30": "42.31520", "2016-09-30": "39.97460", "2015-09-30": "39.67330", "2014-09-30": "39.10060", "2013-09-30": "38.94490", "2012-09-30": "41.15820", "2011-09-30": "40.39190", "2010-09-30": "43.86720", "2009-09-30": "44.04160", "2008-09-30": "41.93280", "2007-09-30": "39.44650", "2006-09-30": "27.15460", "2005-09-30": "36.76120"}, "EBITDA Margin": {"2020-09-30": "39.80010", "2019-09-30": "42.48520", "2018-09-30": "47.31040", "2017-09-30": "47.43110", "2016-09-30": "44.32230", "2015-09-30": "43.71670", "2014-09-30": "43.74970", "2013-09-30": "43.38510", "2012-09-30": "45.90890", "2011-09-30": "46.22120", "2010-09-30": "48.42750", "2009-09-30": "48.08230", "2008-09-30": "45.90510", "2007-09-30": "44.01790", "2006-09-30": "36.99730", "2005-09-30": "42.30940"}, "Pre-Tax Profit Margin": {"2020-09-30": "14.50130", "2019-09-30": "20.35230", "2018-09-30": "25.87250", "2017-09-30": "23.89730", "2016-09-30": "24.22000", "2015-09-30": "23.52410", "2014-09-30": "18.90130", "2013-09-30": "23.30540", "2012-09-30": "28.69470", "2011-09-30": "19.02330", "2010-09-30": "30.30680", "2009-09-30": "32.95930", "2008-09-30": "28.94760", "2007-09-30": "23.96620", "2006-09-30": "9.52170", "2005-09-30": "15.31420"}, "Net Profit Margin": {"2020-09-30": "10.07250", "2019-09-30": "14.91480", "2018-09-30": "23.64210", "2017-09-30": "12.48840", "2016-09-30": "18.39600", "2015-09-30": "16.39560", "2014-09-30": "7.59760", "2013-09-30": "6.83570", "2012-09-30": "18.91950", "2011-09-30": "14.03980", "2010-09-30": "16.08550", "2009-09-30": "21.39080", "2008-09-30": "18.65270", "2007-09-30": "14.95370", "2006-09-30": "5.77180", "2005-09-30": "9.26830"}, "Asset Turnover": {"2020-09-30": "0.27740", "2019-09-30": "0.32130", "2018-09-30": "0.31240", "2017-09-30": "0.35130", "2016-09-30": "0.29570", "2015-09-30": "0.32600", "2014-09-30": "0.35120", "2013-09-30": "0.31300", "2012-09-30": "0.31140", "2011-09-30": "0.26720", "2010-09-30": "0.30910", "2009-09-30": "0.31030", "2008-09-30": "0.31640", "2007-09-30": "0.28760", "2006-09-30": "0.30720", "2005-09-30": "0.26210"}, "Inventory Turnover Ratio": {"2020-09-30": "1.91430", "2019-09-30": "1.95780", "2018-09-30": "2.02910", "2017-09-30": "2.07980", "2016-09-30": "1.99350", "2015-09-30": "2.12590", "2014-09-30": "2.40710", "2013-09-30": "2.11530", "2012-09-30": "2.35410", "2011-09-30": "2.05350", "2010-09-30": "1.87860", "2009-09-30": "1.98020", "2008-09-30": "2.27440", "2007-09-30": "2.23860", "2006-09-30": "2.39650", "2005-09-30": "2.49720"}, "Receiveable Turnover": {"2020-09-30": "7.08750", "2019-09-30": "4.89050", "2018-09-30": "5.41100", "2017-09-30": "5.50880", "2016-09-30": "5.50270", "2015-09-30": "6.09610", "2014-09-30": "6.75450", "2013-09-30": "6.62560", "2012-09-30": "7.21090", "2011-09-30": "6.37120", "2010-09-30": "6.15530", "2009-09-30": "7.15440", "2008-09-30": "7.41930", "2007-09-30": "5.66910", "2006-09-30": "5.80730", "2005-09-30": "5.88870"}, "Days Sales In Receivables": {"2020-09-30": "51.49910", "2019-09-30": "74.63530", "2018-09-30": "67.45560", "2017-09-30": "66.25780", "2016-09-30": "66.33130", "2015-09-30": "59.87420", "2014-09-30": "54.03800", "2013-09-30": "55.08930", "2012-09-30": "50.61780", "2011-09-30": "57.28920", "2010-09-30": "59.29800", "2009-09-30": "51.01790", "2008-09-30": "49.19570", "2007-09-30": "64.38380", "2006-09-30": "62.85200", "2005-09-30": "61.98270"}, "ROE - Return On Equity": {"2020-09-30": "-16.45670", "2019-09-30": "-29.16090", "2018-09-30": "-53.19410", "2017-09-30": "-21.29780", "2016-09-30": "-90.01120", "2015-09-30": "-43.07130", "2014-09-30": "-19.72300", "2013-09-30": "-90.01370", "2012-09-30": "26.66230", "2011-09-30": "18.77120", "2010-09-30": "27.56340", "2009-09-30": "19.88640", "2008-09-30": "20.35880", "2007-09-30": "18.18170", "2006-09-30": "6.91850", "2005-09-30": "10.41320"}, "Return On Tangible Equity": {"2020-09-30": "-4.51370", "2019-09-30": "-6.25370", "2018-09-30": "-9.79620", "2017-09-30": "-6.03530", "2016-09-30": "-7.24390", "2015-09-30": "-6.15620", "2014-09-30": "-4.87290", "2013-09-30": "-6.21770", "2012-09-30": "-11.05230", "2011-09-30": "-5.82530", "2010-09-30": "-11.85180", "2009-09-30": "-16.03260", "2008-09-30": "-12.59390", "2007-09-30": "-8.09380", "2006-09-30": "-3.39080", "2005-09-30": "-4.60940"}, "ROA - Return On Assets": {"2020-09-30": "3.54990", "2019-09-30": "5.17380", "2018-09-30": "7.88690", "2017-09-30": "6.30070", "2016-09-30": "5.46710", "2015-09-30": "5.38550", "2014-09-30": "4.54220", "2013-09-30": "4.92430", "2012-09-30": "5.95220", "2011-09-30": "3.37260", "2010-09-30": "6.10370", "2009-09-30": "6.63700", "2008-09-30": "5.90140", "2007-09-30": "4.30100", "2006-09-30": "1.77290", "2005-09-30": "2.42950"}, "ROI - Return On Investment": {"2020-09-30": "4.23590", "2019-09-30": "6.19070", "2018-09-30": "8.99610", "2017-09-30": "7.44500", "2016-09-30": "6.31120", "2015-09-30": "6.32720", "2014-09-30": "5.40550", "2013-09-30": "5.64500", "2012-09-30": "6.74570", "2011-09-30": "3.86960", "2010-09-30": "6.91210", "2009-09-30": "7.48660", "2008-09-30": "6.61950", "2007-09-30": "4.80360", "2006-09-30": "1.95000", "2005-09-30": "2.84320"}, "Book Value Per Share": {"2020-09-30": "-72.92240", "2019-09-30": "-53.94490", "2018-09-30": "-34.29420", "2017-09-30": "-56.82500", "2016-09-30": "-12.21510", "2015-09-30": "-19.34070", "2014-09-30": "-29.68690", "2013-09-30": "-6.38690", "2012-09-30": "23.59700", "2011-09-30": "16.11100", "2010-09-30": "11.99540", "2009-09-30": "16.73330", "2008-09-30": "13.45450", "2007-09-30": "10.36440", "2006-09-30": "8.12830", "2005-09-30": "7.53600"}, "Operating Cash Flow Per Share": {"2020-09-30": 3.1409, "2019-09-30": -0.3529, "2018-09-30": 4.1776, "2017-09-30": 2.0361, "2016-09-30": 2.9647, "2015-09-30": -0.2934, "2014-09-30": 0.9595, "2013-09-30": 0.8555, "2012-09-30": 2.799, "2011-09-30": 1.1542, "2010-09-30": -0.0236, "2009-09-30": 0.1117, "2008-09-30": 1.3237, "2007-09-30": 2.2515, "2006-09-30": -1.6689, "2005-09-30": 1.7337}, "Free Cash Flow Per Share": {"2020-09-30": 3.1201, "2019-09-30": -0.8517, "2018-09-30": 4.1435, "2017-09-30": 1.5405, "2016-09-30": 3.1509, "2015-09-30": -0.6637, "2014-09-30": 1.0056, "2013-09-30": 0.6788, "2012-09-30": 2.6685, "2011-09-30": 1.0052, "2010-09-30": 0.0378, "2009-09-30": 0.0702, "2008-09-30": 1.3262, "2007-09-30": 2.2171, "2006-09-30": -1.6749, "2005-09-30": 1.5627}}, "financial ratios, quarterly": {"Current Ratio": {"2020-09-30": "4.30690", "2020-06-30": "4.10120", "2020-03-31": "3.14010", "2019-12-31": "1.98570", "2019-09-30": "3.16320", "2019-06-30": "3.91930", "2019-03-31": "3.24150", "2018-12-31": "4.12780", "2018-09-30": "4.06190", "2018-06-30": "4.14280", "2018-03-31": "3.03890", "2017-12-31": "2.75840", "2017-09-30": "2.44960", "2017-06-30": "3.26670", "2017-03-31": "3.16720", "2016-12-31": "3.19840", "2016-09-30": "3.89410", "2016-06-30": "4.03140", "2016-03-31": "2.60060", "2015-12-31": "2.83460", "2015-09-30": "2.71690", "2015-06-30": "2.98590", "2015-03-31": "2.39170", "2014-12-31": "2.90880", "2014-09-30": "2.88370", "2014-06-30": "2.94490", "2014-03-31": "3.76770", "2013-12-31": "3.60580", "2013-09-30": "4.09460", "2013-06-30": "4.04300", "2013-03-31": "5.12090", "2012-12-31": "4.94390", "2012-09-30": "4.49110", "2012-06-30": "4.99160", "2012-03-31": "3.87580", "2011-12-31": "5.09940", "2011-09-30": "4.20720", "2011-06-30": "6.44130", "2011-03-31": "4.42730", "2010-12-31": "4.02000", "2010-09-30": "5.16320", "2010-06-30": "5.10170", "2010-03-31": "5.50190", "2009-12-31": "4.61960", "2009-09-30": "4.95980", "2009-06-30": "5.94460", "2009-03-31": "5.40280", "2008-12-31": "3.60260", "2008-09-30": "4.78450", "2008-06-30": "5.01260", "2008-03-31": "7.06860", "2007-12-31": "5.20170", "2007-09-30": "5.43890", "2007-06-30": "4.87100", "2007-03-31": "4.93080", "2006-12-31": "4.60530", "2006-09-30": "5.39100", "2006-06-30": "5.72640", "2006-03-31": "4.30230", "2005-12-31": "", "2005-06-30": "", "2005-03-31": ""}, "Long-term Debt / Capital": {"2020-09-30": "1.25740", "2020-06-30": "1.27440", "2020-03-31": "1.30630", "2019-12-31": "1.31490", "2019-09-30": "1.21230", "2019-06-30": "1.08630", "2019-03-31": "1.09860", "2018-12-31": "1.15380", "2018-09-30": "1.16910", "2018-06-30": "1.20140", "2018-03-31": "1.25500", "2017-12-31": "1.29610", "2017-09-30": "1.34960", "2017-06-30": "1.21220", "2017-03-31": "1.23170", "2016-12-31": "1.21590", "2016-09-30": "1.07010", "2016-06-30": "1.08840", "2016-03-31": "1.13490", "2015-12-31": "1.13510", "2015-09-30": "1.14690", "2015-06-30": "1.16620", "2015-03-31": "1.22200", "2014-12-31": "1.25390", "2014-09-30": "1.27410", "2014-06-30": "1.28120", "2014-03-31": "1.02260", "2013-12-31": "1.04280", "2013-09-30": "1.06270", "2013-06-30": "0.84340", "2013-03-31": "0.86310", "2012-12-31": "0.87770", "2012-09-30": "0.74700", "2012-06-30": "0.76510", "2012-03-31": "0.78390", "2011-12-31": "0.77860", "2011-09-30": "0.79390", "2011-06-30": "0.80960", "2011-03-31": "0.82440", "2010-12-31": "0.84020", "2010-09-30": "0.74920", "2010-06-30": "0.76770", "2010-03-31": "0.78460", "2009-12-31": "0.80050", "2009-09-30": "0.62350", "2009-06-30": "0.63930", "2009-03-31": "0.65400", "2008-12-31": "0.66760", "2008-09-30": "0.67490", "2008-06-30": "0.68850", "2008-03-31": "0.70960", "2007-12-31": "0.72330", "2007-09-30": "0.73580", "2007-06-30": "0.74660", "2007-03-31": "0.76710", "2006-12-31": "0.70480", "2006-09-30": "0.71810", "2006-06-30": "0.72730", "2006-03-31": "0.71090", "2005-12-31": "", "2005-06-30": "", "2005-03-31": ""}, "Debt/Equity Ratio": {"2020-09-30": "-5.04260", "2020-06-30": "-4.79520", "2020-03-31": "-4.41430", "2019-12-31": "-4.27590", "2019-09-30": "-5.85960", "2019-06-30": "-12.87690", "2019-03-31": "-11.64260", "2018-12-31": "-7.72880", "2018-09-30": "-7.12050", "2018-06-30": "-6.14340", "2018-03-31": "-5.08140", "2017-12-31": "-4.51870", "2017-09-30": "-3.98570", "2017-06-30": "-5.85210", "2017-03-31": "-5.44610", "2016-12-31": "-5.77180", "2016-09-30": "-15.64970", "2016-06-30": "-12.62690", "2016-03-31": "-8.66620", "2015-12-31": "-8.65150", "2015-09-30": "-8.04160", "2015-06-30": "-7.22740", "2015-03-31": "-5.68430", "2014-12-31": "-5.10200", "2014-09-30": "-4.80250", "2014-06-30": "-4.70670", "2014-03-31": "-45.55860", "2013-12-31": "-24.47340", "2013-09-30": "-17.03790", "2013-06-30": "5.41210", "2013-03-31": "6.33890", "2012-12-31": "7.21240", "2012-09-30": "2.96930", "2012-06-30": "3.27500", "2012-03-31": "3.64790", "2011-12-31": "3.53360", "2011-09-30": "3.87000", "2011-06-30": "4.27330", "2011-03-31": "4.71660", "2010-12-31": "5.33560", "2010-09-30": "2.98770", "2010-06-30": "3.30530", "2010-03-31": "3.64160", "2009-12-31": "4.01370", "2009-09-30": "1.65630", "2009-06-30": "1.77260", "2009-03-31": "1.89040", "2008-12-31": "2.00810", "2008-09-30": "2.07560", "2008-06-30": "2.21010", "2008-03-31": "2.44360", "2007-12-31": "2.61430", "2007-09-30": "2.78510", "2007-06-30": "2.94640", "2007-03-31": "3.29450", "2006-12-31": "2.38810", "2006-09-30": "2.54790", "2006-06-30": "2.66850", "2006-03-31": "2.46710", "2005-12-31": "", "2005-06-30": "", "2005-03-31": ""}, "Gross Margin": {"2020-09-30": "45.78010", "2020-06-30": "48.04310", "2020-03-31": "56.68750", "2019-12-31": "54.67580", "2019-09-30": "57.23560", "2019-06-30": "46.87710", "2019-03-31": "55.65070", "2018-12-31": "56.79760", "2018-09-30": "56.87140", "2018-06-30": "58.07510", "2018-03-31": "57.23840", "2017-12-31": "56.21140", "2017-09-30": "57.50060", "2017-06-30": "57.89480", "2017-03-31": "56.33950", "2016-12-31": "54.57560", "2016-09-30": "55.33680", "2016-06-30": "55.59980", "2016-03-31": "53.42120", "2015-12-31": "53.38030", "2015-09-30": "52.80370", "2015-06-30": "51.98980", "2015-03-31": "55.18590", "2014-12-31": "54.72380", "2014-09-30": "54.28310", "2014-06-30": "53.64190", "2014-03-31": "52.06540", "2013-12-31": "53.67920", "2013-09-30": "52.38090", "2013-06-30": "55.04830", "2013-03-31": "55.69270", "2012-12-31": "55.42220", "2012-09-30": "55.51590", "2012-06-30": "54.86770", "2012-03-31": "55.73960", "2011-12-31": "56.61570", "2011-09-30": "56.28060", "2011-06-30": "56.31730", "2011-03-31": "51.87980", "2010-12-31": "54.44010", "2010-09-30": "59.32810", "2010-06-30": "57.16310", "2010-03-31": "55.90290", "2009-12-31": "55.92580", "2009-09-30": "54.92470", "2009-06-30": "56.80110", "2009-03-31": "56.36500", "2008-12-31": "57.53000", "2008-09-30": "54.66030", "2008-06-30": "54.00750", "2008-03-31": "53.58070", "2007-12-31": "53.99910", "2007-09-30": "52.41320", "2007-06-30": "52.18670", "2007-03-31": "51.97460", "2006-12-31": "51.85760", "2006-09-30": "50.44610", "2006-06-30": "51.51460", "2006-03-31": "52.16020", "2005-12-31": "49.17420", "2005-06-30": "49.05610", "2005-03-31": "49.30190"}, "Operating Margin": {"2020-09-30": "26.68370", "2020-06-30": "27.98430", "2020-03-31": "41.02560", "2019-12-31": "38.22530", "2019-09-30": "39.77940", "2019-06-30": "27.81070", "2019-03-31": "40.06850", "2018-12-31": "42.49750", "2018-09-30": "43.40180", "2018-06-30": "44.61070", "2018-03-31": "43.84360", "2017-12-31": "41.63050", "2017-09-30": "44.48130", "2017-06-30": "43.26080", "2017-03-31": "42.19370", "2016-12-31": "38.94370", "2016-09-30": "39.87580", "2016-06-30": "41.44980", "2016-03-31": "39.16600", "2015-12-31": "39.33920", "2015-09-30": "38.66140", "2015-06-30": "38.13970", "2015-03-31": "41.44570", "2014-12-31": "41.00680", "2014-09-30": "40.28390", "2014-06-30": "39.30350", "2014-03-31": "36.98520", "2013-12-31": "39.79170", "2013-09-30": "38.12470", "2013-06-30": "36.16680", "2013-03-31": "41.68990", "2012-12-31": "40.15770", "2012-09-30": "41.37820", "2012-06-30": "40.25990", "2012-03-31": "41.85120", "2011-12-31": "41.21340", "2011-09-30": "41.51880", "2011-06-30": "42.78940", "2011-03-31": "37.21280", "2010-12-31": "39.54110", "2010-09-30": "46.28960", "2010-06-30": "44.48410", "2010-03-31": "42.73110", "2009-12-31": "41.48790", "2009-09-30": "41.82380", "2009-06-30": "44.87000", "2009-03-31": "43.91370", "2008-12-31": "45.72480", "2008-09-30": "42.89620", "2008-06-30": "42.14840", "2008-03-31": "41.51870", "2007-12-31": "41.01430", "2007-09-30": "39.00550", "2007-06-30": "38.89650", "2007-03-31": "39.54430", "2006-12-31": "40.64170", "2006-09-30": "39.29170", "2006-06-30": "-3.88520", "2006-03-31": "39.34480", "2005-12-31": "34.28900", "2005-06-30": "36.53600", "2005-03-31": "36.87300"}, "EBIT Margin": {"2020-09-30": "26.68370", "2020-06-30": "27.98430", "2020-03-31": "41.02560", "2019-12-31": "38.22530", "2019-09-30": "39.77940", "2019-06-30": "27.81070", "2019-03-31": "40.06850", "2018-12-31": "42.49750", "2018-09-30": "43.40190", "2018-06-30": "44.61070", "2018-03-31": "43.84360", "2017-12-31": "41.63050", "2017-09-30": "44.48130", "2017-06-30": "43.26080", "2017-03-31": "42.19370", "2016-12-31": "38.94370", "2016-09-30": "39.87580", "2016-06-30": "41.44980", "2016-03-31": "39.16600", "2015-12-31": "39.33920", "2015-09-30": "38.66140", "2015-06-30": "38.13970", "2015-03-31": "41.44570", "2014-12-31": "41.00680", "2014-09-30": "40.28390", "2014-06-30": "39.30350", "2014-03-31": "36.98520", "2013-12-31": "39.79170", "2013-09-30": "38.12470", "2013-06-30": "36.16680", "2013-03-31": "41.68990", "2012-12-31": "40.15770", "2012-09-30": "41.37820", "2012-06-30": "40.25990", "2012-03-31": "41.85120", "2011-12-31": "41.21340", "2011-09-30": "41.51880", "2011-06-30": "42.78940", "2011-03-31": "37.21280", "2010-12-31": "39.54110", "2010-09-30": "46.28960", "2010-06-30": "44.48410", "2010-03-31": "42.73110", "2009-12-31": "41.48790", "2009-09-30": "41.82380", "2009-06-30": "44.87000", "2009-03-31": "43.91370", "2008-12-31": "45.72480", "2008-09-30": "42.89620", "2008-06-30": "42.14840", "2008-03-31": "41.51870", "2007-12-31": "41.01430", "2007-09-30": "39.00550", "2007-06-30": "38.89650", "2007-03-31": "39.54430", "2006-12-31": "40.64170", "2006-09-30": "39.29180", "2006-06-30": "-3.88520", "2006-03-31": "39.34480", "2005-12-31": "34.28900", "2005-06-30": "36.53600", "2005-03-31": "36.87300"}, "EBITDA Margin": {"2020-09-30": "", "2020-06-30": "", "2020-03-31": "", "2019-12-31": "", "2019-09-30": "", "2019-06-30": "", "2019-03-31": "", "2018-12-31": "", "2018-09-30": "", "2018-06-30": "", "2018-03-31": "", "2017-12-31": "", "2017-09-30": "", "2017-06-30": "", "2017-03-31": "", "2016-12-31": "", "2016-09-30": "", "2016-06-30": "", "2016-03-31": "", "2015-12-31": "", "2015-09-30": "", "2015-06-30": "", "2015-03-31": "", "2014-12-31": "", "2014-09-30": "", "2014-06-30": "", "2014-03-31": "", "2013-12-31": "", "2013-09-30": "", "2013-06-30": "", "2013-03-31": "", "2012-12-31": "", "2012-09-30": "", "2012-06-30": "", "2012-03-31": "", "2011-12-31": "", "2011-09-30": "", "2011-06-30": "", "2011-03-31": "", "2010-12-31": "", "2010-09-30": "", "2010-06-30": "", "2010-03-31": "", "2009-12-31": "", "2009-09-30": "", "2009-06-30": "", "2009-03-31": "", "2008-12-31": "", "2008-09-30": "", "2008-06-30": "", "2008-03-31": "", "2007-12-31": "", "2007-09-30": "", "2007-06-30": "", "2007-03-31": "", "2006-12-31": "", "2006-09-30": "", "2006-06-30": "", "2006-03-31": "", "2005-12-31": "", "2005-06-30": "", "2005-03-31": ""}, "Pre-Tax Profit Margin": {"2020-09-30": "6.47910", "2020-06-30": "3.32680", "2020-03-31": "23.35410", "2019-12-31": "20.00000", "2019-09-30": "23.81570", "2019-06-30": "12.03160", "2019-03-31": "22.51710", "2018-12-31": "25.17620", "2018-09-30": "26.90420", "2018-06-30": "27.07770", "2018-03-31": "26.49180", "2017-12-31": "22.52040", "2017-09-30": "26.78510", "2017-06-30": "26.27370", "2017-03-31": "24.77170", "2016-12-31": "17.06610", "2016-09-30": "23.89050", "2016-06-30": "24.34220", "2016-03-31": "25.19910", "2015-12-31": "23.38020", "2015-09-30": "24.65830", "2015-06-30": "20.06680", "2015-03-31": "25.30880", "2014-12-31": "24.14950", "2014-09-30": "25.17050", "2014-06-30": "3.41920", "2014-03-31": "23.05590", "2013-12-31": "24.51680", "2013-09-30": "23.07180", "2013-06-30": "23.38240", "2013-03-31": "21.42080", "2012-12-31": "25.54960", "2012-09-30": "29.45620", "2012-06-30": "28.26130", "2012-03-31": "29.50090", "2011-12-31": "27.29430", "2011-09-30": "27.30700", "2011-06-30": "27.44600", "2011-03-31": "18.88060", "2010-12-31": "-4.68290", "2010-09-30": "34.15110", "2010-06-30": "31.30750", "2010-03-31": "28.94310", "2009-12-31": "26.01400", "2009-09-30": "31.91780", "2009-06-30": "33.69110", "2009-03-31": "32.70400", "2008-12-31": "33.59850", "2008-09-30": "31.10900", "2008-06-30": "30.40490", "2008-03-31": "27.81810", "2007-12-31": "25.99180", "2007-09-30": "23.86190", "2007-06-30": "22.44870", "2007-03-31": "23.89540", "2006-12-31": "26.14150", "2006-09-30": "23.72040", "2006-06-30": "-21.48010", "2006-03-31": "21.44430", "2005-12-31": "14.51770", "2005-06-30": "15.83780", "2005-03-31": "15.24860"}, "Net Profit Margin": {"2020-09-30": "-8.78090", "2020-06-30": "-0.58710", "2020-03-31": "22.10670", "2019-12-31": "20.75090", "2019-09-30": "15.31470", "2019-06-30": "9.53320", "2019-03-31": "17.29450", "2018-12-31": "19.73820", "2018-09-30": "21.80950", "2018-06-30": "22.15300", "2018-03-31": "21.03570", "2017-12-31": "30.49990", "2017-09-30": "9.76010", "2017-06-30": "18.83270", "2017-03-31": "17.90030", "2016-12-31": "2.81320", "2016-09-30": "17.67180", "2016-06-30": "20.13580", "2016-03-31": "17.78150", "2015-12-31": "18.01940", "2015-09-30": "17.49500", "2015-06-30": "14.33510", "2015-03-31": "17.91420", "2014-12-31": "15.70430", "2014-09-30": "16.84060", "2014-06-30": "-15.51410", "2014-03-31": "14.36610", "2013-12-31": "15.48850", "2013-09-30": "-2.05840", "2013-06-30": "7.91570", "2013-03-31": "14.59100", "2012-12-31": "8.37330", "2012-09-30": "18.99370", "2012-06-30": "19.59150", "2012-03-31": "19.25810", "2011-12-31": "17.53500", "2011-09-30": "19.65140", "2011-06-30": "17.30580", "2011-03-31": "18.34230", "2010-12-31": "-4.35410", "2010-09-30": "22.69530", "2010-06-30": "20.54560", "2010-03-31": "18.46150", "2009-12-31": "0.24150", "2009-09-30": "21.08440", "2009-06-30": "21.79750", "2009-03-31": "20.87780", "2008-12-31": "21.84460", "2008-09-30": "20.07470", "2008-06-30": "19.34890", "2008-03-31": "18.35300", "2007-12-31": "16.53100", "2007-09-30": "14.68420", "2007-06-30": "14.03500", "2007-03-31": "14.89500", "2006-12-31": "16.57170", "2006-09-30": "13.13460", "2006-06-30": "-12.05440", "2006-03-31": "13.18300", "2005-12-31": "8.97140", "2005-06-30": "9.76060", "2005-03-31": "9.58950"}, "Asset Turnover": {"2020-09-30": "0.06380", "2020-06-30": "0.05620", "2020-03-31": "0.08670", "2019-12-31": "0.08070", "2019-09-30": "0.09480", "2019-06-30": "0.08590", "2019-03-31": "0.06560", "2018-12-31": "0.08010", "2018-09-30": "0.08600", "2018-06-30": "0.08310", "2018-03-31": "0.08980", "2017-12-31": "0.08390", "2017-09-30": "0.09260", "2017-06-30": "0.08700", "2017-03-31": "0.08530", "2016-12-31": "0.08110", "2016-09-30": "0.08160", "2016-06-30": "0.07550", "2016-03-31": "0.09530", "2015-12-31": "0.08420", "2015-09-30": "0.09750", "2015-06-30": "0.08280", "2015-03-31": "0.08570", "2014-12-31": "0.08490", "2014-09-30": "0.09510", "2014-06-30": "0.09100", "2014-03-31": "0.09230", "2013-12-31": "0.08410", "2013-09-30": "0.08780", "2013-06-30": "0.08410", "2013-03-31": "0.08180", "2012-12-31": "0.07760", "2012-09-30": "0.08470", "2012-06-30": "0.08700", "2012-03-31": "0.08140", "2011-12-31": "0.07750", "2011-09-30": "0.07600", "2011-06-30": "0.07420", "2011-03-31": "0.06940", "2010-12-31": "0.05540", "2010-09-30": "0.08330", "2010-06-30": "0.08190", "2010-03-31": "0.08100", "2009-12-31": "0.07360", "2009-09-30": "0.08040", "2009-06-30": "0.08000", "2009-03-31": "0.08300", "2008-12-31": "0.07810", "2008-09-30": "0.08390", "2008-06-30": "0.08370", "2008-03-31": "0.08210", "2007-12-31": "0.07740", "2007-09-30": "0.08150", "2007-06-30": "0.07760", "2007-03-31": "0.07340", "2006-12-31": "0.08470", "2006-09-30": "0.08180", "2006-06-30": "0.07940", "2006-03-31": "0.07900", "2005-12-31": "", "2005-06-30": "", "2005-03-31": ""}, "Inventory Turnover Ratio": {"2020-09-30": "0.49570", "2020-06-30": "0.39510", "2020-03-31": "0.47600", "2019-12-31": "0.51310", "2019-09-30": "0.53450", "2019-06-30": "0.57150", "2019-03-31": "0.35650", "2018-12-31": "0.51150", "2018-09-30": "0.56200", "2018-06-30": "0.50430", "2018-03-31": "0.52000", "2017-12-31": "0.49920", "2017-09-30": "0.53740", "2017-06-30": "0.50830", "2017-03-31": "0.52310", "2016-12-31": "0.51690", "2016-09-30": "0.53990", "2016-06-30": "0.50160", "2016-03-31": "0.58530", "2015-12-31": "0.54580", "2015-09-30": "0.64620", "2015-06-30": "0.57810", "2015-03-31": "0.50160", "2014-12-31": "0.56440", "2014-09-30": "0.63960", "2014-06-30": "0.61320", "2014-03-31": "0.61770", "2013-12-31": "0.55340", "2013-09-30": "0.62140", "2013-06-30": "0.53060", "2013-03-31": "0.60640", "2012-12-31": "0.57710", "2012-09-30": "0.64210", "2012-06-30": "0.63510", "2012-03-31": "0.57390", "2011-12-31": "0.55770", "2011-09-30": "0.56510", "2011-06-30": "0.56660", "2011-03-31": "0.59580", "2010-12-31": "0.42140", "2010-09-30": "0.48080", "2010-06-30": "0.52710", "2010-03-31": "0.52160", "2009-12-31": "0.46220", "2009-09-30": "0.53030", "2009-06-30": "0.51970", "2009-03-31": "0.53480", "2008-12-31": "0.49820", "2008-09-30": "0.59540", "2008-06-30": "0.59840", "2008-03-31": "0.63310", "2007-12-31": "0.58570", "2007-09-30": "0.63080", "2007-06-30": "0.62170", "2007-03-31": "0.58230", "2006-12-31": "0.62800", "2006-09-30": "0.64350", "2006-06-30": "0.61130", "2006-03-31": "0.63350", "2005-12-31": "", "2005-06-30": "", "2005-03-31": ""}, "Receiveable Turnover": {"2020-09-30": "1.62920", "2020-06-30": "1.40770", "2020-03-31": "1.44440", "2019-12-31": "1.42930", "2019-09-30": "1.44290", "2019-06-30": "1.30860", "2019-03-31": "1.02340", "2018-12-31": "1.50980", "2018-09-30": "1.48980", "2018-06-30": "1.49000", "2018-03-31": "1.44670", "2017-12-31": "1.52310", "2017-09-30": "1.45240", "2017-06-30": "1.48130", "2017-03-31": "1.51360", "2016-12-31": "1.58740", "2016-09-30": "1.51860", "2016-06-30": "1.51710", "2016-03-31": "1.65800", "2015-12-31": "1.64230", "2015-09-30": "1.82360", "2015-06-30": "1.64640", "2015-03-31": "1.47520", "2014-12-31": "1.75980", "2014-09-30": "1.82810", "2014-06-30": "1.72810", "2014-03-31": "1.72550", "2013-12-31": "1.64160", "2013-09-30": "1.85830", "2013-06-30": "1.69730", "2013-03-31": "1.91550", "2012-12-31": "1.96840", "2012-09-30": "1.96200", "2012-06-30": "1.84150", "2012-03-31": "1.67610", "2011-12-31": "2.01760", "2011-09-30": "1.81180", "2011-06-30": "1.97600", "2011-03-31": "1.87390", "2010-12-31": "1.47420", "2010-09-30": "1.65930", "2010-06-30": "1.77820", "2010-03-31": "1.83430", "2009-12-31": "1.78210", "2009-09-30": "1.85400", "2009-06-30": "1.81650", "2009-03-31": "1.93180", "2008-12-31": "1.75780", "2008-09-30": "1.96720", "2008-06-30": "1.84310", "2008-03-31": "1.72210", "2007-12-31": "1.76790", "2007-09-30": "1.60700", "2007-06-30": "1.73270", "2007-03-31": "1.61050", "2006-12-31": "1.79150", "2006-09-30": "1.54660", "2006-06-30": "1.27820", "2006-03-31": "1.42180", "2005-12-31": "", "2005-06-30": "", "2005-03-31": ""}, "Days Sales In Receivables": {"2020-09-30": "55.24300", "2020-06-30": "63.93350", "2020-03-31": "62.30770", "2019-12-31": "62.96930", "2019-09-30": "62.37510", "2019-06-30": "68.77780", "2019-03-31": "87.93870", "2018-12-31": "59.60880", "2018-09-30": "60.40930", "2018-06-30": "60.40320", "2018-03-31": "62.21250", "2017-12-31": "59.09110", "2017-09-30": "61.96820", "2017-06-30": "60.75880", "2017-03-31": "59.46130", "2016-12-31": "56.69480", "2016-09-30": "59.26550", "2016-06-30": "59.32530", "2016-03-31": "54.28220", "2015-12-31": "54.80140", "2015-09-30": "49.35400", "2015-06-30": "54.66620", "2015-03-31": "61.01040", "2014-12-31": "51.14330", "2014-09-30": "49.23020", "2014-06-30": "52.07920", "2014-03-31": "52.16000", "2013-12-31": "54.82390", "2013-09-30": "48.43180", "2013-06-30": "53.02630", "2013-03-31": "46.98470", "2012-12-31": "45.72160", "2012-09-30": "45.87160", "2012-06-30": "48.87380", "2012-03-31": "53.69750", "2011-12-31": "44.60720", "2011-09-30": "49.67550", "2011-06-30": "45.54730", "2011-03-31": "48.02720", "2010-12-31": "61.05040", "2010-09-30": "54.23830", "2010-06-30": "50.61220", "2010-03-31": "49.06570", "2009-12-31": "50.50270", "2009-09-30": "48.54290", "2009-06-30": "49.54630", "2009-03-31": "46.58860", "2008-12-31": "51.20100", "2008-09-30": "45.75000", "2008-06-30": "48.83170", "2008-03-31": "52.26200", "2007-12-31": "50.90910", "2007-09-30": "56.00490", "2007-06-30": "51.94330", "2007-03-31": "55.88380", "2006-12-31": "50.23720", "2006-09-30": "58.19260", "2006-06-30": "70.40970", "2006-03-31": "63.29990", "2005-12-31": "", "2005-06-30": "", "2005-03-31": ""}, "ROE - Return On Equity": {"2020-09-30": "-2.54540", "2020-06-30": "0.11960", "2020-03-31": "-7.68130", "2019-12-31": "-5.44310", "2019-09-30": "-10.99170", "2019-06-30": "-9.76640", "2019-03-31": "-13.49300", "2018-12-31": "-11.75840", "2018-09-30": "-12.75980", "2018-06-30": "-10.35950", "2018-03-31": "-8.74020", "2017-12-31": "-12.00180", "2017-09-30": "-6.23970", "2017-06-30": "-8.96000", "2017-03-31": "-7.63650", "2016-12-31": "-6.34110", "2016-09-30": "-23.74070", "2016-06-30": "-19.87290", "2016-03-31": "-14.73080", "2015-12-31": "-13.42370", "2015-09-30": "-13.64460", "2015-06-30": "-8.47820", "2015-03-31": "-8.36170", "2014-12-31": "-6.52220", "2014-09-30": "-7.34240", "2014-06-30": "-1.01650", "2014-03-31": "-71.92210", "2013-12-31": "-36.77610", "2013-09-30": "-24.97970", "2013-06-30": "9.56120", "2013-03-31": "9.91250", "2012-12-31": "12.38550", "2012-09-30": "7.20900", "2012-06-30": "8.17300", "2012-03-31": "8.19680", "2011-12-31": "7.33930", "2011-09-30": "7.93060", "2011-06-30": "7.93770", "2011-03-31": "5.50160", "2010-12-31": "-1.19960", "2010-09-30": "8.53940", "2010-06-30": "8.21220", "2010-03-31": "7.82470", "2009-12-31": "6.97440", "2009-09-30": "5.07970", "2009-06-30": "5.40680", "2009-03-31": "5.61480", "2008-12-31": "5.85940", "2008-09-30": "5.80960", "2008-06-30": "5.86140", "2008-03-31": "5.79090", "2007-12-31": "5.19230", "2007-09-30": "5.06100", "2007-06-30": "4.79980", "2007-03-31": "5.21940", "2006-12-31": "5.24990", "2006-09-30": "4.19290", "2006-06-30": "-3.85370", "2006-03-31": "3.96400", "2005-12-31": "", "2005-06-30": "", "2005-03-31": ""}, "Return On Tangible Equity": {"2020-09-30": "-0.69810", "2020-06-30": "0.03410", "2020-03-31": "-2.19430", "2019-12-31": "-1.57240", "2019-09-30": "-2.35720", "2019-06-30": "-1.00560", "2019-03-31": "-1.55990", "2018-12-31": "-2.02720", "2018-09-30": "-2.34980", "2018-06-30": "-2.16900", "2018-03-31": "-2.06620", "2017-12-31": "-3.10510", "2017-09-30": "-1.76820", "2017-06-30": "-1.79740", "2017-03-31": "-1.63420", "2016-12-31": "-1.27860", "2016-09-30": "-1.91060", "2016-06-30": "-1.97740", "2016-03-31": "-1.95350", "2015-12-31": "-1.81410", "2015-09-30": "-1.95020", "2015-06-30": "-1.38890", "2015-03-31": "-1.64380", "2014-12-31": "-1.54560", "2014-09-30": "-1.81410", "2014-06-30": "-0.25440", "2014-03-31": "-1.84210", "2013-12-31": "-1.72180", "2013-09-30": "-1.72550", "2013-06-30": "-2.06320", "2013-03-31": "-1.96900", "2012-12-31": "-2.09420", "2012-09-30": "-2.98840", "2012-06-30": "-2.97970", "2012-03-31": "-2.60280", "2011-12-31": "-2.50150", "2011-09-30": "-2.46110", "2011-06-30": "-2.38330", "2011-03-31": "-1.43870", "2010-12-31": "0.26270", "2010-09-30": "-3.67180", "2010-06-30": "-3.19730", "2010-03-31": "-2.66260", "2009-12-31": "-2.09690", "2009-09-30": "-4.09530", "2009-06-30": "-4.15190", "2009-03-31": "-3.84590", "2008-12-31": "-3.61760", "2008-09-30": "-3.59380", "2008-06-30": "-3.47640", "2008-03-31": "-3.14690", "2007-12-31": "-2.54420", "2007-09-30": "-2.25300", "2007-06-30": "-2.01860", "2007-03-31": "-1.87630", "2006-12-31": "-2.69110", "2006-09-30": "-2.05500", "2006-06-30": "1.76600", "2006-03-31": "-1.97610", "2005-12-31": "", "2005-06-30": "", "2005-03-31": ""}, "ROA - Return On Assets": {"2020-09-30": "0.54910", "2020-06-30": "-0.02750", "2020-03-31": "1.94170", "2019-12-31": "1.28880", "2019-09-30": "1.95020", "2019-06-30": "0.72310", "2019-03-31": "1.12380", "2018-12-31": "1.58200", "2018-09-30": "1.89190", "2018-06-30": "1.84160", "2018-03-31": "1.94180", "2017-12-31": "3.08550", "2017-09-30": "1.84600", "2017-06-30": "1.64620", "2017-03-31": "1.52830", "2016-12-31": "1.18430", "2016-09-30": "1.44200", "2016-06-30": "1.51950", "2016-03-31": "1.69490", "2015-12-31": "1.55390", "2015-09-30": "1.70610", "2015-06-30": "1.18690", "2015-03-31": "1.53460", "2014-12-31": "1.38180", "2014-09-30": "1.69100", "2014-06-30": "0.24110", "2014-03-31": "1.41190", "2013-12-31": "1.36870", "2013-09-30": "1.36650", "2013-06-30": "1.31880", "2013-03-31": "1.19310", "2012-12-31": "1.33650", "2012-09-30": "1.60940", "2012-06-30": "1.70460", "2012-03-31": "1.56830", "2011-12-31": "1.43230", "2011-09-30": "1.42490", "2011-06-30": "1.33110", "2011-03-31": "0.83660", "2010-12-31": "-0.16980", "2010-09-30": "1.89100", "2010-06-30": "1.68220", "2010-03-31": "1.49470", "2009-12-31": "1.22790", "2009-09-30": "1.69530", "2009-06-30": "1.74410", "2009-03-31": "1.73350", "2008-12-31": "1.70700", "2008-09-30": "1.68400", "2008-06-30": "1.62000", "2008-03-31": "1.50600", "2007-12-31": "1.27930", "2007-09-30": "1.19720", "2007-06-30": "1.08890", "2007-03-31": "1.09310", "2006-12-31": "1.40370", "2006-09-30": "1.07450", "2006-06-30": "-0.95760", "2006-03-31": "1.04180", "2005-12-31": "", "2005-06-30": "", "2005-03-31": ""}, "ROI - Return On Investment": {"2020-09-30": "0.65520", "2020-06-30": "-0.03280", "2020-03-31": "2.35290", "2019-12-31": "1.71390", "2019-09-30": "2.33350", "2019-06-30": "0.84290", "2019-03-31": "1.33090", "2018-12-31": "1.80800", "2018-09-30": "2.15790", "2018-06-30": "2.08680", "2018-03-31": "2.22870", "2017-12-31": "3.55420", "2017-09-30": "2.18120", "2017-06-30": "1.90120", "2017-03-31": "1.76910", "2016-12-31": "1.36930", "2016-09-30": "1.66460", "2016-06-30": "1.75640", "2016-03-31": "1.98710", "2015-12-31": "1.81420", "2015-09-30": "2.00440", "2015-06-30": "1.40870", "2015-03-31": "1.85660", "2014-12-31": "1.65590", "2014-09-30": "2.01230", "2014-06-30": "0.28580", "2014-03-31": "1.62310", "2013-12-31": "1.57560", "2013-09-30": "1.56660", "2013-06-30": "1.49750", "2013-03-31": "1.35660", "2012-12-31": "1.51490", "2012-09-30": "1.82390", "2012-06-30": "1.92010", "2012-03-31": "1.77140", "2011-12-31": "1.62520", "2011-09-30": "1.63490", "2011-06-30": "1.51130", "2011-03-31": "0.96630", "2010-12-31": "-0.19170", "2010-09-30": "2.14140", "2010-06-30": "1.90750", "2010-03-31": "1.68580", "2009-12-31": "1.39110", "2009-09-30": "1.91230", "2009-06-30": "1.95010", "2009-03-31": "1.94250", "2008-12-31": "1.94790", "2008-09-30": "1.88890", "2008-06-30": "1.82600", "2008-03-31": "1.68170", "2007-12-31": "1.43660", "2007-09-30": "1.33710", "2007-06-30": "1.21630", "2007-03-31": "1.21540", "2006-12-31": "1.54950", "2006-09-30": "1.18180", "2006-06-30": "-1.05080", "2006-03-31": "1.14600", "2005-12-31": "", "2005-06-30": "", "2005-03-31": ""}, "Book Value Per Share": {"2020-09-30": "-72.92240", "2020-06-30": "-77.12750", "2020-03-31": "-77.81990", "2019-12-31": "-80.15890", "2019-09-30": "-53.94490", "2019-06-30": "-24.59450", "2019-03-31": "-27.89170", "2018-12-31": "-31.54370", "2018-09-30": "-34.29420", "2018-06-30": "-39.92850", "2018-03-31": "-44.11090", "2017-12-31": "-49.87560", "2017-09-30": "-56.82500", "2017-06-30": "-36.53030", "2017-03-31": "-39.19720", "2016-12-31": "-35.10140", "2016-09-30": "-12.21510", "2016-06-30": "-15.17410", "2016-03-31": "-18.15880", "2015-12-31": "-17.99520", "2015-09-30": "-19.34070", "2015-06-30": "-21.84850", "2015-03-31": "-24.90110", "2014-12-31": "-27.83760", "2014-09-30": "-29.68690", "2014-06-30": "-30.23670", "2014-03-31": "-2.37560", "2013-12-31": "-4.44070", "2013-09-30": "-6.38690", "2013-06-30": "15.26600", "2013-03-31": "13.08060", "2012-12-31": "11.50790", "2012-09-30": "23.59700", "2012-06-30": "21.51880", "2012-03-31": "19.50290", "2011-12-31": "17.52890", "2011-09-30": "16.11100", "2011-06-30": "14.66510", "2011-03-31": "13.34800", "2010-12-31": "12.01370", "2010-09-30": "11.99540", "2010-06-30": "10.86420", "2010-03-31": "9.87800", "2009-12-31": "8.99820", "2009-09-30": "16.73330", "2009-06-30": "15.79520", "2009-03-31": "14.86140", "2008-12-31": "13.99160", "2008-09-30": "13.45450", "2008-06-30": "12.70640", "2008-03-31": "11.62430", "2007-12-31": "10.95790", "2007-09-30": "10.36440", "2007-06-30": "9.82660", "2007-03-31": "9.14500", "2006-12-31": "8.63170", "2006-09-30": "8.12830", "2006-06-30": "7.77480", "2006-03-31": "8.07870", "2005-12-31": "", "2005-06-30": "", "2005-03-31": ""}, "Operating Cash Flow Per Share": {"2020-09-30": 3.8744, "2020-06-30": 6.9465, "2020-03-31": 2.8048, "2019-12-31": "7.54360", "2019-09-30": 4.3872, "2019-06-30": 5.595, "2019-03-31": 2.1847, "2018-12-31": "5.86150", "2018-09-30": 5.9542, "2018-06-30": 4.268, "2018-03-31": 2.8927, "2017-12-31": "5.26640", "2017-09-30": 4.0886, "2017-06-30": 3.1287, "2017-03-31": 2.9918, "2016-12-31": "3.99460", "2016-09-30": 3.5314, "2016-06-30": 3.5256, "2016-03-31": 1.9653, "2015-12-31": "3.14530", "2015-09-30": 2.6062, "2015-06-30": 3.3652, "2015-03-31": -0.1075, "2014-12-31": "3.33900", "2014-09-30": 3.3824, "2014-06-30": 2.2503, "2014-03-31": 1.8333, "2013-12-31": "2.03030", "2013-09-30": 3.6376, "2013-06-30": 1.2761, "2013-03-31": 1.8213, "2012-12-31": "1.80180", "2012-09-30": 2.8963, "2012-06-30": 1.7235, "2012-03-31": 1.7977, "2011-12-31": "1.26380", "2011-09-30": 2.2002, "2011-06-30": 0.2605, "2011-03-31": 1.2562, "2010-12-31": "1.16540", "2010-09-30": 0.7943, "2010-06-30": 1.3498, "2010-03-31": 0.4567, "2009-12-31": "1.12730", "2009-09-30": 1.2888, "2009-06-30": 0.9451, "2009-03-31": 0.2638, "2008-12-31": "1.25400", "2008-09-30": 0.6579, "2008-06-30": 1.4198, "2008-03-31": 0.3544, "2007-12-31": "1.20790", "2007-09-30": 0.4708, "2007-06-30": 0.6913, "2007-03-31": 0.3498, "2006-12-31": "0.80440", "2006-09-30": 0.9574, "2006-06-30": 0.4035, "2006-03-31": 0.1189, "2005-12-31": "-1.41500", "2005-06-30": 0.5936, "2005-03-31": 0.7193}, "Free Cash Flow Per Share": {"2020-09-30": 3.1239, "2020-06-30": 6.7355, "2020-03-31": 2.4042, "2019-12-31": "7.07320", "2019-09-30": 3.9964, "2019-06-30": 4.9556, "2019-03-31": 1.8295, "2018-12-31": "5.43520", "2018-09-30": 5.5424, "2018-06-30": 3.9224, "2018-03-31": 2.6122, "2017-12-31": "4.99140", "2017-09-30": 3.8241, "2017-06-30": 2.802, "2017-03-31": 2.69, "2016-12-31": "3.60880", "2016-09-30": 3.2857, "2016-06-30": 3.3856, "2016-03-31": 1.7469, "2015-12-31": "2.96620", "2015-09-30": 2.3487, "2015-06-30": 3.0596, "2015-03-31": -0.37, "2014-12-31": "3.19520", "2014-09-30": 2.942, "2014-06-30": 2.1149, "2014-03-31": 1.9521, "2013-12-31": "1.88820", "2013-09-30": 3.426, "2013-06-30": 1.1421, "2013-03-31": 1.681, "2012-12-31": "1.64250", "2012-09-30": 2.7287, "2012-06-30": 1.5916, "2012-03-31": 1.716, "2011-12-31": "1.17650", "2011-09-30": 2.0914, "2011-06-30": 0.1885, "2011-03-31": 1.155, "2010-12-31": "1.10940", "2010-09-30": 0.7919, "2010-06-30": 1.2941, "2010-03-31": 0.3919, "2009-12-31": "1.06120", "2009-09-30": 1.2132, "2009-06-30": 0.8814, "2009-03-31": 0.1856, "2008-12-31": "1.22110", "2008-09-30": 0.5932, "2008-06-30": 1.3592, "2008-03-31": 0.319, "2007-12-31": "1.15970", "2007-09-30": 0.4057, "2007-06-30": 0.6326, "2007-03-31": 0.3144, "2006-12-31": "0.75220", "2006-09-30": 0.9053, "2006-06-30": 0.3599, "2006-03-31": 0.0755, "2005-12-31": "-1.45290", "2005-06-30": 0.5482, "2005-03-31": 0.6458}}, "revenue": {"Transdigm Group Annual Revenue (Millions of US $)": {"2020": "$5,103", "2019": "$5,223", "2018": "$3,811", "2017": "$3,504", "2016": "$3,171", "2015": "$2,707", "2014": "$2,373", "2013": "$1,924", "2012": "$1,700", "2011": "$1,206", "2010": "$828", "2009": "$762", "2008": "$714", "2007": "$593", "2006": "$435", "2005": "$374"}, "Transdigm Group Quarterly Revenue (Millions of US $)": {"2020-09-30": "$1,173", "2020-06-30": "$1,022", "2020-03-31": "$1,443", "2019-12-31": "$1,465", "2019-09-30": "$1,541", "2019-06-30": "$1,521", "2019-03-31": "$1,168", "2018-12-31": "$993", "2018-09-30": "$1,049", "2018-06-30": "$981", "2018-03-31": "$933", "2017-12-31": "$848", "2017-09-30": "$924", "2017-06-30": "$898", "2017-03-31": "$869", "2016-12-31": "$814", "2016-09-30": "$875", "2016-06-30": "$798", "2016-03-31": "$797", "2015-12-31": "$702", "2015-09-30": "$810", "2015-06-30": "$691", "2015-03-31": "$619", "2014-12-31": "$587", "2014-09-30": "$642", "2014-06-30": "$611", "2014-03-31": "$591", "2013-12-31": "$529", "2013-09-30": "$540", "2013-06-30": "$489", "2013-03-31": "$466", "2012-12-31": "$430", "2012-09-30": "$463", "2012-06-30": "$462", "2012-03-31": "$423", "2011-12-31": "$352", "2011-09-30": "$343", "2011-06-30": "$325", "2011-03-31": "$304", "2010-12-31": "$234", "2010-09-30": "$223", "2010-06-30": "$214", "2010-03-31": "$206", "2009-12-31": "$184", "2009-09-30": "$197", "2009-06-30": "$190", "2009-03-31": "$193", "2008-12-31": "$181", "2008-09-30": "$189", "2008-06-30": "$186", "2008-03-31": "$175", "2007-12-31": "$163", "2007-09-30": "$168", "2007-06-30": "$158", "2007-03-31": "$144", "2006-12-31": "$123", "2006-09-30": "$116", "2006-06-30": "$111", "2006-03-31": "$108", "2005-12-31": "$100", "2005-06-30": "$98", "2005-03-31": "$91"}}, "gross-profit": {"Transdigm Group Annual Gross Profit (Millions of US $)": {"2020": "$2,647", "2019": "$2,809", "2018": "$2,177", "2017": "$1,985", "2016": "$1,728", "2015": "$1,450", "2014": "$1,268", "2013": "$1,050", "2012": "$946", "2011": "$661", "2010": "$473", "2009": "$429", "2008": "$386", "2007": "$309", "2006": "$221", "2005": "$184"}, "Transdigm Group Quarterly Gross Profit (Millions of US $)": {"2020-09-30": "$537", "2020-06-30": "$491", "2020-03-31": "$818", "2019-12-31": "$801", "2019-09-30": "$882", "2019-06-30": "$713", "2019-03-31": "$650", "2018-12-31": "$564", "2018-09-30": "$597", "2018-06-30": "$570", "2018-03-31": "$534", "2017-12-31": "$477", "2017-09-30": "$531", "2017-06-30": "$520", "2017-03-31": "$489", "2016-12-31": "$444", "2016-09-30": "$484", "2016-06-30": "$444", "2016-03-31": "$426", "2015-12-31": "$375", "2015-09-30": "$428", "2015-06-30": "$359", "2015-03-31": "$342", "2014-12-31": "$321", "2014-09-30": "$349", "2014-06-30": "$328", "2014-03-31": "$308", "2013-12-31": "$284", "2013-09-30": "$283", "2013-06-30": "$269", "2013-03-31": "$259", "2012-12-31": "$239", "2012-09-30": "$257", "2012-06-30": "$253", "2012-03-31": "$236", "2011-12-31": "$200", "2011-09-30": "$193", "2011-06-30": "$183", "2011-03-31": "$158", "2010-12-31": "$127", "2010-09-30": "$132", "2010-06-30": "$122", "2010-03-31": "$115", "2009-12-31": "$103", "2009-09-30": "$108", "2009-06-30": "$108", "2009-03-31": "$109", "2008-12-31": "$104", "2008-09-30": "$103", "2008-06-30": "$100", "2008-03-31": "$94", "2007-12-31": "$88", "2007-09-30": "$88", "2007-06-30": "$82", "2007-03-31": "$75", "2006-12-31": "$64", "2006-09-30": "$58", "2006-06-30": "$57", "2006-03-31": "$56", "2005-12-31": "$49", "2005-06-30": "$48", "2005-03-31": "$45"}}, "operating-income": {"Transdigm Group Annual Operating Income (Millions of US $)": {"2020": "$1,751", "2019": "$1,926", "2018": "$1,655", "2017": "$1,483", "2016": "$1,268", "2015": "$1,074", "2014": "$928", "2013": "$749", "2012": "$700", "2011": "$487", "2010": "$363", "2009": "$335", "2008": "$299", "2007": "$234", "2006": "$118", "2005": "$138"}, "Transdigm Group Quarterly Operating Income (Millions of US $)": {"2020-09-30": "$313", "2020-06-30": "$286", "2020-03-31": "$592", "2019-12-31": "$560", "2019-09-30": "$613", "2019-06-30": "$423", "2019-03-31": "$468", "2018-12-31": "$422", "2018-09-30": "$455", "2018-06-30": "$437", "2018-03-31": "$409", "2017-12-31": "$353", "2017-09-30": "$411", "2017-06-30": "$388", "2017-03-31": "$367", "2016-12-31": "$317", "2016-09-30": "$349", "2016-06-30": "$331", "2016-03-31": "$312", "2015-12-31": "$276", "2015-09-30": "$313", "2015-06-30": "$264", "2015-03-31": "$257", "2014-12-31": "$241", "2014-09-30": "$259", "2014-06-30": "$240", "2014-03-31": "$218", "2013-12-31": "$211", "2013-09-30": "$206", "2013-06-30": "$177", "2013-03-31": "$194", "2012-12-31": "$173", "2012-09-30": "$191", "2012-06-30": "$186", "2012-03-31": "$177", "2011-12-31": "$145", "2011-09-30": "$142", "2011-06-30": "$139", "2011-03-31": "$113", "2010-12-31": "$92", "2010-09-30": "$103", "2010-06-30": "$95", "2010-03-31": "$88", "2009-12-31": "$76", "2009-09-30": "$83", "2009-06-30": "$85", "2009-03-31": "$85", "2008-12-31": "$83", "2008-09-30": "$81", "2008-06-30": "$78", "2008-03-31": "$73", "2007-12-31": "$67", "2007-09-30": "$66", "2007-06-30": "$61", "2007-03-31": "$57", "2006-12-31": "$50", "2006-09-30": "$46", "2006-06-30": "$-4", "2006-03-31": "$43", "2005-12-31": "$34", "2005-06-30": "$36", "2005-03-31": "$34"}}, "ebitda": {"Transdigm Group Annual EBITDA (Millions of US $)": {"2020": "$2,031", "2019": "$2,219", "2018": "$1,803", "2017": "$1,662", "2016": "$1,406", "2015": "$1,183", "2014": "$1,038", "2013": "$835", "2012": "$781", "2011": "$557", "2010": "$401", "2009": "$366", "2008": "$328", "2007": "$261", "2006": "$161", "2005": "$158"}, "Transdigm Group Quarterly EBITDA (Millions of US $)": {"2020-09-30": "$389", "2020-06-30": "$358", "2020-03-31": "$658", "2019-12-31": "$626", "2019-09-30": "$650", "2019-06-30": "$577", "2019-03-31": "$527", "2018-12-31": "$465", "2018-09-30": "$489", "2018-06-30": "$480", "2018-03-31": "$445", "2017-12-31": "$389", "2017-09-30": "$466", "2017-06-30": "$430", "2017-03-31": "$407", "2016-12-31": "$360", "2016-09-30": "$390", "2016-06-30": "$364", "2016-03-31": "$345", "2015-12-31": "$306", "2015-09-30": "$343", "2015-06-30": "$295", "2015-03-31": "$280", "2014-12-31": "$266", "2014-09-30": "$285", "2014-06-30": "$268", "2014-03-31": "$248", "2013-12-31": "$238", "2013-09-30": "$233", "2013-06-30": "$195", "2013-03-31": "$214", "2012-12-31": "$194", "2012-09-30": "$212", "2012-06-30": "$207", "2012-03-31": "$196", "2011-12-31": "$166", "2011-09-30": "$163", "2011-06-30": "$159", "2011-03-31": "$132", "2010-12-31": "$103", "2010-09-30": "$113", "2010-06-30": "$105", "2010-03-31": "$97", "2009-12-31": "$86", "2009-09-30": "$91", "2009-06-30": "$93", "2009-03-31": "$92", "2008-12-31": "$90", "2008-09-30": "$89", "2008-06-30": "$85", "2008-03-31": "$79", "2007-12-31": "$74", "2007-09-30": "$73", "2007-06-30": "$69", "2007-03-31": "$64", "2006-12-31": "$55", "2006-09-30": "$50", "2006-06-30": "$23", "2006-03-31": "$48", "2005-12-31": "$40", "2005-06-30": "$41", "2005-03-31": "$34"}}, "net-income": {"Transdigm Group Annual Net Income (Millions of US $)": {"2020": "$514", "2019": "$779", "2018": "$901", "2017": "$438", "2016": "$583", "2015": "$444", "2014": "$180", "2013": "$132", "2012": "$322", "2011": "$169", "2010": "$133", "2009": "$163", "2008": "$133", "2007": "$89", "2006": "$25", "2005": "$35"}, "Transdigm Group Quarterly Net Income (Millions of US $)": {"2020-09-30": "$-103", "2020-06-30": "$-6", "2020-03-31": "$319", "2019-12-31": "$304", "2019-09-30": "$236", "2019-06-30": "$145", "2019-03-31": "$202", "2018-12-31": "$196", "2018-09-30": "$229", "2018-06-30": "$217", "2018-03-31": "$196", "2017-12-31": "$259", "2017-09-30": "$90", "2017-06-30": "$169", "2017-03-31": "$156", "2016-12-31": "$23", "2016-09-30": "$155", "2016-06-30": "$161", "2016-03-31": "$142", "2015-12-31": "$126", "2015-09-30": "$142", "2015-06-30": "$99", "2015-03-31": "$111", "2014-12-31": "$92", "2014-09-30": "$108", "2014-06-30": "$-95", "2014-03-31": "$85", "2013-12-31": "$82", "2013-09-30": "$-11", "2013-06-30": "$39", "2013-03-31": "$68", "2012-12-31": "$36", "2012-09-30": "$88", "2012-06-30": "$90", "2012-03-31": "$82", "2011-12-31": "$62", "2011-09-30": "$67", "2011-06-30": "$56", "2011-03-31": "$56", "2010-12-31": "$-10", "2010-09-30": "$51", "2010-06-30": "$44", "2010-03-31": "$38", "2009-12-31": "$0", "2009-09-30": "$42", "2009-06-30": "$41", "2009-03-31": "$40", "2008-12-31": "$40", "2008-09-30": "$38", "2008-06-30": "$36", "2008-03-31": "$32", "2007-12-31": "$27", "2007-09-30": "$25", "2007-06-30": "$22", "2007-03-31": "$22", "2006-12-31": "$20", "2006-09-30": "$15", "2006-06-30": "$-13", "2006-03-31": "$14", "2005-12-31": "$9", "2005-06-30": "$10", "2005-03-31": "$9"}}, "eps-earnings-per-share-diluted": {"Transdigm Group Annual EPS": {"2020": "$8.96", "2019": "$13.84", "2018": "$16.20", "2017": "$7.88", "2016": "$10.39", "2015": "$7.84", "2014": "$3.16", "2013": "$2.39", "2012": "$5.97", "2011": "$3.17", "2010": "$2.52", "2009": "$3.10", "2008": "$2.56", "2007": "$1.83", "2006": "$0.53", "2005": "$0.75"}, "Transdigm Group Quarterly EPS": {"2020-09-30": "$1.43", "2020-06-30": "$-0.10", "2020-03-31": "$5.56", "2019-12-31": "$2.07", "2019-09-30": "$4.62", "2019-06-30": "$2.57", "2019-03-31": "$3.60", "2018-12-31": "$3.05", "2018-09-30": "$4.11", "2018-06-30": "$3.91", "2018-03-31": "$3.53", "2017-12-31": "$4.65", "2017-09-30": "$1.61", "2017-06-30": "$3.08", "2017-03-31": "$2.78", "2016-12-31": "$0.41", "2016-09-30": "$2.76", "2016-06-30": "$2.88", "2016-03-31": "$2.52", "2015-12-31": "$2.23", "2015-09-30": "$2.50", "2015-06-30": "$1.75", "2015-03-31": "$1.96", "2014-12-31": "$1.63", "2014-09-30": "$1.89", "2014-06-30": "$-1.66", "2014-03-31": "$1.49", "2013-12-31": "$1.44", "2013-09-30": "$-0.23", "2013-06-30": "$0.71", "2013-03-31": "$1.25", "2012-12-31": "$0.66", "2012-09-30": "$1.63", "2012-06-30": "$1.68", "2012-03-31": "$1.51", "2011-12-31": "$1.15", "2011-09-30": "$1.26", "2011-06-30": "$1.06", "2011-03-31": "$1.04", "2010-12-31": "$-0.19", "2010-09-30": "$0.96", "2010-06-30": "$0.83", "2010-03-31": "$0.72", "2009-12-31": "$0.01", "2009-09-30": "$0.79", "2009-06-30": "$0.79", "2009-03-31": "$0.77", "2008-12-31": "$0.75", "2008-09-30": "$0.66", "2008-06-30": "$0.72", "2008-03-31": "$0.64", "2007-12-31": "$0.54", "2007-09-30": "$0.50", "2007-06-30": "$0.45", "2007-03-31": "$0.45", "2006-12-31": "$0.43", "2006-09-30": "$0.34", "2006-06-30": "$-0.30", "2006-03-31": "$0.30", "2005-12-31": "$0.19", "2005-06-30": "$0.21", "2005-03-31": "$0.19"}}, "shares-outstanding": {"Transdigm Group Annual Shares Outstanding (Millions of Shares)": {"2020": "57", "2019": "56", "2018": "56", "2017": "56", "2016": "56", "2015": "57", "2014": "57", "2013": "55", "2012": "54", "2011": "53", "2010": "53", "2009": "53", "2008": "52", "2007": "49", "2006": "47", "2005": "47"}, "Transdigm Group Quarterly Shares Outstanding (Millions of Shares)": {"2020-09-30": "57", "2020-06-30": "57", "2020-03-31": "57", "2019-12-31": "57", "2019-09-30": "56", "2019-06-30": "56", "2019-03-31": "56", "2018-12-31": "56", "2018-09-30": "56", "2018-06-30": "56", "2018-03-31": "56", "2017-12-31": "56", "2017-09-30": "56", "2017-06-30": "55", "2017-03-31": "56", "2016-12-31": "57", "2016-09-30": "56", "2016-06-30": "56", "2016-03-31": "56", "2015-12-31": "57", "2015-09-30": "57", "2015-06-30": "57", "2015-03-31": "57", "2014-12-31": "57", "2014-09-30": "57", "2014-06-30": "57", "2014-03-31": "57", "2013-12-31": "57", "2013-09-30": "55", "2013-06-30": "55", "2013-03-31": "54", "2012-12-31": "54", "2012-09-30": "54", "2012-06-30": "54", "2012-03-31": "54", "2011-12-31": "54", "2011-09-30": "53", "2011-06-30": "53", "2011-03-31": "53", "2010-12-31": "53", "2010-09-30": "53", "2010-06-30": "53", "2010-03-31": "53", "2009-12-31": "53", "2009-09-30": "53", "2009-06-30": "52", "2009-03-31": "52", "2008-12-31": "53", "2008-09-30": "52", "2008-06-30": "50", "2008-03-31": "50", "2007-12-31": "50", "2007-09-30": "49", "2007-06-30": "49", "2007-03-31": "48", "2006-12-31": "48", "2006-09-30": "47", "2006-06-30": "45", "2006-03-31": "47", "2005-12-31": "47", "2005-06-30": "46", "2005-03-31": "46"}}, "total-assets": {"Transdigm Group Annual Total Assets (Millions of US $)": {"2020": "$18,395", "2019": "$16,255", "2018": "$12,197", "2017": "$9,976", "2016": "$10,726", "2015": "$8,304", "2014": "$6,757", "2013": "$6,149", "2012": "$5,460", "2011": "$4,514", "2010": "$2,678", "2009": "$2,454", "2008": "$2,256", "2007": "$2,061", "2006": "$1,417", "2005": "$1,428"}, "Transdigm Group Quarterly Total Assets (Millions of US $)": {"2020-09-30": "$18,395", "2020-06-30": "$18,179", "2020-03-31": "$16,635", "2019-12-31": "$18,156", "2019-09-30": "$16,255", "2019-06-30": "$17,703", "2019-03-31": "$17,797", "2018-12-31": "$12,389", "2018-09-30": "$12,197", "2018-06-30": "$11,804", "2018-03-31": "$10,395", "2017-12-31": "$10,112", "2017-09-30": "$9,976", "2017-06-30": "$10,316", "2017-03-31": "$10,187", "2016-12-31": "$10,037", "2016-09-30": "$10,726", "2016-06-30": "$10,570", "2016-03-31": "$8,359", "2015-12-31": "$8,330", "2015-09-30": "$8,304", "2015-06-30": "$8,350", "2015-03-31": "$7,226", "2014-12-31": "$6,914", "2014-09-30": "$6,757", "2014-06-30": "$6,711", "2014-03-31": "$6,399", "2013-12-31": "$6,292", "2013-09-30": "$6,149", "2013-06-30": "$5,813", "2013-03-31": "$5,694", "2012-12-31": "$5,550", "2012-09-30": "$5,460", "2012-06-30": "$5,306", "2012-03-31": "$5,200", "2011-12-31": "$4,545", "2011-09-30": "$4,514", "2011-06-30": "$4,385", "2011-03-31": "$4,386", "2010-12-31": "$4,213", "2010-09-30": "$2,678", "2010-06-30": "$2,616", "2010-03-31": "$2,545", "2009-12-31": "$2,505", "2009-09-30": "$2,454", "2009-06-30": "$2,373", "2009-03-31": "$2,325", "2008-12-31": "$2,320", "2008-09-30": "$2,256", "2008-06-30": "$2,222", "2008-03-31": "$2,136", "2007-12-31": "$2,108", "2007-09-30": "$2,061", "2007-06-30": "$2,031", "2007-03-31": "$1,968", "2006-12-31": "$1,449", "2006-09-30": "$1,417", "2006-06-30": "$1,396", "2006-03-31": "$1,370", "2005-12-31": "$0", "2005-06-30": "$0", "2005-03-31": "$0"}}, "cash-on-hand": {"Transdigm Group Annual Cash on Hand (Millions of US $)": {"2020": "$4,717", "2019": "$1,467", "2018": "$2,073", "2017": "$651", "2016": "$1,587", "2015": "$714", "2014": "$820", "2013": "$565", "2012": "$441", "2011": "$376", "2010": "$234", "2009": "$190", "2008": "$159", "2007": "$106", "2006": "$61", "2005": "$104"}, "Transdigm Group Quarterly Cash on Hand (Millions of US $)": {"2020-09-30": "$4,717", "2020-06-30": "$4,549", "2020-03-31": "$2,668", "2019-12-31": "$4,194", "2019-09-30": "$1,467", "2019-06-30": "$2,717", "2019-03-31": "$2,829", "2018-12-31": "$2,337", "2018-09-30": "$2,073", "2018-06-30": "$1,853", "2018-03-31": "$1,011", "2017-12-31": "$858", "2017-09-30": "$651", "2017-06-30": "$971", "2017-03-31": "$985", "2016-12-31": "$972", "2016-09-30": "$1,587", "2016-06-30": "$1,667", "2016-03-31": "$612", "2015-12-31": "$805", "2015-09-30": "$714", "2015-06-30": "$915", "2015-03-31": "$393", "2014-12-31": "$1,012", "2014-09-30": "$820", "2014-06-30": "$729", "2014-03-31": "$476", "2013-12-31": "$411", "2013-09-30": "$565", "2013-06-30": "$269", "2013-03-31": "$680", "2012-12-31": "$554", "2012-09-30": "$441", "2012-06-30": "$303", "2012-03-31": "$201", "2011-12-31": "$360", "2011-09-30": "$376", "2011-06-30": "$549", "2011-03-31": "$505", "2010-12-31": "$234", "2010-09-30": "$234", "2010-06-30": "$258", "2010-03-31": "$187", "2009-12-31": "$162", "2009-09-30": "$190", "2009-06-30": "$204", "2009-03-31": "$155", "2008-12-31": "$149", "2008-09-30": "$159", "2008-06-30": "$189", "2008-03-31": "$194", "2007-12-31": "$170", "2007-09-30": "$106", "2007-06-30": "$120", "2007-03-31": "$65", "2006-12-31": "$55", "2006-09-30": "$61", "2006-06-30": "$22", "2006-03-31": "$32", "2005-12-31": "", "2005-06-30": "", "2005-03-31": ""}}, "long-term-debt": {"Transdigm Group Annual Long Term Debt (Millions of US $)": {"2020": "$19,384", "2019": "$16,469", "2018": "$12,502", "2017": "$11,394", "2016": "$9,943", "2015": "$8,106", "2014": "$7,234", "2013": "$5,700", "2012": "$3,599", "2011": "$3,123", "2010": "$1,772", "2009": "$1,357", "2008": "$1,357", "2007": "$1,358", "2006": "$925", "2005": "$887"}, "Transdigm Group Quarterly Long Term Debt (Millions of US $)": {"2020-09-30": "$19,384", "2020-06-30": "$19,410", "2020-03-31": "$17,933", "2019-12-31": "$17,952", "2019-09-30": "$16,469", "2019-06-30": "$16,496", "2019-03-31": "$16,509", "2018-12-31": "$12,508", "2018-09-30": "$12,502", "2018-06-30": "$12,516", "2018-03-31": "$11,366", "2017-12-31": "$11,378", "2017-09-30": "$11,394", "2017-06-30": "$10,828", "2017-03-31": "$10,839", "2016-12-31": "$10,556", "2016-09-30": "$9,943", "2016-06-30": "$9,953", "2016-03-31": "$8,092", "2015-12-31": "$8,099", "2015-09-30": "$8,106", "2015-06-30": "$8,205", "2015-03-31": "$7,299", "2014-12-31": "$7,234", "2014-09-30": "$7,234", "2014-06-30": "$7,251", "2014-03-31": "$5,692", "2013-12-31": "$5,700", "2013-09-30": "$5,700", "2013-06-30": "$4,317", "2013-03-31": "$4,323", "2012-12-31": "$4,297", "2012-09-30": "$3,599", "2012-06-30": "$3,604", "2012-03-31": "$3,609", "2011-12-31": "$3,119", "2011-09-30": "$3,123", "2011-06-30": "$3,127", "2011-03-31": "$3,131", "2010-12-31": "$3,135", "2010-09-30": "$1,772", "2010-06-30": "$1,771", "2010-03-31": "$1,771", "2009-12-31": "$1,770", "2009-09-30": "$1,357", "2009-06-30": "$1,357", "2009-03-31": "$1,357", "2008-12-31": "$1,357", "2008-09-30": "$1,357", "2008-06-30": "$1,357", "2008-03-31": "$1,357", "2007-12-31": "$1,358", "2007-09-30": "$1,358", "2007-06-30": "$1,358", "2007-03-31": "$1,358", "2006-12-31": "$925", "2006-09-30": "$925", "2006-06-30": "$925", "2006-03-31": "$885", "2005-12-31": "", "2005-06-30": "", "2005-03-31": ""}}, "total-liabilities": {"Transdigm Group Annual Total Liabilities (Millions of US $)": {"2020": "$22,363", "2019": "$19,139", "2018": "$14,006", "2017": "$12,927", "2016": "$11,378", "2015": "$9,342", "2014": "$8,313", "2013": "$6,485", "2012": "$4,241", "2011": "$3,703", "2010": "$2,085", "2009": "$1,635", "2008": "$1,602", "2007": "$1,574", "2006": "$1,054", "2005": "$1,095"}, "Transdigm Group Quarterly Total Liabilities (Millions of US $)": {"2020-09-30": "$22,363", "2020-06-30": "$22,358", "2020-03-31": "$20,840", "2019-12-31": "$22,455", "2019-09-30": "$19,139", "2019-06-30": "$19,013", "2019-03-31": "$19,279", "2018-12-31": "$14,056", "2018-09-30": "$14,006", "2018-06-30": "$13,903", "2018-03-31": "$12,704", "2017-12-31": "$12,712", "2017-09-30": "$12,927", "2017-06-30": "$12,212", "2017-03-31": "$12,226", "2016-12-31": "$11,912", "2016-09-30": "$11,378", "2016-06-30": "$11,379", "2016-03-31": "$9,321", "2015-12-31": "$9,294", "2015-09-30": "$9,342", "2015-06-30": "$9,519", "2015-03-31": "$8,552", "2014-12-31": "$8,378", "2014-09-30": "$8,313", "2014-06-30": "$8,302", "2014-03-31": "$6,525", "2013-12-31": "$6,527", "2013-09-30": "$6,485", "2013-06-30": "$5,011", "2013-03-31": "$5,009", "2012-12-31": "$4,951", "2012-09-30": "$4,241", "2012-06-30": "$4,199", "2012-03-31": "$4,205", "2011-12-31": "$3,658", "2011-09-30": "$3,703", "2011-06-30": "$3,650", "2011-03-31": "$3,719", "2010-12-31": "$3,617", "2010-09-30": "$2,085", "2010-06-30": "$2,080", "2010-03-31": "$2,059", "2009-12-31": "$2,064", "2009-09-30": "$1,635", "2009-06-30": "$1,608", "2009-03-31": "$1,607", "2008-12-31": "$1,644", "2008-09-30": "$1,602", "2008-06-30": "$1,608", "2008-03-31": "$1,581", "2007-12-31": "$1,589", "2007-09-30": "$1,574", "2007-06-30": "$1,571", "2007-03-31": "$1,556", "2006-12-31": "$1,061", "2006-09-30": "$1,054", "2006-06-30": "$1,049", "2006-03-31": "$1,010", "2005-12-31": "", "2005-06-30": "", "2005-03-31": ""}}, "total-share-holder-equity": {"Transdigm Group Annual Share Holder Equity (Millions of US $)": {"2020": "$-3,968", "2019": "$-2,884", "2018": "$-1,808", "2017": "$-2,951", "2016": "$-651", "2015": "$-1,038", "2014": "$-1,556", "2013": "$-336", "2012": "$1,219", "2011": "$811", "2010": "$593", "2009": "$819", "2008": "$654", "2007": "$488", "2006": "$363", "2005": "$333"}, "Transdigm Group Quarterly Share Holder Equity (Millions of US $)": {"2020-09-30": "$-3,968", "2020-06-30": "$-4,179", "2020-03-31": "$-4,205", "2019-12-31": "$-4,299", "2019-09-30": "$-2,884", "2019-06-30": "$-1,311", "2019-03-31": "$-1,482", "2018-12-31": "$-1,667", "2018-09-30": "$-1,808", "2018-06-30": "$-2,098", "2018-03-31": "$-2,309", "2017-12-31": "$-2,600", "2017-09-30": "$-2,951", "2017-06-30": "$-1,895", "2017-03-31": "$-2,039", "2016-12-31": "$-1,875", "2016-09-30": "$-651", "2016-06-30": "$-808", "2016-03-31": "$-962", "2015-12-31": "$-964", "2015-09-30": "$-1,038", "2015-06-30": "$-1,169", "2015-03-31": "$-1,326", "2014-12-31": "$-1,465", "2014-09-30": "$-1,556", "2014-06-30": "$-1,592", "2014-03-31": "$-126", "2013-12-31": "$-234", "2013-09-30": "$-336", "2013-06-30": "$802", "2013-03-31": "$685", "2012-12-31": "$599", "2012-09-30": "$1,219", "2012-06-30": "$1,107", "2012-03-31": "$995", "2011-12-31": "$887", "2011-09-30": "$811", "2011-06-30": "$735", "2011-03-31": "$667", "2010-12-31": "$596", "2010-09-30": "$593", "2010-06-30": "$536", "2010-03-31": "$486", "2009-12-31": "$441", "2009-09-30": "$819", "2009-06-30": "$765", "2009-03-31": "$718", "2008-12-31": "$676", "2008-09-30": "$654", "2008-06-30": "$614", "2008-03-31": "$556", "2007-12-31": "$519", "2007-09-30": "$488", "2007-06-30": "$461", "2007-03-31": "$412", "2006-12-31": "$387", "2006-09-30": "$363", "2006-06-30": "$347", "2006-03-31": "$360", "2005-12-31": "", "2005-06-30": "", "2005-03-31": ""}}, "profit-margins": {"current": "9.38%"}, "gross margin": {"2020-09-30": "51.87%", "2020-06-30": "54.69%", "2020-03-31": "53.84%", "2019-12-31": "53.49%", "2019-09-30": "53.78%", "2019-06-30": "53.35%", "2019-03-31": "56.81%", "2018-12-31": "57.25%", "2018-09-30": "57.15%", "2018-06-30": "57.30%", "2018-03-31": "57.23%", "2017-12-31": "56.99%", "2017-09-30": "56.60%", "2017-06-30": "56.05%", "2017-03-31": "55.45%", "2016-12-31": "54.75%", "2016-09-30": "54.51%", "2016-06-30": "53.85%", "2016-03-31": "52.93%", "2015-12-31": "53.30%", "2015-09-30": "53.56%", "2015-06-30": "54.00%", "2015-03-31": "54.49%", "2014-12-31": "53.72%", "2014-09-30": "53.48%", "2014-06-30": "52.97%", "2014-03-31": "53.23%", "2013-12-31": "54.10%", "2013-09-30": "54.55%", "2013-06-30": "55.41%", "2013-03-31": "55.35%", "2012-12-31": "55.40%", "2012-09-30": "55.65%", "2012-06-30": "55.82%", "2012-03-31": "56.27%", "2011-12-31": "55.44%", "2011-09-30": "54.81%", "2011-06-30": "55.25%", "2011-03-31": "55.28%", "2010-12-31": "56.56%", "2010-09-30": "57.07%", "2010-06-30": "55.93%", "2010-03-31": "55.86%", "2009-12-31": "56.02%", "2009-09-30": "56.37%", "2009-06-30": "56.31%", "2009-03-31": "55.54%", "2008-12-31": "54.86%", "2008-09-30": "54.00%", "2008-06-30": "53.47%", "2008-03-31": "53.01%", "2007-12-31": "52.61%", "2007-09-30": "52.11%", "2007-06-30": "51.57%", "2007-03-31": "51.42%", "2006-12-31": "51.31%", "2006-09-30": "50.57%", "2006-06-30": "50.36%", "2006-03-31": "49.87%"}, "operating margin": {"2020-09-30": "34.31%", "2020-06-30": "37.49%", "2020-03-31": "36.65%", "2019-12-31": "36.24%", "2019-09-30": "36.88%", "2019-06-30": "37.37%", "2019-03-31": "42.52%", "2018-12-31": "43.55%", "2018-09-30": "43.40%", "2018-06-30": "43.68%", "2018-03-31": "43.33%", "2017-12-31": "42.92%", "2017-09-30": "42.31%", "2017-06-30": "41.12%", "2017-03-31": "40.64%", "2016-12-31": "39.86%", "2016-09-30": "39.97%", "2016-06-30": "39.65%", "2016-03-31": "38.83%", "2015-12-31": "39.33%", "2015-09-30": "39.71%", "2015-06-30": "40.21%", "2015-03-31": "40.54%", "2014-12-31": "39.41%", "2014-09-30": "39.11%", "2014-06-30": "38.53%", "2014-03-31": "37.79%", "2013-12-31": "38.93%", "2013-09-30": "38.96%", "2013-06-30": "39.77%", "2013-03-31": "40.86%", "2012-12-31": "40.89%", "2012-09-30": "41.12%", "2012-06-30": "41.14%", "2012-03-31": "41.79%", "2011-12-31": "40.71%", "2011-09-30": "40.30%", "2011-06-30": "41.16%", "2011-03-31": "41.33%", "2010-12-31": "43.10%", "2010-09-30": "43.77%", "2010-06-30": "42.70%", "2010-03-31": "42.73%", "2009-12-31": "43.06%", "2009-09-30": "44.15%", "2009-06-30": "44.36%", "2009-03-31": "43.66%", "2008-12-31": "43.09%", "2008-09-30": "41.94%", "2008-06-30": "41.04%", "2008-03-31": "40.21%", "2007-12-31": "39.65%", "2007-09-30": "39.46%", "2007-06-30": "39.56%", "2007-03-31": "30.16%", "2006-12-31": "29.48%", "2006-09-30": "27.36%", "2006-06-30": "26.14%", "2006-03-31": "37.03%"}, "ebitda margin": {"2020-09-30": "39.80%", "2020-06-30": "41.89%", "2020-03-31": "42.06%", "2019-12-31": "41.79%", "2019-09-30": "42.49%", "2019-06-30": "43.50%", "2019-03-31": "46.79%", "2018-12-31": "47.50%", "2018-09-30": "47.31%", "2018-06-30": "48.29%", "2018-03-31": "48.02%", "2017-12-31": "47.81%", "2017-09-30": "47.45%", "2017-06-30": "45.92%", "2017-03-31": "45.32%", "2016-12-31": "44.43%", "2016-09-30": "44.29%", "2016-06-30": "43.71%", "2016-03-31": "42.97%", "2015-12-31": "43.37%", "2015-09-30": "43.74%", "2015-06-30": "44.35%", "2015-03-31": "44.69%", "2014-12-31": "43.89%", "2014-09-30": "43.78%", "2014-06-30": "43.46%", "2014-03-31": "42.53%", "2013-12-31": "43.48%", "2013-09-30": "43.43%", "2013-06-30": "44.10%", "2013-03-31": "45.41%", "2012-12-31": "45.50%", "2012-09-30": "45.94%", "2012-06-30": "46.33%", "2012-03-31": "47.40%", "2011-12-31": "46.83%", "2011-09-30": "46.19%", "2011-06-30": "46.69%", "2011-03-31": "46.46%", "2010-12-31": "47.66%", "2010-09-30": "48.49%", "2010-06-30": "47.32%", "2010-03-31": "47.23%", "2009-12-31": "47.38%", "2009-09-30": "48.09%", "2009-06-30": "48.34%", "2009-03-31": "47.53%", "2008-12-31": "46.92%", "2008-09-30": "45.86%", "2008-06-30": "44.94%", "2008-03-31": "44.43%", "2007-12-31": "44.23%", "2007-09-30": "44.01%", "2007-06-30": "43.99%", "2007-03-31": "38.87%", "2006-12-31": "38.43%", "2006-09-30": "37.01%", "2006-06-30": "36.45%", "2006-03-31": "41.06%"}, "pre tax profit margin": {"2020-09-30": "14.50%", "2020-06-30": "18.84%", "2020-03-31": "19.77%", "2019-12-31": "19.42%", "2019-09-30": "20.35%", "2019-06-30": "20.67%", "2019-03-31": "25.32%", "2018-12-31": "26.42%", "2018-09-30": "25.87%", "2018-06-30": "25.80%", "2018-03-31": "25.56%", "2017-12-31": "25.12%", "2017-09-30": "23.88%", "2017-06-30": "23.12%", "2017-03-31": "22.56%", "2016-12-31": "22.62%", "2016-09-30": "24.21%", "2016-06-30": "24.43%", "2016-03-31": "23.47%", "2015-12-31": "23.39%", "2015-09-30": "23.57%", "2015-06-30": "23.63%", "2015-03-31": "19.60%", "2014-12-31": "18.96%", "2014-09-30": "18.92%", "2014-06-30": "18.14%", "2014-03-31": "23.50%", "2013-12-31": "23.17%", "2013-09-30": "23.32%", "2013-06-30": "24.89%", "2013-03-31": "26.14%", "2012-12-31": "28.18%", "2012-09-30": "28.65%", "2012-06-30": "28.16%", "2012-03-31": "28.00%", "2011-12-31": "25.38%", "2011-09-30": "18.99%", "2011-06-30": "19.43%", "2011-03-31": "19.38%", "2010-12-31": "21.89%", "2010-09-30": "30.35%", "2010-06-30": "29.71%", "2010-03-31": "30.24%", "2009-12-31": "31.15%", "2009-09-30": "32.98%", "2009-06-30": "32.80%", "2009-03-31": "32.04%", "2008-12-31": "30.92%", "2008-09-30": "29.03%", "2008-06-30": "27.17%", "2008-03-31": "25.00%", "2007-12-31": "24.01%", "2007-09-30": "23.95%", "2007-06-30": "23.84%", "2007-03-31": "14.17%", "2006-12-31": "12.66%", "2006-09-30": "9.43%", "2006-06-30": "6.95%", "2006-03-31": "16.88%"}, "net profit margin": {"2020-09-30": "10.07%", "2020-06-30": "15.59%", "2020-03-31": "16.82%", "2019-12-31": "15.58%", "2019-09-30": "14.91%", "2019-06-30": "16.32%", "2019-03-31": "20.14%", "2018-12-31": "21.18%", "2018-09-30": "23.64%", "2018-06-30": "20.67%", "2018-03-31": "19.82%", "2017-12-31": "19.04%", "2017-09-30": "12.50%", "2017-06-30": "14.55%", "2017-03-31": "14.75%", "2016-12-31": "14.65%", "2016-09-30": "18.41%", "2016-06-30": "18.38%", "2016-03-31": "16.97%", "2015-12-31": "16.94%", "2015-09-30": "16.40%", "2015-06-30": "16.15%", "2015-03-31": "8.78%", "2014-12-31": "7.82%", "2014-09-30": "7.59%", "2014-06-30": "2.69%", "2014-03-31": "9.07%", "2013-12-31": "8.79%", "2013-09-30": "6.86%", "2013-06-30": "12.50%", "2013-03-31": "15.49%", "2012-12-31": "16.65%", "2012-09-30": "18.94%", "2012-06-30": "19.05%", "2012-03-31": "18.50%", "2011-12-31": "18.20%", "2011-09-30": "14.01%", "2011-06-30": "14.09%", "2011-03-31": "14.46%", "2010-12-31": "14.03%", "2010-09-30": "16.08%", "2010-06-30": "15.48%", "2010-03-31": "15.57%", "2009-12-31": "16.10%", "2009-09-30": "21.42%", "2009-06-30": "21.12%", "2009-03-31": "20.56%", "2008-12-31": "19.97%", "2008-09-30": "18.65%", "2008-06-30": "17.34%", "2008-03-31": "15.96%", "2007-12-31": "15.17%", "2007-09-30": "15.01%", "2007-06-30": "14.60%", "2007-03-31": "8.91%", "2006-12-31": "7.86%", "2006-09-30": "5.75%", "2006-06-30": "4.80%", "2006-03-31": "10.58%"}, "pe ratio": {"current": "57.76", "2021-02-11": "64.18", "2020-09-30": "53.03", "2020-06-30": "36.35", "2020-03-31": "21.59", "2019-12-31": "43.51", "2019-09-30": "35.55", "2019-06-30": "32.43", "2019-03-31": "27.65", "2018-12-31": "20.81", "2018-09-30": "20.54", "2018-06-30": "22.45", "2018-03-31": "21.25", "2017-12-31": "20.18", "2017-09-30": "28.84", "2017-06-30": "24.51", "2017-03-31": "21.39", "2016-12-31": "25.11", "2016-09-30": "22.42", "2016-06-30": "21.03", "2016-03-31": "19.13", "2015-12-31": "21.07", "2015-09-30": "20.44", "2015-06-30": "23.38", "2015-03-31": "42.97", "2014-12-31": "43.96", "2014-09-30": "43.73", "2014-06-30": "117.93", "2014-03-31": "35.35", "2013-12-31": "33.04", "2013-09-30": "37.63", "2013-06-30": "20.96", "2013-03-31": "16.65", "2012-12-31": "14.14", "2012-09-30": "12.30", "2012-06-30": "12.41", "2012-03-31": "12.03", "2011-12-31": "10.96", "2011-09-30": "13.29", "2011-06-30": "16.39", "2011-03-31": "16.37", "2010-12-31": "16.07", "2010-09-30": "12.75", "2010-06-30": "11.10", "2010-03-31": "11.58", "2009-12-31": "10.03", "2009-09-30": "6.83", "2009-06-30": "5.08", "2009-03-31": "4.76", "2008-12-31": "5.13", "2008-09-30": "5.70", "2008-06-30": "6.18", "2008-03-31": "7.68", "2007-12-31": "10.28", "2007-09-30": "11.09", "2007-06-30": "10.90", "2007-03-31": "18.05", "2006-12-31": "15.82"}, "price sales": {"2021-02-11": "6.46", "2020-09-30": "5.34", "2020-06-30": "4.61", "2020-03-31": "3.05", "2019-12-31": "5.56", "2019-09-30": "5.31", "2019-06-30": "5.13", "2019-03-31": "5.42", "2018-12-31": "4.28", "2018-09-30": "4.85", "2018-06-30": "4.65", "2018-03-31": "4.22", "2017-12-31": "3.85", "2017-09-30": "3.63", "2017-06-30": "3.58", "2017-03-31": "3.03", "2016-12-31": "3.51", "2016-09-30": "3.87", "2016-06-30": "3.61", "2016-03-31": "3.13", "2015-12-31": "3.46", "2015-09-30": "3.35", "2015-06-30": "3.78", "2015-03-31": "3.81", "2014-12-31": "3.47", "2014-09-30": "3.34", "2014-06-30": "3.15", "2014-03-31": "3.17", "2013-12-31": "2.89", "2013-09-30": "2.59", "2013-06-30": "2.62", "2013-03-31": "2.59", "2012-12-31": "2.35", "2012-09-30": "2.33", "2012-06-30": "2.36", "2012-03-31": "2.23", "2011-12-31": "2.00", "2011-09-30": "1.87", "2011-06-30": "2.31", "2011-03-31": "2.36", "2010-12-31": "2.25", "2010-09-30": "2.05", "2010-06-30": "1.74", "2010-03-31": "1.86", "2009-12-31": "1.69", "2009-09-30": "1.52", "2009-06-30": "1.11", "2009-03-31": "1.00", "2008-12-31": "1.04", "2008-09-30": "1.07", "2008-06-30": "1.06", "2008-03-31": "1.22", "2007-12-31": "1.54", "2007-09-30": "1.65", "2007-06-30": "1.59", "2007-03-31": "1.53", "2006-12-31": "1.19"}, "price book": {"current": "0.00", "2021-02-11": "0.00", "2020-09-30": "-6.52", "2020-06-30": "-5.73", "2020-03-31": "-4.11", "2019-12-31": "-6.99", "2019-09-30": "-9.13", "2019-06-30": "-17.58", "2019-03-31": "-14.54", "2018-12-31": "-9.63", "2018-09-30": "-9.70", "2018-06-30": "-7.72", "2018-03-31": "-6.22", "2017-12-31": "-4.92", "2017-09-30": "-4.02", "2017-06-30": "-6.07", "2017-03-31": "-4.63", "2016-12-31": "-5.84", "2016-09-30": "-17.86", "2016-06-30": "-13.11", "2016-03-31": "-9.15", "2015-12-31": "-9.58", "2015-09-30": "-8.29", "2015-06-30": "-7.76", "2015-03-31": "-6.63", "2014-12-31": "-5.32", "2014-09-30": "-4.68", "2014-06-30": "-4.17", "2014-03-31": "-51.19", "2013-12-31": "-23.81", "2013-09-30": "-14.26", "2013-06-30": "5.84", "2013-03-31": "6.64", "2012-12-31": "6.73", "2012-09-30": "3.11", "2012-06-30": "3.23", "2012-03-31": "3.07", "2011-12-31": "2.83", "2011-09-30": "2.62", "2011-06-30": "3.22", "2011-03-31": "3.25", "2010-12-31": "3.10", "2010-09-30": "2.68", "2010-06-30": "2.43", "2010-03-31": "2.78", "2009-12-31": "2.73", "2009-09-30": "1.31", "2009-06-30": "1.01", "2009-03-31": "0.98", "2008-12-31": "1.06", "2008-09-30": "1.12", "2008-06-30": "1.17", "2008-03-31": "1.41", "2007-12-31": "1.82", "2007-09-30": "1.95", "2007-06-30": "1.82", "2007-03-31": "1.76", "2006-12-31": "1.36", "2006-09-30": "1.33", "2006-06-30": "1.36", "2006-03-31": "1.41"}, "price fcf": {"2021-02-11": "", "2020-09-30": "$19.34", "2020-06-30": "$20.21", "2020-03-31": "$18.43", "2019-12-31": "$17.85", "2019-09-30": "$16.22", "2019-06-30": "$17.76", "2019-03-31": "$16.73", "2018-12-31": "$17.51", "2018-09-30": "$17.07", "2018-06-30": "$15.35", "2018-03-31": "$14.23", "2017-12-31": "$14.31", "2017-09-30": "$12.92", "2017-06-30": "$12.39", "2017-03-31": "$12.97", "2016-12-31": "$12.03", "2016-09-30": "$11.38", "2016-06-30": "$10.45", "2016-03-31": "$10.12", "2015-12-31": "$8.00", "2015-09-30": "$8.23", "2015-06-30": "$8.83", "2015-03-31": "$7.88", "2014-12-31": "$10.20", "2014-09-30": "$8.90", "2014-06-30": "$9.38", "2014-03-31": "$8.41", "2013-12-31": "$8.14", "2013-09-30": "$7.89", "2013-06-30": "$7.19", "2013-03-31": "$7.64", "2012-12-31": "$7.68", "2012-09-30": "$7.21", "2012-06-30": "$6.58", "2012-03-31": "$5.17", "2011-12-31": "$4.61", "2011-09-30": "$4.54", "2011-06-30": "$3.24", "2011-03-31": "$4.35", "2010-12-31": "$3.59", "2010-09-30": "$3.54", "2010-06-30": "$3.96", "2010-03-31": "$3.55", "2009-12-31": "$3.34", "2009-09-30": "$3.50", "2009-06-30": "$2.88", "2009-03-31": "$3.36", "2008-12-31": "$3.49", "2008-09-30": "$3.43", "2008-06-30": "$3.24", "2008-03-31": "$2.52", "2007-12-31": "$2.51", "2007-09-30": "$2.10", "2007-06-30": "$2.60", "2007-03-31": "$2.33", "2006-12-31": "$0.64"}, "net worth": {"value": "$32.63B"}, "current ratio": {"current": "4.31", "2020-09-30": "4.31", "2020-06-30": "4.10", "2020-03-31": "3.14", "2019-12-31": "1.99", "2019-09-30": "3.16", "2019-06-30": "3.92", "2019-03-31": "3.24", "2018-12-31": "4.13", "2018-09-30": "4.06", "2018-06-30": "4.14", "2018-03-31": "3.04", "2017-12-31": "2.76", "2017-09-30": "2.45", "2017-06-30": "3.27", "2017-03-31": "3.17", "2016-12-31": "3.20", "2016-09-30": "3.89", "2016-06-30": "4.03", "2016-03-31": "2.60", "2015-12-31": "2.84", "2015-09-30": "2.72", "2015-06-30": "2.99", "2015-03-31": "2.39", "2014-12-31": "2.91", "2014-09-30": "2.88", "2014-06-30": "2.95", "2014-03-31": "3.77", "2013-12-31": "3.61", "2013-09-30": "4.10", "2013-06-30": "4.04", "2013-03-31": "5.12", "2012-12-31": "4.94", "2012-09-30": "4.49", "2012-06-30": "4.99", "2012-03-31": "3.88", "2011-12-31": "5.10", "2011-09-30": "4.21", "2011-06-30": "6.44", "2011-03-31": "4.43", "2010-12-31": "4.02", "2010-09-30": "5.16", "2010-06-30": "5.10", "2010-03-31": "5.50", "2009-12-31": "4.62", "2009-09-30": "4.96", "2009-06-30": "5.95", "2009-03-31": "5.40", "2008-12-31": "3.60", "2008-09-30": "4.78", "2008-06-30": "5.01", "2008-03-31": "7.07", "2007-12-31": "5.20", "2007-09-30": "5.44", "2007-06-30": "4.87", "2007-03-31": "4.93", "2006-12-31": "4.61", "2006-09-30": "5.39", "2006-06-30": "5.73", "2006-03-31": "4.30", "2005-12-31": "0.00", "2005-06-30": "0.00", "2005-03-31": "0.00"}, "quick ratio": {"2020-09-30": "3.51", "2020-06-30": "3.29", "2020-03-31": "2.35", "2019-12-31": "1.60", "2019-09-30": "2.36", "2019-06-30": "2.90", "2019-03-31": "2.40", "2018-12-31": "3.25", "2018-09-30": "3.17", "2018-06-30": "3.15", "2018-03-31": "2.10", "2017-12-31": "1.86", "2017-09-30": "1.61", "2017-06-30": "2.25", "2017-03-31": "2.18", "2016-12-31": "2.18", "2016-09-30": "2.93", "2016-06-30": "3.06", "2016-03-31": "1.66", "2015-12-31": "1.92", "2015-09-30": "1.82", "2015-06-30": "2.14", "2015-03-31": "1.49", "2014-12-31": "2.18", "2014-09-30": "2.10", "2014-06-30": "2.11", "2014-03-31": "2.47", "2013-12-31": "2.30", "2013-09-30": "2.81", "2013-06-30": "2.44", "2013-03-31": "3.81", "2012-12-31": "3.52", "2012-09-30": "3.12", "2012-06-30": "3.20", "2012-03-31": "2.32", "2011-12-31": "3.44", "2011-09-30": "2.93", "2011-06-30": "4.82", "2011-03-31": "3.30", "2010-12-31": "2.52", "2010-09-30": "3.49", "2010-06-30": "3.57", "2010-03-31": "3.61", "2009-12-31": "2.89", "2009-09-30": "3.28", "2009-06-30": "4.03", "2009-03-31": "3.47", "2008-12-31": "2.31", "2008-09-30": "3.16", "2008-06-30": "3.44", "2008-03-31": "5.05", "2007-12-31": "3.61", "2007-09-30": "3.55", "2007-06-30": "3.24", "2007-03-31": "2.96", "2006-12-31": "2.70", "2006-09-30": "3.34", "2006-06-30": "3.36", "2006-03-31": "2.55", "2005-12-31": "0.00", "2005-06-30": "0.00", "2005-03-31": "0.00"}, "debt equity ratio": {"current": "0.00", "2020-09-30": "-5.64", "2020-06-30": "-5.35", "2020-03-31": "-4.96", "2019-12-31": "-5.22", "2019-09-30": "-6.64", "2019-06-30": "-14.51", "2019-03-31": "-13.01", "2018-12-31": "-8.43", "2018-09-30": "-7.75", "2018-06-30": "-6.63", "2018-03-31": "-5.50", "2017-12-31": "-4.89", "2017-09-30": "-4.38", "2017-06-30": "-6.44", "2017-03-31": "-6.00", "2016-12-31": "-6.35", "2016-09-30": "-17.46", "2016-06-30": "-14.08", "2016-03-31": "-9.69", "2015-12-31": "-9.64", "2015-09-30": "-9.00", "2015-06-30": "-8.14", "2015-03-31": "-6.45", "2014-12-31": "-5.72", "2014-09-30": "-5.34", "2014-06-30": "-5.22", "2014-03-31": "-51.94", "2013-12-31": "-27.87", "2013-09-30": "-19.28", "2013-06-30": "6.25", "2013-03-31": "7.31", "2012-12-31": "8.27", "2012-09-30": "3.48", "2012-06-30": "3.80", "2012-03-31": "4.23", "2011-12-31": "4.12", "2011-09-30": "4.57", "2011-06-30": "4.96", "2011-03-31": "5.58", "2010-12-31": "6.07", "2010-09-30": "3.52", "2010-06-30": "3.88", "2010-03-31": "4.24", "2009-12-31": "4.68", "2009-09-30": "2.00", "2009-06-30": "2.10", "2009-03-31": "2.24", "2008-12-31": "2.43", "2008-09-30": "2.45", "2008-06-30": "2.62", "2008-03-31": "2.85", "2007-12-31": "3.06", "2007-09-30": "3.23", "2007-06-30": "3.41", "2007-03-31": "3.78", "2006-12-31": "2.74", "2006-09-30": "2.90", "2006-06-30": "3.03", "2006-03-31": "2.81", "2005-12-31": "0.00", "2005-06-30": "0.00", "2005-03-31": "0.00"}, "return on equity": {"2020-09-30": "-12.35%", "2020-06-30": "-21.92%", "2020-03-31": "-31.62%", "2019-12-31": "-35.57%", "2019-09-30": "-42.43%", "2019-06-30": "-49.27%", "2019-03-31": "-47.85%", "2018-12-31": "-42.53%", "2018-09-30": "-40.88%", "2018-06-30": "-30.61%", "2018-03-31": "-29.28%", "2017-12-31": "-28.42%", "2017-09-30": "-20.00%", "2017-06-30": "-31.15%", "2017-03-31": "-36.85%", "2016-12-31": "-44.79%", "2016-09-30": "-69.01%", "2016-06-30": "-60.55%", "2016-03-31": "-49.26%", "2015-12-31": "-42.52%", "2015-09-30": "-35.53%", "2015-06-30": "-29.73%", "2015-03-31": "-14.55%", "2014-12-31": "-16.04%", "2014-09-30": "-20.52%", "2014-06-30": "-10.66%", "2014-03-31": "735.85%", "2013-12-31": "77.64%", "2013-09-30": "30.17%", "2013-06-30": "27.96%", "2013-03-31": "31.25%", "2012-12-31": "30.20%", "2012-09-30": "30.61%", "2012-06-30": "31.68%", "2012-03-31": "31.16%", "2011-12-31": "31.10%", "2011-09-30": "24.07%", "2011-06-30": "23.62%", "2011-03-31": "23.58%", "2010-12-31": "22.25%", "2010-09-30": "25.88%", "2010-06-30": "21.74%", "2010-03-31": "19.28%", "2009-12-31": "17.94%", "2009-09-30": "21.89%", "2009-06-30": "22.61%", "2009-03-31": "23.14%", "2008-12-31": "23.36%", "2008-09-30": "22.71%", "2008-06-30": "22.05%", "2008-03-31": "20.95%", "2007-12-31": "20.43%", "2007-09-30": "20.37%", "2007-06-30": "19.47%", "2007-03-31": "11.66%", "2006-12-31": "9.88%", "2006-09-30": "9.35%", "2006-06-30": "11.32%", "2006-03-31": "46.67%"}, "return on assets": {"2020-09-30": "2.88%", "2020-06-30": "4.93%", "2020-03-31": "5.84%", "2019-12-31": "5.08%", "2019-09-30": "4.86%", "2019-06-30": "5.14%", "2019-03-31": "6.23%", "2018-12-31": "7.16%", "2018-09-30": "8.10%", "2018-06-30": "7.21%", "2018-03-31": "7.00%", "2017-12-31": "6.64%", "2017-09-30": "4.32%", "2017-06-30": "4.88%", "2017-03-31": "4.77%", "2016-12-31": "4.85%", "2016-09-30": "6.15%", "2016-06-30": "6.42%", "2016-03-31": "6.11%", "2015-12-31": "5.94%", "2015-09-30": "5.77%", "2015-06-30": "5.61%", "2015-03-31": "3.13%", "2014-12-31": "2.84%", "2014-09-30": "2.75%", "2014-06-30": "0.95%", "2014-03-31": "3.16%", "2013-12-31": "2.97%", "2013-09-30": "2.28%", "2013-06-30": "4.10%", "2013-03-31": "5.12%", "2012-12-31": "5.50%", "2012-09-30": "6.28%", "2012-06-30": "6.15%", "2012-03-31": "5.73%", "2011-12-31": "5.41%", "2011-09-30": "3.86%", "2011-06-30": "3.91%", "2011-03-31": "4.06%", "2010-12-31": "4.08%", "2010-09-30": "5.14%", "2010-06-30": "4.90%", "2010-03-31": "4.90%", "2009-12-31": "5.09%", "2009-09-30": "6.88%", "2009-06-30": "6.86%", "2009-03-31": "6.75%", "2008-12-31": "6.54%", "2008-09-30": "6.10%", "2008-06-30": "5.63%", "2008-03-31": "5.09%", "2007-12-31": "4.70%", "2007-09-30": "4.74%", "2007-06-30": "4.60%", "2007-03-31": "2.83%", "2006-12-31": "2.56%", "2006-09-30": "2.39%", "2006-06-30": "2.89%", "2006-03-31": "12.26%"}, "return on investments": {"2020-09-30": "12.07%", "2020-06-30": "14.60%", "2020-03-31": "15.59%", "2019-12-31": "14.37%", "2019-09-30": "14.10%", "2019-06-30": "13.67%", "2019-03-31": "15.17%", "2018-12-31": "16.81%", "2018-09-30": "16.99%", "2018-06-30": "17.55%", "2018-03-31": "17.73%", "2017-12-31": "17.38%", "2017-09-30": "17.02%", "2017-06-30": "15.92%", "2017-03-31": "15.19%", "2016-12-31": "15.29%", "2016-09-30": "15.51%", "2016-06-30": "16.17%", "2016-03-31": "16.43%", "2015-12-31": "16.32%", "2015-09-30": "16.64%", "2015-06-30": "16.70%", "2015-03-31": "17.28%", "2014-12-31": "16.90%", "2014-09-30": "16.59%", "2014-06-30": "15.87%", "2014-03-31": "15.10%", "2013-12-31": "15.04%", "2013-09-30": "14.72%", "2013-06-30": "14.82%", "2013-03-31": "15.32%", "2012-12-31": "15.28%", "2012-09-30": "15.42%", "2012-06-30": "15.07%", "2012-03-31": "14.70%", "2011-12-31": "13.82%", "2011-09-30": "12.69%", "2011-06-30": "13.00%", "2011-03-31": "13.21%", "2010-12-31": "14.18%", "2010-09-30": "15.84%", "2010-06-30": "15.28%", "2010-03-31": "15.15%", "2009-12-31": "15.33%", "2009-09-30": "15.99%", "2009-06-30": "16.21%", "2009-03-31": "16.17%", "2008-12-31": "15.89%", "2008-09-30": "15.39%", "2008-06-30": "14.93%", "2008-03-31": "14.33%", "2007-12-31": "13.73%", "2007-09-30": "13.87%", "2007-06-30": "13.83%", "2007-03-31": "10.56%", "2006-12-31": "10.55%", "2006-09-30": "12.51%", "2006-06-30": "17.32%", "2006-03-31": "47.19%"}, "return on tangible equity": {"2020-09-30": "-3.50%", "2020-06-30": "-5.91%", "2020-03-31": "-7.20%", "2019-12-31": "-6.59%", "2019-09-30": "-6.40%", "2019-06-30": "-6.86%", "2019-03-31": "-7.98%", "2018-12-31": "-8.53%", "2018-09-30": "-9.09%", "2018-06-30": "-7.57%", "2018-03-31": "-7.20%", "2017-12-31": "-6.84%", "2017-09-30": "-4.53%", "2017-06-30": "-5.53%", "2017-03-31": "-5.65%", "2016-12-31": "-5.87%", "2016-09-30": "-7.63%", "2016-06-30": "-7.67%", "2016-03-31": "-7.07%", "2015-12-31": "-6.76%", "2015-09-30": "-6.50%", "2015-06-30": "-6.22%", "2015-03-31": "-3.38%", "2014-12-31": "-3.20%", "2014-09-30": "-3.19%", "2014-06-30": "-1.15%", "2014-03-31": "-4.22%", "2013-12-31": "-4.18%", "2013-09-30": "-3.39%", "2013-06-30": "-6.77%", "2013-03-31": "-8.70%", "2012-12-31": "-9.36%", "2012-09-30": "-11.00%", "2012-06-30": "-10.58%", "2012-03-31": "-9.89%", "2011-12-31": "-9.44%", "2011-09-30": "-6.54%", "2011-06-30": "-6.72%", "2011-03-31": "-7.03%", "2010-12-31": "-7.12%", "2010-09-30": "-9.41%", "2010-06-30": "-9.38%", "2010-03-31": "-9.86%", "2009-12-31": "-10.87%", "2009-09-30": "-15.69%", "2009-06-30": "-15.15%", "2009-03-31": "-14.54%", "2008-12-31": "-13.87%", "2008-09-30": "-12.74%", "2008-06-30": "-11.39%", "2008-03-31": "-9.92%", "2007-12-31": "-8.73%", "2007-09-30": "-8.70%", "2007-06-30": "-8.45%", "2007-03-31": "-5.17%", "2006-12-31": "-4.84%", "2006-09-30": "-4.50%", "2006-06-30": "-5.41%", "2006-03-31": "-23.27%"}, "dividend yield history": {"last payout": "$0.00", "last yield": "0.00%"}}