{"ticker": "TDY", "price": {"title": "Teledyne Technologies Historical Annual Stock Price Data", "value": 385.16, "historical": {"2021": {"Average Stock Price": "378.5846", "Year Open": "362.3900", "Year High": "389.1700", "Year Low": "356.1700", "Year Close": "385.1600", "Annual % Change": "-1.74%"}, "2020": {"Average Stock Price": "336.5935", "Year Open": "357.4900", "Year High": "395.3600", "Year Low": "201.1800", "Year Close": "391.9800", "Annual % Change": "13.11%"}, "2019": {"Average Stock Price": "278.3420", "Year Open": "205.7900", "Year High": "349.7600", "Year Low": "200.0600", "Year Close": "346.5400", "Annual % Change": "67.35%"}, "2018": {"Average Stock Price": "208.3925", "Year Open": "184.3400", "Year High": "247.7700", "Year Low": "175.5600", "Year Close": "207.0700", "Annual % Change": "14.31%"}, "2017": {"Average Stock Price": "144.6011", "Year Open": "124.0000", "Year High": "186.2400", "Year Low": "121.1100", "Year Close": "181.1500", "Annual % Change": "47.28%"}, "2016": {"Average Stock Price": "99.8578", "Year Open": "87.6200", "Year High": "128.8900", "Year Low": "76.6100", "Year Close": "123.0000", "Annual % Change": "38.67%"}, "2015": {"Average Stock Price": "98.8469", "Year Open": "102.1600", "Year High": "111.4800", "Year Low": "83.4700", "Year Close": "88.7000", "Annual % Change": "-13.67%"}, "2014": {"Average Stock Price": "96.8446", "Year Open": "90.0600", "Year High": "108.5000", "Year Low": "88.4800", "Year Close": "102.7400", "Annual % Change": "11.84%"}, "2013": {"Average Stock Price": "79.6569", "Year Open": "66.6600", "Year High": "92.9900", "Year Low": "66.1700", "Year Close": "91.8600", "Annual % Change": "41.17%"}, "2012": {"Average Stock Price": "61.7878", "Year Open": "55.8200", "Year High": "65.7600", "Year Low": "55.2200", "Year Close": "65.0700", "Annual % Change": "18.63%"}, "2011": {"Average Stock Price": "50.5994", "Year Open": "44.8700", "Year High": "58.5600", "Year Low": "43.9300", "Year Close": "54.8500", "Annual % Change": "24.74%"}, "2010": {"Average Stock Price": "40.3863", "Year Open": "39.5000", "Year High": "45.0800", "Year Low": "35.9800", "Year Close": "43.9700", "Annual % Change": "14.62%"}, "2009": {"Average Stock Price": "32.8509", "Year Open": "45.3100", "Year High": "46.2200", "Year Low": "22.0500", "Year Close": "38.3600", "Annual % Change": "-13.89%"}, "2008": {"Average Stock Price": "50.7046", "Year Open": "51.6200", "Year High": "65.1700", "Year Low": "35.9800", "Year Close": "44.5500", "Annual % Change": "-16.46%"}, "2007": {"Average Stock Price": "46.1148", "Year Open": "39.5400", "Year High": "56.9900", "Year Low": "36.1000", "Year Close": "53.3300", "Annual % Change": "32.89%"}, "2006": {"Average Stock Price": "36.7043", "Year Open": "29.8700", "Year High": "44.2600", "Year Low": "29.6500", "Year Close": "40.1300", "Annual % Change": "37.90%"}, "2005": {"Average Stock Price": "32.6346", "Year Open": "29.8200", "Year High": "39.0000", "Year Low": "26.7300", "Year Close": "29.1000", "Annual % Change": "-1.12%"}, "2004": {"Average Stock Price": "22.2876", "Year Open": "18.7400", "Year High": "30.8900", "Year Low": "17.1300", "Year Close": "29.4300", "Annual % Change": "56.13%"}, "2003": {"Average Stock Price": "14.7913", "Year Open": "15.7800", "Year High": "19.6300", "Year Low": "10.9500", "Year Close": "18.8500", "Annual % Change": "20.22%"}, "2002": {"Average Stock Price": "16.6664", "Year Open": "16.4900", "Year High": "21.2400", "Year Low": "13.5000", "Year Close": "15.6800", "Annual % Change": "-3.74%"}, "2001": {"Average Stock Price": "15.5897", "Year Open": "19.7500", "Year High": "20.8500", "Year Low": "12.1900", "Year Close": "16.2900", "Annual % Change": "-31.03%"}, "2000": {"Average Stock Price": "17.6868", "Year Open": "9.3800", "Year High": "30.1200", "Year Low": "8.5000", "Year Close": "23.6200", "Annual % Change": "150.21%"}}}, "market cap": {"value": "$14.21B"}, "income statement": {"Revenue": {"2020-12-31": "3086.20000", "2019-12-31": "3163.60000", "2018-12-31": "2901.80000", "2017-12-31": "2603.80000", "2016-12-31": "2149.90000", "2015-12-31": "2298.10000", "2014-12-31": "2394.00000", "2013-12-31": "2338.60000", "2012-12-31": "2127.30000", "2011-12-31": "1941.90000", "2010-12-31": "1644.20000", "2009-12-31": "1652.10000", "2008-12-31": "1722.00000", "2007-12-31": "1622.30000", "2006-12-31": "1433.20000", "2005-12-31": "1206.50000"}, "Cost Of Goods Sold": {"2020-12-31": "1905.30000", "2019-12-31": "1920.30000", "2018-12-31": "1791.00000", "2017-12-31": "1624.00000", "2016-12-31": "1329.50000", "2015-12-31": "1427.80000", "2014-12-31": "1487.10000", "2013-12-31": "1500.00000", "2012-12-31": "1379.10000", "2011-12-31": "1290.70000", "2010-12-31": "1148.10000", "2009-12-31": "1177.30000", "2008-12-31": "1205.90000", "2007-12-31": "1136.40000", "2006-12-31": "1020.20000", "2005-12-31": "869.60000"}, "Gross Profit": {"2020-12-31": "1180.90000", "2019-12-31": "1243.30000", "2018-12-31": "1110.80000", "2017-12-31": "979.80000", "2016-12-31": "820.39990", "2015-12-31": "870.30000", "2014-12-31": "906.90000", "2013-12-31": "838.60010", "2012-12-31": "748.20010", "2011-12-31": "651.20010", "2010-12-31": "496.10000", "2009-12-31": "474.79990", "2008-12-31": "516.10000", "2007-12-31": "485.90000", "2006-12-31": "412.99990", "2005-12-31": "336.90000"}, "Research And Development Expenses": {"2020-12-31": "", "2019-12-31": "", "2018-12-31": "", "2017-12-31": "", "2016-12-31": "", "2015-12-31": "", "2014-12-31": "", "2013-12-31": "", "2012-12-31": "", "2011-12-31": "", "2010-12-31": "", "2009-12-31": "", "2008-12-31": "", "2007-12-31": "", "2006-12-31": "", "2005-12-31": ""}, "SG&A Expenses": {"2020-12-31": "700.80000", "2019-12-31": "751.60000", "2018-12-31": "694.20000", "2017-12-31": "658.10000", "2016-12-31": "579.90000", "2015-12-31": "588.60000", "2014-12-31": "612.40000", "2013-12-31": "598.30000", "2012-12-31": "505.10000", "2011-12-31": "424.00000", "2010-12-31": "317.60000", "2009-12-31": "303.40000", "2008-12-31": "317.50000", "2007-12-31": "323.60000", "2006-12-31": "287.90000", "2005-12-31": "236.20000"}, "Other Operating Income Or Expenses": {"2020-12-31": "", "2019-12-31": "", "2018-12-31": "", "2017-12-31": "", "2016-12-31": "", "2015-12-31": "", "2014-12-31": "", "2013-12-31": "", "2012-12-31": "", "2011-12-31": "", "2010-12-31": "", "2009-12-31": "", "2008-12-31": "", "2007-12-31": "", "2006-12-31": "", "2005-12-31": ""}, "Operating Expenses": {"2020-12-31": "2606.10000", "2019-12-31": "2671.90000", "2018-12-31": "2485.20000", "2017-12-31": "2282.10000", "2016-12-31": "1909.40000", "2015-12-31": "2016.40000", "2014-12-31": "2099.50000", "2013-12-31": "2098.30000", "2012-12-31": "1884.20000", "2011-12-31": "1714.70000", "2010-12-31": "1465.70000", "2009-12-31": "1480.70000", "2008-12-31": "1523.40000", "2007-12-31": "1460.00000", "2006-12-31": "1308.10000", "2005-12-31": "1105.80000"}, "Operating Income": {"2020-12-31": "480.09990", "2019-12-31": "491.70020", "2018-12-31": "416.60010", "2017-12-31": "321.70000", "2016-12-31": "240.49990", "2015-12-31": "281.70010", "2014-12-31": "294.50000", "2013-12-31": "240.30000", "2012-12-31": "243.10010", "2011-12-31": "227.20010", "2010-12-31": "178.50000", "2009-12-31": "171.39990", "2008-12-31": "198.60000", "2007-12-31": "162.30000", "2006-12-31": "125.10000", "2005-12-31": "100.70010"}, "Total Non-Operating Income/Expense": {"2020-12-31": "-10.40000", "2019-12-31": "-18.00000", "2018-12-31": "-22.70000", "2017-12-31": "-34.70000", "2016-12-31": "0.80000", "2015-12-31": "-23.50000", "2014-12-31": "-12.40000", "2013-12-31": "-16.30000", "2012-12-31": "-14.90000", "2011-12-31": "-15.60000", "2010-12-31": "-4.90000", "2009-12-31": "-5.00000", "2008-12-31": "-10.60000", "2007-12-31": "-9.60000", "2006-12-31": "-3.40000", "2005-12-31": "2.30000"}, "Pre-Tax Income": {"2020-12-31": "469.70000", "2019-12-31": "473.70000", "2018-12-31": "393.90000", "2017-12-31": "287.00000", "2016-12-31": "241.30000", "2015-12-31": "258.20000", "2014-12-31": "282.10000", "2013-12-31": "224.00000", "2012-12-31": "228.20000", "2011-12-31": "211.60000", "2010-12-31": "173.60000", "2009-12-31": "166.40000", "2008-12-31": "188.00000", "2007-12-31": "152.70000", "2006-12-31": "121.70000", "2005-12-31": "103.00000"}, "Income Taxes": {"2020-12-31": "67.80000", "2019-12-31": "71.40000", "2018-12-31": "60.10000", "2017-12-31": "59.80000", "2016-12-31": "50.40000", "2015-12-31": "62.70000", "2014-12-31": "66.50000", "2013-12-31": "39.50000", "2012-12-31": "65.40000", "2011-12-31": "69.50000", "2010-12-31": "53.60000", "2009-12-31": "50.00000", "2008-12-31": "69.10000", "2007-12-31": "50.80000", "2006-12-31": "41.40000", "2005-12-31": "38.80000"}, "Income After Taxes": {"2020-12-31": "401.90000", "2019-12-31": "402.30000", "2018-12-31": "333.80000", "2017-12-31": "227.20000", "2016-12-31": "190.90000", "2015-12-31": "195.50000", "2014-12-31": "215.60000", "2013-12-31": "184.50000", "2012-12-31": "162.80000", "2011-12-31": "142.10000", "2010-12-31": "120.00000", "2009-12-31": "116.40000", "2008-12-31": "118.90000", "2007-12-31": "101.90000", "2006-12-31": "80.30000", "2005-12-31": "64.20000"}, "Other Income": {"2020-12-31": "", "2019-12-31": "", "2018-12-31": "", "2017-12-31": "", "2016-12-31": "", "2015-12-31": "", "2014-12-31": "", "2013-12-31": "", "2012-12-31": "", "2011-12-31": "", "2010-12-31": "", "2009-12-31": "", "2008-12-31": "", "2007-12-31": "", "2006-12-31": "", "2005-12-31": ""}, "Income From Continuous Operations": {"2020-12-31": "401.90000", "2019-12-31": "402.30000", "2018-12-31": "333.80000", "2017-12-31": "227.20000", "2016-12-31": "190.90000", "2015-12-31": "195.50000", "2014-12-31": "215.60000", "2013-12-31": "184.50000", "2012-12-31": "162.80000", "2011-12-31": "142.10000", "2010-12-31": "120.00000", "2009-12-31": "116.40000", "2008-12-31": "118.90000", "2007-12-31": "101.90000", "2006-12-31": "80.30000", "2005-12-31": "64.20000"}, "Income From Discontinued Operations": {"2020-12-31": "", "2019-12-31": "", "2018-12-31": "", "2017-12-31": "", "2016-12-31": "", "2015-12-31": "", "2014-12-31": "", "2013-12-31": "", "2012-12-31": "2.30000", "2011-12-31": "113.10000", "2010-12-31": "0.60000", "2009-12-31": "-2.60000", "2008-12-31": "-5.30000", "2007-12-31": "", "2006-12-31": "", "2005-12-31": ""}, "Net Income": {"2020-12-31": "401.90000", "2019-12-31": "402.30000", "2018-12-31": "333.80000", "2017-12-31": "227.20000", "2016-12-31": "190.90000", "2015-12-31": "195.80000", "2014-12-31": "217.70000", "2013-12-31": "185.00000", "2012-12-31": "164.10000", "2011-12-31": "255.20000", "2010-12-31": "120.50000", "2009-12-31": "113.30000", "2008-12-31": "111.30000", "2007-12-31": "98.50000", "2006-12-31": "80.30000", "2005-12-31": "64.20000"}, "EBITDA": {"2020-12-31": "480.09990", "2019-12-31": "603.60020", "2018-12-31": "529.60010", "2017-12-31": "434.70000", "2016-12-31": "327.79990", "2015-12-31": "372.00010", "2014-12-31": "388.80000", "2013-12-31": "331.40010", "2012-12-31": "321.40010", "2011-12-31": "291.40010", "2010-12-31": "223.70000", "2009-12-31": "213.89990", "2008-12-31": "243.60000", "2007-12-31": "197.00000", "2006-12-31": "157.10000", "2005-12-31": "126.30010"}, "EBIT": {"2020-12-31": "480.09990", "2019-12-31": "491.70020", "2018-12-31": "416.60010", "2017-12-31": "321.70000", "2016-12-31": "240.49990", "2015-12-31": "281.70010", "2014-12-31": "294.50000", "2013-12-31": "240.30000", "2012-12-31": "243.10010", "2011-12-31": "227.20010", "2010-12-31": "178.50000", "2009-12-31": "171.39990", "2008-12-31": "198.60000", "2007-12-31": "162.30000", "2006-12-31": "125.10000", "2005-12-31": "100.70010"}, "Basic Shares Outstanding": {"2020-12-31": "", "2019-12-31": "36.30000", "2018-12-31": "35.80000", "2017-12-31": "35.20000", "2016-12-31": "34.60000", "2015-12-31": "35.30000", "2014-12-31": "37.10000", "2013-12-31": "37.30000", "2012-12-31": "36.70000", "2011-12-31": "36.60000", "2010-12-31": "36.20000", "2009-12-31": "36.00000", "2008-12-31": "35.50000", "2007-12-31": "34.90000", "2006-12-31": "34.30000", "2005-12-31": "33.20000"}, "Shares Outstanding": {"2020-12-31": "37.90000", "2019-12-31": "37.50000", "2018-12-31": "37.00000", "2017-12-31": "36.30000", "2016-12-31": "35.50000", "2015-12-31": "36.00000", "2014-12-31": "37.90000", "2013-12-31": "38.00000", "2012-12-31": "37.40000", "2011-12-31": "37.30000", "2010-12-31": "36.90000", "2009-12-31": "36.60000", "2008-12-31": "36.50000", "2007-12-31": "36.20000", "2006-12-31": "35.50000", "2005-12-31": "34.70000"}, "Basic EPS": {"2020-12-31": "", "2019-12-31": "11.08000", "2018-12-31": "9.32000", "2017-12-31": "6.45000", "2016-12-31": "5.52000", "2015-12-31": "5.55000", "2014-12-31": "5.87000", "2013-12-31": "4.96000", "2012-12-31": "4.47000", "2011-12-31": "6.97000", "2010-12-31": "3.33000", "2009-12-31": "3.15000", "2008-12-31": "3.14000", "2007-12-31": "2.82000", "2006-12-31": "2.34000", "2005-12-31": "1.93000"}, "EPS - Earnings Per Share": {"2020-12-31": "10.62000", "2019-12-31": "10.73000", "2018-12-31": "9.01000", "2017-12-31": "6.26000", "2016-12-31": "5.37000", "2015-12-31": "5.44000", "2014-12-31": "5.75000", "2013-12-31": "4.87000", "2012-12-31": "4.39000", "2011-12-31": "6.84000", "2010-12-31": "3.27000", "2009-12-31": "3.10000", "2008-12-31": "3.05000", "2007-12-31": "2.72000", "2006-12-31": "2.26000", "2005-12-31": "1.85000"}}, "income statement, quarterly": {"Revenue": {"2020-12-31": "809.30000", "2020-09-30": "749.00000", "2020-06-30": "743.30000", "2020-03-31": "784.60000", "2019-12-31": "834.20010", "2019-09-30": "802.20000", "2019-06-30": "782.00000", "2019-03-31": "745.20000", "2018-12-31": "748.40000", "2018-09-30": "725.30000", "2018-06-30": "732.50000", "2018-03-31": "695.60000", "2017-12-31": "704.40010", "2017-09-30": "662.20000", "2017-06-30": "671.10000", "2017-03-31": "566.10000", "2016-12-31": "552.89990", "2016-09-30": "526.80000", "2016-06-30": "539.70000", "2016-03-31": "530.50000", "2015-12-31": "607.80020", "2015-09-30": "551.70000", "2015-06-30": "573.60000", "2015-03-31": "565.00000", "2014-12-31": "622.30000", "2014-09-30": "601.10000", "2014-06-30": "597.10000", "2014-03-31": "573.50000", "2013-12-31": "596.60010", "2013-09-30": "571.60000", "2013-06-30": "601.00000", "2013-03-31": "569.40000", "2012-12-31": "567.40000", "2012-09-30": "547.40000", "2012-06-30": "518.50000", "2012-03-31": "494.00000", "2011-12-31": "474.50000", "2011-09-30": "496.40000", "2011-06-30": "502.90000", "2011-03-31": "468.10000", "2010-12-31": "421.49990", "2010-09-30": "409.80000", "2010-06-30": "408.00000", "2010-03-31": "404.90000", "2009-12-31": "341.30000", "2009-09-30": "429.40000", "2009-06-30": "441.10000", "2009-03-31": "440.30000", "2008-12-31": "293.80000", "2008-09-30": "497.60000", "2008-06-30": "478.80000", "2008-03-31": "451.80000", "2007-12-31": "427.50000", "2007-09-30": "408.90000", "2007-06-30": "400.30000", "2007-03-31": "385.60000", "2006-12-31": "391.30000", "2006-09-30": "363.60000", "2006-06-30": "348.10000", "2006-03-31": "330.20000", "2005-12-31": "310.40000", "2005-09-30": "295.30000", "2005-06-30": "303.30000", "2005-03-31": "297.50000"}, "Cost Of Goods Sold": {"2020-12-31": "493.60000", "2020-09-30": "458.50000", "2020-06-30": "460.60000", "2020-03-31": "492.60000", "2019-12-31": "505.10010", "2019-09-30": "487.70000", "2019-06-30": "463.60000", "2019-03-31": "463.90000", "2018-12-31": "459.60000", "2018-09-30": "446.20000", "2018-06-30": "447.00000", "2018-03-31": "438.20000", "2017-12-31": "437.20000", "2017-09-30": "408.60000", "2017-06-30": "421.20000", "2017-03-31": "357.00000", "2016-12-31": "351.50000", "2016-09-30": "317.00000", "2016-06-30": "336.20000", "2016-03-31": "324.80000", "2015-12-31": "387.70000", "2015-09-30": "340.30000", "2015-06-30": "353.90000", "2015-03-31": "345.90000", "2014-12-31": "391.59990", "2014-09-30": "375.40000", "2014-06-30": "368.40000", "2014-03-31": "351.70000", "2013-12-31": "382.00000", "2013-09-30": "369.00000", "2013-06-30": "383.60000", "2013-03-31": "365.40000", "2012-12-31": "359.00000", "2012-09-30": "349.00000", "2012-06-30": "343.00000", "2012-03-31": "328.10000", "2011-12-31": "315.69990", "2011-09-30": "331.30000", "2011-06-30": "330.60000", "2011-03-31": "313.10000", "2010-12-31": "287.99990", "2010-09-30": "284.90000", "2010-06-30": "287.40000", "2010-03-31": "287.80000", "2009-12-31": "245.50010", "2009-09-30": "304.20000", "2009-06-30": "313.80000", "2009-03-31": "313.80000", "2008-12-31": "211.20000", "2008-09-30": "348.50000", "2008-06-30": "330.90000", "2008-03-31": "315.30000", "2007-12-31": "304.60000", "2007-09-30": "284.90000", "2007-06-30": "274.90000", "2007-03-31": "272.00000", "2006-12-31": "276.70000", "2006-09-30": "261.30000", "2006-06-30": "245.40000", "2006-03-31": "236.80000", "2005-12-31": "222.60000", "2005-09-30": "212.50000", "2005-06-30": "220.00000", "2005-03-31": "214.50000"}, "Gross Profit": {"2020-12-31": "315.70000", "2020-09-30": "290.50000", "2020-06-30": "282.70000", "2020-03-31": "292.00000", "2019-12-31": "329.10000", "2019-09-30": "314.50000", "2019-06-30": "318.40000", "2019-03-31": "281.30000", "2018-12-31": "288.80000", "2018-09-30": "279.10000", "2018-06-30": "285.50000", "2018-03-31": "257.40000", "2017-12-31": "267.20010", "2017-09-30": "253.60000", "2017-06-30": "249.90000", "2017-03-31": "209.10000", "2016-12-31": "201.39990", "2016-09-30": "209.80000", "2016-06-30": "203.50000", "2016-03-31": "205.70000", "2015-12-31": "220.10020", "2015-09-30": "211.40000", "2015-06-30": "219.70000", "2015-03-31": "219.10000", "2014-12-31": "230.70010", "2014-09-30": "225.70000", "2014-06-30": "228.70000", "2014-03-31": "221.80000", "2013-12-31": "214.60010", "2013-09-30": "202.60000", "2013-06-30": "217.40000", "2013-03-31": "204.00000", "2012-12-31": "208.40010", "2012-09-30": "198.40000", "2012-06-30": "175.50000", "2012-03-31": "165.90000", "2011-12-31": "158.80000", "2011-09-30": "165.10000", "2011-06-30": "172.30000", "2011-03-31": "155.00000", "2010-12-31": "133.50000", "2010-09-30": "124.90000", "2010-06-30": "120.60000", "2010-03-31": "117.10000", "2009-12-31": "95.79990", "2009-09-30": "125.20000", "2009-06-30": "127.30000", "2009-03-31": "126.50000", "2008-12-31": "82.60000", "2008-09-30": "149.10000", "2008-06-30": "147.90000", "2008-03-31": "136.50000", "2007-12-31": "122.90010", "2007-09-30": "124.00000", "2007-06-30": "125.40000", "2007-03-31": "113.60000", "2006-12-31": "114.60000", "2006-09-30": "102.30000", "2006-06-30": "102.70000", "2006-03-31": "93.40000", "2005-12-31": "87.80010", "2005-09-30": "82.80000", "2005-06-30": "83.30000", "2005-03-31": "83.00000"}, "Research And Development Expenses": {"2020-12-31": "", "2020-09-30": "", "2020-06-30": "", "2020-03-31": "", "2019-12-31": "", "2019-09-30": "", "2019-06-30": "", "2019-03-31": "", "2018-12-31": "", "2018-09-30": "", "2018-06-30": "", "2018-03-31": "", "2017-12-31": "", "2017-09-30": "", "2017-06-30": "", "2017-03-31": "", "2016-12-31": "", "2016-09-30": "", "2016-06-30": "", "2016-03-31": "", "2015-12-31": "", "2015-09-30": "", "2015-06-30": "", "2015-03-31": "", "2014-12-31": "", "2014-09-30": "", "2014-06-30": "", "2014-03-31": "", "2013-12-31": "", "2013-09-30": "", "2013-06-30": "", "2013-03-31": "", "2012-12-31": "", "2012-09-30": "", "2012-06-30": "", "2012-03-31": "", "2011-12-31": "", "2011-09-30": "", "2011-06-30": "", "2011-03-31": "", "2010-12-31": "", "2010-09-30": "", "2010-06-30": "", "2010-03-31": "", "2009-12-31": "", "2009-09-30": "", "2009-06-30": "", "2009-03-31": "", "2008-12-31": "", "2008-09-30": "", "2008-06-30": "", "2008-03-31": "", "2007-12-31": "", "2007-09-30": "", "2007-06-30": "", "2007-03-31": "", "2006-12-31": "", "2006-09-30": "", "2006-06-30": "", "2006-03-31": "", "2005-12-31": "", "2005-09-30": "", "2005-06-30": "", "2005-03-31": ""}, "SG&A Expenses": {"2020-12-31": "171.90000", "2020-09-30": "168.00000", "2020-06-30": "172.90000", "2020-03-31": "188.00000", "2019-12-31": "195.30000", "2019-09-30": "185.80000", "2019-06-30": "186.50000", "2019-03-31": "184.00000", "2018-12-31": "177.60000", "2018-09-30": "173.60000", "2018-06-30": "174.00000", "2018-03-31": "169.00000", "2017-12-31": "172.60000", "2017-09-30": "164.10000", "2017-06-30": "167.10000", "2017-03-31": "154.30000", "2016-12-31": "144.20000", "2016-09-30": "141.00000", "2016-06-30": "149.90000", "2016-03-31": "144.80000", "2015-12-31": "146.60000", "2015-09-30": "139.60000", "2015-06-30": "150.60000", "2015-03-31": "151.80000", "2014-12-31": "150.80000", "2014-09-30": "151.40000", "2014-06-30": "154.40000", "2014-03-31": "155.80000", "2013-12-31": "151.10000", "2013-09-30": "149.60000", "2013-06-30": "152.50000", "2013-03-31": "145.10000", "2012-12-31": "140.80000", "2012-09-30": "138.10000", "2012-06-30": "115.80000", "2012-03-31": "110.40000", "2011-12-31": "105.00000", "2011-09-30": "108.30000", "2011-06-30": "110.40000", "2011-03-31": "100.30000", "2010-12-31": "84.60000", "2010-09-30": "79.00000", "2010-06-30": "76.90000", "2010-03-31": "77.10000", "2009-12-31": "47.10000", "2009-09-30": "81.50000", "2009-06-30": "83.60000", "2009-03-31": "91.20000", "2008-12-31": "39.40000", "2008-09-30": "97.20000", "2008-06-30": "92.10000", "2008-03-31": "88.80000", "2007-12-31": "81.10000", "2007-09-30": "84.00000", "2007-06-30": "81.80000", "2007-03-31": "76.70000", "2006-12-31": "81.40000", "2006-09-30": "70.20000", "2006-06-30": "69.20000", "2006-03-31": "67.10000", "2005-12-31": "60.80000", "2005-09-30": "59.40000", "2005-06-30": "56.60000", "2005-03-31": "59.40000"}, "Other Operating Income Or Expenses": {"2020-12-31": "", "2020-09-30": "", "2020-06-30": "", "2020-03-31": "", "2019-12-31": "", "2019-09-30": "", "2019-06-30": "", "2019-03-31": "", "2018-12-31": "", "2018-09-30": "", "2018-06-30": "", "2018-03-31": "", "2017-12-31": "", "2017-09-30": "", "2017-06-30": "", "2017-03-31": "", "2016-12-31": "", "2016-09-30": "", "2016-06-30": "", "2016-03-31": "", "2015-12-31": "", "2015-09-30": "", "2015-06-30": "", "2015-03-31": "", "2014-12-31": "", "2014-09-30": "", "2014-06-30": "", "2014-03-31": "", "2013-12-31": "", "2013-09-30": "", "2013-06-30": "", "2013-03-31": "", "2012-12-31": "", "2012-09-30": "", "2012-06-30": "", "2012-03-31": "", "2011-12-31": "", "2011-09-30": "", "2011-06-30": "", "2011-03-31": "", "2010-12-31": "", "2010-09-30": "", "2010-06-30": "", "2010-03-31": "", "2009-12-31": "", "2009-09-30": "", "2009-06-30": "", "2009-03-31": "", "2008-12-31": "", "2008-09-30": "", "2008-06-30": "", "2008-03-31": "", "2007-12-31": "", "2007-09-30": "", "2007-06-30": "", "2007-03-31": "", "2006-12-31": "", "2006-09-30": "", "2006-06-30": "", "2006-03-31": "", "2005-12-31": "", "2005-09-30": "", "2005-06-30": "", "2005-03-31": ""}, "Operating Expenses": {"2020-12-31": "665.50000", "2020-09-30": "626.50000", "2020-06-30": "633.50000", "2020-03-31": "680.60000", "2019-12-31": "700.39990", "2019-09-30": "673.50000", "2019-06-30": "650.10000", "2019-03-31": "647.90000", "2018-12-31": "637.19990", "2018-09-30": "619.80000", "2018-06-30": "621.00000", "2018-03-31": "607.20000", "2017-12-31": "609.80010", "2017-09-30": "572.70000", "2017-06-30": "588.30000", "2017-03-31": "511.30000", "2016-12-31": "495.70010", "2016-09-30": "458.00000", "2016-06-30": "486.10000", "2016-03-31": "469.60000", "2015-12-31": "534.30000", "2015-09-30": "479.90000", "2015-06-30": "504.50000", "2015-03-31": "497.70000", "2014-12-31": "542.39990", "2014-09-30": "526.80000", "2014-06-30": "522.80000", "2014-03-31": "507.50000", "2013-12-31": "533.10010", "2013-09-30": "518.60000", "2013-06-30": "536.10000", "2013-03-31": "510.50000", "2012-12-31": "499.80000", "2012-09-30": "487.10000", "2012-06-30": "458.80000", "2012-03-31": "438.50000", "2011-12-31": "420.70000", "2011-09-30": "439.60000", "2011-06-30": "441.00000", "2011-03-31": "413.40000", "2010-12-31": "372.59990", "2010-09-30": "363.90000", "2010-06-30": "364.30000", "2010-03-31": "364.90000", "2009-12-31": "292.60000", "2009-09-30": "385.70000", "2009-06-30": "397.40000", "2009-03-31": "405.00000", "2008-12-31": "250.60000", "2008-09-30": "445.70000", "2008-06-30": "423.00000", "2008-03-31": "404.10000", "2007-12-31": "385.70000", "2007-09-30": "368.90000", "2007-06-30": "356.70000", "2007-03-31": "348.70000", "2006-12-31": "358.10000", "2006-09-30": "331.50000", "2006-06-30": "314.60000", "2006-03-31": "303.90000", "2005-12-31": "283.39990", "2005-09-30": "271.90000", "2005-06-30": "276.60000", "2005-03-31": "273.90000"}, "Operating Income": {"2020-12-31": "143.80000", "2020-09-30": "122.50000", "2020-06-30": "109.80000", "2020-03-31": "104.00000", "2019-12-31": "133.80020", "2019-09-30": "128.70000", "2019-06-30": "131.90000", "2019-03-31": "97.30000", "2018-12-31": "111.20010", "2018-09-30": "105.49990", "2018-06-30": "111.50000", "2018-03-31": "88.40000", "2017-12-31": "94.60000", "2017-09-30": "89.50000", "2017-06-30": "82.79990", "2017-03-31": "54.80000", "2016-12-31": "57.19980", "2016-09-30": "68.80000", "2016-06-30": "53.60000", "2016-03-31": "60.90000", "2015-12-31": "73.50020", "2015-09-30": "71.80000", "2015-06-30": "69.10000", "2015-03-31": "67.30000", "2014-12-31": "79.90020", "2014-09-30": "74.30000", "2014-06-30": "74.30000", "2014-03-31": "66.00000", "2013-12-31": "63.50000", "2013-09-30": "53.00000", "2013-06-30": "64.90000", "2013-03-31": "58.90000", "2012-12-31": "67.60000", "2012-09-30": "60.30000", "2012-06-30": "59.70000", "2012-03-31": "55.50000", "2011-12-31": "53.80000", "2011-09-30": "56.80000", "2011-06-30": "61.90000", "2011-03-31": "54.70000", "2010-12-31": "48.90000", "2010-09-30": "45.90000", "2010-06-30": "43.70000", "2010-03-31": "40.00000", "2009-12-31": "48.70000", "2009-09-30": "43.70000", "2009-06-30": "43.70000", "2009-03-31": "35.30000", "2008-12-31": "43.20010", "2008-09-30": "51.90000", "2008-06-30": "55.80000", "2008-03-31": "47.70000", "2007-12-31": "41.80010", "2007-09-30": "40.00000", "2007-06-30": "43.60000", "2007-03-31": "36.90000", "2006-12-31": "33.20000", "2006-09-30": "32.10000", "2006-06-30": "33.50000", "2006-03-31": "26.30000", "2005-12-31": "27.00010", "2005-09-30": "23.40000", "2005-06-30": "26.70000", "2005-03-31": "23.60000"}, "Total Non-Operating Income/Expense": {"2020-12-31": "-2.70000", "2020-09-30": "-2.80000", "2020-06-30": "-1.90000", "2020-03-31": "-3.00000", "2019-12-31": "-4.30000", "2019-09-30": "-5.30000", "2019-06-30": "-4.00000", "2019-03-31": "-4.40000", "2018-12-31": "-4.10000", "2018-09-30": "-5.30000", "2018-06-30": "-7.10000", "2018-03-31": "-6.20000", "2017-12-31": "-6.30000", "2017-09-30": "-7.80000", "2017-06-30": "-6.40000", "2017-03-31": "-14.20000", "2016-12-31": "2.90000", "2016-09-30": "-6.40000", "2016-06-30": "11.30000", "2016-03-31": "-7.00000", "2015-12-31": "-7.70000", "2015-09-30": "-8.10000", "2015-06-30": "-2.60000", "2015-03-31": "-5.10000", "2014-12-31": "-5.50000", "2014-09-30": "-6.40000", "2014-06-30": "3.60000", "2014-03-31": "-4.10000", "2013-12-31": "0.50000", "2013-09-30": "-5.80000", "2013-06-30": "-5.10000", "2013-03-31": "-5.90000", "2012-12-31": "-4.50000", "2012-09-30": "-3.30000", "2012-06-30": "-2.70000", "2012-03-31": "-4.40000", "2011-12-31": "-0.70000", "2011-09-30": "-7.50000", "2011-06-30": "-2.70000", "2011-03-31": "-4.70000", "2010-12-31": "-2.60000", "2010-09-30": "-1.90000", "2010-06-30": "-0.10000", "2010-03-31": "-0.30000", "2009-12-31": "-1.10000", "2009-09-30": "-1.10000", "2009-06-30": "-2.10000", "2009-03-31": "-0.70000", "2008-12-31": "-3.00000", "2008-09-30": "-2.60000", "2008-06-30": "-1.80000", "2008-03-31": "-3.20000", "2007-12-31": "1.60000", "2007-09-30": "-3.00000", "2007-06-30": "-4.20000", "2007-03-31": "-4.00000", "2006-12-31": "-4.10000", "2006-09-30": "-1.10000", "2006-06-30": "-0.60000", "2006-03-31": "2.40000", "2005-12-31": "-0.30000", "2005-09-30": "1.80000", "2005-06-30": "-0.90000", "2005-03-31": "1.70000"}, "Pre-Tax Income": {"2020-12-31": "141.10000", "2020-09-30": "119.70000", "2020-06-30": "107.90000", "2020-03-31": "101.00000", "2019-12-31": "129.50000", "2019-09-30": "123.40000", "2019-06-30": "127.90000", "2019-03-31": "92.90000", "2018-12-31": "107.10000", "2018-09-30": "100.20000", "2018-06-30": "104.40000", "2018-03-31": "82.20000", "2017-12-31": "88.30000", "2017-09-30": "81.70000", "2017-06-30": "76.40000", "2017-03-31": "40.60000", "2016-12-31": "60.10000", "2016-09-30": "62.40000", "2016-06-30": "64.90000", "2016-03-31": "53.90000", "2015-12-31": "65.80000", "2015-09-30": "63.70000", "2015-06-30": "66.50000", "2015-03-31": "62.20000", "2014-12-31": "74.40000", "2014-09-30": "67.90000", "2014-06-30": "77.90000", "2014-03-31": "61.90000", "2013-12-31": "64.00000", "2013-09-30": "47.20000", "2013-06-30": "59.80000", "2013-03-31": "53.00000", "2012-12-31": "63.10000", "2012-09-30": "57.00000", "2012-06-30": "57.00000", "2012-03-31": "51.10000", "2011-12-31": "53.10000", "2011-09-30": "49.30000", "2011-06-30": "59.20000", "2011-03-31": "50.00000", "2010-12-31": "46.30000", "2010-09-30": "44.00000", "2010-06-30": "43.60000", "2010-03-31": "39.70000", "2009-12-31": "47.60000", "2009-09-30": "42.60000", "2009-06-30": "41.60000", "2009-03-31": "34.60000", "2008-12-31": "40.20000", "2008-09-30": "49.30000", "2008-06-30": "54.00000", "2008-03-31": "44.50000", "2007-12-31": "43.40000", "2007-09-30": "37.00000", "2007-06-30": "39.40000", "2007-03-31": "32.90000", "2006-12-31": "29.10000", "2006-09-30": "31.00000", "2006-06-30": "32.90000", "2006-03-31": "28.70000", "2005-12-31": "26.70000", "2005-09-30": "25.20000", "2005-06-30": "25.80000", "2005-03-31": "25.30000"}, "Income Taxes": {"2020-12-31": "9.00000", "2020-09-30": "25.80000", "2020-06-30": "14.20000", "2020-03-31": "18.80000", "2019-12-31": "13.80000", "2019-09-30": "16.70000", "2019-06-30": "23.30000", "2019-03-31": "17.60000", "2018-12-31": "16.00000", "2018-09-30": "9.90000", "2018-06-30": "18.50000", "2018-03-31": "15.70000", "2017-12-31": "20.70000", "2017-09-30": "12.70000", "2017-06-30": "16.30000", "2017-03-31": "10.10000", "2016-12-31": "7.10000", "2016-09-30": "10.40000", "2016-06-30": "18.00000", "2016-03-31": "14.90000", "2015-12-31": "11.90000", "2015-09-30": "13.90000", "2015-06-30": "18.40000", "2015-03-31": "18.50000", "2014-12-31": "15.50000", "2014-09-30": "13.00000", "2014-06-30": "22.10000", "2014-03-31": "15.90000", "2013-12-31": "9.50000", "2013-09-30": "0.30000", "2013-06-30": "16.50000", "2013-03-31": "13.20000", "2012-12-31": "18.60000", "2012-09-30": "13.90000", "2012-06-30": "17.40000", "2012-03-31": "15.50000", "2011-12-31": "16.40000", "2011-09-30": "15.20000", "2011-06-30": "20.40000", "2011-03-31": "17.50000", "2010-12-31": "9.30000", "2010-09-30": "14.00000", "2010-06-30": "15.60000", "2010-03-31": "14.70000", "2009-12-31": "12.80000", "2009-09-30": "7.40000", "2009-06-30": "16.20000", "2009-03-31": "13.60000", "2008-12-31": "14.60000", "2008-09-30": "18.20000", "2008-06-30": "20.70000", "2008-03-31": "15.60000", "2007-12-31": "13.40000", "2007-09-30": "9.90000", "2007-06-30": "15.10000", "2007-03-31": "12.40000", "2006-12-31": "10.20000", "2006-09-30": "8.40000", "2006-06-30": "12.00000", "2006-03-31": "10.80000", "2005-12-31": "10.10000", "2005-09-30": "9.50000", "2005-06-30": "9.70000", "2005-03-31": "9.50000"}, "Income After Taxes": {"2020-12-31": "132.10000", "2020-09-30": "93.90000", "2020-06-30": "93.70000", "2020-03-31": "82.20000", "2019-12-31": "115.70000", "2019-09-30": "106.70000", "2019-06-30": "104.60000", "2019-03-31": "75.30000", "2018-12-31": "91.10000", "2018-09-30": "90.30000", "2018-06-30": "85.90000", "2018-03-31": "66.50000", "2017-12-31": "67.60000", "2017-09-30": "69.00000", "2017-06-30": "60.10000", "2017-03-31": "30.50000", "2016-12-31": "53.00000", "2016-09-30": "52.00000", "2016-06-30": "46.90000", "2016-03-31": "39.00000", "2015-12-31": "53.90000", "2015-09-30": "49.80000", "2015-06-30": "48.10000", "2015-03-31": "43.70000", "2014-12-31": "58.90000", "2014-09-30": "54.90000", "2014-06-30": "55.80000", "2014-03-31": "46.00000", "2013-12-31": "54.50000", "2013-09-30": "46.90000", "2013-06-30": "43.30000", "2013-03-31": "39.80000", "2012-12-31": "44.50000", "2012-09-30": "43.10000", "2012-06-30": "39.60000", "2012-03-31": "35.60000", "2011-12-31": "36.70000", "2011-09-30": "34.10000", "2011-06-30": "38.80000", "2011-03-31": "32.50000", "2010-12-31": "37.00000", "2010-09-30": "30.00000", "2010-06-30": "28.00000", "2010-03-31": "25.00000", "2009-12-31": "34.80000", "2009-09-30": "35.20000", "2009-06-30": "25.40000", "2009-03-31": "21.00000", "2008-12-31": "25.60000", "2008-09-30": "31.10000", "2008-06-30": "33.30000", "2008-03-31": "28.90000", "2007-12-31": "30.00000", "2007-09-30": "27.10000", "2007-06-30": "24.30000", "2007-03-31": "20.50000", "2006-12-31": "18.90000", "2006-09-30": "22.60000", "2006-06-30": "20.90000", "2006-03-31": "17.90000", "2005-12-31": "16.60000", "2005-09-30": "15.70000", "2005-06-30": "16.10000", "2005-03-31": "15.80000"}, "Other Income": {"2020-12-31": "", "2020-09-30": "", "2020-06-30": "", "2020-03-31": "", "2019-12-31": "", "2019-09-30": "", "2019-06-30": "", "2019-03-31": "", "2018-12-31": "", "2018-09-30": "", "2018-06-30": "", "2018-03-31": "", "2017-12-31": "", "2017-09-30": "", "2017-06-30": "", "2017-03-31": "", "2016-12-31": "", "2016-09-30": "", "2016-06-30": "", "2016-03-31": "", "2015-12-31": "", "2015-09-30": "", "2015-06-30": "", "2015-03-31": "", "2014-12-31": "", "2014-09-30": "", "2014-06-30": "", "2014-03-31": "", "2013-12-31": "", "2013-09-30": "", "2013-06-30": "", "2013-03-31": "", "2012-12-31": "", "2012-09-30": "", "2012-06-30": "", "2012-03-31": "", "2011-12-31": "", "2011-09-30": "", "2011-06-30": "", "2011-03-31": "", "2010-12-31": "", "2010-09-30": "", "2010-06-30": "", "2010-03-31": "", "2009-12-31": "", "2009-09-30": "", "2009-06-30": "", "2009-03-31": "", "2008-12-31": "", "2008-09-30": "", "2008-06-30": "", "2008-03-31": "", "2007-12-31": "", "2007-09-30": "", "2007-06-30": "", "2007-03-31": "", "2006-12-31": "", "2006-09-30": "", "2006-06-30": "", "2006-03-31": "", "2005-12-31": "", "2005-09-30": "", "2005-06-30": "", "2005-03-31": ""}, "Income From Continuous Operations": {"2020-12-31": "132.10000", "2020-09-30": "93.90000", "2020-06-30": "93.70000", "2020-03-31": "82.20000", "2019-12-31": "115.70000", "2019-09-30": "106.70000", "2019-06-30": "104.60000", "2019-03-31": "75.30000", "2018-12-31": "91.10000", "2018-09-30": "90.30000", "2018-06-30": "85.90000", "2018-03-31": "66.50000", "2017-12-31": "67.60000", "2017-09-30": "69.00000", "2017-06-30": "60.10000", "2017-03-31": "30.50000", "2016-12-31": "53.00000", "2016-09-30": "52.00000", "2016-06-30": "46.90000", "2016-03-31": "39.00000", "2015-12-31": "53.90000", "2015-09-30": "49.80000", "2015-06-30": "48.10000", "2015-03-31": "43.70000", "2014-12-31": "58.90000", "2014-09-30": "54.90000", "2014-06-30": "55.80000", "2014-03-31": "46.00000", "2013-12-31": "54.50000", "2013-09-30": "46.90000", "2013-06-30": "43.30000", "2013-03-31": "39.80000", "2012-12-31": "44.50000", "2012-09-30": "43.10000", "2012-06-30": "39.60000", "2012-03-31": "35.60000", "2011-12-31": "36.70000", "2011-09-30": "34.10000", "2011-06-30": "38.80000", "2011-03-31": "32.50000", "2010-12-31": "37.00000", "2010-09-30": "30.00000", "2010-06-30": "28.00000", "2010-03-31": "25.00000", "2009-12-31": "34.80000", "2009-09-30": "35.20000", "2009-06-30": "25.40000", "2009-03-31": "21.00000", "2008-12-31": "25.60000", "2008-09-30": "31.10000", "2008-06-30": "33.30000", "2008-03-31": "28.90000", "2007-12-31": "30.00000", "2007-09-30": "27.10000", "2007-06-30": "24.30000", "2007-03-31": "20.50000", "2006-12-31": "18.90000", "2006-09-30": "22.60000", "2006-06-30": "20.90000", "2006-03-31": "17.90000", "2005-12-31": "16.60000", "2005-09-30": "15.70000", "2005-06-30": "16.10000", "2005-03-31": "15.80000"}, "Income From Discontinued Operations": {"2020-12-31": "", "2020-09-30": "", "2020-06-30": "", "2020-03-31": "", "2019-12-31": "", "2019-09-30": "", "2019-06-30": "", "2019-03-31": "", "2018-12-31": "", "2018-09-30": "", "2018-06-30": "", "2018-03-31": "", "2017-12-31": "", "2017-09-30": "", "2017-06-30": "", "2017-03-31": "", "2016-12-31": "", "2016-09-30": "", "2016-06-30": "", "2016-03-31": "", "2015-12-31": "", "2015-09-30": "-1.50000", "2015-06-30": "-0.10000", "2015-03-31": "", "2014-12-31": "", "2014-09-30": "", "2014-06-30": "", "2014-03-31": "", "2013-12-31": "", "2013-09-30": "", "2013-06-30": "", "2013-03-31": "", "2012-12-31": "", "2012-09-30": "", "2012-06-30": "", "2012-03-31": "", "2011-12-31": "", "2011-09-30": "0.00000", "2011-06-30": "113.60000", "2011-03-31": "-0.50000", "2010-12-31": "-0.40000", "2010-09-30": "0.40000", "2010-06-30": "0.60000", "2010-03-31": "", "2009-12-31": "", "2009-09-30": "", "2009-06-30": "", "2009-03-31": "", "2008-12-31": "", "2008-09-30": "", "2008-06-30": "", "2008-03-31": "", "2007-12-31": "", "2007-09-30": "", "2007-06-30": "", "2007-03-31": "", "2006-12-31": "", "2006-09-30": "", "2006-06-30": "", "2006-03-31": "", "2005-12-31": "", "2005-09-30": "", "2005-06-30": "", "2005-03-31": ""}, "Net Income": {"2020-12-31": "132.10000", "2020-09-30": "93.90000", "2020-06-30": "93.70000", "2020-03-31": "82.20000", "2019-12-31": "115.70000", "2019-09-30": "106.70000", "2019-06-30": "104.60000", "2019-03-31": "75.30000", "2018-12-31": "91.10000", "2018-09-30": "90.30000", "2018-06-30": "85.90000", "2018-03-31": "66.50000", "2017-12-31": "67.60000", "2017-09-30": "69.00000", "2017-06-30": "60.10000", "2017-03-31": "30.50000", "2016-12-31": "53.00000", "2016-09-30": "52.00000", "2016-06-30": "46.90000", "2016-03-31": "39.00000", "2015-12-31": "55.50000", "2015-09-30": "48.30000", "2015-06-30": "48.30000", "2015-03-31": "43.70000", "2014-12-31": "60.20000", "2014-09-30": "55.60000", "2014-06-30": "56.10000", "2014-03-31": "45.80000", "2013-12-31": "54.90000", "2013-09-30": "46.80000", "2013-06-30": "42.90000", "2013-03-31": "40.40000", "2012-12-31": "46.20000", "2012-09-30": "42.70000", "2012-06-30": "39.50000", "2012-03-31": "35.70000", "2011-12-31": "36.80000", "2011-09-30": "34.10000", "2011-06-30": "152.30000", "2011-03-31": "32.00000", "2010-12-31": "36.60000", "2010-09-30": "30.30000", "2010-06-30": "28.60000", "2010-03-31": "25.00000", "2009-12-31": "32.20000", "2009-09-30": "35.10000", "2009-06-30": "25.20000", "2009-03-31": "20.80000", "2008-12-31": "19.90000", "2008-09-30": "30.90000", "2008-06-30": "32.60000", "2008-03-31": "27.90000", "2007-12-31": "26.60000", "2007-09-30": "27.10000", "2007-06-30": "24.30000", "2007-03-31": "20.50000", "2006-12-31": "18.90000", "2006-09-30": "22.60000", "2006-06-30": "20.90000", "2006-03-31": "17.90000", "2005-12-31": "16.60000", "2005-09-30": "15.70000", "2005-06-30": "16.10000", "2005-03-31": "15.80000"}, "EBITDA": {"2020-12-31": "", "2020-09-30": "151.70000", "2020-06-30": "138.80000", "2020-03-31": "133.30000", "2019-12-31": "163.10020", "2019-09-30": "156.60000", "2019-06-30": "159.00000", "2019-03-31": "124.90000", "2018-12-31": "140.50010", "2018-09-30": "132.79990", "2018-06-30": "139.10000", "2018-03-31": "117.20000", "2017-12-31": "120.20000", "2017-09-30": "120.90000", "2017-06-30": "115.99990", "2017-03-31": "77.60000", "2016-12-31": "78.89980", "2016-09-30": "91.60000", "2016-06-30": "75.30000", "2016-03-31": "82.00000", "2015-12-31": "96.20020", "2015-09-30": "93.60000", "2015-06-30": "91.70000", "2015-03-31": "90.50000", "2014-12-31": "104.10020", "2014-09-30": "97.80000", "2014-06-30": "97.70000", "2014-03-31": "89.20000", "2013-12-31": "87.50000", "2013-09-30": "76.10000", "2013-06-30": "87.00000", "2013-03-31": "80.80000", "2012-12-31": "89.50000", "2012-09-30": "81.80000", "2012-06-30": "77.80000", "2012-03-31": "72.30000", "2011-12-31": "70.60000", "2011-09-30": "73.50000", "2011-06-30": "78.70000", "2011-03-31": "68.60000", "2010-12-31": "60.90000", "2010-09-30": "57.70000", "2010-06-30": "54.50000", "2010-03-31": "50.60000", "2009-12-31": "58.00000", "2009-09-30": "53.90000", "2009-06-30": "55.00000", "2009-03-31": "47.00000", "2008-12-31": "51.80010", "2008-09-30": "64.50000", "2008-06-30": "68.90000", "2008-03-31": "58.40000", "2007-12-31": "50.90010", "2007-09-30": "49.00000", "2007-06-30": "52.50000", "2007-03-31": "44.60000", "2006-12-31": "44.30000", "2006-09-30": "39.90000", "2006-06-30": "40.00000", "2006-03-31": "32.90000", "2005-12-31": "34.10010", "2005-09-30": "29.70000", "2005-06-30": "32.80000", "2005-03-31": "29.70000"}, "EBIT": {"2020-12-31": "143.80000", "2020-09-30": "122.50000", "2020-06-30": "109.80000", "2020-03-31": "104.00000", "2019-12-31": "133.80020", "2019-09-30": "128.70000", "2019-06-30": "131.90000", "2019-03-31": "97.30000", "2018-12-31": "111.20020", "2018-09-30": "105.49990", "2018-06-30": "111.50000", "2018-03-31": "88.40000", "2017-12-31": "94.60000", "2017-09-30": "89.50000", "2017-06-30": "82.79990", "2017-03-31": "54.80000", "2016-12-31": "57.19990", "2016-09-30": "68.80000", "2016-06-30": "53.60000", "2016-03-31": "60.90000", "2015-12-31": "73.50010", "2015-09-30": "71.80000", "2015-06-30": "69.10000", "2015-03-31": "67.30000", "2014-12-31": "79.90000", "2014-09-30": "74.30000", "2014-06-30": "74.30000", "2014-03-31": "66.00000", "2013-12-31": "63.50000", "2013-09-30": "53.00000", "2013-06-30": "64.90000", "2013-03-31": "58.90000", "2012-12-31": "67.60010", "2012-09-30": "60.30000", "2012-06-30": "59.70000", "2012-03-31": "55.50000", "2011-12-31": "53.80010", "2011-09-30": "56.80000", "2011-06-30": "61.90000", "2011-03-31": "54.70000", "2010-12-31": "48.90000", "2010-09-30": "45.90000", "2010-06-30": "43.70000", "2010-03-31": "40.00000", "2009-12-31": "48.69990", "2009-09-30": "43.70000", "2009-06-30": "43.70000", "2009-03-31": "35.30000", "2008-12-31": "43.20000", "2008-09-30": "51.90000", "2008-06-30": "55.80000", "2008-03-31": "47.70000", "2007-12-31": "41.80010", "2007-09-30": "40.00000", "2007-06-30": "43.60000", "2007-03-31": "36.90000", "2006-12-31": "33.19990", "2006-09-30": "32.10000", "2006-06-30": "33.50000", "2006-03-31": "26.30000", "2005-12-31": "27.00010", "2005-09-30": "23.40000", "2005-06-30": "26.70000", "2005-03-31": "23.60000"}, "Basic Shares Outstanding": {"2020-12-31": "", "2020-09-30": "36.80000", "2020-06-30": "36.70000", "2020-03-31": "36.60000", "2019-12-31": "36.30000", "2019-09-30": "36.40000", "2019-06-30": "36.20000", "2019-03-31": "36.10000", "2018-12-31": "35.80000", "2018-09-30": "35.90000", "2018-06-30": "35.80000", "2018-03-31": "35.60000", "2017-12-31": "35.20000", "2017-09-30": "35.30000", "2017-06-30": "35.20000", "2017-03-31": "35.10000", "2016-12-31": "34.60000", "2016-09-30": "34.70000", "2016-06-30": "34.40000", "2016-03-31": "34.40000", "2015-12-31": "35.30000", "2015-09-30": "35.30000", "2015-06-30": "35.30000", "2015-03-31": "35.70000", "2014-12-31": "37.10000", "2014-09-30": "37.20000", "2014-06-30": "37.40000", "2014-03-31": "37.50000", "2013-12-31": "37.30000", "2013-09-30": "37.30000", "2013-06-30": "37.30000", "2013-03-31": "37.20000", "2012-12-31": "36.70000", "2012-09-30": "36.70000", "2012-06-30": "36.60000", "2012-03-31": "36.50000", "2011-12-31": "36.60000", "2011-09-30": "36.70000", "2011-06-30": "36.60000", "2011-03-31": "36.50000", "2010-12-31": "36.20000", "2010-09-30": "36.20000", "2010-06-30": "36.20000", "2010-03-31": "36.20000", "2009-12-31": "36.00000", "2009-09-30": "36.00000", "2009-06-30": "36.00000", "2009-03-31": "36.00000", "2008-12-31": "35.50000", "2008-09-30": "35.60000", "2008-06-30": "35.40000", "2008-03-31": "35.20000", "2007-12-31": "34.90000", "2007-09-30": "35.00000", "2007-06-30": "35.00000", "2007-03-31": "34.80000", "2006-12-31": "34.30000", "2006-09-30": "34.60000", "2006-06-30": "34.40000", "2006-03-31": "34.00000", "2005-12-31": "33.20000", "2005-09-30": "33.30000", "2005-06-30": "33.10000", "2005-03-31": "33.00000"}, "Shares Outstanding": {"2020-12-31": "38.00000", "2020-09-30": "37.80000", "2020-06-30": "37.80000", "2020-03-31": "37.80000", "2019-12-31": "37.50000", "2019-09-30": "37.60000", "2019-06-30": "37.40000", "2019-03-31": "37.20000", "2018-12-31": "37.00000", "2018-09-30": "37.20000", "2018-06-30": "37.00000", "2018-03-31": "36.80000", "2017-12-31": "36.30000", "2017-09-30": "36.40000", "2017-06-30": "36.20000", "2017-03-31": "36.10000", "2016-12-31": "35.50000", "2016-09-30": "35.60000", "2016-06-30": "35.30000", "2016-03-31": "35.20000", "2015-12-31": "36.00000", "2015-09-30": "36.10000", "2015-06-30": "36.10000", "2015-03-31": "36.50000", "2014-12-31": "37.90000", "2014-09-30": "37.80000", "2014-06-30": "38.10000", "2014-03-31": "38.30000", "2013-12-31": "38.00000", "2013-09-30": "38.10000", "2013-06-30": "38.00000", "2013-03-31": "37.80000", "2012-12-31": "37.40000", "2012-09-30": "37.40000", "2012-06-30": "37.30000", "2012-03-31": "37.20000", "2011-12-31": "37.30000", "2011-09-30": "37.40000", "2011-06-30": "37.30000", "2011-03-31": "37.20000", "2010-12-31": "36.90000", "2010-09-30": "36.80000", "2010-06-30": "36.90000", "2010-03-31": "36.80000", "2009-12-31": "36.60000", "2009-09-30": "36.60000", "2009-06-30": "36.60000", "2009-03-31": "36.50000", "2008-12-31": "36.50000", "2008-09-30": "36.70000", "2008-06-30": "36.50000", "2008-03-31": "36.30000", "2007-12-31": "36.20000", "2007-09-30": "36.20000", "2007-06-30": "36.10000", "2007-03-31": "35.80000", "2006-12-31": "35.50000", "2006-09-30": "35.70000", "2006-06-30": "35.40000", "2006-03-31": "35.10000", "2005-12-31": "34.70000", "2005-09-30": "34.80000", "2005-06-30": "34.50000", "2005-03-31": "34.40000"}, "Basic EPS": {"2020-12-31": "", "2020-09-30": "2.55000", "2020-06-30": "2.55000", "2020-03-31": "2.25000", "2019-12-31": "3.17000", "2019-09-30": "2.93000", "2019-06-30": "2.89000", "2019-03-31": "2.09000", "2018-12-31": "2.53000", "2018-09-30": "2.52000", "2018-06-30": "2.40000", "2018-03-31": "1.87000", "2017-12-31": "1.92000", "2017-09-30": "1.95000", "2017-06-30": "1.71000", "2017-03-31": "0.87000", "2016-12-31": "1.53000", "2016-09-30": "1.50000", "2016-06-30": "1.36000", "2016-03-31": "1.13000", "2015-12-31": "1.59000", "2015-09-30": "1.37000", "2015-06-30": "1.37000", "2015-03-31": "1.22000", "2014-12-31": "1.66000", "2014-09-30": "1.49000", "2014-06-30": "1.50000", "2014-03-31": "1.22000", "2013-12-31": "1.47000", "2013-09-30": "1.25000", "2013-06-30": "1.15000", "2013-03-31": "1.09000", "2012-12-31": "1.25000", "2012-09-30": "1.16000", "2012-06-30": "1.08000", "2012-03-31": "0.98000", "2011-12-31": "1.00000", "2011-09-30": "0.93000", "2011-06-30": "4.16000", "2011-03-31": "0.88000", "2010-12-31": "1.01000", "2010-09-30": "0.84000", "2010-06-30": "0.79000", "2010-03-31": "0.69000", "2009-12-31": "0.89000", "2009-09-30": "0.98000", "2009-06-30": "0.70000", "2009-03-31": "0.58000", "2008-12-31": "0.56000", "2008-09-30": "0.87000", "2008-06-30": "0.92000", "2008-03-31": "0.79000", "2007-12-31": "0.77000", "2007-09-30": "0.77000", "2007-06-30": "0.69000", "2007-03-31": "0.59000", "2006-12-31": "0.55000", "2006-09-30": "0.65000", "2006-06-30": "0.61000", "2006-03-31": "0.53000", "2005-12-31": "0.49000", "2005-09-30": "0.47000", "2005-06-30": "0.49000", "2005-03-31": "0.48000"}, "EPS - Earnings Per Share": {"2020-12-31": "3.48000", "2020-09-30": "2.48000", "2020-06-30": "2.48000", "2020-03-31": "2.17000", "2019-12-31": "3.07000", "2019-09-30": "2.84000", "2019-06-30": "2.80000", "2019-03-31": "2.02000", "2018-12-31": "2.45000", "2018-09-30": "2.43000", "2018-06-30": "2.32000", "2018-03-31": "1.81000", "2017-12-31": "1.86000", "2017-09-30": "1.90000", "2017-06-30": "1.66000", "2017-03-31": "0.84000", "2016-12-31": "1.47000", "2016-09-30": "1.46000", "2016-06-30": "1.33000", "2016-03-31": "1.11000", "2015-12-31": "1.56000", "2015-09-30": "1.34000", "2015-06-30": "1.34000", "2015-03-31": "1.20000", "2014-12-31": "1.61000", "2014-09-30": "1.47000", "2014-06-30": "1.47000", "2014-03-31": "1.20000", "2013-12-31": "1.44000", "2013-09-30": "1.23000", "2013-06-30": "1.13000", "2013-03-31": "1.07000", "2012-12-31": "1.23000", "2012-09-30": "1.14000", "2012-06-30": "1.06000", "2012-03-31": "0.96000", "2011-12-31": "0.99000", "2011-09-30": "0.91000", "2011-06-30": "4.08000", "2011-03-31": "0.86000", "2010-12-31": "0.99000", "2010-09-30": "0.82000", "2010-06-30": "0.78000", "2010-03-31": "0.68000", "2009-12-31": "0.88000", "2009-09-30": "0.96000", "2009-06-30": "0.69000", "2009-03-31": "0.57000", "2008-12-31": "0.55000", "2008-09-30": "0.84000", "2008-06-30": "0.89000", "2008-03-31": "0.77000", "2007-12-31": "0.73000", "2007-09-30": "0.75000", "2007-06-30": "0.67000", "2007-03-31": "0.57000", "2006-12-31": "0.53000", "2006-09-30": "0.63000", "2006-06-30": "0.59000", "2006-03-31": "0.51000", "2005-12-31": "0.47000", "2005-09-30": "0.45000", "2005-06-30": "0.47000", "2005-03-31": "0.46000"}}, "balance sheet": {"Cash On Hand": {"2020-12-31": "673.10000", "2019-12-31": "199.50000", "2018-12-31": "142.50000", "2017-12-31": "70.90000", "2016-12-31": "98.60000", "2015-12-31": "85.10000", "2014-12-31": "141.40000", "2013-12-31": "66.00000", "2012-12-31": "45.80000", "2011-12-31": "49.40000", "2010-12-31": "75.10000", "2009-12-31": "26.10000", "2008-12-31": "20.40000", "2007-12-31": "13.40000", "2006-12-31": "13.00000", "2005-12-31": "9.30000"}, "Receivables": {"2020-12-31": "624.10000", "2019-12-31": "660.90000", "2018-12-31": "561.80000", "2017-12-31": "478.10000", "2016-12-31": "383.70000", "2015-12-31": "373.00000", "2014-12-31": "400.70000", "2013-12-31": "378.00000", "2012-12-31": "350.30000", "2011-12-31": "270.00000", "2010-12-31": "254.80000", "2009-12-31": "228.70000", "2008-12-31": "281.40000", "2007-12-31": "241.10000", "2006-12-31": "226.10000", "2005-12-31": "167.60000"}, "Inventory": {"2020-12-31": "347.30000", "2019-12-31": "393.40000", "2018-12-31": "364.30000", "2017-12-31": "400.20000", "2016-12-31": "314.20000", "2015-12-31": "309.20000", "2014-12-31": "311.80000", "2013-12-31": "294.30000", "2012-12-31": "281.20000", "2011-12-31": "219.40000", "2010-12-31": "172.30000", "2009-12-31": "164.80000", "2008-12-31": "207.00000", "2007-12-31": "174.60000", "2006-12-31": "155.80000", "2005-12-31": "117.30000"}, "Pre-Paid Expenses": {"2020-12-31": "78.10000", "2019-12-31": "59.90000", "2018-12-31": "45.80000", "2017-12-31": "62.70000", "2016-12-31": "49.70000", "2015-12-31": "59.50000", "2014-12-31": "87.80000", "2013-12-31": "60.80000", "2012-12-31": "67.50000", "2011-12-31": "28.80000", "2010-12-31": "42.30000", "2009-12-31": "32.60000", "2008-12-31": "41.60000", "2007-12-31": "13.10000", "2006-12-31": "17.50000", "2005-12-31": "11.90000"}, "Other Current Assets": {"2020-12-31": "", "2019-12-31": "", "2018-12-31": "", "2017-12-31": "", "2016-12-31": "", "2015-12-31": "", "2014-12-31": "", "2013-12-31": "", "2012-12-31": "", "2011-12-31": "", "2010-12-31": "", "2009-12-31": "", "2008-12-31": "", "2007-12-31": "", "2006-12-31": "", "2005-12-31": ""}, "Total Current Assets": {"2020-12-31": "1722.60000", "2019-12-31": "1313.70000", "2018-12-31": "1114.40000", "2017-12-31": "1011.90000", "2016-12-31": "846.20000", "2015-12-31": "826.80000", "2014-12-31": "941.70000", "2013-12-31": "799.10000", "2012-12-31": "744.80000", "2011-12-31": "602.70000", "2010-12-31": "648.00000", "2009-12-31": "568.60000", "2008-12-31": "593.00000", "2007-12-31": "476.70000", "2006-12-31": "446.80000", "2005-12-31": "331.50000"}, "Property, Plant, And Equipment": {"2020-12-31": "489.30000", "2019-12-31": "487.90000", "2018-12-31": "442.60000", "2017-12-31": "442.80000", "2016-12-31": "340.80000", "2015-12-31": "321.30000", "2014-12-31": "336.50000", "2013-12-31": "357.70000", "2012-12-31": "349.50000", "2011-12-31": "254.60000", "2010-12-31": "203.40000", "2009-12-31": "187.90000", "2008-12-31": "202.60000", "2007-12-31": "177.20000", "2006-12-31": "164.80000", "2005-12-31": "96.70000"}, "Long-Term Investments": {"2020-12-31": "", "2019-12-31": "", "2018-12-31": "", "2017-12-31": "", "2016-12-31": "", "2015-12-31": "", "2014-12-31": "", "2013-12-31": "", "2012-12-31": "", "2011-12-31": "", "2010-12-31": "", "2009-12-31": "", "2008-12-31": "", "2007-12-31": "", "2006-12-31": "", "2005-12-31": ""}, "Goodwill And Intangible Assets": {"2020-12-31": "2559.70000", "2019-12-31": "2481.30000", "2018-12-31": "2079.50000", "2017-12-31": "2175.60000", "2016-12-31": "1428.10000", "2015-12-31": "1383.50000", "2014-12-31": "1428.20000", "2013-12-31": "1308.70000", "2012-12-31": "1255.90000", "2011-12-31": "899.20000", "2010-12-31": "660.20000", "2009-12-31": "611.10000", "2008-12-31": "619.50000", "2007-12-31": "413.30000", "2006-12-31": "383.00000", "2005-12-31": "230.60000"}, "Other Long-Term Assets": {"2020-12-31": "245.30000", "2019-12-31": "98.00000", "2018-12-31": "84.60000", "2017-12-31": "88.90000", "2016-12-31": "70.80000", "2015-12-31": "74.50000", "2014-12-31": "69.50000", "2013-12-31": "63.60000", "2012-12-31": "56.20000", "2011-12-31": "69.60000", "2010-12-31": "46.20000", "2009-12-31": "36.30000", "2008-12-31": "30.20000", "2007-12-31": "35.30000", "2006-12-31": "28.20000", "2005-12-31": "26.50000"}, "Total Long-Term Assets": {"2020-12-31": "3346.00000", "2019-12-31": "3266.10000", "2018-12-31": "2694.90000", "2017-12-31": "2834.50000", "2016-12-31": "1928.20000", "2015-12-31": "1890.30000", "2014-12-31": "1920.50000", "2013-12-31": "1952.00000", "2012-12-31": "1661.60000", "2011-12-31": "1223.40000", "2010-12-31": "909.80000", "2009-12-31": "852.90000", "2008-12-31": "941.50000", "2007-12-31": "682.70000", "2006-12-31": "614.60000", "2005-12-31": "396.70000"}, "Total Assets": {"2020-12-31": "5068.60000", "2019-12-31": "4579.80000", "2018-12-31": "3809.30000", "2017-12-31": "3846.40000", "2016-12-31": "2774.40000", "2015-12-31": "2717.10000", "2014-12-31": "2862.20000", "2013-12-31": "2751.10000", "2012-12-31": "2406.40000", "2011-12-31": "1826.10000", "2010-12-31": "1557.80000", "2009-12-31": "1421.50000", "2008-12-31": "1534.50000", "2007-12-31": "1159.40000", "2006-12-31": "1061.40000", "2005-12-31": "728.20000"}, "Total Current Liabilities": {"2020-12-31": "760.90000", "2019-12-31": "763.20000", "2018-12-31": "720.80000", "2017-12-31": "540.60000", "2016-12-31": "501.80000", "2015-12-31": "393.60000", "2014-12-31": "539.00000", "2013-12-31": "418.10000", "2012-12-31": "407.30000", "2011-12-31": "334.20000", "2010-12-31": "341.20000", "2009-12-31": "326.00000", "2008-12-31": "311.70000", "2007-12-31": "263.00000", "2006-12-31": "230.40000", "2005-12-31": "177.50000"}, "Long Term Debt": {"2020-12-31": "680.90000", "2019-12-31": "750.00000", "2018-12-31": "610.10000", "2017-12-31": "1069.30000", "2016-12-31": "515.80000", "2015-12-31": "761.50000", "2014-12-31": "618.90000", "2013-12-31": "549.00000", "2012-12-31": "556.20000", "2011-12-31": "311.40000", "2010-12-31": "265.30000", "2009-12-31": "251.60000", "2008-12-31": "332.10000", "2007-12-31": "142.40000", "2006-12-31": "230.70000", "2005-12-31": "47.00000"}, "Other Non-Current Liabilities": {"2020-12-31": "398.20000", "2019-12-31": "232.60000", "2018-12-31": "248.70000", "2017-12-31": "289.20000", "2016-12-31": "202.40000", "2015-12-31": "217.90000", "2014-12-31": "235.80000", "2013-12-31": "265.30000", "2012-12-31": "239.50000", "2011-12-31": "117.20000", "2010-12-31": "85.70000", "2009-12-31": "81.00000", "2008-12-31": "110.90000", "2007-12-31": "126.60000", "2006-12-31": "105.70000", "2005-12-31": "87.00000"}, "Total Long Term Liabilities": {"2020-12-31": "1079.10000", "2019-12-31": "1101.90000", "2018-12-31": "858.80000", "2017-12-31": "1358.50000", "2016-12-31": "718.20000", "2015-12-31": "979.40000", "2014-12-31": "854.70000", "2013-12-31": "814.30000", "2012-12-31": "795.70000", "2011-12-31": "507.80000", "2010-12-31": "429.60000", "2009-12-31": "428.10000", "2008-12-31": "715.90000", "2007-12-31": "366.20000", "2006-12-31": "399.20000", "2005-12-31": "224.70000"}, "Total Liabilities": {"2020-12-31": "1840.00000", "2019-12-31": "1865.10000", "2018-12-31": "1579.60000", "2017-12-31": "1899.10000", "2016-12-31": "1220.00000", "2015-12-31": "1373.00000", "2014-12-31": "1393.70000", "2013-12-31": "1232.40000", "2012-12-31": "1203.00000", "2011-12-31": "842.00000", "2010-12-31": "770.80000", "2009-12-31": "754.10000", "2008-12-31": "1027.60000", "2007-12-31": "629.20000", "2006-12-31": "629.60000", "2005-12-31": "402.20000"}, "Common Stock Net": {"2020-12-31": "", "2019-12-31": "0.40000", "2018-12-31": "0.40000", "2017-12-31": "0.40000", "2016-12-31": "0.40000", "2015-12-31": "0.40000", "2014-12-31": "0.40000", "2013-12-31": "0.40000", "2012-12-31": "0.40000", "2011-12-31": "0.40000", "2010-12-31": "0.40000", "2009-12-31": "0.40000", "2008-12-31": "0.40000", "2007-12-31": "0.40000", "2006-12-31": "0.30000", "2005-12-31": "0.30000"}, "Retained Earnings (Accumulated Deficit)": {"2020-12-31": "", "2019-12-31": "2926.00000", "2018-12-31": "2523.70000", "2017-12-31": "2139.60000", "2016-12-31": "1912.40000", "2015-12-31": "1721.50000", "2014-12-31": "1525.70000", "2013-12-31": "1308.00000", "2012-12-31": "1123.00000", "2011-12-31": "958.90000", "2010-12-31": "703.70000", "2009-12-31": "583.20000", "2008-12-31": "471.20000", "2007-12-31": "384.10000", "2006-12-31": "285.80000", "2005-12-31": "205.50000"}, "Comprehensive Income": {"2020-12-31": "", "2019-12-31": "-475.80000", "2018-12-31": "-493.20000", "2017-12-31": "-329.30000", "2016-12-31": "-451.20000", "2015-12-31": "-413.20000", "2014-12-31": "-323.20000", "2013-12-31": "-165.50000", "2012-12-31": "-273.40000", "2011-12-31": "-241.10000", "2010-12-31": "-185.60000", "2009-12-31": "-171.80000", "2008-12-31": "-205.80000", "2007-12-31": "-61.20000", "2006-12-31": "-42.30000", "2005-12-31": "-39.20000"}, "Other Share Holders Equity": {"2020-12-31": "", "2019-12-31": "", "2018-12-31": "", "2017-12-31": "", "2016-12-31": "", "2015-12-31": "", "2014-12-31": "", "2013-12-31": "", "2012-12-31": "", "2011-12-31": "", "2010-12-31": "", "2009-12-31": "", "2008-12-31": "", "2007-12-31": "", "2006-12-31": "", "2005-12-31": ""}, "Share Holder Equity": {"2020-12-31": "3228.60000", "2019-12-31": "2714.70000", "2018-12-31": "2229.70000", "2017-12-31": "1947.30000", "2016-12-31": "1554.40000", "2015-12-31": "1344.10000", "2014-12-31": "1468.50000", "2013-12-31": "1518.70000", "2012-12-31": "1203.40000", "2011-12-31": "984.10000", "2010-12-31": "787.00000", "2009-12-31": "667.40000", "2008-12-31": "506.90000", "2007-12-31": "530.20000", "2006-12-31": "431.80000", "2005-12-31": "326.00000"}, "Total Liabilities And Share Holders Equity": {"2020-12-31": "5068.60000", "2019-12-31": "4579.80000", "2018-12-31": "3809.30000", "2017-12-31": "3846.40000", "2016-12-31": "2774.40000", "2015-12-31": "2717.10000", "2014-12-31": "2862.20000", "2013-12-31": "2751.10000", "2012-12-31": "2406.40000", "2011-12-31": "1826.10000", "2010-12-31": "1557.80000", "2009-12-31": "1421.50000", "2008-12-31": "1534.50000", "2007-12-31": "1159.40000", "2006-12-31": "1061.40000", "2005-12-31": "728.20000"}}, "balance sheet, quarterly": {"Cash On Hand": {"2020-12-31": "673.10000", "2020-09-30": "454.50000", "2020-06-30": "382.80000", "2020-03-31": "231.40000", "2019-12-31": "199.50000", "2019-09-30": "128.50000", "2019-06-30": "108.10000", "2019-03-31": "106.20000", "2018-12-31": "142.50000", "2018-09-30": "126.10000", "2018-06-30": "101.40000", "2018-03-31": "79.90000", "2017-12-31": "70.90000", "2017-09-30": "82.50000", "2017-06-30": "81.70000", "2017-03-31": "69.70000", "2016-12-31": "98.60000", "2016-09-30": "119.00000", "2016-06-30": "91.20000", "2016-03-31": "83.20000", "2015-12-31": "85.10000", "2015-09-30": "71.50000", "2015-06-30": "61.30000", "2015-03-31": "110.20000", "2014-12-31": "141.40000", "2014-09-30": "125.80000", "2014-06-30": "103.40000", "2014-03-31": "73.70000", "2013-12-31": "66.00000", "2013-09-30": "88.70000", "2013-06-30": "70.10000", "2013-03-31": "49.00000", "2012-12-31": "45.80000", "2012-09-30": "24.20000", "2012-06-30": "26.10000", "2012-03-31": "84.90000", "2011-12-31": "49.40000", "2011-09-30": "37.90000", "2011-06-30": "33.20000", "2011-03-31": "29.90000", "2010-12-31": "75.10000", "2010-09-30": "27.10000", "2010-06-30": "36.50000", "2010-03-31": "30.40000", "2009-12-31": "26.10000", "2009-09-30": "21.60000", "2009-06-30": "24.10000", "2009-03-31": "21.80000", "2008-12-31": "20.40000", "2008-09-30": "14.80000", "2008-06-30": "17.70000", "2008-03-31": "21.20000", "2007-12-31": "13.40000", "2007-09-30": "16.10000", "2007-06-30": "12.20000", "2007-03-31": "16.30000", "2006-12-31": "13.00000", "2006-09-30": "27.40000", "2006-06-30": "7.90000", "2006-03-31": "9.20000", "2005-12-31": "9.30000", "2005-09-30": "12.80000", "2005-06-30": "12.30000", "2005-03-31": "12.20000"}, "Receivables": {"2020-12-31": "624.10000", "2020-09-30": "650.20000", "2020-06-30": "653.00000", "2020-03-31": "668.10000", "2019-12-31": "660.90000", "2019-09-30": "643.70000", "2019-06-30": "608.80000", "2019-03-31": "564.40000", "2018-12-31": "561.80000", "2018-09-30": "551.80000", "2018-06-30": "539.10000", "2018-03-31": "534.80000", "2017-12-31": "478.10000", "2017-09-30": "466.00000", "2017-06-30": "467.10000", "2017-03-31": "444.80000", "2016-12-31": "383.70000", "2016-09-30": "371.50000", "2016-06-30": "367.60000", "2016-03-31": "371.80000", "2015-12-31": "373.00000", "2015-09-30": "382.00000", "2015-06-30": "395.60000", "2015-03-31": "389.10000", "2014-12-31": "400.70000", "2014-09-30": "374.40000", "2014-06-30": "376.30000", "2014-03-31": "376.90000", "2013-12-31": "378.00000", "2013-09-30": "368.90000", "2013-06-30": "346.70000", "2013-03-31": "372.10000", "2012-12-31": "350.30000", "2012-09-30": "349.50000", "2012-06-30": "312.80000", "2012-03-31": "292.50000", "2011-12-31": "270.00000", "2011-09-30": "281.00000", "2011-06-30": "280.60000", "2011-03-31": "301.10000", "2010-12-31": "254.80000", "2010-09-30": "277.50000", "2010-06-30": "270.00000", "2010-03-31": "270.00000", "2009-12-31": "228.70000", "2009-09-30": "261.70000", "2009-06-30": "271.80000", "2009-03-31": "276.80000", "2008-12-31": "281.40000", "2008-09-30": "293.10000", "2008-06-30": "284.50000", "2008-03-31": "282.10000", "2007-12-31": "241.10000", "2007-09-30": "236.50000", "2007-06-30": "242.70000", "2007-03-31": "245.60000", "2006-12-31": "226.10000", "2006-09-30": "232.00000", "2006-06-30": "189.00000", "2006-03-31": "183.30000", "2005-12-31": "167.60000", "2005-09-30": "173.30000", "2005-06-30": "165.00000", "2005-03-31": "163.30000"}, "Inventory": {"2020-12-31": "347.30000", "2020-09-30": "365.40000", "2020-06-30": "392.30000", "2020-03-31": "401.10000", "2019-12-31": "393.40000", "2019-09-30": "404.40000", "2019-06-30": "390.40000", "2019-03-31": "393.00000", "2018-12-31": "364.30000", "2018-09-30": "377.60000", "2018-06-30": "380.00000", "2018-03-31": "381.80000", "2017-12-31": "400.20000", "2017-09-30": "431.90000", "2017-06-30": "435.70000", "2017-03-31": "415.60000", "2016-12-31": "314.20000", "2016-09-30": "325.00000", "2016-06-30": "319.00000", "2016-03-31": "322.00000", "2015-12-31": "309.20000", "2015-09-30": "331.50000", "2015-06-30": "330.20000", "2015-03-31": "323.40000", "2014-12-31": "311.80000", "2014-09-30": "310.90000", "2014-06-30": "318.10000", "2014-03-31": "307.60000", "2013-12-31": "294.30000", "2013-09-30": "304.00000", "2013-06-30": "293.70000", "2013-03-31": "304.50000", "2012-12-31": "281.20000", "2012-09-30": "287.60000", "2012-06-30": "249.40000", "2012-03-31": "238.70000", "2011-12-31": "219.40000", "2011-09-30": "229.80000", "2011-06-30": "230.40000", "2011-03-31": "214.80000", "2010-12-31": "172.30000", "2010-09-30": "208.50000", "2010-06-30": "191.30000", "2010-03-31": "201.10000", "2009-12-31": "164.80000", "2009-09-30": "192.00000", "2009-06-30": "197.60000", "2009-03-31": "205.00000", "2008-12-31": "207.00000", "2008-09-30": "216.90000", "2008-06-30": "207.60000", "2008-03-31": "204.20000", "2007-12-31": "174.60000", "2007-09-30": "182.70000", "2007-06-30": "184.90000", "2007-03-31": "166.40000", "2006-12-31": "155.80000", "2006-09-30": "158.30000", "2006-06-30": "146.60000", "2006-03-31": "137.70000", "2005-12-31": "117.30000", "2005-09-30": "114.90000", "2005-06-30": "108.90000", "2005-03-31": "108.10000"}, "Pre-Paid Expenses": {"2020-12-31": "78.10000", "2020-09-30": "65.00000", "2020-06-30": "55.70000", "2020-03-31": "63.20000", "2019-12-31": "59.90000", "2019-09-30": "61.50000", "2019-06-30": "53.70000", "2019-03-31": "53.90000", "2018-12-31": "45.80000", "2018-09-30": "54.10000", "2018-06-30": "57.00000", "2018-03-31": "63.70000", "2017-12-31": "62.70000", "2017-09-30": "60.60000", "2017-06-30": "54.20000", "2017-03-31": "55.00000", "2016-12-31": "49.70000", "2016-09-30": "35.70000", "2016-06-30": "40.90000", "2016-03-31": "56.40000", "2015-12-31": "59.50000", "2015-09-30": "33.70000", "2015-06-30": "41.50000", "2015-03-31": "36.60000", "2014-12-31": "87.80000", "2014-09-30": "66.60000", "2014-06-30": "60.70000", "2014-03-31": "63.00000", "2013-12-31": "60.80000", "2013-09-30": "51.20000", "2013-06-30": "33.90000", "2013-03-31": "34.50000", "2012-12-31": "67.50000", "2012-09-30": "30.40000", "2012-06-30": "19.50000", "2012-03-31": "19.90000", "2011-12-31": "28.80000", "2011-09-30": "17.60000", "2011-06-30": "18.00000", "2011-03-31": "38.70000", "2010-12-31": "42.30000", "2010-09-30": "18.60000", "2010-06-30": "26.20000", "2010-03-31": "18.90000", "2009-12-31": "32.60000", "2009-09-30": "32.40000", "2009-06-30": "19.60000", "2009-03-31": "20.70000", "2008-12-31": "41.60000", "2008-09-30": "29.40000", "2008-06-30": "15.60000", "2008-03-31": "15.90000", "2007-12-31": "13.10000", "2007-09-30": "13.50000", "2007-06-30": "11.70000", "2007-03-31": "12.50000", "2006-12-31": "17.50000", "2006-09-30": "16.20000", "2006-06-30": "9.90000", "2006-03-31": "14.20000", "2005-12-31": "11.90000", "2005-09-30": "10.20000", "2005-06-30": "9.30000", "2005-03-31": "9.90000"}, "Other Current Assets": {"2020-12-31": "", "2020-09-30": "", "2020-06-30": "", "2020-03-31": "", "2019-12-31": "", "2019-09-30": "", "2019-06-30": "", "2019-03-31": "", "2018-12-31": "", "2018-09-30": "", "2018-06-30": "", "2018-03-31": "", "2017-12-31": "", "2017-09-30": "", "2017-06-30": "", "2017-03-31": "", "2016-12-31": "", "2016-09-30": "", "2016-06-30": "", "2016-03-31": "", "2015-12-31": "", "2015-09-30": "", "2015-06-30": "", "2015-03-31": "", "2014-12-31": "", "2014-09-30": "", "2014-06-30": "", "2014-03-31": "", "2013-12-31": "", "2013-09-30": "", "2013-06-30": "", "2013-03-31": "", "2012-12-31": "", "2012-09-30": "", "2012-06-30": "", "2012-03-31": "", "2011-12-31": "", "2011-09-30": "", "2011-06-30": "", "2011-03-31": "", "2010-12-31": "", "2010-09-30": "", "2010-06-30": "", "2010-03-31": "", "2009-12-31": "", "2009-09-30": "", "2009-06-30": "", "2009-03-31": "", "2008-12-31": "", "2008-09-30": "", "2008-06-30": "", "2008-03-31": "", "2007-12-31": "", "2007-09-30": "", "2007-06-30": "", "2007-03-31": "", "2006-12-31": "", "2006-09-30": "", "2006-06-30": "", "2006-03-31": "", "2005-12-31": "", "2005-09-30": "", "2005-06-30": "", "2005-03-31": ""}, "Total Current Assets": {"2020-12-31": "1722.60000", "2020-09-30": "1535.10000", "2020-06-30": "1483.80000", "2020-03-31": "1363.80000", "2019-12-31": "1313.70000", "2019-09-30": "1238.10000", "2019-06-30": "1161.00000", "2019-03-31": "1117.50000", "2018-12-31": "1114.40000", "2018-09-30": "1109.60000", "2018-06-30": "1077.50000", "2018-03-31": "1060.20000", "2017-12-31": "1011.90000", "2017-09-30": "1041.00000", "2017-06-30": "1038.70000", "2017-03-31": "985.10000", "2016-12-31": "846.20000", "2016-09-30": "851.20000", "2016-06-30": "830.50000", "2016-03-31": "833.40000", "2015-12-31": "826.80000", "2015-09-30": "866.50000", "2015-06-30": "874.00000", "2015-03-31": "901.30000", "2014-12-31": "941.70000", "2014-09-30": "877.70000", "2014-06-30": "858.50000", "2014-03-31": "821.20000", "2013-12-31": "799.10000", "2013-09-30": "842.90000", "2013-06-30": "778.30000", "2013-03-31": "793.80000", "2012-12-31": "744.80000", "2012-09-30": "735.00000", "2012-06-30": "648.10000", "2012-03-31": "674.30000", "2011-12-31": "602.70000", "2011-09-30": "598.30000", "2011-06-30": "593.20000", "2011-03-31": "690.10000", "2010-12-31": "648.00000", "2010-09-30": "567.20000", "2010-06-30": "562.00000", "2010-03-31": "558.60000", "2009-12-31": "568.60000", "2009-09-30": "541.60000", "2009-06-30": "546.30000", "2009-03-31": "564.20000", "2008-12-31": "593.00000", "2008-09-30": "595.90000", "2008-06-30": "561.50000", "2008-03-31": "560.00000", "2007-12-31": "476.70000", "2007-09-30": "484.80000", "2007-06-30": "486.70000", "2007-03-31": "476.80000", "2006-12-31": "446.80000", "2006-09-30": "468.50000", "2006-06-30": "378.50000", "2006-03-31": "371.70000", "2005-12-31": "331.50000", "2005-09-30": "341.60000", "2005-06-30": "325.20000", "2005-03-31": "319.60000"}, "Property, Plant, And Equipment": {"2020-12-31": "489.30000", "2020-09-30": "475.70000", "2020-06-30": "475.40000", "2020-03-31": "475.50000", "2019-12-31": "487.90000", "2019-09-30": "468.20000", "2019-06-30": "450.90000", "2019-03-31": "450.70000", "2018-12-31": "442.60000", "2018-09-30": "446.10000", "2018-06-30": "446.10000", "2018-03-31": "441.90000", "2017-12-31": "442.80000", "2017-09-30": "452.10000", "2017-06-30": "446.90000", "2017-03-31": "443.00000", "2016-12-31": "340.80000", "2016-09-30": "319.40000", "2016-06-30": "321.90000", "2016-03-31": "322.80000", "2015-12-31": "321.30000", "2015-09-30": "321.50000", "2015-06-30": "331.30000", "2015-03-31": "329.10000", "2014-12-31": "336.50000", "2014-09-30": "335.10000", "2014-06-30": "346.50000", "2014-03-31": "351.10000", "2013-12-31": "357.70000", "2013-09-30": "361.00000", "2013-06-30": "354.40000", "2013-03-31": "351.20000", "2012-12-31": "349.50000", "2012-09-30": "343.10000", "2012-06-30": "289.30000", "2012-03-31": "265.10000", "2011-12-31": "254.60000", "2011-09-30": "251.80000", "2011-06-30": "255.60000", "2011-03-31": "255.30000", "2010-12-31": "203.40000", "2010-09-30": "215.40000", "2010-06-30": "199.90000", "2010-03-31": "202.50000", "2009-12-31": "187.90000", "2009-09-30": "206.20000", "2009-06-30": "205.00000", "2009-03-31": "206.40000", "2008-12-31": "202.60000", "2008-09-30": "196.30000", "2008-06-30": "188.80000", "2008-03-31": "187.20000", "2007-12-31": "177.20000", "2007-09-30": "175.10000", "2007-06-30": "174.30000", "2007-03-31": "171.40000", "2006-12-31": "164.80000", "2006-09-30": "171.50000", "2006-06-30": "99.90000", "2006-03-31": "99.70000", "2005-12-31": "96.70000", "2005-09-30": "94.60000", "2005-06-30": "95.90000", "2005-03-31": "88.50000"}, "Long-Term Investments": {"2020-12-31": "", "2020-09-30": "", "2020-06-30": "", "2020-03-31": "", "2019-12-31": "", "2019-09-30": "", "2019-06-30": "", "2019-03-31": "", "2018-12-31": "", "2018-09-30": "", "2018-06-30": "", "2018-03-31": "", "2017-12-31": "", "2017-09-30": "", "2017-06-30": "", "2017-03-31": "", "2016-12-31": "", "2016-09-30": "", "2016-06-30": "", "2016-03-31": "", "2015-12-31": "", "2015-09-30": "", "2015-06-30": "", "2015-03-31": "", "2014-12-31": "", "2014-09-30": "", "2014-06-30": "", "2014-03-31": "", "2013-12-31": "", "2013-09-30": "", "2013-06-30": "", "2013-03-31": "", "2012-12-31": "", "2012-09-30": "", "2012-06-30": "", "2012-03-31": "", "2011-12-31": "", "2011-09-30": "", "2011-06-30": "", "2011-03-31": "", "2010-12-31": "", "2010-09-30": "", "2010-06-30": "", "2010-03-31": "", "2009-12-31": "", "2009-09-30": "", "2009-06-30": "", "2009-03-31": "", "2008-12-31": "", "2008-09-30": "", "2008-06-30": "", "2008-03-31": "", "2007-12-31": "", "2007-09-30": "", "2007-06-30": "", "2007-03-31": "", "2006-12-31": "", "2006-09-30": "", "2006-06-30": "", "2006-03-31": "", "2005-12-31": "", "2005-09-30": "", "2005-06-30": "", "2005-03-31": ""}, "Goodwill And Intangible Assets": {"2020-12-31": "2559.70000", "2020-09-30": "2500.10000", "2020-06-30": "2470.50000", "2020-03-31": "2465.50000", "2019-12-31": "2481.30000", "2019-09-30": "2447.70000", "2019-06-30": "2267.90000", "2019-03-31": "2274.10000", "2018-12-31": "2079.50000", "2018-09-30": "2113.30000", "2018-06-30": "2127.50000", "2018-03-31": "2193.30000", "2017-12-31": "2175.60000", "2017-09-30": "2157.10000", "2017-06-30": "2109.20000", "2017-03-31": "2073.70000", "2016-12-31": "1428.10000", "2016-09-30": "1421.20000", "2016-06-30": "1432.60000", "2016-03-31": "1391.90000", "2015-12-31": "1383.50000", "2015-09-30": "1402.90000", "2015-06-30": "1432.20000", "2015-03-31": "1398.50000", "2014-12-31": "1428.20000", "2014-09-30": "1272.50000", "2014-06-30": "1301.20000", "2014-03-31": "1293.90000", "2013-12-31": "1308.70000", "2013-09-30": "1304.50000", "2013-06-30": "1277.20000", "2013-03-31": "1294.90000", "2012-12-31": "1255.90000", "2012-09-30": "1267.70000", "2012-06-30": "997.30000", "2012-03-31": "926.40000", "2011-12-31": "899.20000", "2011-09-30": "905.20000", "2011-06-30": "919.20000", "2011-03-31": "927.80000", "2010-12-31": "660.20000", "2010-09-30": "667.40000", "2010-06-30": "606.00000", "2010-03-31": "603.80000", "2009-12-31": "611.10000", "2009-09-30": "618.30000", "2009-06-30": "619.30000", "2009-03-31": "610.10000", "2008-12-31": "619.50000", "2008-09-30": "600.20000", "2008-06-30": "574.00000", "2008-03-31": "547.70000", "2007-12-31": "413.30000", "2007-09-30": "411.80000", "2007-06-30": "414.50000", "2007-03-31": "409.40000", "2006-12-31": "383.00000", "2006-09-30": "372.50000", "2006-06-30": "263.40000", "2006-03-31": "254.50000", "2005-12-31": "230.60000", "2005-09-30": "232.00000", "2005-06-30": "199.90000", "2005-03-31": "187.20000"}, "Other Long-Term Assets": {"2020-12-31": "245.30000", "2020-09-30": "111.20000", "2020-06-30": "105.00000", "2020-03-31": "79.60000", "2019-12-31": "98.00000", "2019-09-30": "87.40000", "2019-06-30": "89.40000", "2019-03-31": "90.30000", "2018-12-31": "84.60000", "2018-09-30": "86.20000", "2018-06-30": "84.00000", "2018-03-31": "87.20000", "2017-12-31": "88.90000", "2017-09-30": "87.50000", "2017-06-30": "82.40000", "2017-03-31": "75.50000", "2016-12-31": "70.80000", "2016-09-30": "71.00000", "2016-06-30": "71.00000", "2016-03-31": "72.00000", "2015-12-31": "74.50000", "2015-09-30": "71.90000", "2015-06-30": "68.30000", "2015-03-31": "69.50000", "2014-12-31": "69.50000", "2014-09-30": "69.00000", "2014-06-30": "67.30000", "2014-03-31": "65.50000", "2013-12-31": "63.60000", "2013-09-30": "112.30000", "2013-06-30": "104.20000", "2013-03-31": "90.50000", "2012-12-31": "56.20000", "2012-09-30": "88.20000", "2012-06-30": "54.20000", "2012-03-31": "73.80000", "2011-12-31": "69.60000", "2011-09-30": "61.80000", "2011-06-30": "71.10000", "2011-03-31": "70.00000", "2010-12-31": "46.20000", "2010-09-30": "50.00000", "2010-06-30": "54.30000", "2010-03-31": "47.80000", "2009-12-31": "36.30000", "2009-09-30": "34.50000", "2009-06-30": "33.40000", "2009-03-31": "30.40000", "2008-12-31": "30.20000", "2008-09-30": "35.50000", "2008-06-30": "37.40000", "2008-03-31": "36.80000", "2007-12-31": "35.30000", "2007-09-30": "34.20000", "2007-06-30": "29.40000", "2007-03-31": "28.00000", "2006-12-31": "28.20000", "2006-09-30": "28.80000", "2006-06-30": "26.00000", "2006-03-31": "26.30000", "2005-12-31": "26.50000", "2005-09-30": "27.20000", "2005-06-30": "27.00000", "2005-03-31": "29.10000"}, "Total Long-Term Assets": {"2020-12-31": "3346.00000", "2020-09-30": "3301.90000", "2020-06-30": "3254.40000", "2020-03-31": "3221.20000", "2019-12-31": "3266.10000", "2019-09-30": "3241.50000", "2019-06-30": "3039.20000", "2019-03-31": "3044.20000", "2018-12-31": "2694.90000", "2018-09-30": "2803.60000", "2018-06-30": "2805.40000", "2018-03-31": "2859.90000", "2017-12-31": "2834.50000", "2017-09-30": "2806.50000", "2017-06-30": "2741.40000", "2017-03-31": "2687.90000", "2016-12-31": "1928.20000", "2016-09-30": "1942.50000", "2016-06-30": "1950.00000", "2016-03-31": "1904.50000", "2015-12-31": "1890.30000", "2015-09-30": "1904.50000", "2015-06-30": "1933.10000", "2015-03-31": "1891.80000", "2014-12-31": "1920.50000", "2014-09-30": "1915.20000", "2014-06-30": "1947.70000", "2014-03-31": "1939.00000", "2013-12-31": "1952.00000", "2013-09-30": "1777.80000", "2013-06-30": "1735.80000", "2013-03-31": "1736.60000", "2012-12-31": "1661.60000", "2012-09-30": "1699.00000", "2012-06-30": "1340.80000", "2012-03-31": "1265.30000", "2011-12-31": "1223.40000", "2011-09-30": "1246.00000", "2011-06-30": "1274.40000", "2011-03-31": "1253.10000", "2010-12-31": "909.80000", "2010-09-30": "960.70010", "2010-06-30": "894.00000", "2010-03-31": "886.80000", "2009-12-31": "852.90000", "2009-09-30": "918.50000", "2009-06-30": "938.50000", "2009-03-31": "935.30000", "2008-12-31": "941.50000", "2008-09-30": "863.20000", "2008-06-30": "847.80000", "2008-03-31": "821.60000", "2007-12-31": "682.70000", "2007-09-30": "665.70000", "2007-06-30": "666.40000", "2007-03-31": "648.90000", "2006-12-31": "614.60000", "2006-09-30": "611.30000", "2006-06-30": "434.90000", "2006-03-31": "423.60000", "2005-12-31": "396.70000", "2005-09-30": "385.80000", "2005-06-30": "351.50000", "2005-03-31": "335.40000"}, "Total Assets": {"2020-12-31": "5068.60000", "2020-09-30": "4837.00000", "2020-06-30": "4738.20000", "2020-03-31": "4585.00000", "2019-12-31": "4579.80000", "2019-09-30": "4479.60000", "2019-06-30": "4200.20000", "2019-03-31": "4161.70000", "2018-12-31": "3809.30000", "2018-09-30": "3913.20000", "2018-06-30": "3882.90000", "2018-03-31": "3920.10000", "2017-12-31": "3846.40000", "2017-09-30": "3847.50000", "2017-06-30": "3780.10000", "2017-03-31": "3673.00000", "2016-12-31": "2774.40000", "2016-09-30": "2793.70000", "2016-06-30": "2780.50000", "2016-03-31": "2737.90000", "2015-12-31": "2717.10000", "2015-09-30": "2771.00000", "2015-06-30": "2807.10000", "2015-03-31": "2793.10000", "2014-12-31": "2862.20000", "2014-09-30": "2792.90000", "2014-06-30": "2806.20000", "2014-03-31": "2760.20000", "2013-12-31": "2751.10000", "2013-09-30": "2620.70000", "2013-06-30": "2514.10000", "2013-03-31": "2530.40000", "2012-12-31": "2406.40000", "2012-09-30": "2434.00000", "2012-06-30": "1988.90000", "2012-03-31": "1939.60000", "2011-12-31": "1826.10000", "2011-09-30": "1844.30000", "2011-06-30": "1867.60000", "2011-03-31": "1943.20000", "2010-12-31": "1557.80000", "2010-09-30": "1527.90000", "2010-06-30": "1456.00000", "2010-03-31": "1445.40000", "2009-12-31": "1421.50000", "2009-09-30": "1460.10000", "2009-06-30": "1484.80000", "2009-03-31": "1499.50000", "2008-12-31": "1534.50000", "2008-09-30": "1459.10000", "2008-06-30": "1409.30000", "2008-03-31": "1381.60000", "2007-12-31": "1159.40000", "2007-09-30": "1150.50000", "2007-06-30": "1153.10000", "2007-03-31": "1125.70000", "2006-12-31": "1061.40000", "2006-09-30": "1079.80000", "2006-06-30": "813.40000", "2006-03-31": "795.30000", "2005-12-31": "728.20000", "2005-09-30": "727.40000", "2005-06-30": "676.70000", "2005-03-31": "655.00000"}, "Total Current Liabilities": {"2020-12-31": "760.90000", "2020-09-30": "671.20000", "2020-06-30": "752.20000", "2020-03-31": "759.60000", "2019-12-31": "763.20000", "2019-09-30": "835.50000", "2019-06-30": "711.00000", "2019-03-31": "723.70000", "2018-12-31": "720.80000", "2018-09-30": "588.00000", "2018-06-30": "549.00000", "2018-03-31": "555.20000", "2017-12-31": "540.60000", "2017-09-30": "525.10000", "2017-06-30": "619.80000", "2017-03-31": "599.60000", "2016-12-31": "501.80000", "2016-09-30": "529.00000", "2016-06-30": "402.30000", "2016-03-31": "391.30000", "2015-12-31": "393.60000", "2015-09-30": "411.40000", "2015-06-30": "485.60000", "2015-03-31": "483.90000", "2014-12-31": "539.00000", "2014-09-30": "501.80000", "2014-06-30": "415.90000", "2014-03-31": "396.40000", "2013-12-31": "418.10000", "2013-09-30": "406.60000", "2013-06-30": "402.90000", "2013-03-31": "396.60000", "2012-12-31": "407.30000", "2012-09-30": "394.30000", "2012-06-30": "365.10000", "2012-03-31": "342.20000", "2011-12-31": "334.20000", "2011-09-30": "398.70000", "2011-06-30": "396.40000", "2011-03-31": "368.20000", "2010-12-31": "341.20000", "2010-09-30": "298.70000", "2010-06-30": "276.00000", "2010-03-31": "271.10000", "2009-12-31": "326.00000", "2009-09-30": "284.60000", "2009-06-30": "272.40000", "2009-03-31": "307.60000", "2008-12-31": "311.70000", "2008-09-30": "336.30000", "2008-06-30": "279.10000", "2008-03-31": "284.60000", "2007-12-31": "263.00000", "2007-09-30": "273.10000", "2007-06-30": "265.90000", "2007-03-31": "252.40000", "2006-12-31": "230.40000", "2006-09-30": "247.90000", "2006-06-30": "201.30000", "2006-03-31": "191.60000", "2005-12-31": "177.50000", "2005-09-30": "178.40000", "2005-06-30": "159.80000", "2005-03-31": "160.00000"}, "Long Term Debt": {"2020-12-31": "680.90000", "2020-09-30": "761.10000", "2020-06-30": "750.80000", "2020-03-31": "749.10000", "2019-12-31": "750.00000", "2019-09-30": "719.30000", "2019-06-30": "656.20000", "2019-03-31": "724.60000", "2018-12-31": "610.10000", "2018-09-30": "823.00000", "2018-06-30": "939.80000", "2018-03-31": "1019.20000", "2017-12-31": "1069.30000", "2017-09-30": "1193.20000", "2017-06-30": "1153.50000", "2017-03-31": "1209.60000", "2016-12-31": "515.80000", "2016-09-30": "498.40000", "2016-06-30": "678.20000", "2016-03-31": "707.10000", "2015-12-31": "761.50000", "2015-09-30": "698.40000", "2015-06-30": "678.10000", "2015-03-31": "742.50000", "2014-12-31": "618.90000", "2014-09-30": "492.80000", "2014-06-30": "501.70000", "2014-03-31": "555.10000", "2013-12-31": "549.00000", "2013-09-30": "638.60000", "2013-06-30": "626.20000", "2013-03-31": "695.00000", "2012-12-31": "556.20000", "2012-09-30": "645.60000", "2012-06-30": "330.40000", "2012-03-31": "400.00000", "2011-12-31": "311.40000", "2011-09-30": "287.90000", "2011-06-30": "324.80000", "2011-03-31": "578.60000", "2010-12-31": "265.30000", "2010-09-30": "266.00000", "2010-06-30": "236.50000", "2010-03-31": "260.40000", "2009-12-31": "251.60000", "2009-09-30": "313.10000", "2009-06-30": "333.90000", "2009-03-31": "360.70000", "2008-12-31": "332.10000", "2008-09-30": "287.50000", "2008-06-30": "295.50000", "2008-03-31": "299.50000", "2007-12-31": "142.40000", "2007-09-30": "180.10000", "2007-06-30": "219.20000", "2007-03-31": "243.30000", "2006-12-31": "230.70000", "2006-09-30": "253.80000", "2006-06-30": "44.70000", "2006-03-31": "66.60000", "2005-12-31": "47.00000", "2005-09-30": "73.90000", "2005-06-30": "68.70000", "2005-03-31": "70.10000"}, "Other Non-Current Liabilities": {"2020-12-31": "398.20000", "2020-09-30": "261.70000", "2020-06-30": "243.60000", "2020-03-31": "208.10000", "2019-12-31": "232.60000", "2019-09-30": "231.20000", "2019-06-30": "238.10000", "2019-03-31": "237.90000", "2018-12-31": "248.70000", "2018-09-30": "285.40000", "2018-06-30": "291.40000", "2018-03-31": "289.80000", "2017-12-31": "289.20000", "2017-09-30": "275.80000", "2017-06-30": "275.30000", "2017-03-31": "259.70000", "2016-12-31": "202.40000", "2016-09-30": "221.20000", "2016-06-30": "222.90000", "2016-03-31": "212.50000", "2015-12-31": "217.90000", "2015-09-30": "240.40000", "2015-06-30": "246.80000", "2015-03-31": "237.20000", "2014-12-31": "235.80000", "2014-09-30": "260.60000", "2014-06-30": "263.70000", "2014-03-31": "261.80000", "2013-12-31": "265.30000", "2013-09-30": "192.80000", "2013-06-30": "182.10000", "2013-03-31": "182.80000", "2012-12-31": "239.50000", "2012-09-30": "175.00000", "2012-06-30": "134.10000", "2012-03-31": "120.50000", "2011-12-31": "117.20000", "2011-09-30": "108.70000", "2011-06-30": "117.10000", "2011-03-31": "104.60000", "2010-12-31": "85.70000", "2010-09-30": "134.30000", "2010-06-30": "126.70000", "2010-03-31": "127.20000", "2009-12-31": "81.00000", "2009-09-30": "116.00000", "2009-06-30": "118.00000", "2009-03-31": "117.20000", "2008-12-31": "110.90000", "2008-09-30": "113.60000", "2008-06-30": "128.80000", "2008-03-31": "126.00000", "2007-12-31": "126.60000", "2007-09-30": "107.70000", "2007-06-30": "107.40000", "2007-03-31": "100.90000", "2006-12-31": "105.70000", "2006-09-30": "102.10000", "2006-06-30": "94.50000", "2006-03-31": "89.60000", "2005-12-31": "87.00000", "2005-09-30": "85.40000", "2005-06-30": "75.00000", "2005-03-31": "68.00000"}, "Total Long Term Liabilities": {"2020-12-31": "1079.10000", "2020-09-30": "1139.80000", "2020-06-30": "1106.10000", "2020-03-31": "1072.40000", "2019-12-31": "1101.90000", "2019-09-30": "1073.10000", "2019-06-30": "1016.20000", "2019-03-31": "1088.50000", "2018-12-31": "858.80000", "2018-09-30": "1108.40000", "2018-06-30": "1231.20000", "2018-03-31": "1309.00000", "2017-12-31": "1358.50000", "2017-09-30": "1469.00000", "2017-06-30": "1428.80000", "2017-03-31": "1469.30000", "2016-12-31": "718.20000", "2016-09-30": "719.60000", "2016-06-30": "901.10000", "2016-03-31": "919.60000", "2015-12-31": "979.40000", "2015-09-30": "938.80000", "2015-06-30": "924.90000", "2015-03-31": "979.70000", "2014-12-31": "854.70000", "2014-09-30": "753.40000", "2014-06-30": "765.40000", "2014-03-31": "816.90000", "2013-12-31": "814.30000", "2013-09-30": "854.49990", "2013-06-30": "830.60000", "2013-03-31": "900.30000", "2012-12-31": "795.70000", "2012-09-30": "840.80000", "2012-06-30": "495.10000", "2012-03-31": "550.90000", "2011-12-31": "507.80000", "2011-09-30": "412.20000", "2011-06-30": "457.70000", "2011-03-31": "726.90000", "2010-12-31": "429.60000", "2010-09-30": "469.80000", "2010-06-30": "459.70000", "2010-03-31": "483.60000", "2009-12-31": "428.10000", "2009-09-30": "571.00000", "2009-06-30": "649.30000", "2009-03-31": "669.00000", "2008-12-31": "715.90000", "2008-09-30": "479.30000", "2008-06-30": "525.20000", "2008-03-31": "532.00000", "2007-12-31": "366.20000", "2007-09-30": "359.00000", "2007-06-30": "399.00000", "2007-03-31": "415.60000", "2006-12-31": "399.20000", "2006-09-30": "418.30000", "2006-06-30": "229.70000", "2006-03-31": "247.30000", "2005-12-31": "224.70000", "2005-09-30": "225.70000", "2005-06-30": "214.90000", "2005-03-31": "209.70000"}, "Total Liabilities": {"2020-12-31": "1840.00000", "2020-09-30": "1811.00000", "2020-06-30": "1858.30000", "2020-03-31": "1832.00000", "2019-12-31": "1865.10000", "2019-09-30": "1908.60000", "2019-06-30": "1727.20000", "2019-03-31": "1812.20000", "2018-12-31": "1579.60000", "2018-09-30": "1696.40000", "2018-06-30": "1780.20000", "2018-03-31": "1864.20000", "2017-12-31": "1899.10000", "2017-09-30": "1994.10000", "2017-06-30": "2048.60000", "2017-03-31": "2068.90000", "2016-12-31": "1220.00000", "2016-09-30": "1248.60000", "2016-06-30": "1303.40000", "2016-03-31": "1310.90000", "2015-12-31": "1373.00000", "2015-09-30": "1350.20000", "2015-06-30": "1410.50000", "2015-03-31": "1463.60000", "2014-12-31": "1393.70000", "2014-09-30": "1255.20000", "2014-06-30": "1181.30000", "2014-03-31": "1213.30000", "2013-12-31": "1232.40000", "2013-09-30": "1261.10000", "2013-06-30": "1233.50000", "2013-03-31": "1296.90000", "2012-12-31": "1203.00000", "2012-09-30": "1235.10000", "2012-06-30": "860.20000", "2012-03-31": "893.10000", "2011-12-31": "842.00000", "2011-09-30": "810.90000", "2011-06-30": "854.10000", "2011-03-31": "1095.10000", "2010-12-31": "770.80000", "2010-09-30": "768.50000", "2010-06-30": "735.70000", "2010-03-31": "754.70000", "2009-12-31": "754.10000", "2009-09-30": "855.60000", "2009-06-30": "921.70000", "2009-03-31": "976.60000", "2008-12-31": "1027.60000", "2008-09-30": "815.60000", "2008-06-30": "804.30000", "2008-03-31": "816.60000", "2007-12-31": "629.20000", "2007-09-30": "632.10000", "2007-06-30": "664.90000", "2007-03-31": "668.00000", "2006-12-31": "629.60000", "2006-09-30": "666.20000", "2006-06-30": "431.00000", "2006-03-31": "438.90000", "2005-12-31": "402.20000", "2005-09-30": "404.10000", "2005-06-30": "374.70000", "2005-03-31": "369.70000"}, "Common Stock Net": {"2020-12-31": "", "2020-09-30": "0.40000", "2020-06-30": "0.40000", "2020-03-31": "0.40000", "2019-12-31": "0.40000", "2019-09-30": "0.40000", "2019-06-30": "0.40000", "2019-03-31": "0.40000", "2018-12-31": "0.40000", "2018-09-30": "0.40000", "2018-06-30": "0.40000", "2018-03-31": "0.40000", "2017-12-31": "0.40000", "2017-09-30": "0.40000", "2017-06-30": "0.40000", "2017-03-31": "0.40000", "2016-12-31": "0.40000", "2016-09-30": "0.40000", "2016-06-30": "0.40000", "2016-03-31": "0.40000", "2015-12-31": "0.40000", "2015-09-30": "0.40000", "2015-06-30": "0.40000", "2015-03-31": "0.40000", "2014-12-31": "0.40000", "2014-09-30": "0.40000", "2014-06-30": "0.40000", "2014-03-31": "0.40000", "2013-12-31": "0.40000", "2013-09-30": "0.40000", "2013-06-30": "0.40000", "2013-03-31": "0.40000", "2012-12-31": "0.40000", "2012-09-30": "0.40000", "2012-06-30": "0.40000", "2012-03-31": "0.40000", "2011-12-31": "0.40000", "2011-09-30": "0.40000", "2011-06-30": "0.40000", "2011-03-31": "0.40000", "2010-12-31": "0.40000", "2010-09-30": "0.40000", "2010-06-30": "0.40000", "2010-03-31": "0.40000", "2009-12-31": "0.40000", "2009-09-30": "0.40000", "2009-06-30": "0.40000", "2009-03-31": "0.40000", "2008-12-31": "0.40000", "2008-09-30": "0.40000", "2008-06-30": "0.40000", "2008-03-31": "0.40000", "2007-12-31": "0.40000", "2007-09-30": "0.40000", "2007-06-30": "0.40000", "2007-03-31": "0.30000", "2006-12-31": "0.30000", "2006-09-30": "0.30000", "2006-06-30": "0.30000", "2006-03-31": "0.30000", "2005-12-31": "0.30000", "2005-09-30": "0.30000", "2005-06-30": "0.30000", "2005-03-31": "0.30000"}, "Retained Earnings (Accumulated Deficit)": {"2020-12-31": "", "2020-09-30": "3195.80000", "2020-06-30": "3101.90000", "2020-03-31": "3008.20000", "2019-12-31": "2926.00000", "2019-09-30": "2810.30000", "2019-06-30": "2703.60000", "2019-03-31": "2599.00000", "2018-12-31": "2523.70000", "2018-09-30": "2432.50000", "2018-06-30": "2295.30000", "2018-03-31": "2209.40000", "2017-12-31": "2139.60000", "2017-09-30": "2072.00000", "2017-06-30": "2003.00000", "2017-03-31": "1942.90000", "2016-12-31": "1912.40000", "2016-09-30": "1859.40000", "2016-06-30": "1805.60000", "2016-03-31": "1759.90000", "2015-12-31": "1721.50000", "2015-09-30": "1666.00000", "2015-06-30": "1617.70000", "2015-03-31": "1569.40000", "2014-12-31": "1525.70000", "2014-09-30": "1465.40000", "2014-06-30": "1409.90000", "2014-03-31": "1353.80000", "2013-12-31": "1308.00000", "2013-09-30": "1253.00000", "2013-06-30": "1206.30000", "2013-03-31": "1163.40000", "2012-12-31": "1123.00000", "2012-09-30": "1076.80000", "2012-06-30": "1034.10000", "2012-03-31": "994.60000", "2011-12-31": "958.90000", "2011-09-30": "922.00000", "2011-06-30": "888.00000", "2011-03-31": "735.70000", "2010-12-31": "703.70000", "2010-09-30": "667.10000", "2010-06-30": "636.80000", "2010-03-31": "608.20000", "2009-12-31": "583.20000", "2009-09-30": "551.00000", "2009-06-30": "515.90000", "2009-03-31": "492.00000", "2008-12-31": "471.20000", "2008-09-30": "475.50000", "2008-06-30": "444.60000", "2008-03-31": "412.00000", "2007-12-31": "384.10000", "2007-09-30": "357.50000", "2007-06-30": "330.40000", "2007-03-31": "306.10000", "2006-12-31": "285.80000", "2006-09-30": "266.90000", "2006-06-30": "244.30000", "2006-03-31": "223.40000", "2005-12-31": "205.50000", "2005-09-30": "188.90000", "2005-06-30": "173.20000", "2005-03-31": "157.10000"}, "Comprehensive Income": {"2020-12-31": "", "2020-09-30": "-486.80000", "2020-06-30": "-531.00000", "2020-03-31": "-539.50000", "2019-12-31": "-475.80000", "2019-09-30": "-491.80000", "2019-06-30": "-468.20000", "2019-03-31": "-469.80000", "2018-12-31": "-493.20000", "2018-09-30": "-407.60000", "2018-06-30": "-366.50000", "2018-03-31": "-309.40000", "2017-12-31": "-329.30000", "2017-09-30": "-344.80000", "2017-06-30": "-386.70000", "2017-03-31": "-443.90000", "2016-12-31": "-451.20000", "2016-09-30": "-394.20000", "2016-06-30": "-388.90000", "2016-03-31": "-381.90000", "2015-12-31": "-413.20000", "2015-09-30": "-373.70000", "2015-06-30": "-343.20000", "2015-03-31": "-369.80000", "2014-12-31": "-323.20000", "2014-09-30": "-186.60000", "2014-06-30": "-152.00000", "2014-03-31": "-173.00000", "2013-12-31": "-165.50000", "2013-09-30": "-265.10000", "2013-06-30": "-293.50000", "2013-03-31": "-292.90000", "2012-12-31": "-273.40000", "2012-09-30": "-219.30000", "2012-06-30": "-238.20000", "2012-03-31": "-227.70000", "2011-12-31": "-241.10000", "2011-09-30": "-185.80000", "2011-06-30": "-164.70000", "2011-03-31": "-173.70000", "2010-12-31": "-185.60000", "2010-09-30": "-173.00000", "2010-06-30": "-179.60000", "2010-03-31": "-178.40000", "2009-12-31": "-171.80000", "2009-09-30": "-199.40000", "2009-06-30": "-200.20000", "2009-03-31": "-215.20000", "2008-12-31": "-205.80000", "2008-09-30": "-69.30000", "2008-06-30": "-62.30000", "2008-03-31": "-61.30000", "2007-12-31": "-61.20000", "2007-09-30": "-41.90000", "2007-06-30": "-42.10000", "2007-03-31": "-42.40000", "2006-12-31": "-42.30000", "2006-09-30": "-38.30000", "2006-06-30": "-38.60000", "2006-03-31": "-38.90000", "2005-12-31": "-39.20000", "2005-09-30": "-22.70000", "2005-06-30": "-22.50000", "2005-03-31": "-22.10000"}, "Other Share Holders Equity": {"2020-12-31": "", "2020-09-30": "", "2020-06-30": "", "2020-03-31": "", "2019-12-31": "", "2019-09-30": "", "2019-06-30": "", "2019-03-31": "", "2018-12-31": "", "2018-09-30": "", "2018-06-30": "", "2018-03-31": "", "2017-12-31": "", "2017-09-30": "", "2017-06-30": "", "2017-03-31": "", "2016-12-31": "", "2016-09-30": "", "2016-06-30": "", "2016-03-31": "", "2015-12-31": "", "2015-09-30": "", "2015-06-30": "", "2015-03-31": "", "2014-12-31": "", "2014-09-30": "", "2014-06-30": "", "2014-03-31": "", "2013-12-31": "", "2013-09-30": "", "2013-06-30": "", "2013-03-31": "", "2012-12-31": "", "2012-09-30": "", "2012-06-30": "", "2012-03-31": "", "2011-12-31": "", "2011-09-30": "", "2011-06-30": "", "2011-03-31": "", "2010-12-31": "", "2010-09-30": "", "2010-06-30": "", "2010-03-31": "", "2009-12-31": "", "2009-09-30": "", "2009-06-30": "", "2009-03-31": "", "2008-12-31": "", "2008-09-30": "", "2008-06-30": "", "2008-03-31": "", "2007-12-31": "", "2007-09-30": "", "2007-06-30": "", "2007-03-31": "", "2006-12-31": "", "2006-09-30": "", "2006-06-30": "", "2006-03-31": "", "2005-12-31": "", "2005-09-30": "", "2005-06-30": "", "2005-03-31": ""}, "Share Holder Equity": {"2020-12-31": "3228.60000", "2020-09-30": "3026.00000", "2020-06-30": "2879.90000", "2020-03-31": "2753.00000", "2019-12-31": "2714.70000", "2019-09-30": "2571.00000", "2019-06-30": "2473.00000", "2019-03-31": "2349.50000", "2018-12-31": "2229.70000", "2018-09-30": "2216.80000", "2018-06-30": "2102.70000", "2018-03-31": "2055.90000", "2017-12-31": "1947.30000", "2017-09-30": "1853.40000", "2017-06-30": "1731.50000", "2017-03-31": "1604.10000", "2016-12-31": "1554.40000", "2016-09-30": "1545.10000", "2016-06-30": "1477.10000", "2016-03-31": "1427.00000", "2015-12-31": "1344.10000", "2015-09-30": "1420.80000", "2015-06-30": "1396.60000", "2015-03-31": "1329.50000", "2014-12-31": "1468.50000", "2014-09-30": "1537.70000", "2014-06-30": "1624.90000", "2014-03-31": "1546.90000", "2013-12-31": "1518.70000", "2013-09-30": "1359.60000", "2013-06-30": "1280.60000", "2013-03-31": "1233.50000", "2012-12-31": "1203.40000", "2012-09-30": "1198.90000", "2012-06-30": "1128.70000", "2012-03-31": "1046.50000", "2011-12-31": "984.10000", "2011-09-30": "1033.40000", "2011-06-30": "1013.50000", "2011-03-31": "848.10000", "2010-12-31": "787.00000", "2010-09-30": "759.40000", "2010-06-30": "720.30000", "2010-03-31": "690.70000", "2009-12-31": "667.40000", "2009-09-30": "604.50000", "2009-06-30": "563.10000", "2009-03-31": "522.90000", "2008-12-31": "506.90000", "2008-09-30": "643.50000", "2008-06-30": "605.00000", "2008-03-31": "565.00000", "2007-12-31": "530.20000", "2007-09-30": "518.40000", "2007-06-30": "488.20000", "2007-03-31": "457.70000", "2006-12-31": "431.80000", "2006-09-30": "413.60000", "2006-06-30": "382.40000", "2006-03-31": "356.40000", "2005-12-31": "326.00000", "2005-09-30": "323.30000", "2005-06-30": "302.00000", "2005-03-31": "285.30000"}, "Total Liabilities And Share Holders Equity": {"2020-12-31": "5068.60000", "2020-09-30": "4837.00000", "2020-06-30": "4738.20000", "2020-03-31": "4585.00000", "2019-12-31": "4579.80000", "2019-09-30": "4479.60000", "2019-06-30": "4200.20000", "2019-03-31": "4161.70000", "2018-12-31": "3809.30000", "2018-09-30": "3913.20000", "2018-06-30": "3882.90000", "2018-03-31": "3920.10000", "2017-12-31": "3846.40000", "2017-09-30": "3847.50000", "2017-06-30": "3780.10000", "2017-03-31": "3673.00000", "2016-12-31": "2774.40000", "2016-09-30": "2793.70000", "2016-06-30": "2780.50000", "2016-03-31": "2737.90000", "2015-12-31": "2717.10000", "2015-09-30": "2771.00000", "2015-06-30": "2807.10000", "2015-03-31": "2793.10000", "2014-12-31": "2862.20000", "2014-09-30": "2792.90000", "2014-06-30": "2806.20000", "2014-03-31": "2760.20000", "2013-12-31": "2751.10000", "2013-09-30": "2620.70000", "2013-06-30": "2514.10000", "2013-03-31": "2530.40000", "2012-12-31": "2406.40000", "2012-09-30": "2434.00000", "2012-06-30": "1988.90000", "2012-03-31": "1939.60000", "2011-12-31": "1826.10000", "2011-09-30": "1844.30000", "2011-06-30": "1867.60000", "2011-03-31": "1943.20000", "2010-12-31": "1557.80000", "2010-09-30": "1527.90000", "2010-06-30": "1456.00000", "2010-03-31": "1445.40000", "2009-12-31": "1421.50000", "2009-09-30": "1460.10000", "2009-06-30": "1484.80000", "2009-03-31": "1499.50000", "2008-12-31": "1534.50000", "2008-09-30": "1459.10000", "2008-06-30": "1409.30000", "2008-03-31": "1381.60000", "2007-12-31": "1159.40000", "2007-09-30": "1150.50000", "2007-06-30": "1153.10000", "2007-03-31": "1125.70000", "2006-12-31": "1061.40000", "2006-09-30": "1079.80000", "2006-06-30": "813.40000", "2006-03-31": "795.30000", "2005-12-31": "728.20000", "2005-09-30": "727.40000", "2005-06-30": "676.70000", "2005-03-31": "655.00000"}}, "cash flow statement": {"Net Income/Loss": {"2020-12-31": "0.00000", "2019-12-31": "402.30000", "2018-12-31": "333.80000", "2017-12-31": "227.20000", "2016-12-31": "190.90000", "2015-12-31": "195.50000", "2014-12-31": "215.60000", "2013-12-31": "184.50000", "2012-12-31": "165.10000", "2011-12-31": "255.20000", "2010-12-31": "120.60000", "2009-12-31": "116.40000", "2008-12-31": "118.90000", "2007-12-31": "98.50000", "2006-12-31": "80.30000", "2005-12-31": "64.20000"}, "Total Depreciation And Amortization - Cash Flow": {"2020-12-31": "", "2019-12-31": "111.90000", "2018-12-31": "113.00000", "2017-12-31": "113.00000", "2016-12-31": "87.30000", "2015-12-31": "90.30000", "2014-12-31": "94.30000", "2013-12-31": "91.10000", "2012-12-31": "78.30000", "2011-12-31": "64.20000", "2010-12-31": "45.20000", "2009-12-31": "42.50000", "2008-12-31": "45.00000", "2007-12-31": "34.70000", "2006-12-31": "32.00000", "2005-12-31": "25.60000"}, "Other Non-Cash Items": {"2020-12-31": "", "2019-12-31": "-23.10000", "2018-12-31": "-1.30000", "2017-12-31": "46.90000", "2016-12-31": "19.70000", "2015-12-31": "4.30000", "2014-12-31": "-51.30000", "2013-12-31": "22.70000", "2012-12-31": "-19.60000", "2011-12-31": "-89.30000", "2010-12-31": "34.70000", "2009-12-31": "59.10000", "2008-12-31": "-41.00000", "2007-12-31": "-14.70000", "2006-12-31": "-13.80000", "2005-12-31": "-15.60000"}, "Total Non-Cash Items": {"2020-12-31": "", "2019-12-31": "88.80000", "2018-12-31": "111.70000", "2017-12-31": "159.90000", "2016-12-31": "107.00000", "2015-12-31": "94.60000", "2014-12-31": "43.00000", "2013-12-31": "113.80000", "2012-12-31": "58.70000", "2011-12-31": "-25.10000", "2010-12-31": "79.90000", "2009-12-31": "101.60000", "2008-12-31": "4.00000", "2007-12-31": "20.00000", "2006-12-31": "18.20000", "2005-12-31": "10.00000"}, "Change In Accounts Receivable": {"2020-12-31": "", "2019-12-31": "-58.80000", "2018-12-31": "-66.70000", "2017-12-31": "-19.60000", "2016-12-31": "-11.40000", "2015-12-31": "21.90000", "2014-12-31": "-18.90000", "2013-12-31": "-7.10000", "2012-12-31": "-28.50000", "2011-12-31": "23.00000", "2010-12-31": "-19.00000", "2009-12-31": "38.10000", "2008-12-31": "-23.70000", "2007-12-31": "-8.70000", "2006-12-31": "-17.50000", "2005-12-31": "-17.10000"}, "Change In Inventories": {"2020-12-31": "", "2019-12-31": "12.20000", "2018-12-31": "-1.70000", "2017-12-31": "-7.40000", "2016-12-31": "-9.10000", "2015-12-31": "-6.40000", "2014-12-31": "-5.70000", "2013-12-31": "0.60000", "2012-12-31": "-6.80000", "2011-12-31": "-10.90000", "2010-12-31": "1.30000", "2009-12-31": "18.20000", "2008-12-31": "-4.30000", "2007-12-31": "-10.20000", "2006-12-31": "-23.20000", "2005-12-31": "-11.60000"}, "Change In Accounts Payable": {"2020-12-31": "", "2019-12-31": "29.60000", "2018-12-31": "39.90000", "2017-12-31": "12.40000", "2016-12-31": "2.10000", "2015-12-31": "-26.80000", "2014-12-31": "13.40000", "2013-12-31": "-11.80000", "2012-12-31": "22.30000", "2011-12-31": "-11.10000", "2010-12-31": "-3.70000", "2009-12-31": "-5.70000", "2008-12-31": "-0.80000", "2007-12-31": "8.70000", "2006-12-31": "8.70000", "2005-12-31": "11.00000"}, "Change In Assets/Liabilities": {"2020-12-31": "", "2019-12-31": "6.60000", "2018-12-31": "-1.20000", "2017-12-31": "-19.60000", "2016-12-31": "13.80000", "2015-12-31": "-1.30000", "2014-12-31": "45.70000", "2013-12-31": "-83.30000", "2012-12-31": "-49.60000", "2011-12-31": "-76.00000", "2010-12-31": "-41.90000", "2009-12-31": "-110.10000", "2008-12-31": "26.80000", "2007-12-31": "26.60000", "2006-12-31": "-0.40000", "2005-12-31": "25.20000"}, "Total Change In Assets/Liabilities": {"2020-12-31": "", "2019-12-31": "-4.50000", "2018-12-31": "-11.90000", "2017-12-31": "-18.00000", "2016-12-31": "22.20000", "2015-12-31": "-75.00000", "2014-12-31": "35.60000", "2013-12-31": "-94.30000", "2012-12-31": "-37.40000", "2011-12-31": "-19.10000", "2010-12-31": "-61.70000", "2009-12-31": "-64.30000", "2008-12-31": "3.90000", "2007-12-31": "47.70000", "2006-12-31": "-20.30000", "2005-12-31": "18.10000"}, "Cash Flow From Operating Activities": {"2020-12-31": "", "2019-12-31": "482.10000", "2018-12-31": "446.90000", "2017-12-31": "374.70000", "2016-12-31": "317.00000", "2015-12-31": "210.20000", "2014-12-31": "287.90000", "2013-12-31": "203.30000", "2012-12-31": "189.20000", "2011-12-31": "216.60000", "2010-12-31": "141.80000", "2009-12-31": "154.90000", "2008-12-31": "120.40000", "2007-12-31": "166.70000", "2006-12-31": "78.40000", "2005-12-31": "92.30000"}, "Net Change In Property, Plant, And Equipment": {"2020-12-31": "", "2019-12-31": "-88.40000", "2018-12-31": "-86.80000", "2017-12-31": "-58.50000", "2016-12-31": "-87.60000", "2015-12-31": "-47.00000", "2014-12-31": "-43.50000", "2013-12-31": "-72.60000", "2012-12-31": "-65.30000", "2011-12-31": "-41.70000", "2010-12-31": "-31.00000", "2009-12-31": "-33.50000", "2008-12-31": "-37.80000", "2007-12-31": "-39.50000", "2006-12-31": "-26.40000", "2005-12-31": "-19.80000"}, "Net Change In Intangible Assets": {"2020-12-31": "", "2019-12-31": "", "2018-12-31": "", "2017-12-31": "", "2016-12-31": "", "2015-12-31": "", "2014-12-31": "", "2013-12-31": "", "2012-12-31": "", "2011-12-31": "", "2010-12-31": "", "2009-12-31": "", "2008-12-31": "", "2007-12-31": "", "2006-12-31": "", "2005-12-31": ""}, "Net Acquisitions/Divestitures": {"2020-12-31": "", "2019-12-31": "-483.50000", "2018-12-31": "-1.80000", "2017-12-31": "-772.70000", "2016-12-31": "-63.40000", "2015-12-31": "-62.90000", "2014-12-31": "-195.20000", "2013-12-31": "-122.40000", "2012-12-31": "-388.10000", "2011-12-31": "-230.20000", "2010-12-31": "-70.20000", "2009-12-31": "-35.20000", "2008-12-31": "-288.80000", "2007-12-31": "-48.10000", "2006-12-31": "-251.30000", "2005-12-31": "-48.80000"}, "Net Change In Short-term Investments": {"2020-12-31": "", "2019-12-31": "", "2018-12-31": "", "2017-12-31": "", "2016-12-31": "", "2015-12-31": "", "2014-12-31": "", "2013-12-31": "", "2012-12-31": "", "2011-12-31": "", "2010-12-31": "", "2009-12-31": "", "2008-12-31": "", "2007-12-31": "", "2006-12-31": "", "2005-12-31": ""}, "Net Change In Long-Term Investments": {"2020-12-31": "", "2019-12-31": "", "2018-12-31": "", "2017-12-31": "", "2016-12-31": "", "2015-12-31": "", "2014-12-31": "", "2013-12-31": "", "2012-12-31": "", "2011-12-31": "", "2010-12-31": "", "2009-12-31": "", "2008-12-31": "", "2007-12-31": "", "2006-12-31": "", "2005-12-31": ""}, "Net Change In Investments - Total": {"2020-12-31": "", "2019-12-31": "", "2018-12-31": "", "2017-12-31": "", "2016-12-31": "", "2015-12-31": "", "2014-12-31": "", "2013-12-31": "", "2012-12-31": "", "2011-12-31": "", "2010-12-31": "", "2009-12-31": "", "2008-12-31": "", "2007-12-31": "", "2006-12-31": "", "2005-12-31": ""}, "Investing Activities - Other": {"2020-12-31": "", "2019-12-31": "", "2018-12-31": "", "2017-12-31": "", "2016-12-31": "", "2015-12-31": "", "2014-12-31": "", "2013-12-31": "", "2012-12-31": "", "2011-12-31": "", "2010-12-31": "", "2009-12-31": "", "2008-12-31": "", "2007-12-31": "", "2006-12-31": "", "2005-12-31": ""}, "Cash Flow From Investing Activities": {"2020-12-31": "", "2019-12-31": "-571.90000", "2018-12-31": "-88.60000", "2017-12-31": "-831.20000", "2016-12-31": "-151.00000", "2015-12-31": "-109.90000", "2014-12-31": "-238.70000", "2013-12-31": "-195.00000", "2012-12-31": "-453.40000", "2011-12-31": "-271.90000", "2010-12-31": "-101.20000", "2009-12-31": "-68.70000", "2008-12-31": "-326.60000", "2007-12-31": "-87.60000", "2006-12-31": "-277.70000", "2005-12-31": "-68.60000"}, "Net Long-Term Debt": {"2020-12-31": "", "2019-12-31": "12.80000", "2018-12-31": "-170.50000", "2017-12-31": "228.70000", "2016-12-31": "-16.10000", "2015-12-31": "31.90000", "2014-12-31": "154.50000", "2013-12-31": "-5.00000", "2012-12-31": "229.20000", "2011-12-31": "46.60000", "2010-12-31": "3.60000", "2009-12-31": "-81.60000", "2008-12-31": "189.90000", "2007-12-31": "-88.80000", "2006-12-31": "182.10000", "2005-12-31": "-35.80000"}, "Net Current Debt": {"2020-12-31": "", "2019-12-31": "96.00000", "2018-12-31": "-136.00000", "2017-12-31": "165.00000", "2016-12-31": "-147.00000", "2015-12-31": "45.50000", "2014-12-31": "", "2013-12-31": "", "2012-12-31": "", "2011-12-31": "", "2010-12-31": "", "2009-12-31": "", "2008-12-31": "", "2007-12-31": "", "2006-12-31": "", "2005-12-31": ""}, "Debt Issuance/Retirement Net - Total": {"2020-12-31": "", "2019-12-31": "108.80000", "2018-12-31": "-306.50000", "2017-12-31": "393.70000", "2016-12-31": "-163.10000", "2015-12-31": "77.40000", "2014-12-31": "154.50000", "2013-12-31": "-5.00000", "2012-12-31": "229.20000", "2011-12-31": "46.60000", "2010-12-31": "3.60000", "2009-12-31": "-81.60000", "2008-12-31": "189.90000", "2007-12-31": "-88.80000", "2006-12-31": "182.10000", "2005-12-31": "-35.80000"}, "Net Common Equity Issued/Repurchased": {"2020-12-31": "", "2019-12-31": "34.60000", "2018-12-31": "37.20000", "2017-12-31": "24.90000", "2016-12-31": "36.10000", "2015-12-31": "-224.80000", "2014-12-31": "-128.30000", "2013-12-31": "12.10000", "2012-12-31": "19.90000", "2011-12-31": "-20.10000", "2010-12-31": "3.90000", "2009-12-31": "0.30000", "2008-12-31": "13.00000", "2007-12-31": "6.50000", "2006-12-31": "12.30000", "2005-12-31": "10.00000"}, "Net Total Equity Issued/Repurchased": {"2020-12-31": "", "2019-12-31": "34.60000", "2018-12-31": "37.20000", "2017-12-31": "24.90000", "2016-12-31": "36.10000", "2015-12-31": "-224.80000", "2014-12-31": "-128.30000", "2013-12-31": "12.10000", "2012-12-31": "19.90000", "2011-12-31": "-20.10000", "2010-12-31": "3.90000", "2009-12-31": "0.30000", "2008-12-31": "13.00000", "2007-12-31": "6.50000", "2006-12-31": "12.30000", "2005-12-31": "10.00000"}, "Total Common And Preferred Stock Dividends Paid": {"2020-12-31": "", "2019-12-31": "", "2018-12-31": "", "2017-12-31": "", "2016-12-31": "", "2015-12-31": "", "2014-12-31": "", "2013-12-31": "", "2012-12-31": "", "2011-12-31": "", "2010-12-31": "", "2009-12-31": "", "2008-12-31": "", "2007-12-31": "", "2006-12-31": "", "2005-12-31": ""}, "Financial Activities - Other": {"2020-12-31": "", "2019-12-31": "-1.70000", "2018-12-31": "-2.00000", "2017-12-31": "-4.50000", "2016-12-31": "-18.00000", "2015-12-31": "2.40000", "2014-12-31": "4.20000", "2013-12-31": "4.00000", "2012-12-31": "11.20000", "2011-12-31": "3.10000", "2010-12-31": "0.90000", "2009-12-31": "0.80000", "2008-12-31": "10.30000", "2007-12-31": "3.60000", "2006-12-31": "8.60000", "2005-12-31": ""}, "Cash Flow From Financial Activities": {"2020-12-31": "", "2019-12-31": "141.70000", "2018-12-31": "-271.30000", "2017-12-31": "414.10000", "2016-12-31": "-145.00000", "2015-12-31": "-145.00000", "2014-12-31": "30.40000", "2013-12-31": "11.10000", "2012-12-31": "260.30000", "2011-12-31": "29.60000", "2010-12-31": "8.40000", "2009-12-31": "-80.50000", "2008-12-31": "213.20000", "2007-12-31": "-78.70000", "2006-12-31": "203.00000", "2005-12-31": "-25.80000"}, "Net Cash Flow": {"2020-12-31": "", "2019-12-31": "57.00000", "2018-12-31": "71.60000", "2017-12-31": "-27.70000", "2016-12-31": "13.50000", "2015-12-31": "-56.30000", "2014-12-31": "75.40000", "2013-12-31": "20.20000", "2012-12-31": "-3.60000", "2011-12-31": "-25.70000", "2010-12-31": "49.00000", "2009-12-31": "5.70000", "2008-12-31": "7.00000", "2007-12-31": "0.40000", "2006-12-31": "3.70000", "2005-12-31": "-2.10000"}, "Stock-Based Compensation": {"2020-12-31": "", "2019-12-31": "30.70000", "2018-12-31": "25.10000", "2017-12-31": "18.80000", "2016-12-31": "16.20000", "2015-12-31": "12.20000", "2014-12-31": "14.00000", "2013-12-31": "10.70000", "2012-12-31": "8.00000", "2011-12-31": "5.80000", "2010-12-31": "4.90000", "2009-12-31": "5.40000", "2008-12-31": "7.50000", "2007-12-31": "6.80000", "2006-12-31": "5.90000", "2005-12-31": ""}, "Common Stock Dividends Paid": {"2020-12-31": "", "2019-12-31": "", "2018-12-31": "", "2017-12-31": "", "2016-12-31": "", "2015-12-31": "", "2014-12-31": "", "2013-12-31": "", "2012-12-31": "", "2011-12-31": "", "2010-12-31": "", "2009-12-31": "", "2008-12-31": "", "2007-12-31": "", "2006-12-31": "", "2005-12-31": ""}}, "cash flow statement, quarterly": {"Net Income/Loss": {"2020-12-31": -269.8, "2020-09-30": 93.9, "2020-06-30": 93.7, "2020-03-31": "82.20000", "2019-12-31": 115.7, "2019-09-30": 106.7, "2019-06-30": 104.6, "2019-03-31": "75.30000", "2018-12-31": 91.1, "2018-09-30": 90.3, "2018-06-30": 85.9, "2018-03-31": "66.50000", "2017-12-31": 67.6, "2017-09-30": 69, "2017-06-30": 60.1, "2017-03-31": "30.50000", "2016-12-31": 53, "2016-09-30": 52, "2016-06-30": 46.9, "2016-03-31": "39.00000", "2015-12-31": 55.5, "2015-09-30": 48.3, "2015-06-30": 48, "2015-03-31": "43.70000", "2014-12-31": 58.9, "2014-09-30": 54.9, "2014-06-30": 55.8, "2014-03-31": "46.00000", "2013-12-31": 54.5, "2013-09-30": 46.9, "2013-06-30": 43.3, "2013-03-31": "39.80000", "2012-12-31": 46.8, "2012-09-30": 43.1, "2012-06-30": 39.6, "2012-03-31": "35.60000", "2011-12-31": 36.7, "2011-09-30": 34.1, "2011-06-30": 152.4, "2011-03-31": "32.00000", "2010-12-31": 37.6, "2010-09-30": 30, "2010-06-30": 28, "2010-03-31": "25.00000", "2009-12-31": 34.8, "2009-09-30": 35.2, "2009-06-30": 25.6, "2009-03-31": "20.80000", "2008-12-31": 27.5, "2008-09-30": 30.9, "2008-06-30": 32.6, "2008-03-31": "27.90000", "2007-12-31": 26.6, "2007-09-30": 27.1, "2007-06-30": 24.3, "2007-03-31": "20.50000", "2006-12-31": 18.9, "2006-09-30": 22.6, "2006-06-30": 20.9, "2006-03-31": "17.90000", "2005-12-31": 16.6, "2005-09-30": 15.7, "2005-06-30": 16.1, "2005-03-31": "15.80000"}, "Total Depreciation And Amortization - Cash Flow": {"2020-12-31": -87.5, "2020-09-30": 29.2, "2020-06-30": 29, "2020-03-31": "29.30000", "2019-12-31": 29.3, "2019-09-30": 27.9, "2019-06-30": 27.1, "2019-03-31": "27.60000", "2018-12-31": 29.3, "2018-09-30": 27.3, "2018-06-30": 27.6, "2018-03-31": "28.80000", "2017-12-31": 25.6, "2017-09-30": 31.4, "2017-06-30": 33.2, "2017-03-31": "22.80000", "2016-12-31": 21.7, "2016-09-30": 22.8, "2016-06-30": 21.7, "2016-03-31": "21.10000", "2015-12-31": 22.7, "2015-09-30": 21.8, "2015-06-30": 22.6, "2015-03-31": "23.20000", "2014-12-31": 24.2, "2014-09-30": 23.5, "2014-06-30": 23.4, "2014-03-31": "23.20000", "2013-12-31": 24, "2013-09-30": 23.1, "2013-06-30": 22.1, "2013-03-31": "21.90000", "2012-12-31": 21.9, "2012-09-30": 21.5, "2012-06-30": 18.1, "2012-03-31": "16.80000", "2011-12-31": 16.8, "2011-09-30": 16.7, "2011-06-30": 16.8, "2011-03-31": "13.90000", "2010-12-31": 12, "2010-09-30": 11.8, "2010-06-30": 10.8, "2010-03-31": "10.60000", "2009-12-31": 9.3, "2009-09-30": 10.2, "2009-06-30": 11.3, "2009-03-31": "11.70000", "2008-12-31": 8.6, "2008-09-30": 12.6, "2008-06-30": 13.1, "2008-03-31": "10.70000", "2007-12-31": 9.1, "2007-09-30": 9, "2007-06-30": 8.9, "2007-03-31": "7.70000", "2006-12-31": 11.1, "2006-09-30": 7.8, "2006-06-30": 6.5, "2006-03-31": "6.60000", "2005-12-31": 7.1, "2005-09-30": 6.3, "2005-06-30": 6.1, "2005-03-31": "6.10000"}, "Other Non-Cash Items": {"2020-12-31": -23, "2020-09-30": -21.5, "2020-06-30": 34.9, "2020-03-31": "9.60000", "2019-12-31": -47.2, "2019-09-30": 10.9, "2019-06-30": 2.4, "2019-03-31": "10.80000", "2018-12-31": -20.1, "2018-09-30": 5.7, "2018-06-30": -4.3, "2018-03-31": "17.40000", "2017-12-31": 33.9, "2017-09-30": 4.1, "2017-06-30": 2.9, "2017-03-31": "6.00000", "2016-12-31": 16.4, "2016-09-30": 3.7, "2016-06-30": -7.9, "2016-03-31": "7.50000", "2015-12-31": -5.4, "2015-09-30": 2.5, "2015-06-30": 3.8, "2015-03-31": "3.40000", "2014-12-31": -53.9, "2014-09-30": -3, "2014-06-30": 5.4, "2014-03-31": "0.20000", "2013-12-31": -14.3, "2013-09-30": 13.6, "2013-06-30": 7.2, "2013-03-31": "16.20000", "2012-12-31": -19, "2012-09-30": 3.2, "2012-06-30": 8, "2012-03-31": "-11.80000", "2011-12-31": 15.1, "2011-09-30": 4.1, "2011-06-30": -115.3, "2011-03-31": "6.80000", "2010-12-31": 29.4, "2010-09-30": 8.1, "2010-06-30": 1.3, "2010-03-31": "-4.10000", "2009-12-31": 16.2, "2009-09-30": 21.8, "2009-06-30": 15.8, "2009-03-31": "5.30000", "2008-12-31": -61.4, "2008-09-30": 8, "2008-06-30": 6.8, "2008-03-31": "5.60000", "2007-12-31": -12.2, "2007-09-30": 5.1, "2007-06-30": -6.2, "2007-03-31": "-1.40000", "2006-12-31": -7.7, "2006-09-30": -3, "2006-06-30": -1.5, "2006-03-31": "-1.60000", "2005-12-31": -4.4, "2005-09-30": -7.7, "2005-06-30": 0.2, "2005-03-31": "-3.70000"}, "Total Non-Cash Items": {"2020-12-31": -110.5, "2020-09-30": 7.7, "2020-06-30": 63.9, "2020-03-31": "38.90000", "2019-12-31": -17.9, "2019-09-30": 38.8, "2019-06-30": 29.5, "2019-03-31": "38.40000", "2018-12-31": 9.2, "2018-09-30": 33, "2018-06-30": 23.3, "2018-03-31": "46.20000", "2017-12-31": 59.5, "2017-09-30": 35.5, "2017-06-30": 36.1, "2017-03-31": "28.80000", "2016-12-31": 38.1, "2016-09-30": 26.5, "2016-06-30": 13.8, "2016-03-31": "28.60000", "2015-12-31": 17.3, "2015-09-30": 24.3, "2015-06-30": 26.4, "2015-03-31": "26.60000", "2014-12-31": -29.7, "2014-09-30": 20.5, "2014-06-30": 28.8, "2014-03-31": "23.40000", "2013-12-31": 9.7, "2013-09-30": 36.7, "2013-06-30": 29.3, "2013-03-31": "38.10000", "2012-12-31": 2.9, "2012-09-30": 24.7, "2012-06-30": 26.1, "2012-03-31": "5.00000", "2011-12-31": 31.9, "2011-09-30": 20.8, "2011-06-30": -98.5, "2011-03-31": "20.70000", "2010-12-31": 41.4, "2010-09-30": 19.9, "2010-06-30": 12.1, "2010-03-31": "6.50000", "2009-12-31": 25.5, "2009-09-30": 32, "2009-06-30": 27.1, "2009-03-31": "17.00000", "2008-12-31": -52.8, "2008-09-30": 20.6, "2008-06-30": 19.9, "2008-03-31": "16.30000", "2007-12-31": -3.1, "2007-09-30": 14.1, "2007-06-30": 2.7, "2007-03-31": "6.30000", "2006-12-31": 3.4, "2006-09-30": 4.8, "2006-06-30": 5, "2006-03-31": "5.00000", "2005-12-31": 2.7, "2005-09-30": -1.4, "2005-06-30": 6.3, "2005-03-31": "2.40000"}, "Change In Accounts Receivable": {"2020-12-31": -8.7, "2020-09-30": 8.2, "2020-06-30": 15.1, "2020-03-31": "-14.60000", "2019-12-31": -9.7, "2019-09-30": -12.5, "2019-06-30": -43.3, "2019-03-31": "6.70000", "2018-12-31": -14.3, "2018-09-30": -13.9, "2018-06-30": -11.5, "2018-03-31": "-27.00000", "2017-12-31": -11.9, "2017-09-30": 7.7, "2017-06-30": -5.3, "2017-03-31": "-10.10000", "2016-12-31": -13.7, "2016-09-30": -4.1, "2016-06-30": 2.8, "2016-03-31": "3.60000", "2015-12-31": 9.1, "2015-09-30": 9.9, "2015-06-30": -4.8, "2015-03-31": "7.70000", "2014-12-31": -19.9, "2014-09-30": -2.5, "2014-06-30": 3.1, "2014-03-31": "0.40000", "2013-12-31": -7, "2013-09-30": -15.1, "2013-06-30": 25, "2013-03-31": "-10.00000", "2012-12-31": -1.4, "2012-09-30": -7.5, "2012-06-30": -4.4, "2012-03-31": "-15.20000", "2011-12-31": 10.7, "2011-09-30": -2.4, "2011-06-30": 20.2, "2011-03-31": "-5.50000", "2010-12-31": 5.2, "2010-09-30": 0.5, "2010-06-30": -1.2, "2010-03-31": "-23.50000", "2009-12-31": 18.4, "2009-09-30": 10, "2009-06-30": 5, "2009-03-31": "4.70000", "2008-12-31": 8.6, "2008-09-30": -3.3, "2008-06-30": -2.4, "2008-03-31": "-26.60000", "2007-12-31": -4.6, "2007-09-30": 6.2, "2007-06-30": 4.2, "2007-03-31": "-14.50000", "2006-12-31": 6.4, "2006-09-30": -5.9, "2006-06-30": -4.8, "2006-03-31": "-13.20000", "2005-12-31": 5.7, "2005-09-30": -1.6, "2005-06-30": 1, "2005-03-31": "-22.20000"}, "Change In Inventories": {"2020-12-31": -27.1, "2020-09-30": 33.1, "2020-06-30": 10.4, "2020-03-31": "-16.40000", "2019-12-31": 14.9, "2019-09-30": 7.4, "2019-06-30": 2.3, "2019-03-31": "-12.40000", "2018-12-31": 8.4, "2018-09-30": 2.1, "2018-06-30": -6.2, "2018-03-31": "-6.00000", "2017-12-31": 29.5, "2017-09-30": 4.1, "2017-06-30": -19.3, "2017-03-31": "-21.70000", "2016-12-31": 9.8, "2016-09-30": -6.7, "2016-06-30": -2, "2016-03-31": "-10.20000", "2015-12-31": 20.6, "2015-09-30": -6.1, "2015-06-30": -5, "2015-03-31": "-15.90000", "2014-12-31": 11.6, "2014-09-30": 5.2, "2014-06-30": -8.3, "2014-03-31": "-14.20000", "2013-12-31": 10.8, "2013-09-30": -2.2, "2013-06-30": 9.9, "2013-03-31": "-17.90000", "2012-12-31": 6.1, "2012-09-30": -1, "2012-06-30": 1, "2012-03-31": "-12.90000", "2011-12-31": 10.1, "2011-09-30": -1.6, "2011-06-30": -15.9, "2011-03-31": "-3.50000", "2010-12-31": 19.6, "2010-09-30": -13.6, "2010-06-30": 6.1, "2010-03-31": "-10.80000", "2009-12-31": 4.2, "2009-09-30": 5.3, "2009-06-30": 7.3, "2009-03-31": "1.40000", "2008-12-31": 12.6, "2008-09-30": -2.4, "2008-06-30": -3.8, "2008-03-31": "-10.70000", "2007-12-31": 8.4, "2007-09-30": 2.2, "2007-06-30": -18, "2007-03-31": "-2.80000", "2006-12-31": 3, "2006-09-30": -1.6, "2006-06-30": -5, "2006-03-31": "-19.60000", "2005-12-31": -1.1, "2005-09-30": -2.4, "2005-06-30": 4.3, "2005-03-31": "-12.40000"}, "Change In Accounts Payable": {"2020-12-31": 52.2, "2020-09-30": -31.8, "2020-06-30": -19.4, "2020-03-31": "-1.00000", "2019-12-31": 22.3, "2019-09-30": 15.1, "2019-06-30": -6.7, "2019-03-31": "-1.10000", "2018-12-31": 21.6, "2018-09-30": -7.6, "2018-06-30": 16.2, "2018-03-31": "9.70000", "2017-12-31": -0.2, "2017-09-30": -12.8, "2017-06-30": 11.4, "2017-03-31": "14.00000", "2016-12-31": -4.8, "2016-09-30": 9.5, "2016-06-30": -0.4, "2016-03-31": "-2.20000", "2015-12-31": -16.4, "2015-09-30": 7.7, "2015-06-30": -9.3, "2015-03-31": "-8.80000", "2014-12-31": 13.8, "2014-09-30": -2, "2014-06-30": -3.5, "2014-03-31": "5.10000", "2013-12-31": -14, "2013-09-30": 0.8, "2013-06-30": -3, "2013-03-31": "4.40000", "2012-12-31": -3.7, "2012-09-30": 5.7, "2012-06-30": 1.3, "2012-03-31": "19.00000", "2011-12-31": -14.3, "2011-09-30": -12.7, "2011-06-30": 5.5, "2011-03-31": "10.40000", "2010-12-31": -15.3, "2010-09-30": 10.8, "2010-06-30": -6.1, "2010-03-31": "6.90000", "2009-12-31": 0.6, "2009-09-30": -2.6, "2009-06-30": -1.9, "2009-03-31": "-1.80000", "2008-12-31": -16.6, "2008-09-30": 5.6, "2008-06-30": -2.7, "2008-03-31": "12.90000", "2007-12-31": 3.6, "2007-09-30": -2.4, "2007-06-30": 1.3, "2007-03-31": "6.20000", "2006-12-31": -5.4, "2006-09-30": 5.1, "2006-06-30": 1.6, "2006-03-31": "7.40000", "2005-12-31": 6.6, "2005-09-30": 2.3, "2005-06-30": -3.7, "2005-03-31": "5.80000"}, "Change In Assets/Liabilities": {"2020-12-31": 9.1, "2020-09-30": -19.6, "2020-06-30": 22.2, "2020-03-31": "-11.70000", "2019-12-31": 24.6, "2019-09-30": -2, "2019-06-30": -8.8, "2019-03-31": "-7.20000", "2018-12-31": -7.1, "2018-09-30": 17.1, "2018-06-30": 1.1, "2018-03-31": "-12.30000", "2017-12-31": -8.1, "2017-09-30": -0.6, "2017-06-30": 2.7, "2017-03-31": "-13.60000", "2016-12-31": 20.7, "2016-09-30": -2.6, "2016-06-30": 11.1, "2016-03-31": "-15.40000", "2015-12-31": 5.3, "2015-09-30": -3, "2015-06-30": 3.2, "2015-03-31": "-6.80000", "2014-12-31": 62.7, "2014-09-30": -4.5, "2014-06-30": -3.1, "2014-03-31": "-9.40000", "2013-12-31": 0.3, "2013-09-30": -4.6, "2013-06-30": 1, "2013-03-31": "-80.00000", "2012-12-31": 33.8, "2012-09-30": -38.7, "2012-06-30": 5.2, "2012-03-31": "-49.90000", "2011-12-31": 4.1, "2011-09-30": -2.5, "2011-06-30": -26.9, "2011-03-31": "-50.70000", "2010-12-31": -7.6, "2010-09-30": -36.9, "2010-06-30": 8.6, "2010-03-31": "-6.00000", "2009-12-31": -12, "2009-09-30": -34.4, "2009-06-30": 4.5, "2009-03-31": "-68.20000", "2008-12-31": 61.6, "2008-09-30": -37.6, "2008-06-30": -2.6, "2008-03-31": "5.40000", "2007-12-31": 19.9, "2007-09-30": -3.2, "2007-06-30": 5.3, "2007-03-31": "4.60000", "2006-12-31": 4.9, "2006-09-30": -12.8, "2006-06-30": 7.6, "2006-03-31": "-0.10000", "2005-12-31": 6.3, "2005-09-30": 1, "2005-06-30": 5.7, "2005-03-31": "12.20000"}, "Total Change In Assets/Liabilities": {"2020-12-31": 3.6, "2020-09-30": 47.3, "2020-06-30": -3.4, "2020-03-31": "-47.50000", "2019-12-31": 68.7, "2019-09-30": 12, "2019-06-30": -53.3, "2019-03-31": "-31.90000", "2018-12-31": 6.4, "2018-09-30": 34.4, "2018-06-30": -8.1, "2018-03-31": "-44.60000", "2017-12-31": 2.2, "2017-09-30": 2, "2017-06-30": -8.6, "2017-03-31": "-13.60000", "2016-12-31": -25.4, "2016-09-30": 21.1, "2016-06-30": 29.9, "2016-03-31": "-3.40000", "2015-12-31": -11.4, "2015-09-30": 4.9, "2015-06-30": -17, "2015-03-31": "-51.50000", "2014-12-31": 63.3, "2014-09-30": 7.8, "2014-06-30": 6.9, "2014-03-31": "-42.40000", "2013-12-31": 35.6, "2013-09-30": -37.4, "2013-06-30": 41.4, "2013-03-31": "-133.90000", "2012-12-31": 71.3, "2012-09-30": -51.4, "2012-06-30": 4.2, "2012-03-31": "-61.50000", "2011-12-31": 10.6, "2011-09-30": -5.6, "2011-06-30": 27.8, "2011-03-31": "-51.90000", "2010-12-31": -12.6, "2010-09-30": -28.2, "2010-06-30": 11.9, "2010-03-31": "-32.80000", "2009-12-31": 19.2, "2009-09-30": -20.2, "2009-06-30": -19.1, "2009-03-31": "-44.20000", "2008-12-31": 37.9, "2008-09-30": 1.6, "2008-06-30": -14.3, "2008-03-31": "-21.30000", "2007-12-31": 19.4, "2007-09-30": 13.3, "2007-06-30": 5.3, "2007-03-31": "9.70000", "2006-12-31": -6.7, "2006-09-30": -5.3, "2006-06-30": 6.4, "2006-03-31": "-14.70000", "2005-12-31": 12.6, "2005-09-30": 14.3, "2005-06-30": 7.6, "2005-03-31": "-16.40000"}, "Cash Flow From Operating Activities": {"2020-12-31": -382.5, "2020-09-30": 150.3, "2020-06-30": 155.8, "2020-03-31": "76.40000", "2019-12-31": 167.9, "2019-09-30": 150.9, "2019-06-30": 83.2, "2019-03-31": "80.10000", "2018-12-31": 125.5, "2018-09-30": 141.9, "2018-06-30": 107.9, "2018-03-31": "71.60000", "2017-12-31": 126.4, "2017-09-30": 107.9, "2017-06-30": 87, "2017-03-31": "53.40000", "2016-12-31": 66.3, "2016-09-30": 98, "2016-06-30": 83.6, "2016-03-31": "69.10000", "2015-12-31": 61, "2015-09-30": 73.5, "2015-06-30": 59, "2015-03-31": "16.70000", "2014-12-31": 85.6, "2014-09-30": 80.2, "2014-06-30": 95, "2014-03-31": "27.10000", "2013-12-31": 97.7, "2013-09-30": 49.5, "2013-06-30": 112.8, "2013-03-31": "-56.70000", "2012-12-31": 121.6, "2012-09-30": 18.3, "2012-06-30": 69, "2012-03-31": "-19.70000", "2011-12-31": 79.8, "2011-09-30": 52.9, "2011-06-30": 80.3, "2011-03-31": "3.60000", "2010-12-31": 67.9, "2010-09-30": 23.8, "2010-06-30": 47.1, "2010-03-31": "3.00000", "2009-12-31": 79.8, "2009-09-30": 46.9, "2009-06-30": 35.8, "2009-03-31": "-7.60000", "2008-12-31": 7.5, "2008-09-30": 51.8, "2008-06-30": 38.5, "2008-03-31": "22.60000", "2007-12-31": 43.3, "2007-09-30": 54.5, "2007-06-30": 32.4, "2007-03-31": "36.50000", "2006-12-31": 15.9, "2006-09-30": 21.4, "2006-06-30": 33.1, "2006-03-31": "8.00000", "2005-12-31": 32.2, "2005-09-30": 28.4, "2005-06-30": 29.7, "2005-03-31": "2.00000"}, "Net Change In Property, Plant, And Equipment": {"2020-12-31": 52, "2020-09-30": -15.2, "2020-06-30": -16.6, "2020-03-31": "-20.20000", "2019-12-31": -23.9, "2019-09-30": -25.1, "2019-06-30": -18.1, "2019-03-31": "-21.30000", "2018-12-31": -18.7, "2018-09-30": -20.9, "2018-06-30": -27.6, "2018-03-31": "-19.60000", "2017-12-31": -19.1, "2017-09-30": -15.1, "2017-06-30": -12, "2017-03-31": "-12.30000", "2016-12-31": -72.3, "2016-09-30": -5, "2016-06-30": 3.7, "2016-03-31": "-14.00000", "2015-12-31": -19.1, "2015-09-30": -10.1, "2015-06-30": -10.4, "2015-03-31": "-7.40000", "2014-12-31": -14, "2014-09-30": -9.2, "2014-06-30": -8.6, "2014-03-31": "-11.70000", "2013-12-31": -18.8, "2013-09-30": -17.6, "2013-06-30": -19.9, "2013-03-31": "-16.30000", "2012-12-31": -23.3, "2012-09-30": -14.3, "2012-06-30": -17.1, "2012-03-31": "-10.60000", "2011-12-31": -14.1, "2011-09-30": -9.7, "2011-06-30": -11.4, "2011-03-31": "-6.50000", "2010-12-31": -15.4, "2010-09-30": -6.1, "2010-06-30": -4.6, "2010-03-31": "-4.90000", "2009-12-31": -6.8, "2009-09-30": -9.2, "2009-06-30": -4.4, "2009-03-31": "-13.10000", "2008-12-31": -9.4, "2008-09-30": -9.9, "2008-06-30": -9.8, "2008-03-31": "-8.70000", "2007-12-31": -10.1, "2007-09-30": -7.9, "2007-06-30": -9.7, "2007-03-31": "-11.80000", "2006-12-31": -10.4, "2006-09-30": -7, "2006-06-30": -4.7, "2006-03-31": "-4.30000", "2005-12-31": -7.5, "2005-09-30": -4.9, "2005-06-30": -4.1, "2005-03-31": "-3.30000"}, "Net Change In Intangible Assets": {"2020-12-31": 0, "2020-09-30": 0, "2020-06-30": 0, "2020-03-31": "", "2019-12-31": 0, "2019-09-30": 0, "2019-06-30": 0, "2019-03-31": "", "2018-12-31": 0, "2018-09-30": 0, "2018-06-30": 0, "2018-03-31": "", "2017-12-31": 0, "2017-09-30": 0, "2017-06-30": 0, "2017-03-31": "", "2016-12-31": 0, "2016-09-30": 0, "2016-06-30": 0, "2016-03-31": "", "2015-12-31": 0, "2015-09-30": 0, "2015-06-30": 0, "2015-03-31": "", "2014-12-31": 0, "2014-09-30": 0, "2014-06-30": 0, "2014-03-31": "", "2013-12-31": 0, "2013-09-30": 0, "2013-06-30": 0, "2013-03-31": "", "2012-12-31": 0, "2012-09-30": 0, "2012-06-30": 0, "2012-03-31": "", "2011-12-31": 0, "2011-09-30": 0, "2011-06-30": 0, "2011-03-31": "", "2010-12-31": 0, "2010-09-30": 0, "2010-06-30": 0, "2010-03-31": "", "2009-12-31": 0, "2009-09-30": 0, "2009-06-30": 0, "2009-03-31": "", "2008-12-31": 0, "2008-09-30": 0, "2008-06-30": 0, "2008-03-31": "", "2007-12-31": 0, "2007-09-30": 0, "2007-06-30": 0, "2007-03-31": "", "2006-12-31": 0, "2006-09-30": 0, "2006-06-30": 0, "2006-03-31": "", "2005-12-31": 0, "2005-09-30": 0, "2005-06-30": 0, "2005-03-31": ""}, "Net Acquisitions/Divestitures": {"2020-12-31": 29, "2020-09-30": 0, "2020-06-30": -0.1, "2020-03-31": "-28.90000", "2019-12-31": 0.2, "2019-09-30": -261.2, "2019-06-30": 0, "2019-03-31": "-222.50000", "2018-12-31": -1.8, "2018-09-30": 0, "2018-06-30": 0, "2018-03-31": "", "2017-12-31": 1.1, "2017-09-30": -31.4, "2017-06-30": -1.8, "2017-03-31": "-740.60000", "2016-12-31": -4.9, "2016-09-30": -0.2, "2016-06-30": -58.3, "2016-03-31": "", "2015-12-31": 1.1, "2015-09-30": -1.4, "2015-06-30": -43.8, "2015-03-31": "-18.80000", "2014-12-31": -187.1, "2014-09-30": -5.2, "2014-06-30": -2.9, "2014-03-31": "", "2013-12-31": -16, "2013-09-30": -32.7, "2013-06-30": -4, "2013-03-31": "-69.70000", "2012-12-31": 1.1, "2012-09-30": -326.1, "2012-06-30": -28.2, "2012-03-31": "-34.90000", "2011-12-31": -49.9, "2011-09-30": -4.2, "2011-06-30": 187.8, "2011-03-31": "-363.90000", "2010-12-31": -5.2, "2010-09-30": -47.3, "2010-06-30": -12.8, "2010-03-31": "-4.90000", "2009-12-31": -8.3, "2009-09-30": -19.6, "2009-06-30": -1.7, "2009-03-31": "-5.60000", "2008-12-31": -38.7, "2008-09-30": -49.2, "2008-06-30": -34.7, "2008-03-31": "-166.20000", "2007-12-31": -0.6, "2007-09-30": -4.8, "2007-06-30": -6.6, "2007-03-31": "-36.10000", "2006-12-31": 4.1, "2006-09-30": -211.9, "2006-06-30": -11.3, "2006-03-31": "-32.20000", "2005-12-31": -2.7, "2005-09-30": -29.4, "2005-06-30": -21.9, "2005-03-31": "5.20000"}, "Net Change In Short-term Investments": {"2020-12-31": 0, "2020-09-30": 0, "2020-06-30": 0, "2020-03-31": "", "2019-12-31": 0, "2019-09-30": 0, "2019-06-30": 0, "2019-03-31": "", "2018-12-31": 0, "2018-09-30": 0, "2018-06-30": 0, "2018-03-31": "", "2017-12-31": 0, "2017-09-30": 0, "2017-06-30": 0, "2017-03-31": "", "2016-12-31": 0, "2016-09-30": 0, "2016-06-30": 0, "2016-03-31": "", "2015-12-31": 0, "2015-09-30": 0, "2015-06-30": 0, "2015-03-31": "", "2014-12-31": 0, "2014-09-30": 0, "2014-06-30": 0, "2014-03-31": "", "2013-12-31": 0, "2013-09-30": 0, "2013-06-30": 0, "2013-03-31": "", "2012-12-31": 0, "2012-09-30": 0, "2012-06-30": 0, "2012-03-31": "", "2011-12-31": 0, "2011-09-30": 0, "2011-06-30": 0, "2011-03-31": "", "2010-12-31": 0, "2010-09-30": 0, "2010-06-30": 0, "2010-03-31": "", "2009-12-31": 0, "2009-09-30": 0, "2009-06-30": 0, "2009-03-31": "", "2008-12-31": 0, "2008-09-30": 0, "2008-06-30": 0, "2008-03-31": "", "2007-12-31": 0, "2007-09-30": 0, "2007-06-30": 0, "2007-03-31": "", "2006-12-31": 0, "2006-09-30": 0, "2006-06-30": 0, "2006-03-31": "", "2005-12-31": 0, "2005-09-30": 0, "2005-06-30": 0, "2005-03-31": ""}, "Net Change In Long-Term Investments": {"2020-12-31": 0, "2020-09-30": 0, "2020-06-30": 0, "2020-03-31": "", "2019-12-31": 0, "2019-09-30": 0, "2019-06-30": 0, "2019-03-31": "", "2018-12-31": 0, "2018-09-30": 0, "2018-06-30": 0, "2018-03-31": "", "2017-12-31": 0, "2017-09-30": 0, "2017-06-30": 0, "2017-03-31": "", "2016-12-31": 0, "2016-09-30": 0, "2016-06-30": 0, "2016-03-31": "", "2015-12-31": 0, "2015-09-30": 0, "2015-06-30": 0, "2015-03-31": "", "2014-12-31": 0, "2014-09-30": 0, "2014-06-30": 0, "2014-03-31": "", "2013-12-31": 0, "2013-09-30": 0, "2013-06-30": 0, "2013-03-31": "", "2012-12-31": 0, "2012-09-30": 0, "2012-06-30": 0, "2012-03-31": "", "2011-12-31": 0, "2011-09-30": 0, "2011-06-30": 0, "2011-03-31": "", "2010-12-31": 0, "2010-09-30": 0, "2010-06-30": 0, "2010-03-31": "", "2009-12-31": 0, "2009-09-30": 0, "2009-06-30": 0, "2009-03-31": "", "2008-12-31": 0, "2008-09-30": 0, "2008-06-30": 0, "2008-03-31": "", "2007-12-31": 0, "2007-09-30": 0, "2007-06-30": 0, "2007-03-31": "", "2006-12-31": 0, "2006-09-30": 0, "2006-06-30": 0, "2006-03-31": "", "2005-12-31": 0, "2005-09-30": 0, "2005-06-30": 0, "2005-03-31": ""}, "Net Change In Investments - Total": {"2020-12-31": 0, "2020-09-30": 0, "2020-06-30": 0, "2020-03-31": "", "2019-12-31": 0, "2019-09-30": 0, "2019-06-30": 0, "2019-03-31": "", "2018-12-31": 0, "2018-09-30": 0, "2018-06-30": 0, "2018-03-31": "", "2017-12-31": 0, "2017-09-30": 0, "2017-06-30": 0, "2017-03-31": "", "2016-12-31": 0, "2016-09-30": 0, "2016-06-30": 0, "2016-03-31": "", "2015-12-31": 0, "2015-09-30": 0, "2015-06-30": 0, "2015-03-31": "", "2014-12-31": 0, "2014-09-30": 0, "2014-06-30": 0, "2014-03-31": "", "2013-12-31": 0, "2013-09-30": 0, "2013-06-30": 0, "2013-03-31": "", "2012-12-31": 0, "2012-09-30": 0, "2012-06-30": 0, "2012-03-31": "", "2011-12-31": 0, "2011-09-30": 0, "2011-06-30": 0, "2011-03-31": "", "2010-12-31": 0, "2010-09-30": 0, "2010-06-30": 0, "2010-03-31": "", "2009-12-31": 0, "2009-09-30": 0, "2009-06-30": 0, "2009-03-31": "", "2008-12-31": 0, "2008-09-30": 0, "2008-06-30": 0, "2008-03-31": "", "2007-12-31": 0, "2007-09-30": 0, "2007-06-30": 0, "2007-03-31": "", "2006-12-31": 0, "2006-09-30": 0, "2006-06-30": 0, "2006-03-31": "", "2005-12-31": 0, "2005-09-30": 0, "2005-06-30": 0, "2005-03-31": ""}, "Investing Activities - Other": {"2020-12-31": -0.1, "2020-09-30": 0, "2020-06-30": 0.1, "2020-03-31": "", "2019-12-31": -0.4, "2019-09-30": 0.1, "2019-06-30": 0.3, "2019-03-31": "", "2018-12-31": -1.2, "2018-09-30": 0.5, "2018-06-30": 0.7, "2018-03-31": "", "2017-12-31": 0, "2017-09-30": 0, "2017-06-30": 0, "2017-03-31": "", "2016-12-31": 19.5, "2016-09-30": 0.5, "2016-06-30": -19.5, "2016-03-31": "-0.50000", "2015-12-31": 0, "2015-09-30": 0, "2015-06-30": 0, "2015-03-31": "", "2014-12-31": 0, "2014-09-30": 0, "2014-06-30": 0, "2014-03-31": "", "2013-12-31": 0, "2013-09-30": 0, "2013-06-30": 0, "2013-03-31": "", "2012-12-31": 0, "2012-09-30": 0, "2012-06-30": 0, "2012-03-31": "", "2011-12-31": 0, "2011-09-30": 0, "2011-06-30": 0, "2011-03-31": "", "2010-12-31": 0, "2010-09-30": 0, "2010-06-30": 0, "2010-03-31": "", "2009-12-31": 0, "2009-09-30": 0, "2009-06-30": 0, "2009-03-31": "", "2008-12-31": 0, "2008-09-30": 0, "2008-06-30": 0, "2008-03-31": "", "2007-12-31": 0, "2007-09-30": 0, "2007-06-30": 0, "2007-03-31": "", "2006-12-31": 0, "2006-09-30": 0, "2006-06-30": 0, "2006-03-31": "", "2005-12-31": 0, "2005-09-30": 0, "2005-06-30": 0, "2005-03-31": ""}, "Cash Flow From Investing Activities": {"2020-12-31": 80.9, "2020-09-30": -15.2, "2020-06-30": -16.6, "2020-03-31": "-49.10000", "2019-12-31": -24.1, "2019-09-30": -286.2, "2019-06-30": -17.8, "2019-03-31": "-243.80000", "2018-12-31": -21.7, "2018-09-30": -20.4, "2018-06-30": -26.9, "2018-03-31": "-19.60000", "2017-12-31": -18, "2017-09-30": -46.5, "2017-06-30": -13.8, "2017-03-31": "-752.90000", "2016-12-31": -57.7, "2016-09-30": -4.7, "2016-06-30": -74.1, "2016-03-31": "-14.50000", "2015-12-31": -18, "2015-09-30": -11.5, "2015-06-30": -54.2, "2015-03-31": "-26.20000", "2014-12-31": -201.1, "2014-09-30": -14.4, "2014-06-30": -11.5, "2014-03-31": "-11.70000", "2013-12-31": -34.8, "2013-09-30": -50.3, "2013-06-30": -23.9, "2013-03-31": "-86.00000", "2012-12-31": -22.2, "2012-09-30": -340.4, "2012-06-30": -45.3, "2012-03-31": "-45.50000", "2011-12-31": -64, "2011-09-30": -13.9, "2011-06-30": 176.4, "2011-03-31": "-370.40000", "2010-12-31": -20.6, "2010-09-30": -53.4, "2010-06-30": -17.4, "2010-03-31": "-9.80000", "2009-12-31": -15.1, "2009-09-30": -28.8, "2009-06-30": -6.1, "2009-03-31": "-18.70000", "2008-12-31": -48.1, "2008-09-30": -59.1, "2008-06-30": -44.5, "2008-03-31": "-174.90000", "2007-12-31": -10.7, "2007-09-30": -12.7, "2007-06-30": -16.3, "2007-03-31": "-47.90000", "2006-12-31": -6.3, "2006-09-30": -218.9, "2006-06-30": -16, "2006-03-31": "-36.50000", "2005-12-31": -10.2, "2005-09-30": -34.3, "2005-06-30": -26, "2005-03-31": "1.90000"}, "Net Long-Term Debt": {"2020-12-31": 75.4, "2020-09-30": -75, "2020-06-30": -0.1, "2020-03-31": "-0.30000", "2019-12-31": 19.9, "2019-09-30": -4.9, "2019-06-30": 3.7, "2019-03-31": "-5.90000", "2018-12-31": -110.9, "2018-09-30": -61.9, "2018-06-30": 0.7, "2018-03-31": "1.60000", "2017-12-31": -7.6, "2017-09-30": -99.2, "2017-06-30": 266.5, "2017-03-31": "69.00000", "2016-12-31": 0.5, "2016-09-30": -3.2, "2016-06-30": -2.6, "2016-03-31": "-10.80000", "2015-12-31": 124.3, "2015-09-30": -77.1, "2015-06-30": -15.3, "2015-03-31": "", "2014-12-31": 154.5, "2014-09-30": 0, "2014-06-30": -7.9, "2014-03-31": "7.90000", "2013-12-31": -89, "2013-09-30": 14.1, "2013-06-30": -70.2, "2013-03-31": "140.10000", "2012-12-31": -89, "2012-09-30": 313.3, "2012-06-30": -83.2, "2012-03-31": "88.10000", "2011-12-31": 23.6, "2011-09-30": -36.7, "2011-06-30": -253.5, "2011-03-31": "313.20000", "2010-12-31": -1.5, "2010-09-30": 19.3, "2010-06-30": -23.9, "2010-03-31": "9.70000", "2009-12-31": -61.3, "2009-09-30": -21.1, "2009-06-30": -27.6, "2009-03-31": "28.40000", "2008-12-31": 44.9, "2008-09-30": -8.1, "2008-06-30": -4.1, "2008-03-31": "157.20000", "2007-12-31": -38, "2007-09-30": -39, "2007-06-30": -24.3, "2007-03-31": "12.50000", "2006-12-31": -26, "2006-09-30": 210.4, "2006-06-30": -21.8, "2006-03-31": "19.50000", "2005-12-31": -26.9, "2005-09-30": 2.7, "2005-06-30": -4.2, "2005-03-31": "-7.40000"}, "Net Current Debt": {"2020-12-31": 0, "2020-09-30": 0, "2020-06-30": 0, "2020-03-31": "", "2019-12-31": -100, "2019-09-30": 148.5, "2019-06-30": -72.5, "2019-03-31": "120.00000", "2018-12-31": 29, "2018-09-30": -50, "2018-06-30": -60.5, "2018-03-31": "-54.50000", "2017-12-31": -120, "2017-09-30": 30, "2017-06-30": -340, "2017-03-31": "595.00000", "2016-12-31": 3.5, "2016-09-30": -75.6, "2016-06-30": -23.4, "2016-03-31": "-51.50000", "2015-12-31": -54.5, "2015-09-30": 25, "2015-06-30": -52.1, "2015-03-31": "127.10000", "2014-12-31": -26.3, "2014-09-30": 69.2, "2014-06-30": -42.9, "2014-03-31": "", "2013-12-31": 0, "2013-09-30": 0, "2013-06-30": 0, "2013-03-31": "", "2012-12-31": 0, "2012-09-30": 0, "2012-06-30": 0, "2012-03-31": "", "2011-12-31": 0, "2011-09-30": 0, "2011-06-30": 0, "2011-03-31": "", "2010-12-31": 0, "2010-09-30": 0, "2010-06-30": 0, "2010-03-31": "", "2009-12-31": 0, "2009-09-30": 0, "2009-06-30": 0, "2009-03-31": "", "2008-12-31": 0, "2008-09-30": 0, "2008-06-30": 0, "2008-03-31": "", "2007-12-31": 0, "2007-09-30": 0, "2007-06-30": 0, "2007-03-31": "", "2006-12-31": 0, "2006-09-30": 0, "2006-06-30": 0, "2006-03-31": "", "2005-12-31": 0, "2005-09-30": 0, "2005-06-30": 0, "2005-03-31": ""}, "Debt Issuance/Retirement Net - Total": {"2020-12-31": 75.4, "2020-09-30": -75, "2020-06-30": -0.1, "2020-03-31": "-0.30000", "2019-12-31": -80.1, "2019-09-30": 143.6, "2019-06-30": -68.8, "2019-03-31": "114.10000", "2018-12-31": -81.9, "2018-09-30": -111.9, "2018-06-30": -59.8, "2018-03-31": "-52.90000", "2017-12-31": -127.6, "2017-09-30": -69.2, "2017-06-30": -73.5, "2017-03-31": "664.00000", "2016-12-31": 4, "2016-09-30": -78.8, "2016-06-30": -26, "2016-03-31": "-62.30000", "2015-12-31": 69.8, "2015-09-30": -52.1, "2015-06-30": -67.4, "2015-03-31": "127.10000", "2014-12-31": 128.2, "2014-09-30": 69.2, "2014-06-30": -50.8, "2014-03-31": "7.90000", "2013-12-31": -89, "2013-09-30": 14.1, "2013-06-30": -70.2, "2013-03-31": "140.10000", "2012-12-31": -89, "2012-09-30": 313.3, "2012-06-30": -83.2, "2012-03-31": "88.10000", "2011-12-31": 23.6, "2011-09-30": -36.7, "2011-06-30": -253.5, "2011-03-31": "313.20000", "2010-12-31": -1.5, "2010-09-30": 19.3, "2010-06-30": -23.9, "2010-03-31": "9.70000", "2009-12-31": -61.3, "2009-09-30": -21.1, "2009-06-30": -27.6, "2009-03-31": "28.40000", "2008-12-31": 44.9, "2008-09-30": -8.1, "2008-06-30": -4.1, "2008-03-31": "157.20000", "2007-12-31": -38, "2007-09-30": -39, "2007-06-30": -24.3, "2007-03-31": "12.50000", "2006-12-31": -26, "2006-09-30": 210.4, "2006-06-30": -21.8, "2006-03-31": "19.50000", "2005-12-31": -26.9, "2005-09-30": 2.7, "2005-06-30": -4.2, "2005-03-31": "-7.40000"}, "Net Common Equity Issued/Repurchased": {"2020-12-31": -29.5, "2020-09-30": 1.3, "2020-06-30": 18, "2020-03-31": "10.20000", "2019-12-31": 5.4, "2019-09-30": 8.5, "2019-06-30": 10.5, "2019-03-31": "10.20000", "2018-12-31": 1.1, "2018-09-30": 12.3, "2018-06-30": 11.5, "2018-03-31": "12.30000", "2017-12-31": 6.2, "2017-09-30": 7, "2017-06-30": 5.4, "2017-03-31": "6.30000", "2016-12-31": 9.4, "2016-09-30": 17.1, "2016-06-30": 7, "2016-03-31": "2.60000", "2015-12-31": -96.3, "2015-09-30": 2.7, "2015-06-30": 8.1, "2015-03-31": "-139.30000", "2014-12-31": 4.1, "2014-09-30": -110, "2014-06-30": -5.5, "2014-03-31": "-16.90000", "2013-12-31": 2.1, "2013-09-30": 2.8, "2013-06-30": 2.4, "2013-03-31": "4.80000", "2012-12-31": 7.7, "2012-09-30": 2.8, "2012-06-30": 1.7, "2012-03-31": "7.70000", "2011-12-31": -31, "2011-09-30": 3.3, "2011-06-30": 1.9, "2011-03-31": "5.70000", "2010-12-31": 1.6, "2010-09-30": 0.7, "2010-06-30": 0.6, "2010-03-31": "1.00000", "2009-12-31": 0.6, "2009-09-30": 0.3, "2009-06-30": 0.1, "2009-03-31": "-0.70000", "2008-12-31": 0.9, "2008-09-30": 6.6, "2008-06-30": 3.7, "2008-03-31": "1.80000", "2007-12-31": 1.5, "2007-09-30": 0.8, "2007-06-30": 2.6, "2007-03-31": "1.60000", "2006-12-31": 1.2, "2006-09-30": 4, "2006-06-30": 2.1, "2006-03-31": "5.00000", "2005-12-31": 1.4, "2005-09-30": 3.7, "2005-06-30": 0.6, "2005-03-31": "4.30000"}, "Net Total Equity Issued/Repurchased": {"2020-12-31": -29.5, "2020-09-30": 1.3, "2020-06-30": 18, "2020-03-31": "10.20000", "2019-12-31": 5.4, "2019-09-30": 8.5, "2019-06-30": 10.5, "2019-03-31": "10.20000", "2018-12-31": 1.1, "2018-09-30": 12.3, "2018-06-30": 11.5, "2018-03-31": "12.30000", "2017-12-31": 6.2, "2017-09-30": 7, "2017-06-30": 5.4, "2017-03-31": "6.30000", "2016-12-31": 9.4, "2016-09-30": 17.1, "2016-06-30": 7, "2016-03-31": "2.60000", "2015-12-31": -96.3, "2015-09-30": 2.7, "2015-06-30": 8.1, "2015-03-31": "-139.30000", "2014-12-31": 4.1, "2014-09-30": -110, "2014-06-30": -5.5, "2014-03-31": "-16.90000", "2013-12-31": 2.1, "2013-09-30": 2.8, "2013-06-30": 2.4, "2013-03-31": "4.80000", "2012-12-31": 7.7, "2012-09-30": 2.8, "2012-06-30": 1.7, "2012-03-31": "7.70000", "2011-12-31": -31, "2011-09-30": 3.3, "2011-06-30": 1.9, "2011-03-31": "5.70000", "2010-12-31": 1.6, "2010-09-30": 0.7, "2010-06-30": 0.6, "2010-03-31": "1.00000", "2009-12-31": 0.6, "2009-09-30": 0.3, "2009-06-30": 0.1, "2009-03-31": "-0.70000", "2008-12-31": 0.9, "2008-09-30": 6.6, "2008-06-30": 3.7, "2008-03-31": "1.80000", "2007-12-31": 1.5, "2007-09-30": 0.8, "2007-06-30": 2.6, "2007-03-31": "1.60000", "2006-12-31": 1.2, "2006-09-30": 4, "2006-06-30": 2.1, "2006-03-31": "5.00000", "2005-12-31": 1.4, "2005-09-30": 3.7, "2005-06-30": 0.6, "2005-03-31": "4.30000"}, "Total Common And Preferred Stock Dividends Paid": {"2020-12-31": 0, "2020-09-30": 0, "2020-06-30": 0, "2020-03-31": "", "2019-12-31": 0, "2019-09-30": 0, "2019-06-30": 0, "2019-03-31": "", "2018-12-31": 0, "2018-09-30": 0, "2018-06-30": 0, "2018-03-31": "", "2017-12-31": 0, "2017-09-30": 0, "2017-06-30": 0, "2017-03-31": "", "2016-12-31": 0, "2016-09-30": 0, "2016-06-30": 0, "2016-03-31": "", "2015-12-31": 0, "2015-09-30": 0, "2015-06-30": 0, "2015-03-31": "", "2014-12-31": 0, "2014-09-30": 0, "2014-06-30": 0, "2014-03-31": "", "2013-12-31": 0, "2013-09-30": 0, "2013-06-30": 0, "2013-03-31": "", "2012-12-31": 0, "2012-09-30": 0, "2012-06-30": 0, "2012-03-31": "", "2011-12-31": 0, "2011-09-30": 0, "2011-06-30": 0, "2011-03-31": "", "2010-12-31": 0, "2010-09-30": 0, "2010-06-30": 0, "2010-03-31": "", "2009-12-31": 0, "2009-09-30": 0, "2009-06-30": 0, "2009-03-31": "", "2008-12-31": 0, "2008-09-30": 0, "2008-06-30": 0, "2008-03-31": "", "2007-12-31": 0, "2007-09-30": 0, "2007-06-30": 0, "2007-03-31": "", "2006-12-31": 0, "2006-09-30": 0, "2006-06-30": 0, "2006-03-31": "", "2005-12-31": 0, "2005-09-30": 0, "2005-06-30": 0, "2005-03-31": ""}, "Financial Activities - Other": {"2020-12-31": 0, "2020-09-30": 0, "2020-06-30": 0, "2020-03-31": "", "2019-12-31": -0.3, "2019-09-30": 0, "2019-06-30": -1.4, "2019-03-31": "", "2018-12-31": 0, "2018-09-30": 0, "2018-06-30": 0, "2018-03-31": "-2.00000", "2017-12-31": -0.1, "2017-09-30": -1.8, "2017-06-30": -1.2, "2017-03-31": "-1.40000", "2016-12-31": -16.9, "2016-09-30": -1.9, "2016-06-30": 0.3, "2016-03-31": "0.50000", "2015-12-31": -0.3, "2015-09-30": 1.1, "2015-06-30": 3.1, "2015-03-31": "-1.50000", "2014-12-31": 0.3, "2014-09-30": -1.6, "2014-06-30": 3.5, "2014-03-31": "2.00000", "2013-12-31": 0.5, "2013-09-30": 2.5, "2013-06-30": 0, "2013-03-31": "1.00000", "2012-12-31": 3.2, "2012-09-30": 4.1, "2012-06-30": -1, "2012-03-31": "4.90000", "2011-12-31": 3.1, "2011-09-30": -0.9, "2011-06-30": -1.8, "2011-03-31": "2.70000", "2010-12-31": 0.6, "2010-09-30": 0.2, "2010-06-30": -0.3, "2010-03-31": "0.40000", "2009-12-31": 0.5, "2009-09-30": 0.2, "2009-06-30": 0.1, "2009-03-31": "", "2008-12-31": 0.4, "2008-09-30": 5.9, "2008-06-30": 2.9, "2008-03-31": "1.10000", "2007-12-31": 1.2, "2007-09-30": 0.3, "2007-06-30": 1.5, "2007-03-31": "0.60000", "2006-12-31": 0.8, "2006-09-30": 2.6, "2006-06-30": 1.3, "2006-03-31": "3.90000", "2005-12-31": 0, "2005-09-30": 0, "2005-06-30": 0, "2005-03-31": ""}, "Cash Flow From Financial Activities": {"2020-12-31": 45.9, "2020-09-30": -73.7, "2020-06-30": 17.9, "2020-03-31": "9.90000", "2019-12-31": -75, "2019-09-30": 152.1, "2019-06-30": -59.7, "2019-03-31": "124.30000", "2018-12-31": -80.8, "2018-09-30": -99.6, "2018-06-30": -48.3, "2018-03-31": "-42.60000", "2017-12-31": -121.5, "2017-09-30": -64, "2017-06-30": -69.3, "2017-03-31": "668.90000", "2016-12-31": -3.5, "2016-09-30": -63.6, "2016-06-30": -18.7, "2016-03-31": "-59.20000", "2015-12-31": -26.8, "2015-09-30": -48.3, "2015-06-30": -56.2, "2015-03-31": "-13.70000", "2014-12-31": 132.6, "2014-09-30": -42.4, "2014-06-30": -52.8, "2014-03-31": "-7.00000", "2013-12-31": -86.4, "2013-09-30": 19.4, "2013-06-30": -67.8, "2013-03-31": "145.90000", "2012-12-31": -78.1, "2012-09-30": 320.2, "2012-06-30": -82.5, "2012-03-31": "100.70000", "2011-12-31": -4.3, "2011-09-30": -34.3, "2011-06-30": -253.4, "2011-03-31": "321.60000", "2010-12-31": 0.7, "2010-09-30": 20.2, "2010-06-30": -23.6, "2010-03-31": "11.10000", "2009-12-31": -60.2, "2009-09-30": -20.6, "2009-06-30": -27.4, "2009-03-31": "27.70000", "2008-12-31": 46.2, "2008-09-30": 4.4, "2008-06-30": 2.5, "2008-03-31": "160.10000", "2007-12-31": -35.3, "2007-09-30": -37.9, "2007-06-30": -20.2, "2007-03-31": "14.70000", "2006-12-31": -24, "2006-09-30": 217, "2006-06-30": -18.4, "2006-03-31": "28.40000", "2005-12-31": -25.5, "2005-09-30": 6.4, "2005-06-30": -3.6, "2005-03-31": "-3.10000"}, "Net Cash Flow": {"2020-12-31": -255, "2020-09-30": 71.7, "2020-06-30": 151.4, "2020-03-31": "31.90000", "2019-12-31": 71, "2019-09-30": 20.4, "2019-06-30": 1.9, "2019-03-31": "-36.30000", "2018-12-31": 16.4, "2018-09-30": 24.7, "2018-06-30": 21.5, "2018-03-31": "9.00000", "2017-12-31": -11.6, "2017-09-30": 0.8, "2017-06-30": 12, "2017-03-31": "-28.90000", "2016-12-31": -0.9, "2016-09-30": 27.8, "2016-06-30": -11.5, "2016-03-31": "-1.90000", "2015-12-31": 13.6, "2015-09-30": 10.2, "2015-06-30": -48.9, "2015-03-31": "-31.20000", "2014-12-31": 15.6, "2014-09-30": 22.4, "2014-06-30": 29.7, "2014-03-31": "7.70000", "2013-12-31": -22.7, "2013-09-30": 18.6, "2013-06-30": 21.1, "2013-03-31": "3.20000", "2012-12-31": 21.6, "2012-09-30": -1.9, "2012-06-30": -58.8, "2012-03-31": "35.50000", "2011-12-31": 11.5, "2011-09-30": 4.7, "2011-06-30": 3.3, "2011-03-31": "-45.20000", "2010-12-31": 48, "2010-09-30": -9.4, "2010-06-30": 6.1, "2010-03-31": "4.30000", "2009-12-31": 4.5, "2009-09-30": -2.5, "2009-06-30": 2.3, "2009-03-31": "1.40000", "2008-12-31": 5.6, "2008-09-30": -2.9, "2008-06-30": -3.5, "2008-03-31": "7.80000", "2007-12-31": -2.7, "2007-09-30": 3.9, "2007-06-30": -4.1, "2007-03-31": "3.30000", "2006-12-31": -14.4, "2006-09-30": 19.5, "2006-06-30": -1.3, "2006-03-31": "-0.10000", "2005-12-31": -3.5, "2005-09-30": 0.5, "2005-06-30": 0.1, "2005-03-31": "0.80000"}, "Stock-Based Compensation": {"2020-12-31": -23, "2020-09-30": 6.8, "2020-06-30": 6.6, "2020-03-31": "9.60000", "2019-12-31": 6.6, "2019-09-30": 6.4, "2019-06-30": 6.9, "2019-03-31": "10.80000", "2018-12-31": 6.3, "2018-09-30": 5.7, "2018-06-30": 6.6, "2018-03-31": "6.50000", "2017-12-31": 4.5, "2017-09-30": 4.1, "2017-06-30": 4.8, "2017-03-31": "5.40000", "2016-12-31": 4, "2016-09-30": 5.9, "2016-06-30": 2.9, "2016-03-31": "3.40000", "2015-12-31": 2.5, "2015-09-30": 2.6, "2015-06-30": 3.3, "2015-03-31": "3.80000", "2014-12-31": 3.9, "2014-09-30": 3.9, "2014-06-30": 3.6, "2014-03-31": "2.60000", "2013-12-31": 3.1, "2013-09-30": 3, "2013-06-30": 2.8, "2013-03-31": "1.80000", "2012-12-31": 2.1, "2012-09-30": 2.3, "2012-06-30": 2.1, "2012-03-31": "1.50000", "2011-12-31": 1.5, "2011-09-30": 1.4, "2011-06-30": 1.5, "2011-03-31": "1.40000", "2010-12-31": 1.3, "2010-09-30": 1.1, "2010-06-30": 1.2, "2010-03-31": "1.30000", "2009-12-31": 1.3, "2009-09-30": 1.3, "2009-06-30": 1.2, "2009-03-31": "1.60000", "2008-12-31": 1.9, "2008-09-30": 1.9, "2008-06-30": 1.8, "2008-03-31": "1.90000", "2007-12-31": 1.7, "2007-09-30": 1.8, "2007-06-30": 1.6, "2007-03-31": "1.70000", "2006-12-31": 1.5, "2006-09-30": 1.5, "2006-06-30": 1.5, "2006-03-31": "1.40000", "2005-12-31": 0, "2005-09-30": 0, "2005-06-30": 0, "2005-03-31": ""}, "Common Stock Dividends Paid": {"2020-12-31": 0, "2020-09-30": 0, "2020-06-30": 0, "2020-03-31": "", "2019-12-31": 0, "2019-09-30": 0, "2019-06-30": 0, "2019-03-31": "", "2018-12-31": 0, "2018-09-30": 0, "2018-06-30": 0, "2018-03-31": "", "2017-12-31": 0, "2017-09-30": 0, "2017-06-30": 0, "2017-03-31": "", "2016-12-31": 0, "2016-09-30": 0, "2016-06-30": 0, "2016-03-31": "", "2015-12-31": 0, "2015-09-30": 0, "2015-06-30": 0, "2015-03-31": "", "2014-12-31": 0, "2014-09-30": 0, "2014-06-30": 0, "2014-03-31": "", "2013-12-31": 0, "2013-09-30": 0, "2013-06-30": 0, "2013-03-31": "", "2012-12-31": 0, "2012-09-30": 0, "2012-06-30": 0, "2012-03-31": "", "2011-12-31": 0, "2011-09-30": 0, "2011-06-30": 0, "2011-03-31": "", "2010-12-31": 0, "2010-09-30": 0, "2010-06-30": 0, "2010-03-31": "", "2009-12-31": 0, "2009-09-30": 0, "2009-06-30": 0, "2009-03-31": "", "2008-12-31": 0, "2008-09-30": 0, "2008-06-30": 0, "2008-03-31": "", "2007-12-31": 0, "2007-09-30": 0, "2007-06-30": 0, "2007-03-31": "", "2006-12-31": 0, "2006-09-30": 0, "2006-06-30": 0, "2006-03-31": "", "2005-12-31": 0, "2005-09-30": 0, "2005-06-30": 0, "2005-03-31": ""}}, "financial ratios": {"Current Ratio": {"2019-12-31": "1.72130", "2018-12-31": "1.54610", "2017-12-31": "1.87180", "2016-12-31": "1.68630", "2015-12-31": "2.10060", "2014-12-31": "1.74710", "2013-12-31": "1.91130", "2012-12-31": "1.82860", "2011-12-31": "1.80340", "2010-12-31": "1.89920", "2009-12-31": "1.74420", "2008-12-31": "1.90250", "2007-12-31": "1.81250", "2006-12-31": "1.93920", "2005-12-31": "1.86760"}, "Long-term Debt / Capital": {"2019-12-31": "0.21650", "2018-12-31": "0.21480", "2017-12-31": "0.35450", "2016-12-31": "0.24920", "2015-12-31": "0.36170", "2014-12-31": "0.29650", "2013-12-31": "0.26550", "2012-12-31": "0.31610", "2011-12-31": "0.24040", "2010-12-31": "0.25210", "2009-12-31": "0.27380", "2008-12-31": "0.39580", "2007-12-31": "0.21170", "2006-12-31": "0.34820", "2005-12-31": "0.12600"}, "Debt/Equity Ratio": {"2019-12-31": "0.31330", "2018-12-31": "0.33520", "2017-12-31": "0.55100", "2016-12-31": "0.39750", "2015-12-31": "0.58080", "2014-12-31": "0.48010", "2013-12-31": "0.36380", "2012-12-31": "0.46390", "2011-12-31": "0.31790", "2010-12-31": "0.33960", "2009-12-31": "0.37770", "2008-12-31": "0.65730", "2007-12-31": "0.27010", "2006-12-31": "0.53710", "2005-12-31": "0.14480"}, "Gross Margin": {"2019-12-31": "39.30020", "2018-12-31": "38.27970", "2017-12-31": "37.62960", "2016-12-31": "38.15990", "2015-12-31": "37.87040", "2014-12-31": "37.88220", "2013-12-31": "35.85910", "2012-12-31": "35.17140", "2011-12-31": "33.53420", "2010-12-31": "30.17270", "2009-12-31": "28.73920", "2008-12-31": "29.97100", "2007-12-31": "29.95130", "2006-12-31": "28.81660", "2005-12-31": "27.92380"}, "Operating Margin": {"2019-12-31": "15.54240", "2018-12-31": "14.35660", "2017-12-31": "12.35500", "2016-12-31": "11.18660", "2015-12-31": "12.25800", "2014-12-31": "12.30160", "2013-12-31": "10.27540", "2012-12-31": "11.42760", "2011-12-31": "11.69990", "2010-12-31": "10.85630", "2009-12-31": "10.37470", "2008-12-31": "11.53310", "2007-12-31": "10.00430", "2006-12-31": "8.72870", "2005-12-31": "8.34650"}, "EBIT Margin": {"2019-12-31": "15.54240", "2018-12-31": "14.35660", "2017-12-31": "12.35500", "2016-12-31": "11.18660", "2015-12-31": "12.25800", "2014-12-31": "12.30160", "2013-12-31": "10.27540", "2012-12-31": "11.42760", "2011-12-31": "11.69990", "2010-12-31": "10.85630", "2009-12-31": "10.37470", "2008-12-31": "11.53310", "2007-12-31": "10.00430", "2006-12-31": "8.72870", "2005-12-31": "8.34650"}, "EBITDA Margin": {"2019-12-31": "19.07950", "2018-12-31": "18.25070", "2017-12-31": "16.69480", "2016-12-31": "15.24720", "2015-12-31": "16.18730", "2014-12-31": "16.24060", "2013-12-31": "14.17090", "2012-12-31": "15.10840", "2011-12-31": "15.00590", "2010-12-31": "13.60540", "2009-12-31": "12.94720", "2008-12-31": "14.14630", "2007-12-31": "12.14330", "2006-12-31": "10.96150", "2005-12-31": "10.46830"}, "Pre-Tax Profit Margin": {"2019-12-31": "14.97350", "2018-12-31": "13.57430", "2017-12-31": "11.02240", "2016-12-31": "11.22380", "2015-12-31": "11.23540", "2014-12-31": "11.78360", "2013-12-31": "9.57840", "2012-12-31": "10.72720", "2011-12-31": "10.89650", "2010-12-31": "10.55830", "2009-12-31": "10.07200", "2008-12-31": "10.91750", "2007-12-31": "9.41260", "2006-12-31": "8.49150", "2005-12-31": "8.53710"}, "Net Profit Margin": {"2019-12-31": "12.71650", "2018-12-31": "11.50320", "2017-12-31": "8.72570", "2016-12-31": "8.87950", "2015-12-31": "8.52010", "2014-12-31": "9.09360", "2013-12-31": "7.91070", "2012-12-31": "7.71400", "2011-12-31": "13.14180", "2010-12-31": "7.32880", "2009-12-31": "6.85790", "2008-12-31": "6.46340", "2007-12-31": "6.07160", "2006-12-31": "5.60280", "2005-12-31": "5.32120"}, "Asset Turnover": {"2019-12-31": "0.69080", "2018-12-31": "0.76180", "2017-12-31": "0.67690", "2016-12-31": "0.77490", "2015-12-31": "0.84580", "2014-12-31": "0.83640", "2013-12-31": "0.85010", "2012-12-31": "0.88400", "2011-12-31": "1.06340", "2010-12-31": "1.05550", "2009-12-31": "1.16220", "2008-12-31": "1.12220", "2007-12-31": "1.39930", "2006-12-31": "1.35030", "2005-12-31": "1.65680"}, "Inventory Turnover Ratio": {"2019-12-31": "4.88130", "2018-12-31": "4.91630", "2017-12-31": "4.05800", "2016-12-31": "4.23140", "2015-12-31": "4.61770", "2014-12-31": "4.76940", "2013-12-31": "5.09680", "2012-12-31": "4.90430", "2011-12-31": "5.88290", "2010-12-31": "6.66340", "2009-12-31": "7.14380", "2008-12-31": "5.82560", "2007-12-31": "6.50860", "2006-12-31": "6.54810", "2005-12-31": "7.41350"}, "Receiveable Turnover": {"2019-12-31": "4.78680", "2018-12-31": "5.16520", "2017-12-31": "5.44610", "2016-12-31": "5.60310", "2015-12-31": "6.16110", "2014-12-31": "5.97450", "2013-12-31": "6.18680", "2012-12-31": "6.07280", "2011-12-31": "7.19220", "2010-12-31": "6.45290", "2009-12-31": "7.22390", "2008-12-31": "6.11940", "2007-12-31": "6.72870", "2006-12-31": "6.33880", "2005-12-31": "7.19870"}, "Days Sales In Receivables": {"2019-12-31": "76.25130", "2018-12-31": "70.66540", "2017-12-31": "67.01990", "2016-12-31": "65.14280", "2015-12-31": "59.24240", "2014-12-31": "61.09250", "2013-12-31": "58.99680", "2012-12-31": "60.10410", "2011-12-31": "50.74930", "2010-12-31": "56.56370", "2009-12-31": "50.52690", "2008-12-31": "59.64630", "2007-12-31": "54.24490", "2006-12-31": "57.58200", "2005-12-31": "50.70370"}, "ROE - Return On Equity": {"2019-12-31": "14.81930", "2018-12-31": "14.97060", "2017-12-31": "11.66740", "2016-12-31": "12.28130", "2015-12-31": "14.54510", "2014-12-31": "14.68170", "2013-12-31": "12.14860", "2012-12-31": "13.52830", "2011-12-31": "14.43960", "2010-12-31": "15.24780", "2009-12-31": "17.44080", "2008-12-31": "23.45630", "2007-12-31": "19.21920", "2006-12-31": "18.59660", "2005-12-31": "19.69330"}, "Return On Tangible Equity": {"2019-12-31": "172.36530", "2018-12-31": "222.23670", "2017-12-31": "-99.51820", "2016-12-31": "151.14810", "2015-12-31": "-496.19420", "2014-12-31": "534.98700", "2013-12-31": "87.85720", "2012-12-31": "-310.09450", "2011-12-31": "167.37330", "2010-12-31": "94.63720", "2009-12-31": "206.74940", "2008-12-31": "-105.59510", "2007-12-31": "87.16850", "2006-12-31": "164.54900", "2005-12-31": "67.29560"}, "ROA - Return On Assets": {"2019-12-31": "8.78420", "2018-12-31": "8.76280", "2017-12-31": "5.90680", "2016-12-31": "6.88080", "2015-12-31": "7.19520", "2014-12-31": "7.53270", "2013-12-31": "6.70640", "2012-12-31": "6.76530", "2011-12-31": "7.78160", "2010-12-31": "7.70320", "2009-12-31": "8.18850", "2008-12-31": "7.74850", "2007-12-31": "8.78900", "2006-12-31": "7.56550", "2005-12-31": "8.81630"}, "ROI - Return On Investment": {"2019-12-31": "11.61140", "2018-12-31": "11.75440", "2017-12-31": "7.53170", "2016-12-31": "9.22130", "2015-12-31": "9.28480", "2014-12-31": "10.32860", "2013-12-31": "8.92300", "2012-12-31": "9.25210", "2011-12-31": "10.96870", "2010-12-31": "11.40360", "2009-12-31": "12.66590", "2008-12-31": "14.17160", "2007-12-31": "15.15020", "2006-12-31": "12.12080", "2005-12-31": "17.21180"}, "Book Value Per Share": {"2019-12-31": "74.27770", "2018-12-31": "61.78680", "2017-12-31": "54.79180", "2016-12-31": "45.56890", "2015-12-31": "38.94250", "2014-12-31": "40.06170", "2013-12-31": "40.42210", "2012-12-31": "32.38170", "2011-12-31": "26.99940", "2010-12-31": "21.64290", "2009-12-31": "18.49880", "2008-12-31": "14.10960", "2007-12-31": "15.08390", "2006-12-31": "12.43660", "2005-12-31": "9.67820"}, "Operating Cash Flow Per Share": {"2019-12-31": 0.7776, "2018-12-31": 1.7561, "2017-12-31": 1.3927, "2016-12-31": 3.0907, "2015-12-31": -1.7574, "2014-12-31": 2.2463, "2013-12-31": 0.2912, "2012-12-31": -0.7482, "2011-12-31": 1.9642, "2010-12-31": -0.3894, "2009-12-31": 0.9336, "2008-12-31": -1.3064, "2007-12-31": 2.3965, "2006-12-31": -0.4514, "2005-12-31": 2.6599}, "Free Cash Flow Per Share": {"2019-12-31": 0.7663, "2018-12-31": 1.0217, "2017-12-31": 2.2487, "2016-12-31": 1.9287, "2015-12-31": -1.9152, "2014-12-31": 3.009, "2013-12-31": 0.1267, "2012-12-31": -1.3762, "2011-12-31": 1.6863, "2010-12-31": -0.3142, "2009-12-31": 1.0539, "2008-12-31": -1.2508, "2007-12-31": 2.049, "2006-12-31": -0.6245, "2005-12-31": 2.0893}}, "financial ratios, quarterly": {"Current Ratio": {"2020-09-30": "2.28710", "2020-06-30": "1.97260", "2020-03-31": "1.79540", "2019-12-31": "1.72130", "2019-09-30": "1.48190", "2019-06-30": "1.63290", "2019-03-31": "1.54410", "2018-12-31": "1.54610", "2018-09-30": "1.88710", "2018-06-30": "1.96270", "2018-03-31": "1.90960", "2017-12-31": "1.87180", "2017-09-30": "1.98250", "2017-06-30": "1.67590", "2017-03-31": "1.64290", "2016-12-31": "1.68630", "2016-09-30": "1.60910", "2016-06-30": "2.06440", "2016-03-31": "2.12980", "2015-12-31": "2.10060", "2015-09-30": "2.10620", "2015-06-30": "1.79980", "2015-03-31": "1.86260", "2014-12-31": "1.74710", "2014-09-30": "1.74910", "2014-06-30": "2.06420", "2014-03-31": "2.07160", "2013-12-31": "1.91130", "2013-09-30": "2.07300", "2013-06-30": "1.93170", "2013-03-31": "2.00150", "2012-12-31": "1.82860", "2012-09-30": "1.86410", "2012-06-30": "1.77510", "2012-03-31": "1.97050", "2011-12-31": "1.80340", "2011-09-30": "1.50060", "2011-06-30": "1.49650", "2011-03-31": "1.87430", "2010-12-31": "1.89920", "2010-09-30": "1.89890", "2010-06-30": "2.03620", "2010-03-31": "2.06050", "2009-12-31": "1.74420", "2009-09-30": "1.90300", "2009-06-30": "2.00550", "2009-03-31": "1.83420", "2008-12-31": "1.90250", "2008-09-30": "1.77190", "2008-06-30": "2.01180", "2008-03-31": "1.96770", "2007-12-31": "1.81250", "2007-09-30": "1.77520", "2007-06-30": "1.83040", "2007-03-31": "1.88910", "2006-12-31": "1.93920", "2006-09-30": "1.88990", "2006-06-30": "1.88030", "2006-03-31": "1.94000", "2005-12-31": "1.86760", "2005-09-30": "1.91480", "2005-06-30": "2.03500", "2005-03-31": "1.99750"}, "Long-term Debt / Capital": {"2020-09-30": "0.20100", "2020-06-30": "0.20680", "2020-03-31": "0.21390", "2019-12-31": "0.21650", "2019-09-30": "0.21860", "2019-06-30": "0.20970", "2019-03-31": "0.23570", "2018-12-31": "0.21480", "2018-09-30": "0.27070", "2018-06-30": "0.30890", "2018-03-31": "0.33140", "2017-12-31": "0.35450", "2017-09-30": "0.39160", "2017-06-30": "0.39980", "2017-03-31": "0.42990", "2016-12-31": "0.24920", "2016-09-30": "0.24390", "2016-06-30": "0.31470", "2016-03-31": "0.33130", "2015-12-31": "0.36170", "2015-09-30": "0.32960", "2015-06-30": "0.32680", "2015-03-31": "0.35830", "2014-12-31": "0.29650", "2014-09-30": "0.24270", "2014-06-30": "0.23590", "2014-03-31": "0.26410", "2013-12-31": "0.26550", "2013-09-30": "0.31960", "2013-06-30": "0.32840", "2013-03-31": "0.36040", "2012-12-31": "0.31610", "2012-09-30": "0.35000", "2012-06-30": "0.22640", "2012-03-31": "0.27650", "2011-12-31": "0.24040", "2011-09-30": "0.21790", "2011-06-30": "0.24270", "2011-03-31": "0.40560", "2010-12-31": "0.25210", "2010-09-30": "0.25940", "2010-06-30": "0.24720", "2010-03-31": "0.27380", "2009-12-31": "0.27380", "2009-09-30": "0.34120", "2009-06-30": "0.37220", "2009-03-31": "0.40820", "2008-12-31": "0.39580", "2008-09-30": "0.30880", "2008-06-30": "0.32820", "2008-03-31": "0.34640", "2007-12-31": "0.21170", "2007-09-30": "0.25780", "2007-06-30": "0.30990", "2007-03-31": "0.34710", "2006-12-31": "0.34820", "2006-09-30": "0.38030", "2006-06-30": "0.10470", "2006-03-31": "0.15740", "2005-12-31": "0.12600", "2005-09-30": "0.18610", "2005-06-30": "0.18530", "2005-03-31": "0.19720"}, "Debt/Equity Ratio": {"2020-09-30": "0.26000", "2020-06-30": "0.29560", "2020-03-31": "0.30860", "2019-12-31": "0.31330", "2019-09-30": "0.35990", "2019-06-30": "0.32010", "2019-03-31": "0.36450", "2018-12-31": "0.33520", "2018-09-30": "0.37770", "2018-06-30": "0.45280", "2018-03-31": "0.50020", "2017-12-31": "0.55100", "2017-09-30": "0.64510", "2017-06-30": "0.72530", "2017-03-31": "0.81860", "2016-12-31": "0.39750", "2016-09-30": "0.39670", "2016-06-30": "0.46830", "2016-03-31": "0.50420", "2015-12-31": "0.58080", "2015-09-30": "0.50160", "2015-06-30": "0.54800", "2015-03-31": "0.62430", "2014-12-31": "0.48010", "2014-09-30": "0.37580", "2014-06-30": "0.31340", "2014-03-31": "0.36190", "2013-12-31": "0.36380", "2013-09-30": "0.47300", "2013-06-30": "0.49050", "2013-03-31": "0.56640", "2012-12-31": "0.46390", "2012-09-30": "0.54020", "2012-06-30": "0.29430", "2012-03-31": "0.38360", "2011-12-31": "0.31790", "2011-09-30": "0.27990", "2011-06-30": "0.32220", "2011-03-31": "0.68410", "2010-12-31": "0.33960", "2010-09-30": "0.35440", "2010-06-30": "0.32920", "2010-03-31": "0.37790", "2009-12-31": "0.37770", "2009-09-30": "0.51880", "2009-06-30": "0.59490", "2009-03-31": "0.69150", "2008-12-31": "0.65730", "2008-09-30": "0.44800", "2008-06-30": "0.48990", "2008-03-31": "0.53170", "2007-12-31": "0.27010", "2007-09-30": "0.34950", "2007-06-30": "0.45080", "2007-03-31": "0.53420", "2006-12-31": "0.53710", "2006-09-30": "0.62500", "2006-06-30": "0.11740", "2006-03-31": "0.18740", "2005-12-31": "0.14480", "2005-09-30": "0.23010", "2005-06-30": "0.23080", "2005-03-31": "0.24610"}, "Gross Margin": {"2020-09-30": "38.78510", "2020-06-30": "38.03310", "2020-03-31": "37.21640", "2019-12-31": "39.45100", "2019-09-30": "39.20470", "2019-06-30": "40.71610", "2019-03-31": "37.74830", "2018-12-31": "38.58900", "2018-09-30": "38.48060", "2018-06-30": "38.97610", "2018-03-31": "37.00400", "2017-12-31": "37.93300", "2017-09-30": "38.29660", "2017-06-30": "37.23740", "2017-03-31": "36.93690", "2016-12-31": "36.42610", "2016-09-30": "39.82540", "2016-06-30": "37.70610", "2016-03-31": "38.77470", "2015-12-31": "36.21260", "2015-09-30": "38.31790", "2015-06-30": "38.30200", "2015-03-31": "38.77880", "2014-12-31": "37.07220", "2014-09-30": "37.54780", "2014-06-30": "38.30180", "2014-03-31": "38.67480", "2013-12-31": "35.97050", "2013-09-30": "35.44440", "2013-06-30": "36.17300", "2013-03-31": "35.82720", "2012-12-31": "36.72900", "2012-09-30": "36.24410", "2012-06-30": "33.84760", "2012-03-31": "33.58300", "2011-12-31": "33.46680", "2011-09-30": "33.25950", "2011-06-30": "34.26130", "2011-03-31": "33.11260", "2010-12-31": "31.67260", "2010-09-30": "30.47830", "2010-06-30": "29.55880", "2010-03-31": "28.92070", "2009-12-31": "28.06910", "2009-09-30": "29.15700", "2009-06-30": "28.85970", "2009-03-31": "28.73040", "2008-12-31": "28.11440", "2008-09-30": "29.96380", "2008-06-30": "30.88970", "2008-03-31": "30.21250", "2007-12-31": "28.74850", "2007-09-30": "30.32530", "2007-06-30": "31.32650", "2007-03-31": "29.46060", "2006-12-31": "29.28700", "2006-09-30": "28.13530", "2006-06-30": "29.50300", "2006-03-31": "28.28590", "2005-12-31": "28.28610", "2005-09-30": "28.03930", "2005-06-30": "27.46460", "2005-03-31": "27.89920"}, "Operating Margin": {"2020-09-30": "16.35510", "2020-06-30": "14.77200", "2020-03-31": "13.25520", "2019-12-31": "16.03930", "2019-09-30": "16.04340", "2019-06-30": "16.86700", "2019-03-31": "13.05690", "2018-12-31": "14.85840", "2018-09-30": "14.54570", "2018-06-30": "15.22180", "2018-03-31": "12.70850", "2017-12-31": "13.42990", "2017-09-30": "13.51560", "2017-06-30": "12.33790", "2017-03-31": "9.68030", "2016-12-31": "10.34540", "2016-09-30": "13.06000", "2016-06-30": "9.93140", "2016-03-31": "11.47970", "2015-12-31": "12.09280", "2015-09-30": "13.01430", "2015-06-30": "12.04670", "2015-03-31": "11.91150", "2014-12-31": "12.83950", "2014-09-30": "12.36070", "2014-06-30": "12.44350", "2014-03-31": "11.50830", "2013-12-31": "10.64370", "2013-09-30": "9.27220", "2013-06-30": "10.79870", "2013-03-31": "10.34420", "2012-12-31": "11.91400", "2012-09-30": "11.01570", "2012-06-30": "11.51400", "2012-03-31": "11.23480", "2011-12-31": "11.33830", "2011-09-30": "11.44240", "2011-06-30": "12.30860", "2011-03-31": "11.68550", "2010-12-31": "11.60140", "2010-09-30": "11.20060", "2010-06-30": "10.71080", "2010-03-31": "9.87900", "2009-12-31": "14.26900", "2009-09-30": "10.17700", "2009-06-30": "9.90710", "2009-03-31": "8.01730", "2008-12-31": "14.70390", "2008-09-30": "10.43010", "2008-06-30": "11.65410", "2008-03-31": "10.55780", "2007-12-31": "9.77780", "2007-09-30": "9.78230", "2007-06-30": "10.89180", "2007-03-31": "9.56950", "2006-12-31": "8.48450", "2006-09-30": "8.82840", "2006-06-30": "9.62370", "2006-03-31": "7.96490", "2005-12-31": "8.69850", "2005-09-30": "7.92410", "2005-06-30": "8.80320", "2005-03-31": "7.93280"}, "EBIT Margin": {"2020-09-30": "16.35510", "2020-06-30": "14.77200", "2020-03-31": "13.25520", "2019-12-31": "16.03930", "2019-09-30": "16.04340", "2019-06-30": "16.86700", "2019-03-31": "13.05690", "2018-12-31": "14.85840", "2018-09-30": "14.54570", "2018-06-30": "15.22180", "2018-03-31": "12.70850", "2017-12-31": "13.42990", "2017-09-30": "13.51560", "2017-06-30": "12.33790", "2017-03-31": "9.68030", "2016-12-31": "10.34540", "2016-09-30": "13.06000", "2016-06-30": "9.93140", "2016-03-31": "11.47970", "2015-12-31": "12.09280", "2015-09-30": "13.01430", "2015-06-30": "12.04670", "2015-03-31": "11.91150", "2014-12-31": "12.83950", "2014-09-30": "12.36070", "2014-06-30": "12.44350", "2014-03-31": "11.50830", "2013-12-31": "10.64370", "2013-09-30": "9.27220", "2013-06-30": "10.79870", "2013-03-31": "10.34420", "2012-12-31": "11.91400", "2012-09-30": "11.01570", "2012-06-30": "11.51400", "2012-03-31": "11.23480", "2011-12-31": "11.33830", "2011-09-30": "11.44240", "2011-06-30": "12.30860", "2011-03-31": "11.68550", "2010-12-31": "11.60140", "2010-09-30": "11.20060", "2010-06-30": "10.71080", "2010-03-31": "9.87900", "2009-12-31": "14.26900", "2009-09-30": "10.17700", "2009-06-30": "9.90710", "2009-03-31": "8.01730", "2008-12-31": "14.70390", "2008-09-30": "10.43010", "2008-06-30": "11.65410", "2008-03-31": "10.55780", "2007-12-31": "9.77780", "2007-09-30": "9.78230", "2007-06-30": "10.89180", "2007-03-31": "9.56950", "2006-12-31": "8.48450", "2006-09-30": "8.82840", "2006-06-30": "9.62370", "2006-03-31": "7.96490", "2005-12-31": "8.69850", "2005-09-30": "7.92410", "2005-06-30": "8.80320", "2005-03-31": "7.93280"}, "EBITDA Margin": {"2020-09-30": "", "2020-06-30": "", "2020-03-31": "", "2019-12-31": "", "2019-09-30": "", "2019-06-30": "", "2019-03-31": "", "2018-12-31": "", "2018-09-30": "", "2018-06-30": "", "2018-03-31": "", "2017-12-31": "", "2017-09-30": "", "2017-06-30": "", "2017-03-31": "", "2016-12-31": "", "2016-09-30": "", "2016-06-30": "", "2016-03-31": "", "2015-12-31": "", "2015-09-30": "", "2015-06-30": "", "2015-03-31": "", "2014-12-31": "", "2014-09-30": "", "2014-06-30": "", "2014-03-31": "", "2013-12-31": "", "2013-09-30": "", "2013-06-30": "", "2013-03-31": "", "2012-12-31": "", "2012-09-30": "", "2012-06-30": "", "2012-03-31": "", "2011-12-31": "", "2011-09-30": "", "2011-06-30": "", "2011-03-31": "", "2010-12-31": "", "2010-09-30": "", "2010-06-30": "", "2010-03-31": "", "2009-12-31": "", "2009-09-30": "", "2009-06-30": "", "2009-03-31": "", "2008-12-31": "", "2008-09-30": "", "2008-06-30": "", "2008-03-31": "", "2007-12-31": "", "2007-09-30": "", "2007-06-30": "", "2007-03-31": "", "2006-12-31": "", "2006-09-30": "", "2006-06-30": "", "2006-03-31": "", "2005-12-31": "", "2005-09-30": "", "2005-06-30": "", "2005-03-31": ""}, "Pre-Tax Profit Margin": {"2020-09-30": "15.98130", "2020-06-30": "14.51640", "2020-03-31": "12.87280", "2019-12-31": "15.52390", "2019-09-30": "15.38270", "2019-06-30": "16.35550", "2019-03-31": "12.46650", "2018-12-31": "14.31050", "2018-09-30": "13.81500", "2018-06-30": "14.25260", "2018-03-31": "11.81710", "2017-12-31": "12.53550", "2017-09-30": "12.33770", "2017-06-30": "11.38430", "2017-03-31": "7.17190", "2016-12-31": "10.87000", "2016-09-30": "11.84510", "2016-06-30": "12.02520", "2016-03-31": "10.16020", "2015-12-31": "10.82590", "2015-09-30": "11.54610", "2015-06-30": "11.59350", "2015-03-31": "11.00890", "2014-12-31": "11.95570", "2014-09-30": "11.29600", "2014-06-30": "13.04640", "2014-03-31": "10.79340", "2013-12-31": "10.72750", "2013-09-30": "8.25750", "2013-06-30": "9.95010", "2013-03-31": "9.30800", "2012-12-31": "11.12090", "2012-09-30": "10.41290", "2012-06-30": "10.99330", "2012-03-31": "10.34410", "2011-12-31": "11.19070", "2011-09-30": "9.93150", "2011-06-30": "11.77170", "2011-03-31": "10.68150", "2010-12-31": "10.98460", "2010-09-30": "10.73700", "2010-06-30": "10.68630", "2010-03-31": "9.80490", "2009-12-31": "13.94670", "2009-09-30": "9.92080", "2009-06-30": "9.43100", "2009-03-31": "7.85830", "2008-12-31": "13.68280", "2008-09-30": "9.90760", "2008-06-30": "11.27820", "2008-03-31": "9.84950", "2007-12-31": "10.15210", "2007-09-30": "9.04870", "2007-06-30": "9.84260", "2007-03-31": "8.53220", "2006-12-31": "7.43670", "2006-09-30": "8.52590", "2006-06-30": "9.45130", "2006-03-31": "8.69170", "2005-12-31": "8.60180", "2005-09-30": "8.53370", "2005-06-30": "8.50640", "2005-03-31": "8.50420"}, "Net Profit Margin": {"2020-09-30": "12.53670", "2020-06-30": "12.60600", "2020-03-31": "10.47670", "2019-12-31": "13.86960", "2019-09-30": "13.30090", "2019-06-30": "13.37600", "2019-03-31": "10.10470", "2018-12-31": "12.17260", "2018-09-30": "12.45000", "2018-06-30": "11.72700", "2018-03-31": "9.56010", "2017-12-31": "9.59680", "2017-09-30": "10.41980", "2017-06-30": "8.95540", "2017-03-31": "5.38770", "2016-12-31": "9.58580", "2016-09-30": "9.87090", "2016-06-30": "8.69000", "2016-03-31": "7.35160", "2015-12-31": "9.13130", "2015-09-30": "8.75480", "2015-06-30": "8.42050", "2015-03-31": "7.73450", "2014-12-31": "9.67380", "2014-09-30": "9.24970", "2014-06-30": "9.39540", "2014-03-31": "7.98610", "2013-12-31": "9.20210", "2013-09-30": "8.18750", "2013-06-30": "7.13810", "2013-03-31": "7.09520", "2012-12-31": "8.14240", "2012-09-30": "7.80050", "2012-06-30": "7.61810", "2012-03-31": "7.22670", "2011-12-31": "7.75550", "2011-09-30": "6.86950", "2011-06-30": "30.28440", "2011-03-31": "6.83610", "2010-12-31": "8.68330", "2010-09-30": "7.39390", "2010-06-30": "7.00980", "2010-03-31": "6.17440", "2009-12-31": "9.43450", "2009-09-30": "8.17420", "2009-06-30": "5.71300", "2009-03-31": "4.72410", "2008-12-31": "6.77330", "2008-09-30": "6.20980", "2008-06-30": "6.80870", "2008-03-31": "6.17530", "2007-12-31": "6.22220", "2007-09-30": "6.62750", "2007-06-30": "6.07040", "2007-03-31": "5.31640", "2006-12-31": "4.83010", "2006-09-30": "6.21560", "2006-06-30": "6.00400", "2006-03-31": "5.42100", "2005-12-31": "5.34790", "2005-09-30": "5.31660", "2005-06-30": "5.30830", "2005-03-31": "5.31090"}, "Asset Turnover": {"2020-09-30": "0.15480", "2020-06-30": "0.15690", "2020-03-31": "0.17110", "2019-12-31": "0.18210", "2019-09-30": "0.17910", "2019-06-30": "0.18620", "2019-03-31": "0.17910", "2018-12-31": "0.19650", "2018-09-30": "0.18530", "2018-06-30": "0.18860", "2018-03-31": "0.17740", "2017-12-31": "0.18310", "2017-09-30": "0.17210", "2017-06-30": "0.17750", "2017-03-31": "0.15410", "2016-12-31": "0.19930", "2016-09-30": "0.18860", "2016-06-30": "0.19410", "2016-03-31": "0.19380", "2015-12-31": "0.22370", "2015-09-30": "0.19910", "2015-06-30": "0.20430", "2015-03-31": "0.20230", "2014-12-31": "0.21740", "2014-09-30": "0.21520", "2014-06-30": "0.21280", "2014-03-31": "0.20780", "2013-12-31": "0.21690", "2013-09-30": "0.21810", "2013-06-30": "0.23910", "2013-03-31": "0.22500", "2012-12-31": "0.23580", "2012-09-30": "0.22490", "2012-06-30": "0.26070", "2012-03-31": "0.25470", "2011-12-31": "0.25980", "2011-09-30": "0.26920", "2011-06-30": "0.26930", "2011-03-31": "0.24090", "2010-12-31": "0.27060", "2010-09-30": "0.26820", "2010-06-30": "0.28020", "2010-03-31": "0.28010", "2009-12-31": "0.24010", "2009-09-30": "0.29410", "2009-06-30": "0.29710", "2009-03-31": "0.29360", "2008-12-31": "0.19150", "2008-09-30": "0.34100", "2008-06-30": "0.33970", "2008-03-31": "0.32700", "2007-12-31": "0.36870", "2007-09-30": "0.35540", "2007-06-30": "0.34720", "2007-03-31": "0.34250", "2006-12-31": "0.36870", "2006-09-30": "0.33670", "2006-06-30": "0.42800", "2006-03-31": "0.41520", "2005-12-31": "0.42630", "2005-09-30": "0.40600", "2005-06-30": "0.44820", "2005-03-31": "0.45420"}, "Inventory Turnover Ratio": {"2020-09-30": "1.25480", "2020-06-30": "1.17410", "2020-03-31": "1.22810", "2019-12-31": "1.28390", "2019-09-30": "1.20600", "2019-06-30": "1.18750", "2019-03-31": "1.18040", "2018-12-31": "1.26160", "2018-09-30": "1.18170", "2018-06-30": "1.17630", "2018-03-31": "1.14770", "2017-12-31": "1.09250", "2017-09-30": "0.94610", "2017-06-30": "0.96670", "2017-03-31": "0.85900", "2016-12-31": "1.11870", "2016-09-30": "0.97540", "2016-06-30": "1.05390", "2016-03-31": "1.00870", "2015-12-31": "1.25390", "2015-09-30": "1.02650", "2015-06-30": "1.07180", "2015-03-31": "1.06960", "2014-12-31": "1.25590", "2014-09-30": "1.20750", "2014-06-30": "1.15810", "2014-03-31": "1.14340", "2013-12-31": "1.29800", "2013-09-30": "1.21380", "2013-06-30": "1.30610", "2013-03-31": "1.20000", "2012-12-31": "1.27670", "2012-09-30": "1.21350", "2012-06-30": "1.37530", "2012-03-31": "1.37450", "2011-12-31": "1.43890", "2011-09-30": "1.44170", "2011-06-30": "1.43490", "2011-03-31": "1.45760", "2010-12-31": "1.67150", "2010-09-30": "1.36640", "2010-06-30": "1.50240", "2010-03-31": "1.43110", "2009-12-31": "1.48970", "2009-09-30": "1.58440", "2009-06-30": "1.58810", "2009-03-31": "1.53070", "2008-12-31": "1.02030", "2008-09-30": "1.60670", "2008-06-30": "1.59390", "2008-03-31": "1.54410", "2007-12-31": "1.74460", "2007-09-30": "1.55940", "2007-06-30": "1.48680", "2007-03-31": "1.63460", "2006-12-31": "1.77600", "2006-09-30": "1.65070", "2006-06-30": "1.67390", "2006-03-31": "1.71970", "2005-12-31": "1.89770", "2005-09-30": "1.84940", "2005-06-30": "2.02020", "2005-03-31": "1.98430"}, "Receiveable Turnover": {"2020-09-30": "1.15200", "2020-06-30": "1.13830", "2020-03-31": "1.17440", "2019-12-31": "1.26220", "2019-09-30": "1.24620", "2019-06-30": "1.28450", "2019-03-31": "1.32030", "2018-12-31": "1.33210", "2018-09-30": "1.31440", "2018-06-30": "1.35870", "2018-03-31": "1.30070", "2017-12-31": "1.47330", "2017-09-30": "1.42100", "2017-06-30": "1.43670", "2017-03-31": "1.27270", "2016-12-31": "1.44100", "2016-09-30": "1.41800", "2016-06-30": "1.46820", "2016-03-31": "1.42680", "2015-12-31": "1.62950", "2015-09-30": "1.44420", "2015-06-30": "1.44990", "2015-03-31": "1.45210", "2014-12-31": "1.55300", "2014-09-30": "1.60550", "2014-06-30": "1.58680", "2014-03-31": "1.52160", "2013-12-31": "1.57830", "2013-09-30": "1.54950", "2013-06-30": "1.73350", "2013-03-31": "1.53020", "2012-12-31": "1.61980", "2012-09-30": "1.56620", "2012-06-30": "1.65760", "2012-03-31": "1.68890", "2011-12-31": "1.75740", "2011-09-30": "1.76650", "2011-06-30": "1.79220", "2011-03-31": "1.55460", "2010-12-31": "1.65420", "2010-09-30": "1.47680", "2010-06-30": "1.51110", "2010-03-31": "1.49960", "2009-12-31": "1.49230", "2009-09-30": "1.64080", "2009-06-30": "1.62290", "2009-03-31": "1.59070", "2008-12-31": "1.04410", "2008-09-30": "1.69770", "2008-06-30": "1.68300", "2008-03-31": "1.60160", "2007-12-31": "1.77310", "2007-09-30": "1.72900", "2007-06-30": "1.64940", "2007-03-31": "1.57000", "2006-12-31": "1.73070", "2006-09-30": "1.56720", "2006-06-30": "1.84180", "2006-03-31": "1.80140", "2005-12-31": "1.85200", "2005-09-30": "1.70400", "2005-06-30": "1.83820", "2005-03-31": "1.82180"}, "Days Sales In Receivables": {"2020-09-30": "78.12820", "2020-06-30": "79.06630", "2020-03-31": "76.63650", "2019-12-31": "71.30300", "2019-09-30": "72.21770", "2019-06-30": "70.06650", "2019-03-31": "68.16430", "2018-12-31": "67.56010", "2018-09-30": "68.47100", "2018-06-30": "66.23750", "2018-03-31": "69.19490", "2017-12-31": "61.08600", "2017-09-30": "63.33430", "2017-06-30": "62.64190", "2017-03-31": "70.71540", "2016-12-31": "62.45800", "2016-09-30": "63.46810", "2016-06-30": "61.30070", "2016-03-31": "63.07630", "2015-12-31": "55.23200", "2015-09-30": "62.31650", "2015-06-30": "62.07110", "2015-03-31": "61.98050", "2014-12-31": "57.95120", "2014-09-30": "56.05720", "2014-06-30": "56.71910", "2014-03-31": "59.14730", "2013-12-31": "57.02310", "2013-09-30": "58.08430", "2013-06-30": "51.91850", "2013-03-31": "58.81450", "2012-12-31": "55.56400", "2012-09-30": "57.46260", "2012-06-30": "54.29510", "2012-03-31": "53.28950", "2011-12-31": "51.21180", "2011-09-30": "50.94680", "2011-06-30": "50.21680", "2011-03-31": "57.89150", "2010-12-31": "54.40570", "2010-09-30": "60.94440", "2010-06-30": "59.55880", "2010-03-31": "60.01480", "2009-12-31": "60.30770", "2009-09-30": "54.85100", "2009-06-30": "55.45680", "2009-03-31": "56.57960", "2008-12-31": "86.20150", "2008-09-30": "53.01250", "2008-06-30": "53.47740", "2008-03-31": "56.19520", "2007-12-31": "50.75790", "2007-09-30": "52.05430", "2007-06-30": "54.56660", "2007-03-31": "57.32370", "2006-12-31": "52.00360", "2006-09-30": "57.42570", "2006-06-30": "48.86530", "2006-03-31": "49.96060", "2005-12-31": "48.59540", "2005-09-30": "52.81750", "2005-06-30": "48.96140", "2005-03-31": "49.40170"}, "ROE - Return On Equity": {"2020-09-30": "3.10310", "2020-06-30": "3.25360", "2020-03-31": "2.98580", "2019-12-31": "4.26200", "2019-09-30": "4.15010", "2019-06-30": "4.22970", "2019-03-31": "3.20490", "2018-12-31": "4.08580", "2018-09-30": "4.07340", "2018-06-30": "4.08520", "2018-03-31": "3.23460", "2017-12-31": "3.47150", "2017-09-30": "3.72290", "2017-06-30": "3.47100", "2017-03-31": "1.90140", "2016-12-31": "3.40970", "2016-09-30": "3.36550", "2016-06-30": "3.17510", "2016-03-31": "2.73300", "2015-12-31": "4.01010", "2015-09-30": "3.50510", "2015-06-30": "3.44410", "2015-03-31": "3.28700", "2014-12-31": "4.01090", "2014-09-30": "3.57030", "2014-06-30": "3.43410", "2014-03-31": "2.97370", "2013-12-31": "3.58860", "2013-09-30": "3.44950", "2013-06-30": "3.38120", "2013-03-31": "3.22660", "2012-12-31": "3.69790", "2012-09-30": "3.59500", "2012-06-30": "3.50850", "2012-03-31": "3.40180", "2011-12-31": "3.72930", "2011-09-30": "3.29980", "2011-06-30": "3.82830", "2011-03-31": "3.83210", "2010-12-31": "4.70140", "2010-09-30": "3.95050", "2010-06-30": "3.88730", "2010-03-31": "3.61950", "2009-12-31": "5.21430", "2009-09-30": "5.82300", "2009-06-30": "4.51070", "2009-03-31": "4.01610", "2008-12-31": "5.05030", "2008-09-30": "4.83290", "2008-06-30": "5.50410", "2008-03-31": "5.11500", "2007-12-31": "5.65820", "2007-09-30": "5.22760", "2007-06-30": "4.97750", "2007-03-31": "4.47890", "2006-12-31": "4.37700", "2006-09-30": "5.46420", "2006-06-30": "5.46550", "2006-03-31": "5.02240", "2005-12-31": "5.09200", "2005-09-30": "4.85620", "2005-06-30": "5.33110", "2005-03-31": "5.53800"}, "Return On Tangible Equity": {"2020-09-30": "17.85510", "2020-06-30": "22.88710", "2020-03-31": "28.59130", "2019-12-31": "49.57160", "2019-09-30": "86.53690", "2019-06-30": "50.99940", "2019-03-31": "99.86720", "2018-12-31": "60.65240", "2018-09-30": "87.24660", "2018-06-30": "-346.37030", "2018-03-31": "-48.39890", "2017-12-31": "-29.61020", "2017-09-30": "-22.71980", "2017-06-30": "-15.91210", "2017-03-31": "-6.49490", "2016-12-31": "41.96360", "2016-09-30": "41.96930", "2016-06-30": "105.39330", "2016-03-31": "111.11160", "2015-12-31": "-136.80240", "2015-09-30": "278.21190", "2015-06-30": "-135.11290", "2015-03-31": "-63.33350", "2014-12-31": "146.15370", "2014-09-30": "20.70140", "2014-06-30": "17.23820", "2014-03-31": "18.18180", "2013-12-31": "25.95240", "2013-09-30": "85.11800", "2013-06-30": "1273.47400", "2013-03-31": "-64.82070", "2012-12-31": "-84.76170", "2012-09-30": "-62.64540", "2012-06-30": "30.13700", "2012-03-31": "29.64200", "2011-12-31": "43.22730", "2011-09-30": "26.59910", "2011-06-30": "41.14530", "2011-03-31": "-40.77790", "2010-12-31": "29.17980", "2010-09-30": "32.60870", "2010-06-30": "24.49690", "2010-03-31": "28.76870", "2009-12-31": "61.81170", "2009-09-30": "-255.07270", "2009-06-30": "-45.19580", "2009-03-31": "-24.08260", "2008-12-31": "-22.73540", "2008-09-30": "71.82450", "2008-06-30": "107.41910", "2008-03-31": "167.05210", "2007-12-31": "25.66300", "2007-09-30": "25.42210", "2007-06-30": "32.97150", "2007-03-31": "42.44310", "2006-12-31": "38.72950", "2006-09-30": "54.98780", "2006-06-30": "17.56300", "2006-03-31": "17.56620", "2005-12-31": "17.40040", "2005-09-30": "17.19610", "2005-06-30": "15.76890", "2005-03-31": "16.10600"}, "ROA - Return On Assets": {"2020-09-30": "1.94130", "2020-06-30": "1.97750", "2020-03-31": "1.79280", "2019-12-31": "2.52630", "2019-09-30": "2.38190", "2019-06-30": "2.49040", "2019-03-31": "1.80940", "2018-12-31": "2.39150", "2018-09-30": "2.30760", "2018-06-30": "2.21230", "2018-03-31": "1.69640", "2017-12-31": "1.75750", "2017-09-30": "1.79340", "2017-06-30": "1.58990", "2017-03-31": "0.83040", "2016-12-31": "1.91030", "2016-09-30": "1.86130", "2016-06-30": "1.68670", "2016-03-31": "1.42440", "2015-12-31": "1.98370", "2015-09-30": "1.79720", "2015-06-30": "1.71350", "2015-03-31": "1.56460", "2014-12-31": "2.05790", "2014-09-30": "1.96570", "2014-06-30": "1.98850", "2014-03-31": "1.66650", "2013-12-31": "1.98100", "2013-09-30": "1.78960", "2013-06-30": "1.72230", "2013-03-31": "1.57290", "2012-12-31": "1.84920", "2012-09-30": "1.77070", "2012-06-30": "1.99110", "2012-03-31": "1.83540", "2011-12-31": "2.00970", "2011-09-30": "1.84890", "2011-06-30": "2.07750", "2011-03-31": "1.67250", "2010-12-31": "2.37510", "2010-09-30": "1.96350", "2010-06-30": "1.92310", "2010-03-31": "1.72960", "2009-12-31": "2.44810", "2009-09-30": "2.41080", "2009-06-30": "1.71070", "2009-03-31": "1.40050", "2008-12-31": "1.66830", "2008-09-30": "2.13150", "2008-06-30": "2.36290", "2008-03-31": "2.09180", "2007-12-31": "2.58750", "2007-09-30": "2.35550", "2007-06-30": "2.10740", "2007-03-31": "1.82110", "2006-12-31": "1.78070", "2006-09-30": "2.09300", "2006-06-30": "2.56950", "2006-03-31": "2.25070", "2005-12-31": "2.27960", "2005-09-30": "2.15840", "2005-06-30": "2.37920", "2005-03-31": "2.41220"}, "ROI - Return On Investment": {"2020-09-30": "2.47950", "2020-06-30": "2.58080", "2020-03-31": "2.34720", "2019-12-31": "3.33940", "2019-09-30": "3.24290", "2019-06-30": "3.34270", "2019-03-31": "2.44950", "2018-12-31": "3.20800", "2018-09-30": "2.97060", "2018-06-30": "2.82330", "2018-03-31": "2.16250", "2017-12-31": "2.24090", "2017-09-30": "2.26480", "2017-06-30": "2.08320", "2017-03-31": "1.08400", "2016-12-31": "2.56010", "2016-09-30": "2.54470", "2016-06-30": "2.17600", "2016-03-31": "1.82750", "2015-12-31": "2.55980", "2015-09-30": "2.34990", "2015-06-30": "2.31840", "2015-03-31": "2.10910", "2014-12-31": "2.82170", "2014-09-30": "2.70380", "2014-06-30": "2.62390", "2014-03-31": "2.18840", "2013-12-31": "2.63580", "2013-09-30": "2.34710", "2013-06-30": "2.27080", "2013-03-31": "2.06380", "2012-12-31": "2.52900", "2012-09-30": "2.33670", "2012-06-30": "2.71400", "2012-03-31": "2.46110", "2011-12-31": "2.83290", "2011-09-30": "2.58080", "2011-06-30": "2.89920", "2011-03-31": "2.27800", "2010-12-31": "3.51610", "2010-09-30": "2.92570", "2010-06-30": "2.92640", "2010-03-31": "2.62850", "2009-12-31": "3.78670", "2009-09-30": "3.83610", "2009-06-30": "2.83170", "2009-03-31": "2.37660", "2008-12-31": "3.05130", "2008-09-30": "3.34050", "2008-06-30": "3.69790", "2008-03-31": "3.34300", "2007-12-31": "4.46030", "2007-09-30": "3.87970", "2007-06-30": "3.43510", "2007-03-31": "2.92440", "2006-12-31": "2.85280", "2006-09-30": "3.38630", "2006-06-30": "4.89350", "2006-03-31": "4.23170", "2005-12-31": "4.45040", "2005-09-30": "3.95270", "2005-06-30": "4.34310", "2005-03-31": "4.44570"}, "Book Value Per Share": {"2020-09-30": "82.06770", "2020-06-30": "78.13710", "2020-03-31": "75.10160", "2019-12-31": "74.27770", "2019-09-30": "70.50020", "2019-06-30": "67.98440", "2019-03-31": "64.84420", "2018-12-31": "61.78680", "2018-09-30": "61.45490", "2018-06-30": "58.55640", "2018-03-31": "57.52540", "2017-12-31": "54.79180", "2017-09-30": "52.30270", "2017-06-30": "49.00660", "2017-03-31": "45.52060", "2016-12-31": "45.56890", "2016-09-30": "44.22150", "2016-06-30": "42.66730", "2016-03-31": "41.38750", "2015-12-31": "38.94250", "2015-09-30": "40.09260", "2015-06-30": "39.46870", "2015-03-31": "37.62880", "2014-12-31": "40.06170", "2014-09-30": "42.06880", "2014-06-30": "43.26490", "2014-03-31": "41.18480", "2013-12-31": "40.42210", "2013-09-30": "36.26470", "2013-06-30": "34.22530", "2013-03-31": "33.02010", "2012-12-31": "32.38170", "2012-09-30": "32.50200", "2012-06-30": "30.68070", "2012-03-31": "28.48320", "2011-12-31": "26.99940", "2011-09-30": "27.97280", "2011-06-30": "27.55950", "2011-03-31": "23.10210", "2010-12-31": "21.64290", "2010-09-30": "20.92650", "2010-06-30": "19.86820", "2010-03-31": "19.06270", "2009-12-31": "18.49880", "2009-09-30": "16.78100", "2009-06-30": "15.64190", "2009-03-31": "14.51370", "2008-12-31": "14.10960", "2008-09-30": "17.94030", "2008-06-30": "17.03510", "2008-03-31": "15.99480", "2007-12-31": "15.08390", "2007-09-30": "14.78570", "2007-06-30": "13.93900", "2007-03-31": "13.12140", "2006-12-31": "12.43660", "2006-09-30": "11.93070", "2006-06-30": "11.13440", "2006-03-31": "10.40950", "2005-12-31": "9.67820", "2005-09-30": "9.63490", "2005-06-30": "9.06420", "2005-03-31": "8.57170"}, "Operating Cash Flow Per Share": {"2020-09-30": 3.9762, "2020-06-30": 4.1217, "2020-03-31": "2.02120", "2019-12-31": 4.4996, "2019-09-30": 3.9901, "2019-06-30": 2.2131, "2019-03-31": "2.15320", "2018-12-31": 3.4386, "2018-09-30": 3.7884, "2018-06-30": 2.9057, "2018-03-31": "1.94570", "2017-12-31": 3.5009, "2017-09-30": 2.9429, "2017-06-30": 2.3993, "2017-03-31": "1.47920", "2016-12-31": 1.8875, "2016-09-30": 2.7163, "2016-06-30": 2.3627, "2016-03-31": "1.96310", "2015-12-31": 1.7059, "2015-09-30": 2.036, "2015-06-30": 1.6395, "2015-03-31": "0.45750", "2014-12-31": 2.2444, "2014-09-30": 2.1472, "2014-06-30": 2.4971, "2014-03-31": "0.70760", "2013-12-31": 2.5783, "2013-09-30": 1.2954, "2013-06-30": 2.9763, "2013-03-31": "-1.50000", "2012-12-31": 3.2513, "2012-09-30": 0.4858, "2012-06-30": 1.8513, "2012-03-31": "-0.52960", "2011-12-31": 2.1492, "2011-09-30": 1.4085, "2011-06-30": 2.1525, "2011-03-31": "0.09680", "2010-12-31": 1.8346, "2010-09-30": 0.6505, "2010-06-30": 1.2762, "2010-03-31": "0.08150", "2009-12-31": 2.1803, "2009-09-30": 1.2814, "2009-06-30": 0.9787, "2009-03-31": "-0.20820", "2008-12-31": 0.2223, "2008-09-30": 1.4023, "2008-06-30": 1.0514, "2008-03-31": "0.62260", "2007-12-31": 1.1962, "2007-09-30": 1.5002, "2007-06-30": 0.889, "2007-03-31": "1.01960", "2006-12-31": 0.4578, "2006-09-30": 0.5897, "2006-06-30": 0.9331, "2006-03-31": "0.22790", "2005-12-31": 0.9329, "2005-09-30": 0.8082, "2005-06-30": 0.8607, "2005-03-31": "0.05810"}, "Free Cash Flow Per Share": {"2020-09-30": 3.5741, "2020-06-30": 3.6825, "2020-03-31": "1.48680", "2019-12-31": 3.8577, "2019-09-30": 3.3282, "2019-06-30": 1.7322, "2019-03-31": "1.58060", "2018-12-31": 2.9233, "2018-09-30": 3.2334, "2018-06-30": 2.1627, "2018-03-31": "1.41300", "2017-12-31": 2.9717, "2017-09-30": 2.5318, "2017-06-30": 2.0687, "2017-03-31": "1.13850", "2016-12-31": -0.1504, "2016-09-30": 2.5784, "2016-06-30": 2.4687, "2016-03-31": "1.56530", "2015-12-31": 1.1732, "2015-09-30": 1.7562, "2015-06-30": 1.3491, "2015-03-31": "0.25480", "2014-12-31": 1.8771, "2014-09-30": 1.8995, "2014-06-30": 2.2698, "2014-03-31": "0.40210", "2013-12-31": 2.0799, "2013-09-30": 0.8359, "2013-06-30": 2.4549, "2013-03-31": "-1.93120", "2012-12-31": 2.6283, "2012-09-30": 0.1054, "2012-06-30": 1.3936, "2012-03-31": "-0.81450", "2011-12-31": 1.7692, "2011-09-30": 1.1504, "2011-06-30": 1.8474, "2011-03-31": "-0.07800", "2010-12-31": 1.4185, "2010-09-30": 0.4839, "2010-06-30": 1.1519, "2010-03-31": "-0.05160", "2009-12-31": 1.9945, "2009-09-30": 1.0301, "2009-06-30": 0.8594, "2009-03-31": "-0.56710", "2008-12-31": -0.0395, "2008-09-30": 1.1354, "2008-06-30": 0.7842, "2008-03-31": "0.38290", "2007-12-31": 0.9171, "2007-09-30": 1.2837, "2007-06-30": 0.6231, "2007-03-31": "0.68990", "2006-12-31": 0.1623, "2006-09-30": 0.3957, "2006-06-30": 0.8014, "2006-03-31": "0.10540", "2005-12-31": 0.7157, "2005-09-30": 0.6693, "2005-06-30": 0.7421, "2005-03-31": "-0.03780"}}, "revenue": {"Teledyne Technologies Annual Revenue (Millions of US $)": {"2020": "$3,086", "2019": "$3,164", "2018": "$2,902", "2017": "$2,604", "2016": "$2,150", "2015": "$2,298", "2014": "$2,394", "2013": "$2,339", "2012": "$2,127", "2011": "$1,942", "2010": "$1,644", "2009": "$1,652", "2008": "$1,722", "2007": "$1,622", "2006": "$1,433", "2005": "$1,207"}, "Teledyne Technologies Quarterly Revenue (Millions of US $)": {"2020-12-31": "$809", "2020-09-30": "$749", "2020-06-30": "$743", "2020-03-31": "$785", "2019-12-31": "$834", "2019-09-30": "$802", "2019-06-30": "$782", "2019-03-31": "$745", "2018-12-31": "$748", "2018-09-30": "$725", "2018-06-30": "$733", "2018-03-31": "$696", "2017-12-31": "$704", "2017-09-30": "$662", "2017-06-30": "$671", "2017-03-31": "$566", "2016-12-31": "$553", "2016-09-30": "$527", "2016-06-30": "$540", "2016-03-31": "$531", "2015-12-31": "$608", "2015-09-30": "$552", "2015-06-30": "$574", "2015-03-31": "$565", "2014-12-31": "$622", "2014-09-30": "$601", "2014-06-30": "$597", "2014-03-31": "$574", "2013-12-31": "$597", "2013-09-30": "$572", "2013-06-30": "$601", "2013-03-31": "$569", "2012-12-31": "$567", "2012-09-30": "$547", "2012-06-30": "$519", "2012-03-31": "$494", "2011-12-31": "$475", "2011-09-30": "$496", "2011-06-30": "$503", "2011-03-31": "$468", "2010-12-31": "$422", "2010-09-30": "$410", "2010-06-30": "$408", "2010-03-31": "$405", "2009-12-31": "$341", "2009-09-30": "$429", "2009-06-30": "$441", "2009-03-31": "$440", "2008-12-31": "$294", "2008-09-30": "$498", "2008-06-30": "$479", "2008-03-31": "$452", "2007-12-31": "$428", "2007-09-30": "$409", "2007-06-30": "$400", "2007-03-31": "$386", "2006-12-31": "$391", "2006-09-30": "$364", "2006-06-30": "$348", "2006-03-31": "$330", "2005-12-31": "$310", "2005-09-30": "$295", "2005-06-30": "$303", "2005-03-31": "$298"}}, "gross-profit": {"Teledyne Technologies Annual Gross Profit (Millions of US $)": {"2020": "$1,181", "2019": "$1,243", "2018": "$1,111", "2017": "$980", "2016": "$820", "2015": "$870", "2014": "$907", "2013": "$839", "2012": "$748", "2011": "$651", "2010": "$496", "2009": "$475", "2008": "$516", "2007": "$486", "2006": "$413", "2005": "$337"}, "Teledyne Technologies Quarterly Gross Profit (Millions of US $)": {"2020-12-31": "$316", "2020-09-30": "$291", "2020-06-30": "$283", "2020-03-31": "$292", "2019-12-31": "$329", "2019-09-30": "$315", "2019-06-30": "$318", "2019-03-31": "$281", "2018-12-31": "$289", "2018-09-30": "$279", "2018-06-30": "$286", "2018-03-31": "$257", "2017-12-31": "$267", "2017-09-30": "$254", "2017-06-30": "$250", "2017-03-31": "$209", "2016-12-31": "$201", "2016-09-30": "$210", "2016-06-30": "$204", "2016-03-31": "$206", "2015-12-31": "$220", "2015-09-30": "$211", "2015-06-30": "$220", "2015-03-31": "$219", "2014-12-31": "$231", "2014-09-30": "$226", "2014-06-30": "$229", "2014-03-31": "$222", "2013-12-31": "$215", "2013-09-30": "$203", "2013-06-30": "$217", "2013-03-31": "$204", "2012-12-31": "$208", "2012-09-30": "$198", "2012-06-30": "$176", "2012-03-31": "$166", "2011-12-31": "$159", "2011-09-30": "$165", "2011-06-30": "$172", "2011-03-31": "$155", "2010-12-31": "$134", "2010-09-30": "$125", "2010-06-30": "$121", "2010-03-31": "$117", "2009-12-31": "$96", "2009-09-30": "$125", "2009-06-30": "$127", "2009-03-31": "$127", "2008-12-31": "$83", "2008-09-30": "$149", "2008-06-30": "$148", "2008-03-31": "$137", "2007-12-31": "$123", "2007-09-30": "$124", "2007-06-30": "$125", "2007-03-31": "$114", "2006-12-31": "$115", "2006-09-30": "$102", "2006-06-30": "$103", "2006-03-31": "$93", "2005-12-31": "$88", "2005-09-30": "$83", "2005-06-30": "$83", "2005-03-31": "$83"}}, "operating-income": {"Teledyne Technologies Annual Operating Income (Millions of US $)": {"2020": "$480", "2019": "$492", "2018": "$417", "2017": "$322", "2016": "$241", "2015": "$282", "2014": "$295", "2013": "$240", "2012": "$243", "2011": "$227", "2010": "$179", "2009": "$171", "2008": "$199", "2007": "$162", "2006": "$125", "2005": "$101"}, "Teledyne Technologies Quarterly Operating Income (Millions of US $)": {"2020-12-31": "$144", "2020-09-30": "$123", "2020-06-30": "$110", "2020-03-31": "$104", "2019-12-31": "$134", "2019-09-30": "$129", "2019-06-30": "$132", "2019-03-31": "$97", "2018-12-31": "$111", "2018-09-30": "$106", "2018-06-30": "$112", "2018-03-31": "$88", "2017-12-31": "$95", "2017-09-30": "$90", "2017-06-30": "$83", "2017-03-31": "$55", "2016-12-31": "$57", "2016-09-30": "$69", "2016-06-30": "$54", "2016-03-31": "$61", "2015-12-31": "$74", "2015-09-30": "$72", "2015-06-30": "$69", "2015-03-31": "$67", "2014-12-31": "$80", "2014-09-30": "$74", "2014-06-30": "$74", "2014-03-31": "$66", "2013-12-31": "$64", "2013-09-30": "$53", "2013-06-30": "$65", "2013-03-31": "$59", "2012-12-31": "$68", "2012-09-30": "$60", "2012-06-30": "$60", "2012-03-31": "$56", "2011-12-31": "$54", "2011-09-30": "$57", "2011-06-30": "$62", "2011-03-31": "$55", "2010-12-31": "$49", "2010-09-30": "$46", "2010-06-30": "$44", "2010-03-31": "$40", "2009-12-31": "$49", "2009-09-30": "$44", "2009-06-30": "$44", "2009-03-31": "$35", "2008-12-31": "$43", "2008-09-30": "$52", "2008-06-30": "$56", "2008-03-31": "$48", "2007-12-31": "$42", "2007-09-30": "$40", "2007-06-30": "$44", "2007-03-31": "$37", "2006-12-31": "$33", "2006-09-30": "$32", "2006-06-30": "$34", "2006-03-31": "$26", "2005-12-31": "$27", "2005-09-30": "$23", "2005-06-30": "$27", "2005-03-31": "$24"}}, "ebitda": {"Teledyne Technologies Annual EBITDA (Millions of US $)": {"2019": "$604", "2018": "$530", "2017": "$435", "2016": "$328", "2015": "$372", "2014": "$389", "2013": "$331", "2012": "$321", "2011": "$291", "2010": "$224", "2009": "$214", "2008": "$244", "2007": "$197", "2006": "$157", "2005": "$126"}, "Teledyne Technologies Quarterly EBITDA (Millions of US $)": {"2020-09-30": "$152", "2020-06-30": "$139", "2020-03-31": "$133", "2019-12-31": "$163", "2019-09-30": "$157", "2019-06-30": "$159", "2019-03-31": "$125", "2018-12-31": "$141", "2018-09-30": "$133", "2018-06-30": "$139", "2018-03-31": "$117", "2017-12-31": "$120", "2017-09-30": "$121", "2017-06-30": "$116", "2017-03-31": "$78", "2016-12-31": "$79", "2016-09-30": "$92", "2016-06-30": "$75", "2016-03-31": "$82", "2015-12-31": "$96", "2015-09-30": "$94", "2015-06-30": "$92", "2015-03-31": "$91", "2014-12-31": "$104", "2014-09-30": "$98", "2014-06-30": "$98", "2014-03-31": "$89", "2013-12-31": "$88", "2013-09-30": "$76", "2013-06-30": "$87", "2013-03-31": "$81", "2012-12-31": "$90", "2012-09-30": "$82", "2012-06-30": "$78", "2012-03-31": "$72", "2011-12-31": "$71", "2011-09-30": "$74", "2011-06-30": "$79", "2011-03-31": "$69", "2010-12-31": "$61", "2010-09-30": "$58", "2010-06-30": "$55", "2010-03-31": "$51", "2009-12-31": "$58", "2009-09-30": "$54", "2009-06-30": "$55", "2009-03-31": "$47", "2008-12-31": "$52", "2008-09-30": "$65", "2008-06-30": "$69", "2008-03-31": "$58", "2007-12-31": "$51", "2007-09-30": "$49", "2007-06-30": "$53", "2007-03-31": "$45", "2006-12-31": "$44", "2006-09-30": "$40", "2006-06-30": "$40", "2006-03-31": "$33", "2005-12-31": "$34", "2005-09-30": "$30", "2005-06-30": "$33", "2005-03-31": "$30"}}, "net-income": {"Teledyne Technologies Annual Net Income (Millions of US $)": {"2020": "$402", "2019": "$402", "2018": "$334", "2017": "$227", "2016": "$191", "2015": "$196", "2014": "$218", "2013": "$185", "2012": "$164", "2011": "$255", "2010": "$121", "2009": "$113", "2008": "$111", "2007": "$99", "2006": "$80", "2005": "$64"}, "Teledyne Technologies Quarterly Net Income (Millions of US $)": {"2020-12-31": "$132", "2020-09-30": "$94", "2020-06-30": "$94", "2020-03-31": "$82", "2019-12-31": "$116", "2019-09-30": "$107", "2019-06-30": "$105", "2019-03-31": "$75", "2018-12-31": "$91", "2018-09-30": "$90", "2018-06-30": "$86", "2018-03-31": "$67", "2017-12-31": "$68", "2017-09-30": "$69", "2017-06-30": "$60", "2017-03-31": "$31", "2016-12-31": "$53", "2016-09-30": "$52", "2016-06-30": "$47", "2016-03-31": "$39", "2015-12-31": "$56", "2015-09-30": "$48", "2015-06-30": "$48", "2015-03-31": "$44", "2014-12-31": "$60", "2014-09-30": "$56", "2014-06-30": "$56", "2014-03-31": "$46", "2013-12-31": "$55", "2013-09-30": "$47", "2013-06-30": "$43", "2013-03-31": "$40", "2012-12-31": "$46", "2012-09-30": "$43", "2012-06-30": "$40", "2012-03-31": "$36", "2011-12-31": "$37", "2011-09-30": "$34", "2011-06-30": "$152", "2011-03-31": "$32", "2010-12-31": "$37", "2010-09-30": "$30", "2010-06-30": "$29", "2010-03-31": "$25", "2009-12-31": "$32", "2009-09-30": "$35", "2009-06-30": "$25", "2009-03-31": "$21", "2008-12-31": "$20", "2008-09-30": "$31", "2008-06-30": "$33", "2008-03-31": "$28", "2007-12-31": "$27", "2007-09-30": "$27", "2007-06-30": "$24", "2007-03-31": "$21", "2006-12-31": "$19", "2006-09-30": "$23", "2006-06-30": "$21", "2006-03-31": "$18", "2005-12-31": "$17", "2005-09-30": "$16", "2005-06-30": "$16", "2005-03-31": "$16"}}, "eps-earnings-per-share-diluted": {"Teledyne Technologies Annual EPS": {"2020": "$10.62", "2019": "$10.73", "2018": "$9.01", "2017": "$6.26", "2016": "$5.37", "2015": "$5.44", "2014": "$5.75", "2013": "$4.87", "2012": "$4.39", "2011": "$6.84", "2010": "$3.27", "2009": "$3.10", "2008": "$3.05", "2007": "$2.72", "2006": "$2.26", "2005": "$1.85"}, "Teledyne Technologies Quarterly EPS": {"2020-12-31": "$3.48", "2020-09-30": "$2.48", "2020-06-30": "$2.48", "2020-03-31": "$2.17", "2019-12-31": "$3.07", "2019-09-30": "$2.84", "2019-06-30": "$2.80", "2019-03-31": "$2.02", "2018-12-31": "$2.45", "2018-09-30": "$2.43", "2018-06-30": "$2.32", "2018-03-31": "$1.81", "2017-12-31": "$1.86", "2017-09-30": "$1.90", "2017-06-30": "$1.66", "2017-03-31": "$0.84", "2016-12-31": "$1.47", "2016-09-30": "$1.46", "2016-06-30": "$1.33", "2016-03-31": "$1.11", "2015-12-31": "$1.56", "2015-09-30": "$1.34", "2015-06-30": "$1.34", "2015-03-31": "$1.20", "2014-12-31": "$1.61", "2014-09-30": "$1.47", "2014-06-30": "$1.47", "2014-03-31": "$1.20", "2013-12-31": "$1.44", "2013-09-30": "$1.23", "2013-06-30": "$1.13", "2013-03-31": "$1.07", "2012-12-31": "$1.23", "2012-09-30": "$1.14", "2012-06-30": "$1.06", "2012-03-31": "$0.96", "2011-12-31": "$0.99", "2011-09-30": "$0.91", "2011-06-30": "$4.08", "2011-03-31": "$0.86", "2010-12-31": "$0.99", "2010-09-30": "$0.82", "2010-06-30": "$0.78", "2010-03-31": "$0.68", "2009-12-31": "$0.88", "2009-09-30": "$0.96", "2009-06-30": "$0.69", "2009-03-31": "$0.57", "2008-12-31": "$0.55", "2008-09-30": "$0.84", "2008-06-30": "$0.89", "2008-03-31": "$0.77", "2007-12-31": "$0.73", "2007-09-30": "$0.75", "2007-06-30": "$0.67", "2007-03-31": "$0.57", "2006-12-31": "$0.53", "2006-09-30": "$0.63", "2006-06-30": "$0.59", "2006-03-31": "$0.51", "2005-12-31": "$0.47", "2005-09-30": "$0.45", "2005-06-30": "$0.47", "2005-03-31": "$0.46"}}, "shares-outstanding": {"Teledyne Technologies Annual Shares Outstanding (Millions of Shares)": {"2020": "38", "2019": "38", "2018": "37", "2017": "36", "2016": "36", "2015": "36", "2014": "38", "2013": "38", "2012": "37", "2011": "37", "2010": "37", "2009": "37", "2008": "37", "2007": "36", "2006": "36", "2005": "35"}, "Teledyne Technologies Quarterly Shares Outstanding (Millions of Shares)": {"2020-12-31": "38", "2020-09-30": "38", "2020-06-30": "38", "2020-03-31": "38", "2019-12-31": "38", "2019-09-30": "38", "2019-06-30": "37", "2019-03-31": "37", "2018-12-31": "37", "2018-09-30": "37", "2018-06-30": "37", "2018-03-31": "37", "2017-12-31": "36", "2017-09-30": "36", "2017-06-30": "36", "2017-03-31": "36", "2016-12-31": "36", "2016-09-30": "36", "2016-06-30": "35", "2016-03-31": "35", "2015-12-31": "36", "2015-09-30": "36", "2015-06-30": "36", "2015-03-31": "37", "2014-12-31": "38", "2014-09-30": "38", "2014-06-30": "38", "2014-03-31": "38", "2013-12-31": "38", "2013-09-30": "38", "2013-06-30": "38", "2013-03-31": "38", "2012-12-31": "37", "2012-09-30": "37", "2012-06-30": "37", "2012-03-31": "37", "2011-12-31": "37", "2011-09-30": "37", "2011-06-30": "37", "2011-03-31": "37", "2010-12-31": "37", "2010-09-30": "37", "2010-06-30": "37", "2010-03-31": "37", "2009-12-31": "37", "2009-09-30": "37", "2009-06-30": "37", "2009-03-31": "37", "2008-12-31": "37", "2008-09-30": "37", "2008-06-30": "37", "2008-03-31": "36", "2007-12-31": "36", "2007-09-30": "36", "2007-06-30": "36", "2007-03-31": "36", "2006-12-31": "36", "2006-09-30": "36", "2006-06-30": "35", "2006-03-31": "35", "2005-12-31": "35", "2005-09-30": "35", "2005-06-30": "35", "2005-03-31": "34"}}, "total-assets": {"Teledyne Technologies Annual Total Assets (Millions of US $)": {"2019": "$4,580", "2018": "$3,809", "2017": "$3,846", "2016": "$2,774", "2015": "$2,717", "2014": "$2,862", "2013": "$2,751", "2012": "$2,406", "2011": "$1,826", "2010": "$1,558", "2009": "$1,422", "2008": "$1,535", "2007": "$1,159", "2006": "$1,061", "2005": "$728"}, "Teledyne Technologies Quarterly Total Assets (Millions of US $)": {"2020-09-30": "$4,837", "2020-06-30": "$4,738", "2020-03-31": "$4,585", "2019-12-31": "$4,580", "2019-09-30": "$4,480", "2019-06-30": "$4,200", "2019-03-31": "$4,162", "2018-12-31": "$3,809", "2018-09-30": "$3,913", "2018-06-30": "$3,883", "2018-03-31": "$3,920", "2017-12-31": "$3,846", "2017-09-30": "$3,848", "2017-06-30": "$3,780", "2017-03-31": "$3,673", "2016-12-31": "$2,774", "2016-09-30": "$2,794", "2016-06-30": "$2,781", "2016-03-31": "$2,738", "2015-12-31": "$2,717", "2015-09-30": "$2,771", "2015-06-30": "$2,807", "2015-03-31": "$2,793", "2014-12-31": "$2,862", "2014-09-30": "$2,793", "2014-06-30": "$2,806", "2014-03-31": "$2,760", "2013-12-31": "$2,751", "2013-09-30": "$2,621", "2013-06-30": "$2,514", "2013-03-31": "$2,530", "2012-12-31": "$2,406", "2012-09-30": "$2,434", "2012-06-30": "$1,989", "2012-03-31": "$1,940", "2011-12-31": "$1,826", "2011-09-30": "$1,844", "2011-06-30": "$1,868", "2011-03-31": "$1,943", "2010-12-31": "$1,558", "2010-09-30": "$1,528", "2010-06-30": "$1,456", "2010-03-31": "$1,445", "2009-12-31": "$1,422", "2009-09-30": "$1,460", "2009-06-30": "$1,485", "2009-03-31": "$1,500", "2008-12-31": "$1,535", "2008-09-30": "$1,459", "2008-06-30": "$1,409", "2008-03-31": "$1,382", "2007-12-31": "$1,159", "2007-09-30": "$1,151", "2007-06-30": "$1,153", "2007-03-31": "$1,126", "2006-12-31": "$1,061", "2006-09-30": "$1,080", "2006-06-30": "$813", "2006-03-31": "$795", "2005-12-31": "$728", "2005-09-30": "$727", "2005-06-30": "$677", "2005-03-31": "$655"}}, "cash-on-hand": {"Teledyne Technologies Annual Cash on Hand (Millions of US $)": {"2019": "$200", "2018": "$143", "2017": "$71", "2016": "$99", "2015": "$85", "2014": "$141", "2013": "$66", "2012": "$46", "2011": "$49", "2010": "$75", "2009": "$26", "2008": "$20", "2007": "$13", "2006": "$13", "2005": "$9"}, "Teledyne Technologies Quarterly Cash on Hand (Millions of US $)": {"2020-09-30": "$455", "2020-06-30": "$383", "2020-03-31": "$231", "2019-12-31": "$200", "2019-09-30": "$129", "2019-06-30": "$108", "2019-03-31": "$106", "2018-12-31": "$143", "2018-09-30": "$126", "2018-06-30": "$101", "2018-03-31": "$80", "2017-12-31": "$71", "2017-09-30": "$83", "2017-06-30": "$82", "2017-03-31": "$70", "2016-12-31": "$99", "2016-09-30": "$119", "2016-06-30": "$91", "2016-03-31": "$83", "2015-12-31": "$85", "2015-09-30": "$72", "2015-06-30": "$61", "2015-03-31": "$110", "2014-12-31": "$141", "2014-09-30": "$126", "2014-06-30": "$103", "2014-03-31": "$74", "2013-12-31": "$66", "2013-09-30": "$89", "2013-06-30": "$70", "2013-03-31": "$49", "2012-12-31": "$46", "2012-09-30": "$24", "2012-06-30": "$26", "2012-03-31": "$85", "2011-12-31": "$49", "2011-09-30": "$38", "2011-06-30": "$33", "2011-03-31": "$30", "2010-12-31": "$75", "2010-09-30": "$27", "2010-06-30": "$37", "2010-03-31": "$30", "2009-12-31": "$26", "2009-09-30": "$22", "2009-06-30": "$24", "2009-03-31": "$22", "2008-12-31": "$20", "2008-09-30": "$15", "2008-06-30": "$18", "2008-03-31": "$21", "2007-12-31": "$13", "2007-09-30": "$16", "2007-06-30": "$12", "2007-03-31": "$16", "2006-12-31": "$13", "2006-09-30": "$27", "2006-06-30": "$8", "2006-03-31": "$9", "2005-12-31": "$9", "2005-09-30": "$13", "2005-06-30": "$12", "2005-03-31": "$12"}}, "long-term-debt": {"Teledyne Technologies Annual Long Term Debt (Millions of US $)": {"2019": "$750", "2018": "$610", "2017": "$1,069", "2016": "$516", "2015": "$762", "2014": "$619", "2013": "$549", "2012": "$556", "2011": "$311", "2010": "$265", "2009": "$252", "2008": "$332", "2007": "$142", "2006": "$231", "2005": "$47"}, "Teledyne Technologies Quarterly Long Term Debt (Millions of US $)": {"2020-09-30": "$761", "2020-06-30": "$751", "2020-03-31": "$749", "2019-12-31": "$750", "2019-09-30": "$719", "2019-06-30": "$656", "2019-03-31": "$725", "2018-12-31": "$610", "2018-09-30": "$823", "2018-06-30": "$940", "2018-03-31": "$1,019", "2017-12-31": "$1,069", "2017-09-30": "$1,193", "2017-06-30": "$1,154", "2017-03-31": "$1,210", "2016-12-31": "$516", "2016-09-30": "$498", "2016-06-30": "$678", "2016-03-31": "$707", "2015-12-31": "$762", "2015-09-30": "$698", "2015-06-30": "$678", "2015-03-31": "$743", "2014-12-31": "$619", "2014-09-30": "$493", "2014-06-30": "$502", "2014-03-31": "$555", "2013-12-31": "$549", "2013-09-30": "$639", "2013-06-30": "$626", "2013-03-31": "$695", "2012-12-31": "$556", "2012-09-30": "$646", "2012-06-30": "$330", "2012-03-31": "$400", "2011-12-31": "$311", "2011-09-30": "$288", "2011-06-30": "$325", "2011-03-31": "$579", "2010-12-31": "$265", "2010-09-30": "$266", "2010-06-30": "$237", "2010-03-31": "$260", "2009-12-31": "$252", "2009-09-30": "$313", "2009-06-30": "$334", "2009-03-31": "$361", "2008-12-31": "$332", "2008-09-30": "$288", "2008-06-30": "$296", "2008-03-31": "$300", "2007-12-31": "$142", "2007-09-30": "$180", "2007-06-30": "$219", "2007-03-31": "$243", "2006-12-31": "$231", "2006-09-30": "$254", "2006-06-30": "$45", "2006-03-31": "$67", "2005-12-31": "$47", "2005-09-30": "$74", "2005-06-30": "$69", "2005-03-31": "$70"}}, "total-liabilities": {"Teledyne Technologies Annual Total Liabilities (Millions of US $)": {"2019": "$1,865", "2018": "$1,580", "2017": "$1,899", "2016": "$1,220", "2015": "$1,373", "2014": "$1,394", "2013": "$1,232", "2012": "$1,203", "2011": "$842", "2010": "$771", "2009": "$754", "2008": "$1,028", "2007": "$629", "2006": "$630", "2005": "$402"}, "Teledyne Technologies Quarterly Total Liabilities (Millions of US $)": {"2020-09-30": "$1,811", "2020-06-30": "$1,858", "2020-03-31": "$1,832", "2019-12-31": "$1,865", "2019-09-30": "$1,909", "2019-06-30": "$1,727", "2019-03-31": "$1,812", "2018-12-31": "$1,580", "2018-09-30": "$1,696", "2018-06-30": "$1,780", "2018-03-31": "$1,864", "2017-12-31": "$1,899", "2017-09-30": "$1,994", "2017-06-30": "$2,049", "2017-03-31": "$2,069", "2016-12-31": "$1,220", "2016-09-30": "$1,249", "2016-06-30": "$1,303", "2016-03-31": "$1,311", "2015-12-31": "$1,373", "2015-09-30": "$1,350", "2015-06-30": "$1,411", "2015-03-31": "$1,464", "2014-12-31": "$1,394", "2014-09-30": "$1,255", "2014-06-30": "$1,181", "2014-03-31": "$1,213", "2013-12-31": "$1,232", "2013-09-30": "$1,261", "2013-06-30": "$1,234", "2013-03-31": "$1,297", "2012-12-31": "$1,203", "2012-09-30": "$1,235", "2012-06-30": "$860", "2012-03-31": "$893", "2011-12-31": "$842", "2011-09-30": "$811", "2011-06-30": "$854", "2011-03-31": "$1,095", "2010-12-31": "$771", "2010-09-30": "$769", "2010-06-30": "$736", "2010-03-31": "$755", "2009-12-31": "$754", "2009-09-30": "$856", "2009-06-30": "$922", "2009-03-31": "$977", "2008-12-31": "$1,028", "2008-09-30": "$816", "2008-06-30": "$804", "2008-03-31": "$817", "2007-12-31": "$629", "2007-09-30": "$632", "2007-06-30": "$665", "2007-03-31": "$668", "2006-12-31": "$630", "2006-09-30": "$666", "2006-06-30": "$431", "2006-03-31": "$439", "2005-12-31": "$402", "2005-09-30": "$404", "2005-06-30": "$375", "2005-03-31": "$370"}}, "total-share-holder-equity": {"Teledyne Technologies Annual Share Holder Equity (Millions of US $)": {"2019": "$2,715", "2018": "$2,230", "2017": "$1,947", "2016": "$1,554", "2015": "$1,344", "2014": "$1,469", "2013": "$1,519", "2012": "$1,203", "2011": "$984", "2010": "$787", "2009": "$667", "2008": "$507", "2007": "$530", "2006": "$432", "2005": "$326"}, "Teledyne Technologies Quarterly Share Holder Equity (Millions of US $)": {"2020-09-30": "$3,026", "2020-06-30": "$2,880", "2020-03-31": "$2,753", "2019-12-31": "$2,715", "2019-09-30": "$2,571", "2019-06-30": "$2,473", "2019-03-31": "$2,350", "2018-12-31": "$2,230", "2018-09-30": "$2,217", "2018-06-30": "$2,103", "2018-03-31": "$2,056", "2017-12-31": "$1,947", "2017-09-30": "$1,853", "2017-06-30": "$1,732", "2017-03-31": "$1,604", "2016-12-31": "$1,554", "2016-09-30": "$1,545", "2016-06-30": "$1,477", "2016-03-31": "$1,427", "2015-12-31": "$1,344", "2015-09-30": "$1,421", "2015-06-30": "$1,397", "2015-03-31": "$1,330", "2014-12-31": "$1,469", "2014-09-30": "$1,538", "2014-06-30": "$1,625", "2014-03-31": "$1,547", "2013-12-31": "$1,519", "2013-09-30": "$1,360", "2013-06-30": "$1,281", "2013-03-31": "$1,234", "2012-12-31": "$1,203", "2012-09-30": "$1,199", "2012-06-30": "$1,129", "2012-03-31": "$1,047", "2011-12-31": "$984", "2011-09-30": "$1,033", "2011-06-30": "$1,014", "2011-03-31": "$848", "2010-12-31": "$787", "2010-09-30": "$759", "2010-06-30": "$720", "2010-03-31": "$691", "2009-12-31": "$667", "2009-09-30": "$605", "2009-06-30": "$563", "2009-03-31": "$523", "2008-12-31": "$507", "2008-09-30": "$644", "2008-06-30": "$605", "2008-03-31": "$565", "2007-12-31": "$530", "2007-09-30": "$518", "2007-06-30": "$488", "2007-03-31": "$458", "2006-12-31": "$432", "2006-09-30": "$414", "2006-06-30": "$382", "2006-03-31": "$356", "2005-12-31": "$326", "2005-09-30": "$323", "2005-06-30": "$302", "2005-03-31": "$285"}}, "profit-margins": {"current": "13.02%"}, "gross margin": {"2020-12-31": "38.30%", "2020-09-30": "38.41%", "2020-06-30": "38.53%", "2020-03-31": "39.15%", "2019-12-31": "39.30%", "2019-09-30": "39.10%", "2019-06-30": "38.90%", "2019-03-31": "38.46%", "2018-12-31": "38.28%", "2018-09-30": "38.10%", "2018-06-30": "38.07%", "2018-03-31": "37.61%", "2017-12-31": "37.65%", "2017-09-30": "37.28%", "2017-06-30": "37.55%", "2017-03-31": "37.69%", "2016-12-31": "38.17%", "2016-09-30": "38.08%", "2016-06-30": "37.70%", "2016-03-31": "37.84%", "2015-12-31": "37.84%", "2015-09-30": "38.09%", "2015-06-30": "37.93%", "2015-03-31": "37.95%", "2014-12-31": "37.93%", "2014-09-30": "37.65%", "2014-06-30": "37.14%", "2014-03-31": "36.56%", "2013-12-31": "35.87%", "2013-09-30": "36.03%", "2013-06-30": "36.21%", "2013-03-31": "35.69%", "2012-12-31": "35.17%", "2012-09-30": "34.35%", "2012-06-30": "33.57%", "2012-03-31": "33.64%", "2011-12-31": "33.52%", "2011-09-30": "33.16%", "2011-06-30": "32.52%", "2011-03-31": "31.34%", "2010-12-31": "30.23%", "2010-09-30": "29.35%", "2010-06-30": "29.00%", "2010-03-31": "28.77%", "2009-12-31": "28.77%", "2009-09-30": "28.80%", "2009-06-30": "29.05%", "2009-03-31": "29.63%", "2008-12-31": "30.01%", "2008-09-30": "29.99%", "2008-06-30": "30.09%", "2008-03-31": "30.14%", "2007-12-31": "29.94%", "2007-09-30": "30.14%", "2007-06-30": "29.59%", "2007-03-31": "29.15%", "2006-12-31": "28.82%", "2006-09-30": "28.55%", "2006-06-30": "28.60%", "2006-03-31": "28.03%", "2005-12-31": "27.94%"}, "operating margin": {"2020-12-31": "15.59%", "2020-09-30": "15.14%", "2020-06-30": "15.08%", "2020-03-31": "15.58%", "2019-12-31": "15.55%", "2019-09-30": "15.24%", "2019-06-30": "14.83%", "2019-03-31": "14.40%", "2018-12-31": "14.33%", "2018-09-30": "14.00%", "2018-06-30": "13.77%", "2018-03-31": "13.03%", "2017-12-31": "12.41%", "2017-09-30": "11.62%", "2017-06-30": "11.39%", "2017-03-31": "10.75%", "2016-12-31": "11.20%", "2016-09-30": "11.70%", "2016-06-30": "11.70%", "2016-03-31": "12.19%", "2015-12-31": "12.27%", "2015-09-30": "12.45%", "2015-06-30": "12.28%", "2015-03-31": "12.37%", "2014-12-31": "12.28%", "2014-09-30": "11.73%", "2014-06-30": "10.98%", "2014-03-31": "10.58%", "2013-12-31": "10.30%", "2013-09-30": "10.61%", "2013-06-30": "11.03%", "2013-03-31": "11.22%", "2012-12-31": "11.47%", "2012-09-30": "11.30%", "2012-06-30": "11.44%", "2012-03-31": "11.64%", "2011-12-31": "11.74%", "2011-09-30": "11.81%", "2011-06-30": "11.76%", "2011-03-31": "11.36%", "2010-12-31": "10.89%", "2010-09-30": "11.45%", "2010-06-30": "11.18%", "2010-03-31": "10.95%", "2009-12-31": "10.42%", "2009-09-30": "10.35%", "2009-06-30": "10.40%", "2009-03-31": "10.87%", "2008-12-31": "11.55%", "2008-09-30": "10.66%", "2008-06-30": "10.52%", "2008-03-31": "10.30%", "2007-12-31": "10.04%", "2007-09-30": "9.71%", "2007-06-30": "9.47%", "2007-03-31": "9.13%", "2006-12-31": "8.72%", "2006-09-30": "8.80%", "2006-06-30": "8.57%", "2006-03-31": "8.32%", "2005-12-31": "8.37%"}, "ebitda margin": {"2020-09-30": "18.87%", "2020-06-30": "18.71%", "2020-03-31": "19.11%", "2019-12-31": "19.10%", "2019-09-30": "18.91%", "2019-06-30": "18.60%", "2019-03-31": "18.23%", "2018-12-31": "18.26%", "2018-09-30": "17.81%", "2018-06-30": "17.78%", "2018-03-31": "17.34%", "2017-12-31": "16.71%", "2017-09-30": "16.07%", "2017-06-30": "15.75%", "2017-03-31": "14.82%", "2016-12-31": "15.25%", "2016-09-30": "15.64%", "2016-06-30": "15.55%", "2016-03-31": "16.07%", "2015-12-31": "16.22%", "2015-09-30": "16.47%", "2015-06-30": "16.30%", "2015-03-31": "16.39%", "2014-12-31": "16.25%", "2014-09-30": "15.75%", "2014-06-30": "15.00%", "2014-03-31": "14.51%", "2013-12-31": "14.19%", "2013-09-30": "14.47%", "2013-06-30": "14.89%", "2013-03-31": "15.03%", "2012-12-31": "15.14%", "2012-09-30": "14.89%", "2012-06-30": "14.87%", "2012-03-31": "15.04%", "2011-12-31": "15.09%", "2011-09-30": "14.99%", "2011-06-30": "14.82%", "2011-03-31": "14.24%", "2010-12-31": "13.69%", "2010-09-30": "14.19%", "2010-06-30": "13.77%", "2010-03-31": "13.49%", "2009-12-31": "12.96%", "2009-09-30": "12.97%", "2009-06-30": "13.09%", "2009-03-31": "13.62%", "2008-12-31": "14.16%", "2008-09-30": "13.09%", "2008-06-30": "12.84%", "2008-03-31": "12.49%", "2007-12-31": "12.20%", "2007-09-30": "12.04%", "2007-06-30": "11.81%", "2007-03-31": "11.35%", "2006-12-31": "10.96%", "2006-09-30": "10.87%", "2006-06-30": "10.68%", "2006-03-31": "10.50%", "2005-12-31": "10.53%"}, "pre tax profit margin": {"2020-12-31": "15.23%", "2020-09-30": "14.75%", "2020-06-30": "14.60%", "2020-03-31": "15.05%", "2019-12-31": "14.99%", "2019-09-30": "14.66%", "2019-06-30": "14.27%", "2019-03-31": "13.69%", "2018-12-31": "13.54%", "2018-09-30": "13.09%", "2018-06-30": "12.74%", "2018-03-31": "12.00%", "2017-12-31": "11.03%", "2017-09-30": "10.56%", "2017-06-30": "10.32%", "2017-03-31": "10.43%", "2016-12-31": "11.20%", "2016-09-30": "11.20%", "2016-06-30": "11.16%", "2016-03-31": "11.08%", "2015-12-31": "11.27%", "2015-09-30": "11.54%", "2015-06-30": "11.47%", "2015-03-31": "11.82%", "2014-12-31": "11.78%", "2014-09-30": "11.48%", "2014-06-30": "10.73%", "2014-03-31": "9.94%", "2013-12-31": "9.58%", "2013-09-30": "9.66%", "2013-06-30": "10.20%", "2013-03-31": "10.45%", "2012-12-31": "10.72%", "2012-09-30": "10.71%", "2012-06-30": "10.58%", "2012-03-31": "10.77%", "2011-12-31": "10.87%", "2011-09-30": "10.81%", "2011-06-30": "11.04%", "2011-03-31": "10.78%", "2010-12-31": "10.58%", "2010-09-30": "11.25%", "2010-06-30": "11.05%", "2010-03-31": "10.71%", "2009-12-31": "10.18%", "2009-09-30": "9.98%", "2009-06-30": "9.92%", "2009-03-31": "10.40%", "2008-12-31": "10.91%", "2008-09-30": "10.29%", "2008-06-30": "10.12%", "2008-03-31": "9.71%", "2007-12-31": "9.37%", "2007-09-30": "8.70%", "2007-06-30": "8.57%", "2007-03-31": "8.46%", "2006-12-31": "8.51%", "2006-09-30": "8.88%", "2006-06-30": "8.89%", "2006-03-31": "8.64%", "2005-12-31": "8.54%"}, "net profit margin": {"2020-12-31": "13.03%", "2020-09-30": "12.41%", "2020-06-30": "12.61%", "2020-03-31": "12.80%", "2019-12-31": "12.74%", "2019-09-30": "12.28%", "2019-06-30": "12.03%", "2019-03-31": "11.59%", "2018-12-31": "11.51%", "2018-09-30": "10.88%", "2018-06-30": "10.38%", "2018-03-31": "9.66%", "2017-12-31": "8.76%", "2017-09-30": "8.69%", "2017-06-30": "8.46%", "2017-03-31": "8.37%", "2016-12-31": "8.88%", "2016-09-30": "8.79%", "2016-06-30": "8.52%", "2016-03-31": "8.43%", "2015-12-31": "8.53%", "2015-09-30": "8.65%", "2015-06-30": "8.81%", "2015-03-31": "9.06%", "2014-12-31": "9.11%", "2014-09-30": "8.99%", "2014-06-30": "8.72%", "2014-03-31": "8.15%", "2013-12-31": "7.91%", "2013-09-30": "7.62%", "2013-06-30": "7.53%", "2013-03-31": "7.67%", "2012-12-31": "7.76%", "2012-09-30": "7.67%", "2012-06-30": "7.41%", "2012-03-31": "13.16%", "2011-12-31": "13.13%", "2011-09-30": "13.51%", "2011-06-30": "13.93%", "2011-03-31": "7.50%", "2010-12-31": "7.36%", "2010-09-30": "7.42%", "2010-06-30": "7.64%", "2010-03-31": "7.24%", "2009-12-31": "6.84%", "2009-09-30": "6.30%", "2009-06-30": "5.80%", "2009-03-31": "6.14%", "2008-12-31": "6.50%", "2008-09-30": "6.41%", "2008-06-30": "6.50%", "2008-03-31": "6.28%", "2007-12-31": "6.10%", "2007-09-30": "5.74%", "2007-06-30": "5.65%", "2007-03-31": "5.64%", "2006-12-31": "5.65%", "2006-09-30": "5.84%", "2006-06-30": "5.61%", "2006-03-31": "5.41%", "2005-12-31": "5.39%"}, "pe ratio": {"current": "37.07", "2021-02-05": "54.02", "2020-12-31": "54.98", "2020-09-30": "30.44", "2020-06-30": "29.47", "2020-03-31": "27.35", "2019-12-31": "32.33", "2019-09-30": "31.85", "2019-06-30": "28.23", "2019-03-31": "25.71", "2018-12-31": "22.98", "2018-09-30": "29.37", "2018-06-30": "25.29", "2018-03-31": "25.96", "2017-12-31": "29.03", "2017-09-30": "27.07", "2017-06-30": "23.47", "2017-03-31": "24.84", "2016-12-31": "22.99", "2016-09-30": "19.84", "2016-06-30": "18.62", "2016-03-31": "16.47", "2015-12-31": "16.28", "2015-09-30": "16.42", "2015-06-30": "18.74", "2015-03-31": "18.53", "2014-12-31": "17.84", "2014-09-30": "16.85", "2014-06-30": "18.20", "2014-03-31": "19.47", "2013-12-31": "18.86", "2013-09-30": "18.23", "2013-06-30": "16.93", "2013-03-31": "17.43", "2012-12-31": "14.82", "2012-09-30": "15.27", "2012-06-30": "15.73", "2012-03-31": "9.09", "2011-12-31": "8.02", "2011-09-30": "7.14", "2011-06-30": "7.46", "2011-03-31": "14.99", "2010-12-31": "13.45", "2010-09-30": "12.60", "2010-06-30": "11.69", "2010-03-31": "12.86", "2009-12-31": "12.37", "2009-09-30": "11.76", "2009-06-30": "11.14", "2009-03-31": "8.50", "2008-12-31": "13.34", "2008-09-30": "17.70", "2008-06-30": "15.54", "2008-03-31": "16.10", "2007-12-31": "19.61", "2007-09-30": "21.19", "2007-06-30": "19.15", "2007-03-31": "16.14", "2006-12-31": "17.76"}, "price sales": {"2021-02-05": "4.72", "2020-12-31": "4.81", "2020-09-30": "3.76", "2020-06-30": "3.70", "2020-03-31": "3.49", "2019-12-31": "4.10", "2019-09-30": "3.90", "2019-06-30": "3.40", "2019-03-31": "2.98", "2018-12-31": "2.64", "2018-09-30": "3.18", "2018-06-30": "2.61", "2018-03-31": "2.49", "2017-12-31": "2.52", "2017-09-30": "2.34", "2017-06-30": "1.98", "2017-03-31": "2.06", "2016-12-31": "2.03", "2016-09-30": "1.74", "2016-06-30": "1.58", "2016-03-31": "1.40", "2015-12-31": "1.40", "2015-09-30": "1.43", "2015-06-30": "1.66", "2015-03-31": "1.68", "2014-12-31": "1.63", "2014-09-30": "1.51", "2014-06-30": "1.58", "2014-03-31": "1.58", "2013-12-31": "1.49", "2013-09-30": "1.39", "2013-06-30": "1.27", "2013-03-31": "1.33", "2012-12-31": "1.14", "2012-09-30": "1.16", "2012-06-30": "1.16", "2012-03-31": "1.20", "2011-12-31": "1.05", "2011-09-30": "0.96", "2011-06-30": "1.04", "2011-03-31": "1.12", "2010-12-31": "0.99", "2010-09-30": "0.94", "2010-06-30": "0.89", "2010-03-31": "0.94", "2009-12-31": "0.85", "2009-09-30": "0.82", "2009-06-30": "0.72", "2009-03-31": "0.57", "2008-12-31": "0.94", "2008-09-30": "1.12", "2008-06-30": "1.00", "2008-03-31": "1.01", "2007-12-31": "1.19", "2007-09-30": "1.21", "2007-06-30": "1.07", "2007-03-31": "0.90", "2006-12-31": "0.99"}, "price book": {"current": "4.40", "2021-02-05": "4.69", "2020-09-30": "3.78", "2020-06-30": "3.98", "2020-03-31": "3.96", "2019-12-31": "4.67", "2019-09-30": "4.57", "2019-06-30": "4.03", "2019-03-31": "3.66", "2018-12-31": "3.35", "2018-09-30": "4.01", "2018-06-30": "3.40", "2018-03-31": "3.25", "2017-12-31": "3.31", "2017-09-30": "3.04", "2017-06-30": "2.60", "2017-03-31": "2.78", "2016-12-31": "2.70", "2016-09-30": "2.44", "2016-06-30": "2.32", "2016-03-31": "2.13", "2015-12-31": "2.28", "2015-09-30": "2.25", "2015-06-30": "2.67", "2015-03-31": "2.84", "2014-12-31": "2.56", "2014-09-30": "2.23", "2014-06-30": "2.25", "2014-03-31": "2.36", "2013-12-31": "2.27", "2013-09-30": "2.34", "2013-06-30": "2.26", "2013-03-31": "2.38", "2012-12-31": "2.01", "2012-09-30": "1.95", "2012-06-30": "2.01", "2012-03-31": "2.21", "2011-12-31": "2.03", "2011-09-30": "1.75", "2011-06-30": "1.83", "2011-03-31": "2.24", "2010-12-31": "2.03", "2010-09-30": "1.90", "2010-06-30": "1.94", "2010-03-31": "2.16", "2009-12-31": "2.07", "2009-09-30": "2.14", "2009-06-30": "2.09", "2009-03-31": "1.84", "2008-12-31": "3.16", "2008-09-30": "3.19", "2008-06-30": "2.86", "2008-03-31": "2.94", "2007-12-31": "3.54", "2007-09-30": "3.61", "2007-06-30": "3.30", "2007-03-31": "2.85", "2006-12-31": "3.23", "2006-09-30": "3.32", "2006-06-30": "2.94", "2006-03-31": "3.42"}, "price fcf": {"2021-02-05": "", "2020-09-30": "$12.60", "2020-06-30": "$12.36", "2020-03-31": "$10.40", "2019-12-31": "$10.50", "2019-09-30": "$9.56", "2019-06-30": "$9.47", "2019-03-31": "$9.90", "2018-12-31": "$9.73", "2018-09-30": "$9.78", "2018-06-30": "$9.08", "2018-03-31": "$8.99", "2017-12-31": "$8.71", "2017-09-30": "$5.59", "2017-06-30": "$5.64", "2017-03-31": "$6.04", "2016-12-31": "$6.46", "2016-09-30": "$7.79", "2016-06-30": "$6.96", "2016-03-31": "$5.84", "2015-12-31": "$4.53", "2015-09-30": "$5.24", "2015-06-30": "$5.38", "2015-03-31": "$6.30", "2014-12-31": "$6.45", "2014-09-30": "$6.65", "2014-06-30": "$5.59", "2014-03-31": "$5.77", "2013-12-31": "$3.44", "2013-09-30": "$3.99", "2013-06-30": "$3.26", "2013-03-31": "$2.20", "2012-12-31": "$3.31", "2012-09-30": "$2.45", "2012-06-30": "$3.50", "2012-03-31": "$3.95", "2011-12-31": "$4.69", "2011-09-30": "$4.34", "2011-06-30": "$3.67", "2011-03-31": "$2.98", "2010-12-31": "$3.00", "2010-09-30": "$3.58", "2010-06-30": "$4.12", "2010-03-31": "$3.83", "2009-12-31": "$3.32", "2009-09-30": "$1.28", "2009-06-30": "$1.39", "2009-03-31": "$1.31", "2008-12-31": "$2.26", "2008-09-30": "$3.22", "2008-06-30": "$3.37", "2008-03-31": "$3.21", "2007-12-31": "$3.51", "2007-09-30": "$2.76", "2007-06-30": "$1.87", "2007-03-31": "$2.05", "2006-12-31": "$1.46"}, "net worth": {"value": "$14.21B"}, "current ratio": {"2020-12-31": "2.26", "2020-09-30": "2.29", "2020-06-30": "1.97", "2020-03-31": "1.80", "2019-12-31": "1.72", "2019-09-30": "1.48", "2019-06-30": "1.63", "2019-03-31": "1.54", "2018-12-31": "1.55", "2018-09-30": "1.89", "2018-06-30": "1.96", "2018-03-31": "1.91", "2017-12-31": "1.87", "2017-09-30": "1.98", "2017-06-30": "1.68", "2017-03-31": "1.64", "2016-12-31": "1.69", "2016-09-30": "1.61", "2016-06-30": "2.06", "2016-03-31": "2.13", "2015-12-31": "2.10", "2015-09-30": "2.11", "2015-06-30": "1.80", "2015-03-31": "1.86", "2014-12-31": "1.75", "2014-09-30": "1.75", "2014-06-30": "2.06", "2014-03-31": "2.07", "2013-12-31": "1.91", "2013-09-30": "2.07", "2013-06-30": "1.93", "2013-03-31": "2.00", "2012-12-31": "1.83", "2012-09-30": "1.86", "2012-06-30": "1.78", "2012-03-31": "1.97", "2011-12-31": "1.80", "2011-09-30": "1.50", "2011-06-30": "1.50", "2011-03-31": "1.87", "2010-12-31": "1.90", "2010-09-30": "1.90", "2010-06-30": "2.04", "2010-03-31": "2.06", "2009-12-31": "1.74", "2009-09-30": "1.90", "2009-06-30": "2.01", "2009-03-31": "1.83", "2008-12-31": "1.90", "2008-09-30": "1.77", "2008-06-30": "2.01", "2008-03-31": "1.97", "2007-12-31": "1.81", "2007-09-30": "1.78", "2007-06-30": "1.83", "2007-03-31": "1.89", "2006-12-31": "1.94", "2006-09-30": "1.89", "2006-06-30": "1.88", "2006-03-31": "1.94", "2005-12-31": "1.87", "2005-09-30": "1.92", "2005-06-30": "2.04", "2005-03-31": "2.00"}, "quick ratio": {"2020-12-31": "1.81", "2020-09-30": "1.74", "2020-06-30": "1.45", "2020-03-31": "1.27", "2019-12-31": "1.21", "2019-09-30": "1.00", "2019-06-30": "1.08", "2019-03-31": "1.00", "2018-12-31": "1.04", "2018-09-30": "1.25", "2018-06-30": "1.27", "2018-03-31": "1.22", "2017-12-31": "1.13", "2017-09-30": "1.16", "2017-06-30": "0.97", "2017-03-31": "0.95", "2016-12-31": "1.06", "2016-09-30": "1.00", "2016-06-30": "1.27", "2016-03-31": "1.31", "2015-12-31": "1.32", "2015-09-30": "1.30", "2015-06-30": "1.12", "2015-03-31": "1.19", "2014-12-31": "1.17", "2014-09-30": "1.13", "2014-06-30": "1.30", "2014-03-31": "1.30", "2013-12-31": "1.21", "2013-09-30": "1.33", "2013-06-30": "1.20", "2013-03-31": "1.23", "2012-12-31": "1.14", "2012-09-30": "1.14", "2012-06-30": "1.09", "2012-03-31": "1.27", "2011-12-31": "1.15", "2011-09-30": "0.92", "2011-06-30": "0.92", "2011-03-31": "1.29", "2010-12-31": "1.39", "2010-09-30": "1.20", "2010-06-30": "1.34", "2010-03-31": "1.32", "2009-12-31": "1.24", "2009-09-30": "1.23", "2009-06-30": "1.28", "2009-03-31": "1.17", "2008-12-31": "1.24", "2008-09-30": "1.13", "2008-06-30": "1.27", "2008-03-31": "1.25", "2007-12-31": "1.15", "2007-09-30": "1.11", "2007-06-30": "1.14", "2007-03-31": "1.23", "2006-12-31": "1.26", "2006-09-30": "1.25", "2006-06-30": "1.15", "2006-03-31": "1.22", "2005-12-31": "1.21", "2005-09-30": "1.27", "2005-06-30": "1.35", "2005-03-31": "1.32"}, "debt equity ratio": {"current": "0.21", "2020-12-31": "0.57", "2020-09-30": "0.60", "2020-06-30": "0.65", "2020-03-31": "0.67", "2019-12-31": "0.69", "2019-09-30": "0.74", "2019-06-30": "0.70", "2019-03-31": "0.77", "2018-12-31": "0.71", "2018-09-30": "0.77", "2018-06-30": "0.85", "2018-03-31": "0.91", "2017-12-31": "0.98", "2017-09-30": "1.08", "2017-06-30": "1.18", "2017-03-31": "1.29", "2016-12-31": "0.79", "2016-09-30": "0.81", "2016-06-30": "0.88", "2016-03-31": "0.92", "2015-12-31": "1.02", "2015-09-30": "0.95", "2015-06-30": "1.01", "2015-03-31": "1.10", "2014-12-31": "0.95", "2014-09-30": "0.82", "2014-06-30": "0.73", "2014-03-31": "0.78", "2013-12-31": "0.81", "2013-09-30": "0.93", "2013-06-30": "0.96", "2013-03-31": "1.05", "2012-12-31": "1.00", "2012-09-30": "1.03", "2012-06-30": "0.76", "2012-03-31": "0.85", "2011-12-31": "0.86", "2011-09-30": "0.79", "2011-06-30": "0.84", "2011-03-31": "1.29", "2010-12-31": "0.98", "2010-09-30": "1.01", "2010-06-30": "1.02", "2010-03-31": "1.09", "2009-12-31": "1.13", "2009-09-30": "1.42", "2009-06-30": "1.64", "2009-03-31": "1.87", "2008-12-31": "2.03", "2008-09-30": "1.27", "2008-06-30": "1.33", "2008-03-31": "1.45", "2007-12-31": "1.19", "2007-09-30": "1.22", "2007-06-30": "1.36", "2007-03-31": "1.46", "2006-12-31": "1.46", "2006-09-30": "1.61", "2006-06-30": "1.13", "2006-03-31": "1.23", "2005-12-31": "1.23", "2005-09-30": "1.25", "2005-06-30": "1.24", "2005-03-31": "1.30"}, "return on equity": {"2020-12-31": "13.53%", "2020-09-30": "13.57%", "2020-06-30": "14.62%", "2020-03-31": "15.60%", "2019-12-31": "15.95%", "2019-09-30": "15.71%", "2019-06-30": "15.58%", "2019-03-31": "15.37%", "2018-12-31": "15.52%", "2018-09-30": "14.95%", "2018-06-30": "14.57%", "2018-03-31": "13.92%", "2017-12-31": "12.78%", "2017-09-30": "12.64%", "2017-06-30": "12.18%", "2017-03-31": "11.84%", "2016-12-31": "12.73%", "2016-09-30": "13.40%", "2016-06-30": "13.41%", "2016-03-31": "13.67%", "2015-12-31": "14.28%", "2015-09-30": "14.24%", "2015-06-30": "14.51%", "2015-03-31": "14.49%", "2014-12-31": "14.11%", "2014-09-30": "13.68%", "2014-06-30": "13.49%", "2014-03-31": "13.39%", "2013-12-31": "13.72%", "2013-09-30": "13.86%", "2013-06-30": "13.99%", "2013-03-31": "14.19%", "2012-12-31": "14.42%", "2012-09-30": "14.32%", "2012-06-30": "14.02%", "2012-03-31": "25.40%", "2011-12-31": "26.30%", "2011-09-30": "27.70%", "2011-06-30": "29.46%", "2011-03-31": "16.44%", "2010-12-31": "16.37%", "2010-09-30": "16.36%", "2010-06-30": "18.04%", "2010-03-31": "18.53%", "2009-12-31": "19.17%", "2009-09-30": "18.38%", "2009-06-30": "17.34%", "2009-03-31": "18.43%", "2008-12-31": "19.30%", "2008-09-30": "20.31%", "2008-06-30": "20.74%", "2008-03-31": "20.18%", "2007-12-31": "19.86%", "2007-09-30": "19.20%", "2007-06-30": "19.42%", "2007-03-31": "19.93%", "2006-12-31": "20.45%", "2006-09-30": "21.38%", "2006-06-30": "20.76%", "2006-03-31": "20.50%", "2005-12-31": "21.04%"}, "return on assets": {"2020-12-31": "8.36%", "2020-09-30": "8.24%", "2020-06-30": "8.68%", "2020-03-31": "9.19%", "2019-12-31": "9.25%", "2019-09-30": "9.08%", "2019-06-30": "8.98%", "2019-03-31": "8.68%", "2018-12-31": "8.61%", "2018-09-30": "7.99%", "2018-06-30": "7.49%", "2018-03-31": "6.86%", "2017-12-31": "6.02%", "2017-09-30": "6.05%", "2017-06-30": "6.02%", "2017-03-31": "6.09%", "2016-12-31": "6.89%", "2016-09-30": "7.04%", "2016-06-30": "6.90%", "2016-03-31": "6.92%", "2015-12-31": "7.07%", "2015-09-30": "7.12%", "2015-06-30": "7.39%", "2015-03-31": "7.68%", "2014-12-31": "7.77%", "2014-09-30": "7.67%", "2014-06-30": "7.46%", "2014-03-31": "7.18%", "2013-12-31": "7.10%", "2013-09-30": "6.99%", "2013-06-30": "6.96%", "2013-03-31": "7.22%", "2012-12-31": "7.53%", "2012-09-30": "7.62%", "2012-06-30": "7.74%", "2012-03-31": "13.85%", "2011-12-31": "13.63%", "2011-09-30": "14.14%", "2011-06-30": "14.56%", "2011-03-31": "7.90%", "2010-12-31": "8.08%", "2010-09-30": "7.93%", "2010-06-30": "8.37%", "2010-03-31": "8.05%", "2009-12-31": "7.70%", "2009-09-30": "6.76%", "2009-06-30": "6.49%", "2009-03-31": "7.12%", "2008-12-31": "7.74%", "2008-09-30": "8.80%", "2008-06-30": "9.02%", "2008-03-31": "8.75%", "2007-12-31": "8.63%", "2007-09-30": "8.11%", "2007-06-30": "7.87%", "2007-03-31": "8.24%", "2006-12-31": "8.64%", "2006-09-30": "9.25%", "2006-06-30": "9.40%", "2006-03-31": "9.16%", "2005-12-31": "9.33%"}, "return on investments": {"2020-12-31": "12.97%", "2020-09-30": "13.10%", "2020-06-30": "13.74%", "2020-03-31": "14.91%", "2019-12-31": "15.19%", "2019-09-30": "15.21%", "2019-06-30": "14.73%", "2019-03-31": "14.17%", "2018-12-31": "13.87%", "2018-09-30": "13.14%", "2018-06-30": "12.64%", "2018-03-31": "11.84%", "2017-12-31": "10.98%", "2017-09-30": "10.54%", "2017-06-30": "10.76%", "2017-03-31": "10.35%", "2016-12-31": "11.47%", "2016-09-30": "12.23%", "2016-06-30": "12.26%", "2016-03-31": "13.09%", "2015-12-31": "13.47%", "2015-09-30": "13.79%", "2015-06-30": "14.04%", "2015-03-31": "14.19%", "2014-12-31": "14.09%", "2014-09-30": "13.35%", "2014-06-30": "12.39%", "2014-03-31": "12.28%", "2013-12-31": "12.20%", "2013-09-30": "12.90%", "2013-06-30": "13.55%", "2013-03-31": "14.13%", "2012-12-31": "14.99%", "2012-09-30": "15.21%", "2012-06-30": "16.44%", "2012-03-31": "16.96%", "2011-12-31": "16.95%", "2011-09-30": "17.36%", "2011-06-30": "17.51%", "2011-03-31": "17.40%", "2010-12-31": "17.97%", "2010-09-30": "18.59%", "2010-06-30": "18.91%", "2010-03-31": "19.21%", "2009-12-31": "19.02%", "2009-09-30": "18.77%", "2009-06-30": "19.60%", "2009-03-31": "20.93%", "2008-12-31": "22.51%", "2008-09-30": "23.50%", "2008-06-30": "23.71%", "2008-03-31": "23.64%", "2007-12-31": "23.45%", "2007-09-30": "22.24%", "2007-06-30": "21.33%", "2007-03-31": "22.13%", "2006-12-31": "22.94%", "2006-09-30": "25.19%", "2006-06-30": "27.16%", "2006-03-31": "26.34%", "2005-12-31": "27.01%"}, "return on tangible equity": {"2020-09-30": "106.04%", "2020-06-30": "151.57%", "2020-03-31": "193.17%", "2019-12-31": "253.46%", "2019-09-30": "273.42%", "2019-06-30": "270.92%", "2019-03-31": "451.49%", "2018-12-31": "1468.13%", "2018-09-30": "-433.45%", "2018-06-30": "-167.15%", "2018-03-31": "-100.86%", "2017-12-31": "-66.09%", "2017-09-30": "-83.04%", "2017-06-30": "-131.10%", "2017-03-31": "-418.29%", "2016-12-31": "231.52%", "2016-09-30": "470.30%", "2016-06-30": "1288.14%", "2016-03-31": "-3472.73%", "2015-12-31": "-622.22%", "2015-09-30": "-1702.13%", "2015-06-30": "416.00%", "2015-03-31": "154.29%", "2014-12-31": "98.87%", "2014-09-30": "80.99%", "2014-06-30": "96.91%", "2014-03-31": "146.64%", "2013-12-31": "357.49%", "2013-09-30": "-1257.14%", "2013-06-30": "-382.22%", "2013-03-31": "-1300.00%", "2012-12-31": "511.63%", "2012-09-30": "233.71%", "2012-06-30": "126.72%", "2012-03-31": "242.62%", "2011-12-31": "449.34%", "2011-09-30": "379.18%", "2011-06-30": "430.90%", "2011-03-31": "202.37%", "2010-12-31": "115.24%", "2010-09-30": "132.95%", "2010-06-30": "199.18%", "2010-03-31": "641.10%", "2009-12-31": "-447.52%", "2009-09-30": "-149.63%", "2009-06-30": "-182.16%", "2009-03-31": "-333.33%", "2008-12-31": "-2036.36%", "2008-09-30": "228.85%", "2008-06-30": "169.12%", "2008-03-31": "134.60%", "2007-12-31": "114.45%", "2007-09-30": "130.94%", "2007-06-30": "164.15%", "2007-03-31": "130.74%", "2006-12-31": "104.18%", "2006-09-30": "88.52%", "2006-06-30": "70.76%", "2006-03-31": "68.72%", "2005-12-31": "67.36%"}, "dividend yield history": {"last payout": "$0.00", "last yield": "0.00%"}}