{"ticker": "TFX", "price": {"title": "Teleflex Historical Annual Stock Price Data", "value": 398.77, "historical": {"2021": {"Average Stock Price": "392.0200", "Year Open": "403.1300", "Year High": "413.3800", "Year Low": "372.2500", "Year Close": "398.7700", "Annual % Change": "-3.11%"}, "2020": {"Average Stock Price": "358.5478", "Year Open": "378.4900", "Year High": "411.5700", "Year Low": "225.3100", "Year Close": "411.5700", "Annual % Change": "9.33%"}, "2019": {"Average Stock Price": "318.8938", "Year Open": "252.3800", "Year High": "376.4400", "Year Low": "246.2000", "Year Close": "376.4400", "Annual % Change": "45.64%"}, "2018": {"Average Stock Price": "260.7903", "Year Open": "254.7300", "Year High": "287.6500", "Year Low": "228.1300", "Year Close": "258.4800", "Annual % Change": "3.88%"}, "2017": {"Average Stock Price": "212.4842", "Year Open": "158.8600", "Year High": "270.1900", "Year Low": "158.8600", "Year Close": "248.8200", "Annual % Change": "54.40%"}, "2016": {"Average Stock Price": "159.6139", "Year Open": "127.9900", "Year High": "188.3500", "Year Low": "126.0000", "Year Close": "161.1500", "Annual % Change": "22.59%"}, "2015": {"Average Stock Price": "126.7287", "Year Open": "114.6500", "Year High": "140.2600", "Year Low": "109.4100", "Year Close": "131.4500", "Annual % Change": "14.48%"}, "2014": {"Average Stock Price": "106.0761", "Year Open": "92.7500", "Year High": "119.1500", "Year Low": "90.9400", "Year Close": "114.8200", "Annual % Change": "22.33%"}, "2013": {"Average Stock Price": "82.0760", "Year Open": "72.3800", "Year High": "98.8200", "Year Low": "72.3800", "Year Close": "93.8600", "Annual % Change": "31.62%"}, "2012": {"Average Stock Price": "63.7531", "Year Open": "61.5000", "Year High": "71.3800", "Year Low": "57.7300", "Year Close": "71.3100", "Annual % Change": "16.35%"}, "2011": {"Average Stock Price": "58.3133", "Year Open": "54.0900", "Year High": "63.8100", "Year Low": "49.5100", "Year Close": "61.2900", "Annual % Change": "13.90%"}, "2010": {"Average Stock Price": "57.0179", "Year Open": "55.4900", "Year High": "66.0200", "Year Low": "48.0600", "Year Close": "53.8100", "Annual % Change": "-0.15%"}, "2009": {"Average Stock Price": "47.2842", "Year Open": "50.4800", "Year High": "54.9500", "Year Low": "38.1500", "Year Close": "53.8900", "Annual % Change": "7.56%"}, "2008": {"Average Stock Price": "55.6137", "Year Open": "63.0900", "Year High": "67.8600", "Year Low": "41.9900", "Year Close": "50.1000", "Annual % Change": "-20.49%"}, "2007": {"Average Stock Price": "71.5495", "Year Open": "65.7000", "Year High": "86.1900", "Year Low": "57.2500", "Year Close": "63.0100", "Annual % Change": "-2.40%"}, "2006": {"Average Stock Price": "61.5547", "Year Open": "65.7400", "Year High": "71.8000", "Year Low": "50.5000", "Year Close": "64.5600", "Annual % Change": "-0.65%"}, "2005": {"Average Stock Price": "59.8488", "Year Open": "50.6800", "Year High": "71.8000", "Year Low": "48.6200", "Year Close": "64.9800", "Annual % Change": "25.11%"}, "2004": {"Average Stock Price": "47.2629", "Year Open": "48.0200", "Year High": "54.8200", "Year Low": "40.7200", "Year Close": "51.9400", "Annual % Change": "7.47%"}, "2003": {"Average Stock Price": "42.6076", "Year Open": "44.3800", "Year High": "49.9500", "Year Low": "34.2400", "Year Close": "48.3300", "Annual % Change": "12.68%"}, "2002": {"Average Stock Price": "49.1834", "Year Open": "46.4700", "Year High": "58.5700", "Year Low": "40.9200", "Year Close": "42.8900", "Annual % Change": "-9.34%"}, "2001": {"Average Stock Price": "44.2696", "Year Open": "41.8800", "Year High": "50.9800", "Year Low": "35.7100", "Year Close": "47.3100", "Annual % Change": "7.06%"}, "2000": {"Average Stock Price": "34.7717", "Year Open": "31.2500", "Year High": "44.6900", "Year Low": "26.9400", "Year Close": "44.1900", "Annual % Change": "41.14%"}, "1999": {"Average Stock Price": "40.4437", "Year Open": "44.2500", "Year High": "50.3800", "Year Low": "29.6900", "Year Close": "31.3100", "Annual % Change": "-31.37%"}, "1998": {"Average Stock Price": "39.0263", "Year Open": "37.0600", "Year High": "45.6200", "Year Low": "30.0000", "Year Close": "45.6200", "Annual % Change": "20.85%"}, "1997": {"Average Stock Price": "31.4247", "Year Open": "25.5600", "Year High": "39.3800", "Year Low": "23.3750", "Year Close": "37.7500", "Annual % Change": "44.86%"}, "1996": {"Average Stock Price": "23.1160", "Year Open": "20.7500", "Year High": "26.0600", "Year Low": "19.1250", "Year Close": "26.0600", "Annual % Change": "27.12%"}, "1995": {"Average Stock Price": "20.1498", "Year Open": "17.4400", "Year High": "22.8750", "Year Low": "17.1900", "Year Close": "20.5000", "Annual % Change": "15.49%"}, "1994": {"Average Stock Price": "18.1453", "Year Open": "18.2500", "Year High": "19.9400", "Year Low": "16.2500", "Year Close": "17.7500", "Annual % Change": "-4.05%"}, "1993": {"Average Stock Price": "15.7330", "Year Open": "15.8100", "Year High": "18.8750", "Year Low": "14.0600", "Year Close": "18.5000", "Annual % Change": "19.35%"}, "1992": {"Average Stock Price": "16.2956", "Year Open": "16.6900", "Year High": "19.6250", "Year Low": "12.6250", "Year Close": "15.5000", "Annual % Change": "-6.06%"}, "1991": {"Average Stock Price": "14.6698", "Year Open": "10.8333", "Year High": "17.0000", "Year Low": "9.9567", "Year Close": "16.5000", "Annual % Change": "50.59%"}, "1990": {"Average Stock Price": "10.1882", "Year Open": "10.3733", "Year High": "12.0000", "Year Low": "8.3333", "Year Close": "10.9567", "Annual % Change": "4.78%"}, "1989": {"Average Stock Price": "10.9957", "Year Open": "9.8333", "Year High": "12.8333", "Year Low": "9.4567", "Year Close": "10.4567", "Annual % Change": "6.34%"}}}, "market cap": {"value": "$18.57B"}, "income statement": {"Revenue": {"2019-12-31": "2595.36200", "2018-12-31": "2448.38300", "2017-12-31": "2146.30300", "2016-12-31": "1868.02700", "2015-12-31": "1809.69000", "2014-12-31": "1839.83200", "2013-12-31": "1696.27100", "2012-12-31": "1551.00900", "2011-12-31": "1492.52800", "2010-12-31": "1397.72200", "2009-12-31": "1434.88500", "2008-12-31": "1912.08000", "2007-12-31": "1575.08200", "2006-12-31": "1690.80900", "2005-12-31": "1561.87200"}, "Cost Of Goods Sold": {"2019-12-31": "1103.75000", "2018-12-31": "1063.94100", "2017-12-31": "974.50100", "2016-12-31": "871.82700", "2015-12-31": "865.28700", "2014-12-31": "897.40400", "2013-12-31": "857.32600", "2012-12-31": "802.78400", "2011-12-31": "783.75000", "2010-12-31": "718.88300", "2009-12-31": "749.34400", "2008-12-31": "1110.56000", "2007-12-31": "983.31300", "2006-12-31": "1105.65200", "2005-12-31": "1044.76200"}, "Gross Profit": {"2019-12-31": "1491.61200", "2018-12-31": "1384.44200", "2017-12-31": "1171.80200", "2016-12-31": "996.20000", "2015-12-31": "944.40300", "2014-12-31": "942.42800", "2013-12-31": "838.94500", "2012-12-31": "748.22500", "2011-12-31": "708.77800", "2010-12-31": "678.83910", "2009-12-31": "685.54100", "2008-12-31": "801.51990", "2007-12-31": "591.76900", "2006-12-31": "585.15700", "2005-12-31": "517.11000"}, "Research And Development Expenses": {"2019-12-31": "113.85700", "2018-12-31": "106.20800", "2017-12-31": "84.77000", "2016-12-31": "58.57900", "2015-12-31": "52.11900", "2014-12-31": "61.04000", "2013-12-31": "65.04500", "2012-12-31": "56.27800", "2011-12-31": "48.71200", "2010-12-31": "42.38000", "2009-12-31": "36.68500", "2008-12-31": "32.59800", "2007-12-31": "", "2006-12-31": "", "2005-12-31": ""}, "SG&A Expenses": {"2019-12-31": "934.37300", "2018-12-31": "878.68800", "2017-12-31": "699.96300", "2016-12-31": "563.30800", "2015-12-31": "568.98200", "2014-12-31": "578.65700", "2013-12-31": "502.18700", "2012-12-31": "454.48900", "2011-12-31": "423.90900", "2010-12-31": "403.63500", "2009-12-31": "388.28100", "2008-12-31": "502.55900", "2007-12-31": "407.29100", "2006-12-31": "374.96100", "2005-12-31": "333.82800"}, "Other Operating Income Or Expenses": {"2019-12-31": "6.07700", "2018-12-31": "1.38800", "2017-12-31": "0.00000", "2016-12-31": "4.36700", "2015-12-31": "0.40800", "2014-12-31": "0.00000", "2013-12-31": "", "2012-12-31": "", "2011-12-31": "", "2010-12-31": "", "2009-12-31": "", "2008-12-31": "", "2007-12-31": "", "2006-12-31": "", "2005-12-31": ""}, "Operating Expenses": {"2019-12-31": "2168.10800", "2018-12-31": "2126.67900", "2017-12-31": "1774.02400", "2016-12-31": "1548.57400", "2015-12-31": "1493.79900", "2014-12-31": "1554.97000", "2013-12-31": "1463.01000", "2012-12-31": "1648.71600", "2011-12-31": "1262.37600", "2010-12-31": "1167.77300", "2009-12-31": "1184.65700", "2008-12-31": "1673.41800", "2007-12-31": "1430.47300", "2006-12-31": "1502.93600", "2005-12-31": "1402.03900"}, "Operating Income": {"2019-12-31": "427.25390", "2018-12-31": "321.70410", "2017-12-31": "372.27890", "2016-12-31": "319.45290", "2015-12-31": "315.89100", "2014-12-31": "284.86210", "2013-12-31": "233.26100", "2012-12-31": "-97.70690", "2011-12-31": "230.15200", "2010-12-31": "229.94910", "2009-12-31": "250.22790", "2008-12-31": "238.66190", "2007-12-31": "144.60900", "2006-12-31": "187.87300", "2005-12-31": "159.83300"}, "Total Non-Operating Income/Expense": {"2019-12-31": "-87.35100", "2018-12-31": "-102.07600", "2017-12-31": "-87.36800", "2016-12-31": "-73.72800", "2015-12-31": "-71.24500", "2014-12-31": "-64.75200", "2013-12-31": "-57.53100", "2012-12-31": "-67.66200", "2011-12-31": "-85.05200", "2010-12-31": "-125.35900", "2009-12-31": "-86.66300", "2008-12-31": "-119.02100", "2007-12-31": "-66.33100", "2006-12-31": "-35.65500", "2005-12-31": "-25.55600"}, "Pre-Tax Income": {"2019-12-31": "339.90300", "2018-12-31": "219.62800", "2017-12-31": "284.91100", "2016-12-31": "245.72500", "2015-12-31": "244.64600", "2014-12-31": "220.11000", "2013-12-31": "175.73000", "2012-12-31": "-165.36900", "2011-12-31": "145.10000", "2010-12-31": "104.59000", "2009-12-31": "163.56500", "2008-12-31": "119.64100", "2007-12-31": "78.27800", "2006-12-31": "152.21800", "2005-12-31": "134.27700"}, "Income Taxes": {"2019-12-31": "-122.07800", "2018-12-31": "23.19600", "2017-12-31": "129.64800", "2016-12-31": "8.07400", "2015-12-31": "7.83800", "2014-12-31": "28.65000", "2013-12-31": "23.54700", "2012-12-31": "16.41300", "2011-12-31": "25.77800", "2010-12-31": "16.91800", "2009-12-31": "36.97600", "2008-12-31": "37.93300", "2007-12-31": "109.93300", "2006-12-31": "32.91900", "2005-12-31": "27.61100"}, "Income After Taxes": {"2019-12-31": "461.98100", "2018-12-31": "196.43200", "2017-12-31": "155.26300", "2016-12-31": "237.65100", "2015-12-31": "236.80800", "2014-12-31": "191.46000", "2013-12-31": "152.18300", "2012-12-31": "-181.78200", "2011-12-31": "119.32200", "2010-12-31": "87.67200", "2009-12-31": "126.58900", "2008-12-31": "81.70800", "2007-12-31": "-31.65500", "2006-12-31": "119.29900", "2005-12-31": "106.66600"}, "Other Income": {"2019-12-31": "", "2018-12-31": "", "2017-12-31": "", "2016-12-31": "", "2015-12-31": "", "2014-12-31": "", "2013-12-31": "", "2012-12-31": "", "2011-12-31": "", "2010-12-31": "", "2009-12-31": "", "2008-12-31": "", "2007-12-31": "", "2006-12-31": "", "2005-12-31": ""}, "Income From Continuous Operations": {"2019-12-31": "461.98100", "2018-12-31": "196.43200", "2017-12-31": "155.26300", "2016-12-31": "237.65100", "2015-12-31": "236.80800", "2014-12-31": "191.46000", "2013-12-31": "152.18300", "2012-12-31": "-181.78200", "2011-12-31": "119.32200", "2010-12-31": "87.67200", "2009-12-31": "126.58900", "2008-12-31": "81.70800", "2007-12-31": "-31.65500", "2006-12-31": "96.08800", "2005-12-31": "87.64800"}, "Income From Discontinued Operations": {"2019-12-31": "-0.51500", "2018-12-31": "4.37000", "2017-12-31": "-2.73300", "2016-12-31": "0.19000", "2015-12-31": "8.90500", "2014-12-31": "-2.70900", "2013-12-31": "-0.43500", "2012-12-31": "-7.32000", "2011-12-31": "205.64500", "2010-12-31": "114.78300", "2009-12-31": "187.42200", "2008-12-31": "72.89400", "2007-12-31": "208.81700", "2006-12-31": "43.34200", "2005-12-31": "51.16900"}, "Net Income": {"2019-12-31": "461.46600", "2018-12-31": "200.80200", "2017-12-31": "152.53000", "2016-12-31": "237.37700", "2015-12-31": "244.86300", "2014-12-31": "187.67900", "2013-12-31": "150.88100", "2012-12-31": "-190.05700", "2011-12-31": "323.32900", "2010-12-31": "201.09400", "2009-12-31": "302.99400", "2008-12-31": "119.77400", "2007-12-31": "146.48400", "2006-12-31": "139.43000", "2005-12-31": "138.81700"}, "EBITDA": {"2019-12-31": "645.62290", "2018-12-31": "536.41810", "2017-12-31": "532.61690", "2016-12-31": "447.79890", "2015-12-31": "441.22500", "2014-12-31": "411.89210", "2013-12-31": "341.19600", "2012-12-31": "329.30510", "2011-12-31": "326.64800", "2010-12-31": "319.68910", "2009-12-31": "345.60290", "2008-12-31": "344.60190", "2007-12-31": "216.18600", "2006-12-31": "248.17000", "2005-12-31": "223.36800"}, "EBIT": {"2019-12-31": "427.25390", "2018-12-31": "321.70410", "2017-12-31": "372.27890", "2016-12-31": "319.45290", "2015-12-31": "315.89100", "2014-12-31": "284.86210", "2013-12-31": "233.26100", "2012-12-31": "-97.70690", "2011-12-31": "230.15200", "2010-12-31": "229.94910", "2009-12-31": "250.22790", "2008-12-31": "238.66190", "2007-12-31": "144.60900", "2006-12-31": "187.87300", "2005-12-31": "159.83300"}, "Basic Shares Outstanding": {"2019-12-31": "46.20000", "2018-12-31": "45.68900", "2017-12-31": "45.00400", "2016-12-31": "43.32500", "2015-12-31": "41.55800", "2014-12-31": "41.36600", "2013-12-31": "41.10500", "2012-12-31": "40.85900", "2011-12-31": "40.50100", "2010-12-31": "39.90600", "2009-12-31": "39.71800", "2008-12-31": "39.58400", "2007-12-31": "39.25900", "2006-12-31": "39.76000", "2005-12-31": "40.51600"}, "Shares Outstanding": {"2019-12-31": "47.09000", "2018-12-31": "46.80100", "2017-12-31": "46.66400", "2016-12-31": "47.64600", "2015-12-31": "48.05800", "2014-12-31": "46.47000", "2013-12-31": "43.69300", "2012-12-31": "40.85900", "2011-12-31": "40.80100", "2010-12-31": "40.28000", "2009-12-31": "39.93600", "2008-12-31": "39.83200", "2007-12-31": "39.25900", "2006-12-31": "39.98800", "2005-12-31": "40.95800"}, "Basic EPS": {"2019-12-31": "9.99000", "2018-12-31": "4.39000", "2017-12-31": "3.39000", "2016-12-31": "5.48000", "2015-12-31": "5.89000", "2014-12-31": "4.54000", "2013-12-31": "3.67000", "2012-12-31": "-4.65000", "2011-12-31": "7.98000", "2010-12-31": "5.04000", "2009-12-31": "7.63000", "2008-12-31": "3.03000", "2007-12-31": "3.73000", "2006-12-31": "3.51000", "2005-12-31": "3.43000"}, "EPS - Earnings Per Share": {"2019-12-31": "9.80000", "2018-12-31": "4.29000", "2017-12-31": "3.27000", "2016-12-31": "4.98000", "2015-12-31": "5.10000", "2014-12-31": "4.04000", "2013-12-31": "3.45000", "2012-12-31": "-4.65000", "2011-12-31": "7.92000", "2010-12-31": "4.99000", "2009-12-31": "7.59000", "2008-12-31": "3.01000", "2007-12-31": "3.73000", "2006-12-31": "3.49000", "2005-12-31": "3.39000"}}, "income statement, quarterly": {"Revenue": {"2020-09-30": "628.30100", "2020-06-30": "567.03400", "2020-03-31": "630.64200", "2019-12-31": "680.95210", "2019-09-30": "648.31900", "2019-06-30": "652.50700", "2019-03-31": "613.58400", "2018-12-31": "641.61500", "2018-09-30": "609.67200", "2018-06-30": "609.86600", "2018-03-31": "587.23000", "2017-12-31": "595.10610", "2017-09-30": "534.70300", "2017-06-30": "528.61300", "2017-03-31": "487.88100", "2016-12-31": "513.93290", "2016-09-30": "455.64800", "2016-06-30": "473.55300", "2016-03-31": "424.89300", "2015-12-31": "484.50090", "2015-09-30": "443.71400", "2015-06-30": "452.04500", "2015-03-31": "429.43000", "2014-12-31": "476.00810", "2014-09-30": "457.17300", "2014-06-30": "468.10500", "2014-03-31": "438.54600", "2013-12-31": "450.53900", "2013-09-30": "413.79600", "2013-06-30": "420.05900", "2013-03-31": "411.87700", "2012-12-31": "419.05610", "2012-09-30": "368.05400", "2012-06-30": "383.33200", "2012-03-31": "380.56700", "2011-12-31": "394.61500", "2011-09-30": "362.74100", "2011-06-30": "381.16800", "2011-03-31": "354.00400", "2010-12-31": "326.92200", "2010-09-30": "345.04100", "2010-06-30": "358.42700", "2010-03-31": "367.33200", "2009-12-31": "114.83910", "2009-09-30": "440.74100", "2009-06-30": "439.23700", "2009-03-31": "440.06800", "2008-12-31": "306.25700", "2008-09-30": "504.03500", "2008-06-30": "559.67800", "2008-03-31": "542.11000", "2007-12-31": "223.86300", "2007-09-30": "458.56200", "2007-06-30": "452.31700", "2007-03-31": "440.34000", "2006-12-31": "448.80400", "2006-09-30": "605.52500", "2006-06-30": "650.18400", "2006-03-31": "599.88300", "2005-12-31": "646.55300", "2005-09-30": "587.39000", "2005-06-30": "657.00900", "2005-03-31": "623.60000"}, "Cost Of Goods Sold": {"2020-09-30": "298.97700", "2020-06-30": "288.66200", "2020-03-31": "297.01800", "2019-12-31": "220.62300", "2019-09-30": "293.24400", "2019-06-30": "300.26900", "2019-03-31": "289.61400", "2018-12-31": "275.79400", "2018-09-30": "267.09900", "2018-06-30": "265.08800", "2018-03-31": "255.96000", "2017-12-31": "264.37500", "2017-09-30": "239.47600", "2017-06-30": "238.32900", "2017-03-31": "232.32100", "2016-12-31": "240.88100", "2016-09-30": "214.04600", "2016-06-30": "217.15400", "2016-03-31": "199.74600", "2015-12-31": "224.18500", "2015-09-30": "215.50100", "2015-06-30": "218.80800", "2015-03-31": "206.79300", "2014-12-31": "234.99300", "2014-09-30": "221.00700", "2014-06-30": "224.01700", "2014-03-31": "217.38700", "2013-12-31": "225.59600", "2013-09-30": "209.80400", "2013-06-30": "210.56900", "2013-03-31": "211.35700", "2012-12-31": "219.87600", "2012-09-30": "187.48700", "2012-06-30": "198.96800", "2012-03-31": "196.45300", "2011-12-31": "207.32200", "2011-09-30": "187.11100", "2011-06-30": "199.81700", "2011-03-31": "189.50000", "2010-12-31": "165.84500", "2010-09-30": "178.47700", "2010-06-30": "184.12600", "2010-03-31": "190.43500", "2009-12-31": "12.13700", "2009-09-30": "244.40800", "2009-06-30": "241.18500", "2009-03-31": "251.61400", "2008-12-31": "162.32500", "2008-09-30": "294.20200", "2008-06-30": "325.36200", "2008-03-31": "328.67100", "2007-12-31": "110.84900", "2007-09-30": "304.58500", "2007-06-30": "288.98700", "2007-03-31": "278.89200", "2006-12-31": "291.75500", "2006-09-30": "424.90700", "2006-06-30": "453.33200", "2006-03-31": "420.83600", "2005-12-31": "466.64500", "2005-09-30": "421.32700", "2005-06-30": "466.77000", "2005-03-31": "449.85800"}, "Gross Profit": {"2020-09-30": "329.32400", "2020-06-30": "278.37200", "2020-03-31": "333.62400", "2019-12-31": "460.32920", "2019-09-30": "355.07500", "2019-06-30": "352.23800", "2019-03-31": "323.97000", "2018-12-31": "365.82100", "2018-09-30": "342.57300", "2018-06-30": "344.77800", "2018-03-31": "331.27000", "2017-12-31": "330.73110", "2017-09-30": "295.22700", "2017-06-30": "290.28400", "2017-03-31": "255.56000", "2016-12-31": "273.05190", "2016-09-30": "241.60200", "2016-06-30": "256.39900", "2016-03-31": "225.14700", "2015-12-31": "260.31590", "2015-09-30": "228.21300", "2015-06-30": "233.23700", "2015-03-31": "222.63700", "2014-12-31": "241.01510", "2014-09-30": "236.16600", "2014-06-30": "244.08800", "2014-03-31": "221.15900", "2013-12-31": "224.94300", "2013-09-30": "203.99200", "2013-06-30": "209.49000", "2013-03-31": "200.52000", "2012-12-31": "199.18010", "2012-09-30": "180.56700", "2012-06-30": "184.36400", "2012-03-31": "184.11400", "2011-12-31": "187.29300", "2011-09-30": "175.63000", "2011-06-30": "181.35100", "2011-03-31": "164.50400", "2010-12-31": "161.07700", "2010-09-30": "166.56400", "2010-06-30": "174.30100", "2010-03-31": "176.89700", "2009-12-31": "102.70210", "2009-09-30": "196.33300", "2009-06-30": "198.05200", "2009-03-31": "188.45400", "2008-12-31": "143.93190", "2008-09-30": "209.83300", "2008-06-30": "234.31600", "2008-03-31": "213.43900", "2007-12-31": "113.01400", "2007-09-30": "153.97700", "2007-06-30": "163.33000", "2007-03-31": "161.44800", "2006-12-31": "157.04900", "2006-09-30": "180.61800", "2006-06-30": "196.85200", "2006-03-31": "179.04700", "2005-12-31": "179.90800", "2005-09-30": "166.06300", "2005-06-30": "190.23900", "2005-03-31": "173.74200"}, "Research And Development Expenses": {"2020-09-30": "29.21800", "2020-06-30": "29.36400", "2020-03-31": "27.39600", "2019-12-31": "31.12800", "2019-09-30": "27.98400", "2019-06-30": "27.59500", "2019-03-31": "27.15000", "2018-12-31": "27.79800", "2018-09-30": "26.36500", "2018-06-30": "26.01800", "2018-03-31": "26.02700", "2017-12-31": "25.47100", "2017-09-30": "21.19400", "2017-06-30": "20.27800", "2017-03-31": "17.82700", "2016-12-31": "15.68700", "2016-09-30": "15.06700", "2016-06-30": "15.47200", "2016-03-31": "12.35300", "2015-12-31": "13.22100", "2015-09-30": "12.57100", "2015-06-30": "13.44300", "2015-03-31": "12.88400", "2014-12-31": "17.23700", "2014-09-30": "14.87100", "2014-06-30": "14.87000", "2014-03-31": "14.06200", "2013-12-31": "17.87600", "2013-09-30": "15.63800", "2013-06-30": "16.52400", "2013-03-31": "15.00700", "2012-12-31": "16.26300", "2012-09-30": "14.76000", "2012-06-30": "13.70200", "2012-03-31": "11.55300", "2011-12-31": "12.90300", "2011-09-30": "12.31600", "2011-06-30": "12.45500", "2011-03-31": "11.03800", "2010-12-31": "12.21000", "2010-09-30": "10.57100", "2010-06-30": "10.28800", "2010-03-31": "9.31100", "2009-12-31": "11.08200", "2009-09-30": "9.61800", "2009-06-30": "8.42000", "2009-03-31": "7.56500", "2008-12-31": "", "2008-09-30": "", "2008-06-30": "", "2008-03-31": "", "2007-12-31": "", "2007-09-30": "", "2007-06-30": "", "2007-03-31": "", "2006-12-31": "", "2006-09-30": "", "2006-06-30": "", "2006-03-31": "", "2005-12-31": "", "2005-09-30": "", "2005-06-30": "", "2005-03-31": ""}, "SG&A Expenses": {"2020-09-30": "171.67300", "2020-06-30": "191.19300", "2020-03-31": "147.79600", "2019-12-31": "302.66090", "2019-09-30": "209.29100", "2019-06-30": "215.50000", "2019-03-31": "206.92100", "2018-12-31": "218.54000", "2018-09-30": "214.89400", "2018-06-30": "229.91700", "2018-03-31": "215.33700", "2017-12-31": "213.28900", "2017-09-30": "163.77100", "2017-06-30": "158.93400", "2017-03-31": "163.96900", "2016-12-31": "144.18000", "2016-09-30": "139.79700", "2016-06-30": "142.98300", "2016-03-31": "136.34800", "2015-12-31": "148.21700", "2015-09-30": "138.84000", "2015-06-30": "142.22800", "2015-03-31": "139.69700", "2014-12-31": "153.26500", "2014-09-30": "138.25200", "2014-06-30": "146.84300", "2014-03-31": "140.29700", "2013-12-31": "143.75600", "2013-09-30": "115.22800", "2013-06-30": "116.25300", "2013-03-31": "126.95000", "2012-12-31": "121.52400", "2012-09-30": "114.87800", "2012-06-30": "105.95100", "2012-03-31": "112.13600", "2011-12-31": "109.28300", "2011-09-30": "101.58200", "2011-06-30": "109.83800", "2011-03-31": "103.20600", "2010-12-31": "101.75700", "2010-09-30": "101.54200", "2010-06-30": "99.76800", "2010-03-31": "100.56800", "2009-12-31": "39.90100", "2009-09-30": "113.63300", "2009-06-30": "117.61400", "2009-03-31": "117.13300", "2008-12-31": "60.01400", "2008-09-30": "137.52700", "2008-06-30": "157.44500", "2008-03-31": "147.57300", "2007-12-31": "109.80500", "2007-09-30": "95.62100", "2007-06-30": "103.55800", "2007-03-31": "98.30700", "2006-12-31": "96.82400", "2006-09-30": "112.93000", "2006-06-30": "127.23400", "2006-03-31": "120.90700", "2005-12-31": "111.80400", "2005-09-30": "104.66600", "2005-06-30": "116.22400", "2005-03-31": "116.34700"}, "Other Operating Income Or Expenses": {"2020-09-30": "0.00000", "2020-06-30": "0.00000", "2020-03-31": "0.00000", "2019-12-31": "2.24900", "2019-09-30": "1.08900", "2019-06-30": "0.00000", "2019-03-31": "2.73900", "2018-12-31": "", "2018-09-30": "0.00000", "2018-06-30": "", "2018-03-31": "0.00000", "2017-12-31": "", "2017-09-30": "", "2017-06-30": "", "2017-03-31": "", "2016-12-31": "0.19400", "2016-09-30": "2.77600", "2016-06-30": "0.37800", "2016-03-31": "1.01900", "2015-12-31": "", "2015-09-30": "0.40800", "2015-06-30": "0.00000", "2015-03-31": "0.00000", "2014-12-31": "", "2014-09-30": "", "2014-06-30": "", "2014-03-31": "", "2013-12-31": "", "2013-09-30": "", "2013-06-30": "", "2013-03-31": "", "2012-12-31": "", "2012-09-30": "", "2012-06-30": "", "2012-03-31": "", "2011-12-31": "", "2011-09-30": "", "2011-06-30": "", "2011-03-31": "", "2010-12-31": "", "2010-09-30": "", "2010-06-30": "", "2010-03-31": "", "2009-12-31": "", "2009-09-30": "", "2009-06-30": "", "2009-03-31": "", "2008-12-31": "", "2008-09-30": "", "2008-06-30": "", "2008-03-31": "", "2007-12-31": "", "2007-09-30": "", "2007-06-30": "", "2007-03-31": "", "2006-12-31": "", "2006-09-30": "", "2006-06-30": "", "2006-03-31": "", "2005-12-31": "", "2005-09-30": "", "2005-06-30": "", "2005-03-31": ""}, "Operating Expenses": {"2020-09-30": "496.20900", "2020-06-30": "528.22400", "2020-03-31": "473.55600", "2019-12-31": "554.02010", "2019-09-30": "530.69800", "2019-06-30": "545.04900", "2019-03-31": "538.34100", "2018-12-31": "522.34900", "2018-09-30": "527.56700", "2018-06-30": "576.37600", "2018-03-31": "500.38700", "2017-12-31": "504.20200", "2017-09-30": "424.34900", "2017-06-30": "418.41100", "2017-03-31": "427.06200", "2016-12-31": "446.90500", "2016-09-30": "369.16100", "2016-06-30": "375.11200", "2016-03-31": "357.39600", "2015-12-31": "387.75400", "2015-09-30": "367.16400", "2015-06-30": "375.05900", "2015-03-31": "363.82200", "2014-12-31": "406.85300", "2014-09-30": "375.23800", "2014-06-30": "393.35300", "2014-03-31": "379.52600", "2013-12-31": "396.47500", "2013-09-30": "347.75400", "2013-06-30": "356.30800", "2013-03-31": "362.47300", "2012-12-31": "360.61600", "2012-09-30": "318.21300", "2012-06-30": "318.94200", "2012-03-31": "650.94490", "2011-12-31": "331.91500", "2011-09-30": "300.83600", "2011-06-30": "325.28600", "2011-03-31": "304.33900", "2010-12-31": "281.00800", "2010-09-30": "291.73100", "2010-06-30": "294.25700", "2010-03-31": "300.77700", "2009-12-31": "53.32710", "2009-09-30": "372.44200", "2009-06-30": "380.11300", "2009-03-31": "378.77500", "2008-12-31": "270.72110", "2008-09-30": "432.19900", "2008-06-30": "485.39800", "2008-03-31": "485.10000", "2007-12-31": "254.06410", "2007-09-30": "405.14300", "2007-06-30": "393.62600", "2007-03-31": "377.64000", "2006-12-31": "395.14400", "2006-09-30": "541.11210", "2006-06-30": "589.04100", "2006-03-31": "546.23600", "2005-12-31": "585.79200", "2005-09-30": "531.76900", "2005-06-30": "589.64700", "2005-03-31": "573.49900"}, "Operating Income": {"2020-09-30": "132.09200", "2020-06-30": "38.81000", "2020-03-31": "157.08600", "2019-12-31": "126.93210", "2019-09-30": "117.62100", "2019-06-30": "107.45800", "2019-03-31": "75.24300", "2018-12-31": "119.26600", "2018-09-30": "82.10500", "2018-06-30": "33.49000", "2018-03-31": "86.84300", "2017-12-31": "90.90410", "2017-09-30": "110.35400", "2017-06-30": "110.20200", "2017-03-31": "60.81900", "2016-12-31": "67.02790", "2016-09-30": "86.48700", "2016-06-30": "98.44100", "2016-03-31": "67.49700", "2015-12-31": "96.74690", "2015-09-30": "76.55000", "2015-06-30": "76.98600", "2015-03-31": "65.60800", "2014-12-31": "69.15510", "2014-09-30": "81.93500", "2014-06-30": "74.75200", "2014-03-31": "59.02000", "2013-12-31": "54.06400", "2013-09-30": "66.04200", "2013-06-30": "63.75100", "2013-03-31": "49.40400", "2012-12-31": "58.44010", "2012-09-30": "49.84100", "2012-06-30": "64.39000", "2012-03-31": "-270.37800", "2011-12-31": "62.70000", "2011-09-30": "61.90500", "2011-06-30": "55.88200", "2011-03-31": "49.66500", "2010-12-31": "45.91410", "2010-09-30": "53.31000", "2010-06-30": "64.17000", "2010-03-31": "66.55500", "2009-12-31": "61.51200", "2009-09-30": "68.29900", "2009-06-30": "59.12400", "2009-03-31": "61.29300", "2008-12-31": "35.53580", "2008-09-30": "71.83600", "2008-06-30": "74.28000", "2008-03-31": "57.01000", "2007-12-31": "-30.20110", "2007-09-30": "53.41900", "2007-06-30": "58.69100", "2007-03-31": "62.70000", "2006-12-31": "53.66000", "2006-09-30": "64.41300", "2006-06-30": "61.14310", "2006-03-31": "53.64700", "2005-12-31": "60.76100", "2005-09-30": "55.62100", "2005-06-30": "67.36190", "2005-03-31": "50.10100"}, "Total Non-Operating Income/Expense": {"2020-09-30": "-16.43800", "2020-06-30": "-15.51900", "2020-03-31": "-14.86000", "2019-12-31": "-25.63700", "2019-09-30": "-19.07500", "2019-06-30": "-20.28600", "2019-03-31": "-22.35300", "2018-12-31": "-23.08900", "2018-09-30": "-26.85100", "2018-06-30": "-26.46600", "2018-03-31": "-25.67000", "2017-12-31": "-23.50700", "2017-09-30": "-20.97800", "2017-06-30": "-19.74400", "2017-03-31": "-23.13900", "2016-12-31": "-16.21200", "2016-09-30": "-12.77300", "2016-06-30": "-31.03900", "2016-03-31": "-13.70400", "2015-12-31": "-13.55900", "2015-09-30": "-14.17600", "2015-06-30": "-26.50700", "2015-03-31": "-17.00300", "2014-12-31": "-16.59600", "2014-09-30": "-17.02300", "2014-06-30": "-15.91600", "2014-03-31": "-15.21700", "2013-12-31": "-14.17300", "2013-09-30": "-15.05400", "2013-06-30": "-14.26800", "2013-03-31": "-14.03600", "2012-12-31": "-14.37400", "2012-09-30": "-18.15300", "2012-06-30": "-17.40200", "2012-03-31": "-17.73300", "2011-12-31": "-19.20700", "2011-09-30": "-18.85900", "2011-06-30": "-16.34800", "2011-03-31": "-30.63800", "2010-12-31": "-37.18800", "2010-09-30": "-49.99900", "2010-06-30": "-19.38400", "2010-03-31": "-18.78800", "2009-12-31": "-17.49700", "2009-09-30": "-20.84100", "2009-06-30": "-20.54000", "2009-03-31": "-27.78500", "2008-12-31": "-29.46000", "2008-09-30": "-28.49100", "2008-06-30": "-30.93000", "2008-03-31": "-30.14000", "2007-12-31": "-44.56400", "2007-09-30": "-5.08500", "2007-06-30": "-9.57100", "2007-03-31": "-7.11100", "2006-12-31": "-9.63200", "2006-09-30": "-8.08800", "2006-06-30": "-11.13100", "2006-03-31": "-7.79400", "2005-12-31": "-0.04800", "2005-09-30": "-4.22900", "2005-06-30": "-10.56500", "2005-03-31": "-11.08800"}, "Pre-Tax Income": {"2020-09-30": "115.65400", "2020-06-30": "23.29100", "2020-03-31": "142.22600", "2019-12-31": "101.29500", "2019-09-30": "98.54600", "2019-06-30": "87.17200", "2019-03-31": "52.89000", "2018-12-31": "96.17700", "2018-09-30": "55.25400", "2018-06-30": "7.02400", "2018-03-31": "61.17300", "2017-12-31": "67.39700", "2017-09-30": "89.37600", "2017-06-30": "90.45800", "2017-03-31": "37.68000", "2016-12-31": "50.81600", "2016-09-30": "73.71400", "2016-06-30": "67.40200", "2016-03-31": "53.79300", "2015-12-31": "83.18800", "2015-09-30": "62.37400", "2015-06-30": "50.47900", "2015-03-31": "48.60500", "2014-12-31": "52.55900", "2014-09-30": "64.91200", "2014-06-30": "58.83600", "2014-03-31": "43.80300", "2013-12-31": "39.89100", "2013-09-30": "50.98800", "2013-06-30": "49.48300", "2013-03-31": "35.36800", "2012-12-31": "44.06600", "2012-09-30": "31.68800", "2012-06-30": "46.98800", "2012-03-31": "-288.11100", "2011-12-31": "43.49300", "2011-09-30": "43.04600", "2011-06-30": "39.53400", "2011-03-31": "19.02700", "2010-12-31": "8.72600", "2010-09-30": "3.31100", "2010-06-30": "44.78600", "2010-03-31": "47.76700", "2009-12-31": "44.01500", "2009-09-30": "47.45800", "2009-06-30": "38.58400", "2009-03-31": "33.50800", "2008-12-31": "6.07600", "2008-09-30": "43.34500", "2008-06-30": "43.35000", "2008-03-31": "26.87000", "2007-12-31": "-74.76500", "2007-09-30": "48.33400", "2007-06-30": "49.12000", "2007-03-31": "55.58900", "2006-12-31": "44.02800", "2006-09-30": "56.32500", "2006-06-30": "50.01200", "2006-03-31": "45.85300", "2005-12-31": "60.71300", "2005-09-30": "51.39200", "2005-06-30": "56.79700", "2005-03-31": "39.01300"}, "Income Taxes": {"2020-09-30": "-0.95100", "2020-06-30": "11.84800", "2020-03-31": "11.07400", "2019-12-31": "-6.51100", "2019-09-30": "-130.38300", "2019-06-30": "3.84400", "2019-03-31": "10.97200", "2018-12-31": "8.66400", "2018-09-30": "-1.28600", "2018-06-30": "9.57600", "2018-03-31": "6.24200", "2017-12-31": "110.24400", "2017-09-30": "9.97800", "2017-06-30": "12.09500", "2017-03-31": "-2.66900", "2016-12-31": "-10.06000", "2016-09-30": "7.51400", "2016-06-30": "8.00700", "2016-03-31": "2.61300", "2015-12-31": "-7.57700", "2015-09-30": "0.80300", "2015-06-30": "5.28000", "2015-03-31": "9.33200", "2014-12-31": "0.42600", "2014-09-30": "9.68400", "2014-06-30": "10.00600", "2014-03-31": "8.53400", "2013-12-31": "4.58900", "2013-09-30": "5.20900", "2013-06-30": "6.08200", "2013-03-31": "7.66700", "2012-12-31": "13.45200", "2012-09-30": "7.23700", "2012-06-30": "-0.27800", "2012-03-31": "-3.99800", "2011-12-31": "2.30200", "2011-09-30": "10.12500", "2011-06-30": "8.43600", "2011-03-31": "4.91500", "2010-12-31": "-2.09300", "2010-09-30": "-7.67600", "2010-06-30": "12.44000", "2010-03-31": "14.24700", "2009-12-31": "9.38000", "2009-09-30": "13.23600", "2009-06-30": "5.44800", "2009-03-31": "8.91200", "2008-12-31": "-1.92400", "2008-09-30": "13.71800", "2008-06-30": "14.47700", "2008-03-31": "11.66200", "2007-12-31": "-18.24100", "2007-09-30": "104.35800", "2007-06-30": "9.16600", "2007-03-31": "14.65000", "2006-12-31": "8.69000", "2006-09-30": "15.00200", "2006-06-30": "10.09400", "2006-03-31": "12.65900", "2005-12-31": "14.51800", "2005-09-30": "10.36000", "2005-06-30": "13.47800", "2005-03-31": "9.45000"}, "Income After Taxes": {"2020-09-30": "116.60500", "2020-06-30": "11.44300", "2020-03-31": "131.15200", "2019-12-31": "107.80600", "2019-09-30": "228.92900", "2019-06-30": "83.32800", "2019-03-31": "41.91800", "2018-12-31": "87.51300", "2018-09-30": "56.54000", "2018-06-30": "-2.55200", "2018-03-31": "54.93100", "2017-12-31": "-42.84700", "2017-09-30": "79.39800", "2017-06-30": "78.36300", "2017-03-31": "40.34900", "2016-12-31": "60.87600", "2016-09-30": "66.20000", "2016-06-30": "59.39500", "2016-03-31": "51.18000", "2015-12-31": "90.76500", "2015-09-30": "61.57100", "2015-06-30": "45.19900", "2015-03-31": "39.27300", "2014-12-31": "52.13300", "2014-09-30": "55.22800", "2014-06-30": "48.83000", "2014-03-31": "35.26900", "2013-12-31": "35.30200", "2013-09-30": "45.77900", "2013-06-30": "43.40100", "2013-03-31": "27.70100", "2012-12-31": "30.61400", "2012-09-30": "24.45100", "2012-06-30": "47.26600", "2012-03-31": "-284.11300", "2011-12-31": "41.19100", "2011-09-30": "32.92100", "2011-06-30": "31.09800", "2011-03-31": "14.11200", "2010-12-31": "10.81900", "2010-09-30": "10.98700", "2010-06-30": "32.34600", "2010-03-31": "33.52000", "2009-12-31": "34.63500", "2009-09-30": "34.22200", "2009-06-30": "33.13600", "2009-03-31": "24.59600", "2008-12-31": "8.00000", "2008-09-30": "29.62700", "2008-06-30": "28.87300", "2008-03-31": "15.20800", "2007-12-31": "-56.52400", "2007-09-30": "-56.02400", "2007-06-30": "39.95400", "2007-03-31": "40.93900", "2006-12-31": "35.33800", "2006-09-30": "41.32300", "2006-06-30": "39.91800", "2006-03-31": "33.19400", "2005-12-31": "46.19500", "2005-09-30": "41.03200", "2005-06-30": "43.31900", "2005-03-31": "29.56300"}, "Other Income": {"2020-09-30": "", "2020-06-30": "", "2020-03-31": "", "2019-12-31": "", "2019-09-30": "", "2019-06-30": "", "2019-03-31": "", "2018-12-31": "", "2018-09-30": "", "2018-06-30": "", "2018-03-31": "", "2017-12-31": "", "2017-09-30": "", "2017-06-30": "", "2017-03-31": "", "2016-12-31": "", "2016-09-30": "", "2016-06-30": "", "2016-03-31": "", "2015-12-31": "", "2015-09-30": "", "2015-06-30": "", "2015-03-31": "", "2014-12-31": "", "2014-09-30": "", "2014-06-30": "", "2014-03-31": "", "2013-12-31": "", "2013-09-30": "", "2013-06-30": "", "2013-03-31": "", "2012-12-31": "", "2012-09-30": "", "2012-06-30": "", "2012-03-31": "", "2011-12-31": "", "2011-09-30": "", "2011-06-30": "", "2011-03-31": "", "2010-12-31": "", "2010-09-30": "", "2010-06-30": "", "2010-03-31": "", "2009-12-31": "", "2009-09-30": "", "2009-06-30": "", "2009-03-31": "", "2008-12-31": "", "2008-09-30": "", "2008-06-30": "", "2008-03-31": "", "2007-12-31": "", "2007-09-30": "", "2007-06-30": "", "2007-03-31": "", "2006-12-31": "", "2006-09-30": "", "2006-06-30": "", "2006-03-31": "", "2005-12-31": "", "2005-09-30": "", "2005-06-30": "", "2005-03-31": ""}, "Income From Continuous Operations": {"2020-09-30": "116.60500", "2020-06-30": "11.44300", "2020-03-31": "131.15200", "2019-12-31": "107.80600", "2019-09-30": "228.92900", "2019-06-30": "83.32800", "2019-03-31": "41.91800", "2018-12-31": "87.51300", "2018-09-30": "56.54000", "2018-06-30": "-2.55200", "2018-03-31": "54.93100", "2017-12-31": "-42.84700", "2017-09-30": "79.39800", "2017-06-30": "78.36300", "2017-03-31": "40.34900", "2016-12-31": "60.87600", "2016-09-30": "66.20000", "2016-06-30": "59.39500", "2016-03-31": "51.18000", "2015-12-31": "90.76500", "2015-09-30": "61.57100", "2015-06-30": "45.19900", "2015-03-31": "39.27300", "2014-12-31": "52.13300", "2014-09-30": "55.22800", "2014-06-30": "48.83000", "2014-03-31": "35.26900", "2013-12-31": "35.30200", "2013-09-30": "45.77900", "2013-06-30": "43.40100", "2013-03-31": "27.70100", "2012-12-31": "30.61400", "2012-09-30": "24.45100", "2012-06-30": "47.26600", "2012-03-31": "-284.11300", "2011-12-31": "41.19100", "2011-09-30": "32.92100", "2011-06-30": "31.09800", "2011-03-31": "14.11200", "2010-12-31": "10.81900", "2010-09-30": "10.98700", "2010-06-30": "32.34600", "2010-03-31": "33.52000", "2009-12-31": "34.63500", "2009-09-30": "34.22200", "2009-06-30": "33.13600", "2009-03-31": "24.59600", "2008-12-31": "15.05400", "2008-09-30": "29.62700", "2008-06-30": "28.87300", "2008-03-31": "8.15400", "2007-12-31": "-35.50800", "2007-09-30": "-63.22400", "2007-06-30": "33.24600", "2007-03-31": "33.83100", "2006-12-31": "29.09300", "2006-09-30": "34.69600", "2006-06-30": "33.98300", "2006-03-31": "27.54100", "2005-12-31": "41.05500", "2005-09-30": "35.71400", "2005-06-30": "38.13800", "2005-03-31": "24.86500"}, "Income From Discontinued Operations": {"2020-09-30": "-0.01800", "2020-06-30": "0.01300", "2020-03-31": "-0.00200", "2019-12-31": "0.45900", "2019-09-30": "0.00000", "2019-06-30": "0.04700", "2019-03-31": "-1.02100", "2018-12-31": "3.07700", "2018-09-30": "-0.01600", "2018-06-30": "0.05600", "2018-03-31": "1.25300", "2017-12-31": "0.18900", "2017-09-30": "-2.38300", "2017-06-30": "-0.36000", "2017-03-31": "-0.17900", "2016-12-31": "0.18700", "2016-09-30": "0.12200", "2016-06-30": "0.19300", "2016-03-31": "-0.31200", "2015-12-31": "10.51700", "2015-09-30": "-0.71900", "2015-06-30": "-0.19000", "2015-03-31": "-0.70300", "2014-12-31": "-1.18800", "2014-09-30": "-0.27100", "2014-06-30": "-1.12500", "2014-03-31": "-0.12500", "2013-12-31": "-0.23600", "2013-09-30": "1.02900", "2013-06-30": "-0.76600", "2013-03-31": "-0.46200", "2012-12-31": "-1.03700", "2012-09-30": "-2.52100", "2012-06-30": "-4.36700", "2012-03-31": "0.60500", "2011-12-31": "127.03000", "2011-09-30": "11.14400", "2011-06-30": "3.38900", "2011-03-31": "64.08200", "2010-12-31": "70.61700", "2010-09-30": "11.54800", "2010-06-30": "28.18000", "2010-03-31": "4.43800", "2009-12-31": "8.38000", "2009-09-30": "4.39500", "2009-06-30": "-26.36400", "2009-03-31": "201.01100", "2008-12-31": "20.61800", "2008-09-30": "22.31900", "2008-06-30": "15.16800", "2008-03-31": "14.78900", "2007-12-31": "131.57100", "2007-09-30": "6.18800", "2007-06-30": "60.61500", "2007-03-31": "10.44300", "2006-12-31": "8.62600", "2006-09-30": "1.27000", "2006-06-30": "2.65600", "2006-03-31": "1.56500", "2005-12-31": "-3.53700", "2005-09-30": "-2.11400", "2005-06-30": "-9.16500", "2005-03-31": "13.86100"}, "Net Income": {"2020-09-30": "116.58700", "2020-06-30": "11.45600", "2020-03-31": "131.15000", "2019-12-31": "108.26500", "2019-09-30": "228.92900", "2019-06-30": "83.37500", "2019-03-31": "40.89700", "2018-12-31": "90.59000", "2018-09-30": "56.52400", "2018-06-30": "-2.49600", "2018-03-31": "56.18400", "2017-12-31": "-42.65800", "2017-09-30": "77.01500", "2017-06-30": "78.00300", "2017-03-31": "40.17000", "2016-12-31": "61.06300", "2016-09-30": "66.32200", "2016-06-30": "59.30300", "2016-03-31": "50.68900", "2015-12-31": "101.12400", "2015-09-30": "60.82400", "2015-06-30": "44.56300", "2015-03-31": "38.35200", "2014-12-31": "50.63800", "2014-09-30": "54.83100", "2014-06-30": "47.25200", "2014-03-31": "34.95800", "2013-12-31": "34.82800", "2013-09-30": "46.57400", "2013-06-30": "42.44100", "2013-03-31": "27.03800", "2012-12-31": "29.32300", "2012-09-30": "21.74200", "2012-06-30": "42.61300", "2012-03-31": "-283.73500", "2011-12-31": "167.79600", "2011-09-30": "43.65100", "2011-06-30": "34.07000", "2011-03-31": "77.81200", "2010-12-31": "81.07800", "2010-09-30": "22.19600", "2010-06-30": "60.14800", "2010-03-31": "37.67200", "2009-12-31": "42.70100", "2009-09-30": "38.31200", "2009-06-30": "6.47000", "2009-03-31": "215.51100", "2008-12-31": "19.56900", "2008-09-30": "42.31900", "2008-06-30": "34.94300", "2008-03-31": "22.94300", "2007-12-31": "65.38500", "2007-09-30": "-57.03600", "2007-06-30": "93.86100", "2007-03-31": "44.27400", "2006-12-31": "37.71900", "2006-09-30": "35.96600", "2006-06-30": "36.63900", "2006-03-31": "29.10600", "2005-12-31": "37.51800", "2005-09-30": "33.60000", "2005-06-30": "28.97300", "2005-03-31": "38.72600"}, "EBITDA": {"2020-09-30": "190.17800", "2020-06-30": "97.19500", "2020-03-31": "213.78400", "2019-12-31": "182.04110", "2019-09-30": "171.38100", "2019-06-30": "162.38300", "2019-03-31": "129.81800", "2018-12-31": "173.94100", "2018-09-30": "135.24100", "2018-06-30": "86.56700", "2018-03-31": "140.66900", "2017-12-31": "140.93610", "2017-09-30": "148.37600", "2017-06-30": "148.11500", "2017-03-31": "95.19000", "2016-12-31": "99.10990", "2016-09-30": "118.19100", "2016-06-30": "130.66500", "2016-03-31": "99.83300", "2015-12-31": "130.10590", "2015-09-30": "107.89300", "2015-06-30": "107.76800", "2015-03-31": "95.45800", "2014-12-31": "99.93110", "2014-09-30": "114.37400", "2014-06-30": "107.15410", "2014-03-31": "90.43300", "2013-12-31": "82.96400", "2013-09-30": "93.11700", "2013-06-30": "89.37000", "2013-03-31": "75.74500", "2012-12-31": "84.16310", "2012-09-30": "73.55400", "2012-06-30": "87.16800", "2012-03-31": "84.42000", "2011-12-31": "86.69100", "2011-09-30": "86.06700", "2011-06-30": "79.58400", "2011-03-31": "74.30600", "2010-12-31": "67.17310", "2010-09-30": "77.15800", "2010-06-30": "85.85300", "2010-03-31": "89.50500", "2009-12-31": "72.03300", "2009-09-30": "93.71700", "2009-06-30": "91.23000", "2009-03-31": "88.62300", "2008-12-31": "59.22480", "2008-09-30": "96.95900", "2008-06-30": "101.95800", "2008-03-31": "86.46000", "2007-12-31": "-2.39810", "2007-09-30": "67.51700", "2007-06-30": "73.90400", "2007-03-31": "77.16300", "2006-12-31": "46.14300", "2006-09-30": "87.55800", "2006-06-30": "83.26410", "2006-03-31": "76.19500", "2005-12-31": "46.74100", "2005-09-30": "81.94400", "2005-06-30": "93.28690", "2005-03-31": "75.40800"}, "EBIT": {"2020-09-30": "132.09200", "2020-06-30": "38.81000", "2020-03-31": "157.08600", "2019-12-31": "126.93190", "2019-09-30": "117.62100", "2019-06-30": "107.45800", "2019-03-31": "75.24300", "2018-12-31": "119.26610", "2018-09-30": "82.10500", "2018-06-30": "33.49000", "2018-03-31": "86.84300", "2017-12-31": "90.90390", "2017-09-30": "110.35400", "2017-06-30": "110.20200", "2017-03-31": "60.81900", "2016-12-31": "67.02790", "2016-09-30": "86.48700", "2016-06-30": "98.44100", "2016-03-31": "67.49700", "2015-12-31": "96.74700", "2015-09-30": "76.55000", "2015-06-30": "76.98600", "2015-03-31": "65.60800", "2014-12-31": "69.15500", "2014-09-30": "81.93500", "2014-06-30": "74.75200", "2014-03-31": "59.02000", "2013-12-31": "54.06400", "2013-09-30": "66.04200", "2013-06-30": "63.75100", "2013-03-31": "49.40400", "2012-12-31": "58.44010", "2012-09-30": "49.84100", "2012-06-30": "64.39000", "2012-03-31": "-270.37800", "2011-12-31": "62.69990", "2011-09-30": "61.90500", "2011-06-30": "55.88200", "2011-03-31": "49.66500", "2010-12-31": "45.91410", "2010-09-30": "53.31000", "2010-06-30": "64.17000", "2010-03-31": "66.55500", "2009-12-31": "61.51190", "2009-09-30": "68.29900", "2009-06-30": "59.12400", "2009-03-31": "61.29300", "2008-12-31": "35.53590", "2008-09-30": "71.83600", "2008-06-30": "74.28000", "2008-03-31": "57.01000", "2007-12-31": "-30.20100", "2007-09-30": "53.41900", "2007-06-30": "58.69100", "2007-03-31": "62.70000", "2006-12-31": "53.66000", "2006-09-30": "64.41300", "2006-06-30": "61.14310", "2006-03-31": "53.64700", "2005-12-31": "60.76100", "2005-09-30": "55.62100", "2005-06-30": "67.36190", "2005-03-31": "50.10100"}, "Basic Shares Outstanding": {"2020-09-30": "46.53000", "2020-06-30": "46.44200", "2020-03-31": "46.38200", "2019-12-31": "46.20000", "2019-09-30": "46.24800", "2019-06-30": "46.17200", "2019-03-31": "46.05000", "2018-12-31": "45.68900", "2018-09-30": "45.85100", "2018-06-30": "45.58100", "2018-03-31": "45.32900", "2017-12-31": "45.00400", "2017-09-30": "45.03500", "2017-06-30": "44.99600", "2017-03-31": "44.89300", "2016-12-31": "43.32500", "2016-09-30": "44.04500", "2016-06-30": "43.54900", "2016-03-31": "41.64700", "2015-12-31": "41.55800", "2015-09-30": "41.59700", "2015-06-30": "41.56000", "2015-03-31": "41.46900", "2014-12-31": "41.36600", "2014-09-30": "41.39900", "2014-06-30": "41.38000", "2014-03-31": "41.26200", "2013-12-31": "41.10500", "2013-09-30": "41.13200", "2013-06-30": "41.11500", "2013-03-31": "41.01400", "2012-12-31": "40.85900", "2012-09-30": "40.89000", "2012-06-30": "40.83400", "2012-03-31": "40.76900", "2011-12-31": "40.50100", "2011-09-30": "40.68400", "2011-06-30": "40.53600", "2011-03-31": "40.05700", "2010-12-31": "39.90600", "2010-09-30": "39.93300", "2010-06-30": "39.91300", "2010-03-31": "39.79100", "2009-12-31": "39.71800", "2009-09-30": "39.72400", "2009-06-30": "39.71700", "2009-03-31": "39.69200", "2008-12-31": "39.58400", "2008-09-30": "39.64500", "2008-06-30": "39.56200", "2008-03-31": "39.45400", "2007-12-31": "39.25900", "2007-09-30": "39.36800", "2007-06-30": "39.22100", "2007-03-31": "39.03200", "2006-12-31": "38.98300", "2006-09-30": "39.46500", "2006-06-30": "40.24400", "2006-03-31": "40.34600", "2005-12-31": "40.40900", "2005-09-30": "40.56900", "2005-06-30": "40.63500", "2005-03-31": "40.45300"}, "Shares Outstanding": {"2020-09-30": "47.33300", "2020-06-30": "47.24200", "2020-03-31": "47.23100", "2019-12-31": "47.09000", "2019-09-30": "47.17600", "2019-06-30": "47.03600", "2019-03-31": "46.94200", "2018-12-31": "46.80100", "2018-09-30": "46.81500", "2018-06-30": "45.58100", "2018-03-31": "46.69500", "2017-12-31": "46.66400", "2017-09-30": "46.58700", "2017-06-30": "46.81800", "2017-03-31": "46.61500", "2016-12-31": "47.64600", "2016-09-30": "47.44600", "2016-06-30": "47.24600", "2016-03-31": "48.78200", "2015-12-31": "48.05800", "2015-09-30": "48.53200", "2015-06-30": "48.08100", "2015-03-31": "47.29500", "2014-12-31": "46.47000", "2014-09-30": "46.62800", "2014-06-30": "46.39200", "2014-03-31": "45.74900", "2013-12-31": "43.69300", "2013-09-30": "43.26400", "2013-06-30": "43.42900", "2013-03-31": "43.04700", "2012-12-31": "40.85900", "2012-09-30": "41.51100", "2012-06-30": "41.07600", "2012-03-31": "40.76900", "2011-12-31": "40.80100", "2011-09-30": "40.94300", "2011-06-30": "40.87200", "2011-03-31": "40.42400", "2010-12-31": "40.28000", "2010-09-30": "40.25400", "2010-06-30": "40.35600", "2010-03-31": "40.19900", "2009-12-31": "39.93600", "2009-09-30": "39.93200", "2009-06-30": "39.92100", "2009-03-31": "39.87600", "2008-12-31": "39.83200", "2008-09-30": "39.97000", "2008-06-30": "39.83100", "2008-03-31": "39.70900", "2007-12-31": "39.25900", "2007-09-30": "39.36800", "2007-06-30": "39.67800", "2007-03-31": "39.40300", "2006-12-31": "39.22700", "2006-09-30": "39.56600", "2006-06-30": "40.49500", "2006-03-31": "40.62600", "2005-12-31": "40.91700", "2005-09-30": "41.18500", "2005-06-30": "41.03100", "2005-03-31": "40.69900"}, "Basic EPS": {"2020-09-30": "2.51000", "2020-06-30": "0.25000", "2020-03-31": "2.83000", "2019-12-31": "2.34000", "2019-09-30": "4.95000", "2019-06-30": "1.81000", "2019-03-31": "0.89000", "2018-12-31": "1.97000", "2018-09-30": "1.23000", "2018-06-30": "-0.05000", "2018-03-31": "1.24000", "2017-12-31": "-0.94000", "2017-09-30": "1.71000", "2017-06-30": "1.73000", "2017-03-31": "0.89000", "2016-12-31": "1.39000", "2016-09-30": "1.51000", "2016-06-30": "1.36000", "2016-03-31": "1.22000", "2015-12-31": "2.44000", "2015-09-30": "1.46000", "2015-06-30": "1.07000", "2015-03-31": "0.92000", "2014-12-31": "1.23000", "2014-09-30": "1.32000", "2014-06-30": "1.14000", "2014-03-31": "0.85000", "2013-12-31": "0.85000", "2013-09-30": "1.13000", "2013-06-30": "1.03000", "2013-03-31": "0.66000", "2012-12-31": "0.74000", "2012-09-30": "0.53000", "2012-06-30": "1.04000", "2012-03-31": "-6.96000", "2011-12-31": "4.13000", "2011-09-30": "1.07000", "2011-06-30": "0.84000", "2011-03-31": "1.94000", "2010-12-31": "2.02000", "2010-09-30": "0.56000", "2010-06-30": "1.51000", "2010-03-31": "0.95000", "2009-12-31": "1.08000", "2009-09-30": "0.96000", "2009-06-30": "0.16000", "2009-03-31": "5.43000", "2008-12-31": "0.50000", "2008-09-30": "1.07000", "2008-06-30": "0.88000", "2008-03-31": "0.58000", "2007-12-31": "1.66000", "2007-09-30": "-1.45000", "2007-06-30": "2.39000", "2007-03-31": "1.13000", "2006-12-31": "0.97000", "2006-09-30": "0.91000", "2006-06-30": "0.91000", "2006-03-31": "0.72000", "2005-12-31": "0.93000", "2005-09-30": "0.83000", "2005-06-30": "0.71000", "2005-03-31": "0.96000"}, "EPS - Earnings Per Share": {"2020-09-30": "2.46000", "2020-06-30": "0.24000", "2020-03-31": "2.78000", "2019-12-31": "2.31000", "2019-09-30": "4.85000", "2019-06-30": "1.77000", "2019-03-31": "0.87000", "2018-12-31": "1.93000", "2018-09-30": "1.21000", "2018-06-30": "-0.05000", "2018-03-31": "1.20000", "2017-12-31": "-0.91000", "2017-09-30": "1.65000", "2017-06-30": "1.67000", "2017-03-31": "0.86000", "2016-12-31": "1.28000", "2016-09-30": "1.40000", "2016-06-30": "1.26000", "2016-03-31": "1.04000", "2015-12-31": "2.11000", "2015-09-30": "1.25000", "2015-06-30": "0.93000", "2015-03-31": "0.81000", "2014-12-31": "1.08000", "2014-09-30": "1.18000", "2014-06-30": "1.02000", "2014-03-31": "0.76000", "2013-12-31": "0.76000", "2013-09-30": "1.08000", "2013-06-30": "0.98000", "2013-03-31": "0.63000", "2012-12-31": "0.75000", "2012-09-30": "0.52000", "2012-06-30": "1.04000", "2012-03-31": "-6.96000", "2011-12-31": "4.10000", "2011-09-30": "1.07000", "2011-06-30": "0.83000", "2011-03-31": "1.92000", "2010-12-31": "2.01000", "2010-09-30": "0.55000", "2010-06-30": "1.49000", "2010-03-31": "0.94000", "2009-12-31": "1.07000", "2009-09-30": "0.96000", "2009-06-30": "0.16000", "2009-03-31": "5.40000", "2008-12-31": "0.49000", "2008-09-30": "1.06000", "2008-06-30": "0.88000", "2008-03-31": "0.58000", "2007-12-31": "1.69000", "2007-09-30": "-1.45000", "2007-06-30": "2.37000", "2007-03-31": "1.12000", "2006-12-31": "0.96000", "2006-09-30": "0.91000", "2006-06-30": "0.90000", "2006-03-31": "0.72000", "2005-12-31": "0.92000", "2005-09-30": "0.82000", "2005-06-30": "0.71000", "2005-03-31": "0.95000"}}, "balance sheet": {"Cash On Hand": {"2019-12-31": "301.08300", "2018-12-31": "357.16100", "2017-12-31": "333.55800", "2016-12-31": "543.78900", "2015-12-31": "338.36600", "2014-12-31": "303.23600", "2013-12-31": "431.98400", "2012-12-31": "337.03900", "2011-12-31": "584.08800", "2010-12-31": "208.45200", "2009-12-31": "188.30500", "2008-12-31": "107.27500", "2007-12-31": "201.34200", "2006-12-31": "248.40900", "2005-12-31": "239.53600"}, "Receivables": {"2019-12-31": "418.67300", "2018-12-31": "366.28600", "2017-12-31": "345.87500", "2016-12-31": "271.99300", "2015-12-31": "262.41600", "2014-12-31": "273.70400", "2013-12-31": "295.29000", "2012-12-31": "297.97600", "2011-12-31": "286.22600", "2010-12-31": "294.19600", "2009-12-31": "366.03800", "2008-12-31": "329.86600", "2007-12-31": "341.96300", "2006-12-31": "376.40400", "2005-12-31": "421.23600"}, "Inventory": {"2019-12-31": "476.55700", "2018-12-31": "427.77800", "2017-12-31": "395.74400", "2016-12-31": "316.17100", "2015-12-31": "330.27500", "2014-12-31": "335.59300", "2013-12-31": "333.62100", "2012-12-31": "323.34700", "2011-12-31": "298.77500", "2010-12-31": "338.59800", "2009-12-31": "360.84300", "2008-12-31": "424.65300", "2007-12-31": "419.18800", "2006-12-31": "415.87900", "2005-12-31": "404.27100"}, "Pre-Paid Expenses": {"2019-12-31": "110.01900", "2018-12-31": "84.94400", "2017-12-31": "53.63000", "2016-12-31": "48.56100", "2015-12-31": "65.81000", "2014-12-31": "75.95300", "2013-12-31": "76.31400", "2012-12-31": "55.87200", "2011-12-31": "62.25100", "2010-12-31": "32.71900", "2009-12-31": "21.87200", "2008-12-31": "21.37300", "2007-12-31": "31.05100", "2006-12-31": "27.68900", "2005-12-31": "20.57100"}, "Other Current Assets": {"2019-12-31": "", "2018-12-31": "", "2017-12-31": "", "2016-12-31": "2.87900", "2015-12-31": "6.97200", "2014-12-31": "7.42200", "2013-12-31": "10.42800", "2012-12-31": "7.96300", "2011-12-31": "7.90200", "2010-12-31": "7.95900", "2009-12-31": "8.86600", "2008-12-31": "8.21000", "2007-12-31": "4.24100", "2006-12-31": "10.18500", "2005-12-31": "16.89900"}, "Total Current Assets": {"2019-12-31": "1306.33200", "2018-12-31": "1236.16900", "2017-12-31": "1128.80700", "2016-12-31": "1183.39300", "2015-12-31": "1003.83900", "2014-12-31": "995.90800", "2013-12-31": "1200.55400", "2012-12-31": "1073.22200", "2011-12-31": "1280.25600", "2010-12-31": "921.23300", "2009-12-31": "1003.93400", "2008-12-31": "957.38600", "2007-12-31": "1009.81000", "2006-12-31": "1139.52900", "2005-12-31": "1160.42800"}, "Property, Plant, And Equipment": {"2019-12-31": "430.71900", "2018-12-31": "432.76600", "2017-12-31": "382.99900", "2016-12-31": "302.89900", "2015-12-31": "316.12300", "2014-12-31": "317.43500", "2013-12-31": "325.90000", "2012-12-31": "297.94500", "2011-12-31": "251.91200", "2010-12-31": "287.70500", "2009-12-31": "317.49900", "2008-12-31": "374.29200", "2007-12-31": "430.97600", "2006-12-31": "422.17800", "2005-12-31": "447.81600"}, "Long-Term Investments": {"2019-12-31": "", "2018-12-31": "", "2017-12-31": "", "2016-12-31": "", "2015-12-31": "", "2014-12-31": "1.15000", "2013-12-31": "1.71500", "2012-12-31": "2.06600", "2011-12-31": "2.00800", "2010-12-31": "4.89900", "2009-12-31": "12.08900", "2008-12-31": "28.10500", "2007-12-31": "26.59400", "2006-12-31": "23.07600", "2005-12-31": "24.66600"}, "Goodwill And Intangible Assets": {"2019-12-31": "4401.59000", "2018-12-31": "4571.63100", "2017-12-31": "4619.34000", "2016-12-31": "2368.38300", "2015-12-31": "2495.82700", "2014-12-31": "2540.27300", "2013-12-31": "2609.80000", "2012-12-31": "2297.24400", "2011-12-31": "2318.32900", "2010-12-31": "2360.93300", "2009-12-31": "2431.01700", "2008-12-31": "2564.97500", "2007-12-31": "2713.42800", "2006-12-31": "773.23500", "2005-12-31": "763.88400"}, "Other Long-Term Assets": {"2019-12-31": "52.44700", "2018-12-31": "34.97900", "2017-12-31": "46.53600", "2016-12-31": "34.82600", "2015-12-31": "53.64400", "2014-12-31": "64.01000", "2013-12-31": "70.09500", "2012-12-31": "61.86300", "2011-12-31": "71.32000", "2010-12-31": "68.02700", "2009-12-31": "74.13000", "2008-12-31": "", "2007-12-31": "", "2006-12-31": "", "2005-12-31": ""}, "Total Long-Term Assets": {"2019-12-31": "5003.48700", "2018-12-31": "5041.82200", "2017-12-31": "5052.68500", "2016-12-31": "2707.82000", "2015-12-31": "2867.93500", "2014-12-31": "2926.87900", "2013-12-31": "3008.45300", "2012-12-31": "2660.46500", "2011-12-31": "2643.84700", "2010-12-31": "2721.92200", "2009-12-31": "2835.07100", "2008-12-31": "2969.35800", "2007-12-31": "3178.18700", "2006-12-31": "1221.90800", "2005-12-31": "1242.62000"}, "Total Assets": {"2019-12-31": "6309.82000", "2018-12-31": "6277.99100", "2017-12-31": "6181.49200", "2016-12-31": "3891.21300", "2015-12-31": "3871.77400", "2014-12-31": "3922.78700", "2013-12-31": "4209.00700", "2012-12-31": "3733.68700", "2011-12-31": "3924.10300", "2010-12-31": "3643.15500", "2009-12-31": "3839.00500", "2008-12-31": "3926.74400", "2007-12-31": "4187.99700", "2006-12-31": "2361.43700", "2005-12-31": "2403.04800"}, "Total Current Liabilities": {"2019-12-31": "563.05500", "2018-12-31": "582.45600", "2017-12-31": "483.87600", "2016-12-31": "427.64600", "2015-12-31": "664.12000", "2014-12-31": "632.76900", "2013-12-31": "635.12000", "2012-12-31": "275.30000", "2011-12-31": "271.00700", "2010-12-31": "420.76300", "2009-12-31": "337.10700", "2008-12-31": "525.94000", "2007-12-31": "653.29000", "2006-12-31": "448.26500", "2005-12-31": "584.98500"}, "Long Term Debt": {"2019-12-31": "1858.94300", "2018-12-31": "2072.20000", "2017-12-31": "2162.92700", "2016-12-31": "852.07600", "2015-12-31": "641.85000", "2014-12-31": "700.00000", "2013-12-31": "930.00000", "2012-12-31": "965.28000", "2011-12-31": "954.80900", "2010-12-31": "813.40900", "2009-12-31": "1192.49100", "2008-12-31": "1437.53800", "2007-12-31": "1540.90200", "2006-12-31": "487.37000", "2005-12-31": "505.27200"}, "Other Non-Current Liabilities": {"2019-12-31": "284.85300", "2018-12-31": "382.22200", "2017-12-31": "379.07200", "2016-12-31": "69.53500", "2015-12-31": "89.28700", "2014-12-31": "109.87500", "2013-12-31": "103.65800", "2012-12-31": "121.75000", "2011-12-31": "99.68700", "2010-12-31": "109.11700", "2009-12-31": "160.68400", "2008-12-31": "182.86400", "2007-12-31": "164.40200", "2006-12-31": "71.86100", "2005-12-31": "37.43300"}, "Total Long Term Liabilities": {"2019-12-31": "2767.44500", "2018-12-31": "3155.55700", "2017-12-31": "3267.08500", "2016-12-31": "1326.05000", "2015-12-31": "1196.56100", "2014-12-31": "1376.31900", "2013-12-31": "1657.87100", "2012-12-31": "1676.85000", "2011-12-31": "1670.31300", "2010-12-31": "1435.11400", "2009-12-31": "1916.82400", "2008-12-31": "2114.92100", "2007-12-31": "2205.86400", "2006-12-31": "723.75100", "2005-12-31": "675.98900"}, "Total Liabilities": {"2019-12-31": "3330.50000", "2018-12-31": "3738.01300", "2017-12-31": "3750.96100", "2016-12-31": "1753.69600", "2015-12-31": "1860.68100", "2014-12-31": "2009.08800", "2013-12-31": "2292.99100", "2012-12-31": "1952.15000", "2011-12-31": "1941.32000", "2010-12-31": "1855.87700", "2009-12-31": "2253.93100", "2008-12-31": "2640.86100", "2007-12-31": "2859.15400", "2006-12-31": "1172.01600", "2005-12-31": "1260.97400"}, "Common Stock Net": {"2019-12-31": "47.53600", "2018-12-31": "47.24800", "2017-12-31": "46.87100", "2016-12-31": "45.81400", "2015-12-31": "43.51700", "2014-12-31": "43.42000", "2013-12-31": "43.24300", "2012-12-31": "43.10200", "2011-12-31": "42.92300", "2010-12-31": "42.24500", "2009-12-31": "42.03300", "2008-12-31": "41.99500", "2007-12-31": "41.79400", "2006-12-31": "41.36400", "2005-12-31": "41.12300"}, "Retained Earnings (Accumulated Deficit)": {"2019-12-31": "2824.91600", "2018-12-31": "2427.59900", "2017-12-31": "2285.88600", "2016-12-31": "2194.59300", "2015-12-31": "2016.17600", "2014-12-31": "1827.84500", "2013-12-31": "1696.42400", "2012-12-31": "1601.46000", "2011-12-31": "1847.10600", "2010-12-31": "1578.91300", "2009-12-31": "1431.87800", "2008-12-31": "1182.90600", "2007-12-31": "1118.05300", "2006-12-31": "1034.66900", "2005-12-31": "939.33500"}, "Comprehensive Income": {"2019-12-31": "-344.39200", "2018-12-31": "-341.08500", "2017-12-31": "-265.09100", "2016-12-31": "-438.71700", "2015-12-31": "-371.12400", "2014-12-31": "-260.89500", "2013-12-31": "-110.85500", "2012-12-31": "-132.04800", "2011-12-31": "-159.35300", "2010-12-31": "-51.88000", "2009-12-31": "-34.12000", "2008-12-31": "-108.20200", "2007-12-31": "56.91900", "2006-12-31": "30.03500", "2005-12-31": "6.61400"}, "Other Share Holders Equity": {"2019-12-31": "", "2018-12-31": "", "2017-12-31": "", "2016-12-31": "", "2015-12-31": "", "2014-12-31": "", "2013-12-31": "", "2012-12-31": "", "2011-12-31": "", "2010-12-31": "", "2009-12-31": "", "2008-12-31": "", "2007-12-31": "", "2006-12-31": "", "2005-12-31": ""}, "Share Holder Equity": {"2019-12-31": "2979.32000", "2018-12-31": "2539.97800", "2017-12-31": "2430.53100", "2016-12-31": "2137.51700", "2015-12-31": "2011.09300", "2014-12-31": "1913.69900", "2013-12-31": "1916.01600", "2012-12-31": "1781.53700", "2011-12-31": "1982.78300", "2010-12-31": "1787.27800", "2009-12-31": "1585.07400", "2008-12-31": "1285.88300", "2007-12-31": "1328.84300", "2006-12-31": "1189.42100", "2005-12-31": "1142.07400"}, "Total Liabilities And Share Holders Equity": {"2019-12-31": "6309.82000", "2018-12-31": "6277.99100", "2017-12-31": "6181.49200", "2016-12-31": "3891.21300", "2015-12-31": "3871.77400", "2014-12-31": "3922.78700", "2013-12-31": "4209.00700", "2012-12-31": "3733.68700", "2011-12-31": "3924.10300", "2010-12-31": "3643.15500", "2009-12-31": "3839.00500", "2008-12-31": "3926.74400", "2007-12-31": "4187.99700", "2006-12-31": "2361.43700", "2005-12-31": "2403.04800"}}, "balance sheet, quarterly": {"Cash On Hand": {"2020-09-30": "347.48000", "2020-06-30": "553.53500", "2020-03-31": "406.47700", "2019-12-31": "301.08300", "2019-09-30": "257.54400", "2019-06-30": "303.89600", "2019-03-31": "271.21200", "2018-12-31": "357.16100", "2018-09-30": "356.27600", "2018-06-30": "346.30400", "2018-03-31": "378.87200", "2017-12-31": "333.55800", "2017-09-30": "1017.57300", "2017-06-30": "676.21400", "2017-03-31": "689.12900", "2016-12-31": "543.78900", "2016-09-30": "499.45900", "2016-06-30": "476.49000", "2016-03-31": "392.55800", "2015-12-31": "338.36600", "2015-09-30": "276.46300", "2015-06-30": "325.01000", "2015-03-31": "308.75900", "2014-12-31": "303.23600", "2014-09-30": "286.38200", "2014-06-30": "237.38200", "2014-03-31": "421.64900", "2013-12-31": "431.98400", "2013-09-30": "326.43700", "2013-06-30": "281.41800", "2013-03-31": "306.55400", "2012-12-31": "337.03900", "2012-09-30": "634.82900", "2012-06-30": "544.99100", "2012-03-31": "590.92100", "2011-12-31": "584.08800", "2011-09-30": "371.69900", "2011-06-30": "365.80900", "2011-03-31": "202.29800", "2010-12-31": "208.45200", "2010-09-30": "247.75700", "2010-06-30": "287.12900", "2010-03-31": "210.71900", "2009-12-31": "188.30500", "2009-09-30": "158.78900", "2009-06-30": "114.27000", "2009-03-31": "143.05100", "2008-12-31": "107.27500", "2008-09-30": "91.39700", "2008-06-30": "103.24200", "2008-03-31": "154.10700", "2007-12-31": "201.34200", "2007-09-30": "497.72400", "2007-06-30": "444.66800", "2007-03-31": "254.67700", "2006-12-31": "248.40900", "2006-09-30": "202.42500", "2006-06-30": "240.93600", "2006-03-31": "188.85500", "2005-12-31": "239.53600", "2005-09-30": "246.07800", "2005-06-30": "212.45600", "2005-03-31": "165.40600"}, "Receivables": {"2020-09-30": "390.47600", "2020-06-30": "374.88600", "2020-03-31": "441.71400", "2019-12-31": "418.67300", "2019-09-30": "396.66300", "2019-06-30": "382.14200", "2019-03-31": "375.75600", "2018-12-31": "366.28600", "2018-09-30": "374.34100", "2018-06-30": "359.11900", "2018-03-31": "359.14000", "2017-12-31": "345.87500", "2017-09-30": "306.47200", "2017-06-30": "303.70200", "2017-03-31": "282.87200", "2016-12-31": "271.99300", "2016-09-30": "261.83300", "2016-06-30": "273.53000", "2016-03-31": "274.66000", "2015-12-31": "262.41600", "2015-09-30": "272.99600", "2015-06-30": "286.37100", "2015-03-31": "284.82700", "2014-12-31": "273.70400", "2014-09-30": "287.17900", "2014-06-30": "301.72000", "2014-03-31": "295.51400", "2013-12-31": "295.29000", "2013-09-30": "313.70600", "2013-06-30": "311.88100", "2013-03-31": "307.02000", "2012-12-31": "297.97600", "2012-09-30": "266.94700", "2012-06-30": "275.16600", "2012-03-31": "310.92600", "2011-12-31": "286.22600", "2011-09-30": "277.34000", "2011-06-30": "308.26000", "2011-03-31": "300.18000", "2010-12-31": "294.19600", "2010-09-30": "343.82600", "2010-06-30": "325.80400", "2010-03-31": "332.08800", "2009-12-31": "366.03800", "2009-09-30": "304.55200", "2009-06-30": "312.94100", "2009-03-31": "299.97500", "2008-12-31": "329.86600", "2008-09-30": "407.45700", "2008-06-30": "408.50700", "2008-03-31": "383.26900", "2007-12-31": "341.96300", "2007-09-30": "396.48100", "2007-06-30": "403.16500", "2007-03-31": "404.42400", "2006-12-31": "376.40400", "2006-09-30": "408.91400", "2006-06-30": "431.02300", "2006-03-31": "442.28300", "2005-12-31": "421.23600", "2005-09-30": "402.18400", "2005-06-30": "434.58000", "2005-03-31": "488.19400"}, "Inventory": {"2020-09-30": "526.12500", "2020-06-30": "514.75500", "2020-03-31": "488.85600", "2019-12-31": "476.55700", "2019-09-30": "472.59400", "2019-06-30": "461.32000", "2019-03-31": "445.56600", "2018-12-31": "427.77800", "2018-09-30": "411.06600", "2018-06-30": "405.42800", "2018-03-31": "403.67600", "2017-12-31": "395.74400", "2017-09-30": "382.41700", "2017-06-30": "368.52600", "2017-03-31": "355.28900", "2016-12-31": "316.17100", "2016-09-30": "341.83000", "2016-06-30": "338.46500", "2016-03-31": "338.90600", "2015-12-31": "330.27500", "2015-09-30": "345.89900", "2015-06-30": "347.09500", "2015-03-31": "338.73600", "2014-12-31": "335.59300", "2014-09-30": "353.22700", "2014-06-30": "356.46700", "2014-03-31": "349.74500", "2013-12-31": "333.62100", "2013-09-30": "346.11600", "2013-06-30": "348.60800", "2013-03-31": "332.82000", "2012-12-31": "323.34700", "2012-09-30": "295.61100", "2012-06-30": "284.55500", "2012-03-31": "298.97100", "2011-12-31": "298.77500", "2011-09-30": "311.41700", "2011-06-30": "293.82200", "2011-03-31": "319.90500", "2010-12-31": "338.59800", "2010-09-30": "359.96700", "2010-06-30": "337.36300", "2010-03-31": "353.77500", "2009-12-31": "360.84300", "2009-09-30": "395.23400", "2009-06-30": "411.23100", "2009-03-31": "406.82900", "2008-12-31": "424.65300", "2008-09-30": "430.18000", "2008-06-30": "420.36500", "2008-03-31": "411.52400", "2007-12-31": "419.18800", "2007-09-30": "420.80700", "2007-06-30": "416.86700", "2007-03-31": "402.13000", "2006-12-31": "415.87900", "2006-09-30": "422.29000", "2006-06-30": "418.12300", "2006-03-31": "416.89500", "2005-12-31": "404.27100", "2005-09-30": "422.59900", "2005-06-30": "412.13100", "2005-03-31": "422.90800"}, "Pre-Paid Expenses": {"2020-09-30": "156.48000", "2020-06-30": "101.44100", "2020-03-31": "109.73900", "2019-12-31": "110.01900", "2019-09-30": "110.80900", "2019-06-30": "97.78300", "2019-03-31": "90.08000", "2018-12-31": "84.94400", "2018-09-30": "95.88800", "2018-06-30": "71.18900", "2018-03-31": "60.23200", "2017-12-31": "53.63000", "2017-09-30": "60.28900", "2017-06-30": "59.17600", "2017-03-31": "67.83700", "2016-12-31": "48.56100", "2016-09-30": "56.61300", "2016-06-30": "66.21000", "2016-03-31": "71.83100", "2015-12-31": "65.81000", "2015-09-30": "77.76400", "2015-06-30": "80.66700", "2015-03-31": "74.92800", "2014-12-31": "75.95300", "2014-09-30": "94.60200", "2014-06-30": "86.02700", "2014-03-31": "90.01300", "2013-12-31": "76.31400", "2013-09-30": "69.63200", "2013-06-30": "60.89300", "2013-03-31": "57.65100", "2012-12-31": "55.87200", "2012-09-30": "58.10600", "2012-06-30": "54.50300", "2012-03-31": "74.61600", "2011-12-31": "62.25100", "2011-09-30": "74.59600", "2011-06-30": "30.58000", "2011-03-31": "29.01900", "2010-12-31": "32.71900", "2010-09-30": "21.17000", "2010-06-30": "21.27700", "2010-03-31": "25.85800", "2009-12-31": "21.87200", "2009-09-30": "20.09900", "2009-06-30": "20.99800", "2009-03-31": "19.65800", "2008-12-31": "21.37300", "2008-09-30": "21.26700", "2008-06-30": "28.87500", "2008-03-31": "30.62600", "2007-12-31": "31.05100", "2007-09-30": "23.21000", "2007-06-30": "23.41000", "2007-03-31": "27.46100", "2006-12-31": "27.68900", "2006-09-30": "31.60800", "2006-06-30": "23.38000", "2006-03-31": "23.24300", "2005-12-31": "20.57100", "2005-09-30": "33.15900", "2005-06-30": "34.94100", "2005-03-31": "39.28300"}, "Other Current Assets": {"2020-09-30": "", "2020-06-30": "", "2020-03-31": "", "2019-12-31": "", "2019-09-30": "", "2019-06-30": "", "2019-03-31": "", "2018-12-31": "", "2018-09-30": "3.23900", "2018-06-30": "3.23900", "2018-03-31": "3.23900", "2017-12-31": "", "2017-09-30": "", "2017-06-30": "", "2017-03-31": "", "2016-12-31": "2.87900", "2016-09-30": "4.13700", "2016-06-30": "7.02600", "2016-03-31": "7.05400", "2015-12-31": "6.97200", "2015-09-30": "7.04400", "2015-06-30": "7.07200", "2015-03-31": "6.95900", "2014-12-31": "7.42200", "2014-09-30": "7.67200", "2014-06-30": "9.16100", "2014-03-31": "11.71400", "2013-12-31": "10.42800", "2013-09-30": "10.43500", "2013-06-30": "7.93500", "2013-03-31": "7.83600", "2012-12-31": "7.96300", "2012-09-30": "7.86100", "2012-06-30": "53.89000", "2012-03-31": "8.02600", "2011-12-31": "7.90200", "2011-09-30": "118.29300", "2011-06-30": "115.46000", "2011-03-31": "40.16500", "2010-12-31": "7.95900", "2010-09-30": "11.25900", "2010-06-30": "8.03700", "2010-03-31": "8.52100", "2009-12-31": "8.86600", "2009-09-30": "9.01000", "2009-06-30": "8.68900", "2009-03-31": "7.77300", "2008-12-31": "8.21000", "2008-09-30": "3.31200", "2008-06-30": "3.20400", "2008-03-31": "4.29400", "2007-12-31": "4.24100", "2007-09-30": "2.76000", "2007-06-30": "2.76600", "2007-03-31": "82.41300", "2006-12-31": "10.18500", "2006-09-30": "14.85900", "2006-06-30": "17.15500", "2006-03-31": "14.85300", "2005-12-31": "16.89900", "2005-09-30": "4.17100", "2005-06-30": "60.33700", "2005-03-31": ""}, "Total Current Assets": {"2020-09-30": "1420.56100", "2020-06-30": "1544.61700", "2020-03-31": "1446.78600", "2019-12-31": "1306.33200", "2019-09-30": "1237.61000", "2019-06-30": "1245.14100", "2019-03-31": "1182.61400", "2018-12-31": "1236.16900", "2018-09-30": "1240.81000", "2018-06-30": "1185.27900", "2018-03-31": "1205.15900", "2017-12-31": "1128.80700", "2017-09-30": "1766.75100", "2017-06-30": "1407.61800", "2017-03-31": "1395.12700", "2016-12-31": "1183.39300", "2016-09-30": "1163.87200", "2016-06-30": "1161.72100", "2016-03-31": "1085.00900", "2015-12-31": "1003.83900", "2015-09-30": "1036.14700", "2015-06-30": "1102.50900", "2015-03-31": "1070.77100", "2014-12-31": "995.90800", "2014-09-30": "1077.20300", "2014-06-30": "1041.25400", "2014-03-31": "1220.61800", "2013-12-31": "1200.55400", "2013-09-30": "1110.44800", "2013-06-30": "1056.70600", "2013-03-31": "1057.50100", "2012-12-31": "1073.22200", "2012-09-30": "1293.05400", "2012-06-30": "1249.63100", "2012-03-31": "1322.77200", "2011-12-31": "1280.25600", "2011-09-30": "1186.43000", "2011-06-30": "1148.92800", "2011-03-31": "925.91800", "2010-12-31": "921.23300", "2010-09-30": "1042.71200", "2010-06-30": "1035.38400", "2010-03-31": "989.26700", "2009-12-31": "1003.93400", "2009-09-30": "946.29300", "2009-06-30": "928.23900", "2009-03-31": "941.69300", "2008-12-31": "957.38600", "2008-09-30": "1006.23400", "2008-06-30": "1014.91800", "2008-03-31": "1024.17600", "2007-12-31": "1009.81000", "2007-09-30": "1407.82400", "2007-06-30": "1349.59400", "2007-03-31": "1231.84000", "2006-12-31": "1139.52900", "2006-09-30": "1146.35000", "2006-06-30": "1194.86800", "2006-03-31": "1136.84000", "2005-12-31": "1160.42800", "2005-09-30": "1147.57000", "2005-06-30": "1154.44500", "2005-03-31": "1163.92200"}, "Property, Plant, And Equipment": {"2020-09-30": "445.24200", "2020-06-30": "432.40100", "2020-03-31": "427.45200", "2019-12-31": "430.71900", "2019-09-30": "429.56800", "2019-06-30": "425.47500", "2019-03-31": "409.96300", "2018-12-31": "432.76600", "2018-09-30": "421.26500", "2018-06-30": "410.97900", "2018-03-31": "389.51900", "2017-12-31": "382.99900", "2017-09-30": "374.46100", "2017-06-30": "369.30100", "2017-03-31": "355.23400", "2016-12-31": "302.89900", "2016-09-30": "322.01900", "2016-06-30": "314.66500", "2016-03-31": "318.18300", "2015-12-31": "316.12300", "2015-09-30": "313.24400", "2015-06-30": "315.53600", "2015-03-31": "310.10600", "2014-12-31": "317.43500", "2014-09-30": "347.23300", "2014-06-30": "343.40800", "2014-03-31": "328.67900", "2013-12-31": "325.90000", "2013-09-30": "320.54200", "2013-06-30": "311.46400", "2013-03-31": "300.83000", "2012-12-31": "297.94500", "2012-09-30": "267.39200", "2012-06-30": "253.68400", "2012-03-31": "263.41500", "2011-12-31": "251.91200", "2011-09-30": "250.58200", "2011-06-30": "255.25300", "2011-03-31": "274.32800", "2010-12-31": "287.70500", "2010-09-30": "292.29400", "2010-06-30": "290.76100", "2010-03-31": "305.52500", "2009-12-31": "317.49900", "2009-09-30": "327.01400", "2009-06-30": "329.46600", "2009-03-31": "332.40700", "2008-12-31": "374.29200", "2008-09-30": "413.43400", "2008-06-30": "428.96400", "2008-03-31": "430.58400", "2007-12-31": "430.97600", "2007-09-30": "388.57700", "2007-06-30": "388.14300", "2007-03-31": "391.69000", "2006-12-31": "422.17800", "2006-09-30": "424.08400", "2006-06-30": "433.99300", "2006-03-31": "436.59700", "2005-12-31": "447.81600", "2005-09-30": "479.16400", "2005-06-30": "476.14300", "2005-03-31": "527.10700"}, "Long-Term Investments": {"2020-09-30": "", "2020-06-30": "", "2020-03-31": "", "2019-12-31": "", "2019-09-30": "", "2019-06-30": "", "2019-03-31": "", "2018-12-31": "", "2018-09-30": "", "2018-06-30": "", "2018-03-31": "", "2017-12-31": "", "2017-09-30": "", "2017-06-30": "", "2017-03-31": "", "2016-12-31": "", "2016-09-30": "0.02700", "2016-06-30": "0.24400", "2016-03-31": "0.19600", "2015-12-31": "", "2015-09-30": "0.32400", "2015-06-30": "0.40100", "2015-03-31": "0.73400", "2014-12-31": "1.15000", "2014-09-30": "1.07900", "2014-06-30": "1.46500", "2014-03-31": "1.51300", "2013-12-31": "1.71500", "2013-09-30": "1.70300", "2013-06-30": "1.89000", "2013-03-31": "1.94700", "2012-12-31": "2.06600", "2012-09-30": "1.77100", "2012-06-30": "1.66900", "2012-03-31": "1.84700", "2011-12-31": "2.00800", "2011-09-30": "2.16100", "2011-06-30": "2.28400", "2011-03-31": "4.72300", "2010-12-31": "4.89900", "2010-09-30": "13.28800", "2010-06-30": "14.00700", "2010-03-31": "13.90100", "2009-12-31": "12.08900", "2009-09-30": "12.21400", "2009-06-30": "15.95100", "2009-03-31": "15.88600", "2008-12-31": "28.10500", "2008-09-30": "26.98900", "2008-06-30": "28.45100", "2008-03-31": "27.92600", "2007-12-31": "26.59400", "2007-09-30": "28.07200", "2007-06-30": "28.46900", "2007-03-31": "23.34300", "2006-12-31": "23.07600", "2006-09-30": "24.09500", "2006-06-30": "24.26200", "2006-03-31": "28.00800", "2005-12-31": "24.66600", "2005-09-30": "24.19300", "2005-06-30": "23.51600", "2005-03-31": "23.75600"}, "Goodwill And Intangible Assets": {"2020-09-30": "4592.76700", "2020-06-30": "4604.42400", "2020-03-31": "4629.59200", "2019-12-31": "4401.59000", "2019-09-30": "4407.00300", "2019-06-30": "4492.48600", "2019-03-31": "4522.25600", "2018-12-31": "4571.63100", "2018-09-30": "4486.24700", "2018-06-30": "4527.09200", "2018-03-31": "4655.00200", "2017-12-31": "4619.34000", "2017-09-30": "3493.10000", "2017-06-30": "3466.98000", "2017-03-31": "3435.95200", "2016-12-31": "2368.38300", "2016-09-30": "2469.72200", "2016-06-30": "2476.44600", "2016-03-31": "2492.30900", "2015-12-31": "2495.82700", "2015-09-30": "2495.53900", "2015-06-30": "2503.39100", "2015-03-31": "2477.05500", "2014-12-31": "2540.27300", "2014-09-30": "2560.29700", "2014-06-30": "2607.26100", "2014-03-31": "2622.59100", "2013-12-31": "2609.80000", "2013-09-30": "2289.54700", "2013-06-30": "2293.43700", "2013-03-31": "2271.46500", "2012-12-31": "2297.24400", "2012-09-30": "2044.85600", "2012-06-30": "2033.72000", "2012-03-31": "1991.40700", "2011-12-31": "2318.32900", "2011-09-30": "2354.55600", "2011-06-30": "2392.98800", "2011-03-31": "2396.62600", "2010-12-31": "2360.93300", "2010-09-30": "2367.90300", "2010-06-30": "2335.18900", "2010-03-31": "2465.56600", "2009-12-31": "2431.01700", "2009-09-30": "2522.15800", "2009-06-30": "2504.84200", "2009-03-31": "2509.42400", "2008-12-31": "2564.97500", "2008-09-30": "2648.41600", "2008-06-30": "2692.42300", "2008-03-31": "2719.41800", "2007-12-31": "2713.42800", "2007-09-30": "819.72200", "2007-06-30": "817.86900", "2007-03-31": "779.25700", "2006-12-31": "773.23500", "2006-09-30": "743.05700", "2006-06-30": "746.25700", "2006-03-31": "755.27700", "2005-12-31": "763.88400", "2005-09-30": "748.21900", "2005-06-30": "750.90100", "2005-03-31": "752.35800"}, "Other Long-Term Assets": {"2020-09-30": "46.87900", "2020-06-30": "76.11700", "2020-03-31": "84.92500", "2019-12-31": "52.44700", "2019-09-30": "64.85600", "2019-06-30": "40.70900", "2019-03-31": "38.45800", "2018-12-31": "34.97900", "2018-09-30": "50.09300", "2018-06-30": "49.58500", "2018-03-31": "46.95100", "2017-12-31": "46.53600", "2017-09-30": "44.40100", "2017-06-30": "44.16200", "2017-03-31": "44.16000", "2016-12-31": "34.82600", "2016-09-30": "43.23700", "2016-06-30": "45.14600", "2016-03-31": "45.41100", "2015-12-31": "53.64400", "2015-09-30": "61.50700", "2015-06-30": "61.19100", "2015-03-31": "63.81000", "2014-12-31": "64.01000", "2014-09-30": "70.27400", "2014-06-30": "69.50100", "2014-03-31": "67.78900", "2013-12-31": "70.09500", "2013-09-30": "65.19100", "2013-06-30": "60.55400", "2013-03-31": "61.78000", "2012-12-31": "61.86300", "2012-09-30": "63.42300", "2012-06-30": "67.84300", "2012-03-31": "70.15300", "2011-12-31": "71.32000", "2011-09-30": "74.64200", "2011-06-30": "78.40300", "2011-03-31": "76.83800", "2010-12-31": "68.02700", "2010-09-30": "81.65800", "2010-06-30": "68.40300", "2010-03-31": "", "2009-12-31": "74.13000", "2009-09-30": "", "2009-06-30": "", "2009-03-31": "", "2008-12-31": "", "2008-09-30": "", "2008-06-30": "", "2008-03-31": "", "2007-12-31": "", "2007-09-30": "", "2007-06-30": "", "2007-03-31": "", "2006-12-31": "", "2006-09-30": "", "2006-06-30": "", "2006-03-31": "", "2005-12-31": "", "2005-09-30": "", "2005-06-30": "", "2005-03-31": ""}, "Total Long-Term Assets": {"2020-09-30": "5192.72700", "2020-06-30": "5220.51300", "2020-03-31": "5254.77800", "2019-12-31": "5003.48700", "2019-09-30": "5019.57200", "2019-06-30": "5069.27000", "2019-03-31": "5085.45500", "2018-12-31": "5041.82200", "2018-09-30": "4959.91000", "2018-06-30": "4990.04200", "2018-03-31": "5095.44100", "2017-12-31": "5052.68500", "2017-09-30": "3913.98200", "2017-06-30": "3882.40600", "2017-03-31": "3837.30900", "2016-12-31": "2707.82000", "2016-09-30": "2837.79700", "2016-06-30": "2838.48600", "2016-03-31": "2858.45700", "2015-12-31": "2867.93500", "2015-09-30": "2871.55400", "2015-06-30": "2881.65300", "2015-03-31": "2852.82400", "2014-12-31": "2926.87900", "2014-09-30": "2980.58900", "2014-06-30": "3022.57900", "2014-03-31": "3021.51600", "2013-12-31": "3008.45300", "2013-09-30": "2677.91500", "2013-06-30": "2667.43100", "2013-03-31": "2636.22600", "2012-12-31": "2660.46500", "2012-09-30": "2377.73500", "2012-06-30": "2357.19100", "2012-03-31": "2327.11400", "2011-12-31": "2643.84700", "2011-09-30": "2682.28100", "2011-06-30": "2729.30400", "2011-03-31": "2752.88500", "2010-12-31": "2721.92200", "2010-09-30": "2755.14300", "2010-06-30": "2708.36000", "2010-03-31": "2784.99200", "2009-12-31": "2835.07100", "2009-09-30": "2861.38600", "2009-06-30": "2850.52400", "2009-03-31": "2864.58100", "2008-12-31": "2969.35800", "2008-09-30": "3091.00700", "2008-06-30": "3156.20200", "2008-03-31": "3184.67100", "2007-12-31": "3178.18700", "2007-09-30": "1240.97900", "2007-06-30": "1239.85100", "2007-03-31": "1199.60700", "2006-12-31": "1221.90800", "2006-09-30": "1196.54000", "2006-06-30": "1210.21000", "2006-03-31": "1239.61300", "2005-12-31": "1242.62000", "2005-09-30": "1378.57900", "2005-06-30": "1356.45000", "2005-03-31": "1406.08400"}, "Total Assets": {"2020-09-30": "6613.28800", "2020-06-30": "6765.13000", "2020-03-31": "6701.56400", "2019-12-31": "6309.82000", "2019-09-30": "6257.18200", "2019-06-30": "6314.41000", "2019-03-31": "6268.06900", "2018-12-31": "6277.99100", "2018-09-30": "6200.72000", "2018-06-30": "6175.32100", "2018-03-31": "6300.60000", "2017-12-31": "6181.49200", "2017-09-30": "5680.73300", "2017-06-30": "5290.02400", "2017-03-31": "5232.43600", "2016-12-31": "3891.21300", "2016-09-30": "4001.66900", "2016-06-30": "4000.20700", "2016-03-31": "3943.46600", "2015-12-31": "3871.77400", "2015-09-30": "3907.70100", "2015-06-30": "3984.16200", "2015-03-31": "3923.59500", "2014-12-31": "3922.78700", "2014-09-30": "4057.79200", "2014-06-30": "4063.83300", "2014-03-31": "4242.13400", "2013-12-31": "4209.00700", "2013-09-30": "3788.36300", "2013-06-30": "3724.13700", "2013-03-31": "3693.72700", "2012-12-31": "3733.68700", "2012-09-30": "3670.78900", "2012-06-30": "3606.82200", "2012-03-31": "3649.88600", "2011-12-31": "3924.10300", "2011-09-30": "3868.71100", "2011-06-30": "3878.23200", "2011-03-31": "3678.80300", "2010-12-31": "3643.15500", "2010-09-30": "3797.85500", "2010-06-30": "3743.74400", "2010-03-31": "3774.25900", "2009-12-31": "3839.00500", "2009-09-30": "3807.67900", "2009-06-30": "3778.76300", "2009-03-31": "3806.27400", "2008-12-31": "3926.74400", "2008-09-30": "4097.24100", "2008-06-30": "4171.12000", "2008-03-31": "4208.84700", "2007-12-31": "4187.99700", "2007-09-30": "2648.80300", "2007-06-30": "2589.44500", "2007-03-31": "2431.44700", "2006-12-31": "2361.43700", "2006-09-30": "2342.89000", "2006-06-30": "2405.07800", "2006-03-31": "2376.45300", "2005-12-31": "2403.04800", "2005-09-30": "2526.14900", "2005-06-30": "2510.89500", "2005-03-31": "2570.00600"}, "Total Current Liabilities": {"2020-09-30": "475.24700", "2020-06-30": "456.61500", "2020-03-31": "402.30000", "2019-12-31": "563.05500", "2019-09-30": "530.36300", "2019-06-30": "493.89200", "2019-03-31": "520.91600", "2018-12-31": "582.45600", "2018-09-30": "549.29300", "2018-06-30": "536.44500", "2018-03-31": "551.77400", "2017-12-31": "483.87600", "2017-09-30": "374.64500", "2017-06-30": "376.05100", "2017-03-31": "392.35800", "2016-12-31": "427.64600", "2016-09-30": "452.40200", "2016-06-30": "423.80400", "2016-03-31": "674.67500", "2015-12-31": "664.12000", "2015-09-30": "657.47100", "2015-06-30": "661.88600", "2015-03-31": "664.42500", "2014-12-31": "632.76900", "2014-09-30": "676.31600", "2014-06-30": "652.49000", "2014-03-31": "631.80700", "2013-12-31": "635.12000", "2013-09-30": "267.82500", "2013-06-30": "263.23500", "2013-03-31": "261.46800", "2012-12-31": "275.30000", "2012-09-30": "248.67700", "2012-06-30": "242.67400", "2012-03-31": "275.34600", "2011-12-31": "271.00700", "2011-09-30": "383.97200", "2011-06-30": "364.27900", "2011-03-31": "341.90600", "2010-12-31": "420.76300", "2010-09-30": "465.12700", "2010-06-30": "321.30900", "2010-03-31": "323.36500", "2009-12-31": "337.10700", "2009-09-30": "325.83900", "2009-06-30": "341.00600", "2009-03-31": "430.64400", "2008-12-31": "525.94000", "2008-09-30": "526.82900", "2008-06-30": "616.63300", "2008-03-31": "655.34900", "2007-12-31": "653.29000", "2007-09-30": "544.49100", "2007-06-30": "497.23900", "2007-03-31": "455.24500", "2006-12-31": "448.26500", "2006-09-30": "498.83100", "2006-06-30": "516.37100", "2006-03-31": "549.26000", "2005-12-31": "584.98500", "2005-09-30": "436.65400", "2005-06-30": "465.39700", "2005-03-31": "485.79100"}, "Long Term Debt": {"2020-09-30": "2035.82300", "2020-06-30": "2328.79100", "2020-03-31": "2340.89200", "2019-12-31": "1858.94300", "2019-09-30": "1949.06800", "2019-06-30": "2081.37200", "2019-03-31": "2072.93900", "2018-12-31": "2072.20000", "2018-09-30": "2075.83400", "2018-06-30": "2145.46800", "2018-03-31": "2154.21700", "2017-12-31": "2162.92700", "2017-09-30": "2172.80500", "2017-06-30": "1887.71600", "2017-03-31": "1957.79700", "2016-12-31": "852.07600", "2016-09-30": "849.96700", "2016-06-30": "907.93000", "2016-03-31": "654.85000", "2015-12-31": "641.85000", "2015-09-30": "646.00000", "2015-06-30": "696.00000", "2015-03-31": "700.00000", "2014-12-31": "700.00000", "2014-09-30": "700.00000", "2014-06-30": "700.00000", "2014-03-31": "930.00000", "2013-12-31": "930.00000", "2013-09-30": "980.68800", "2013-06-30": "970.82500", "2013-03-31": "968.03500", "2012-12-31": "965.28000", "2012-09-30": "962.59600", "2012-06-30": "959.94500", "2012-03-31": "957.36000", "2011-12-31": "954.80900", "2011-09-30": "952.32200", "2011-06-30": "949.86600", "2011-03-31": "822.47300", "2010-12-31": "813.40900", "2010-09-30": "904.40600", "2010-06-30": "1128.20000", "2010-03-31": "1141.28000", "2009-12-31": "1192.49100", "2009-09-30": "1248.58400", "2009-06-30": "1299.68600", "2009-03-31": "1299.66200", "2008-12-31": "1437.53800", "2008-09-30": "1488.39600", "2008-06-30": "1473.54500", "2008-03-31": "1499.11100", "2007-12-31": "1540.90200", "2007-09-30": "455.87800", "2007-06-30": "486.08500", "2007-03-31": "487.97600", "2006-12-31": "487.37000", "2006-09-30": "486.00100", "2006-06-30": "491.37800", "2006-03-31": "500.18500", "2005-12-31": "505.27200", "2005-09-30": "635.87500", "2005-06-30": "615.14400", "2005-03-31": "654.09000"}, "Other Non-Current Liabilities": {"2020-09-30": "232.49100", "2020-06-30": "240.57100", "2020-03-31": "232.95800", "2019-12-31": "284.85300", "2019-09-30": "279.67800", "2019-06-30": "286.79500", "2019-03-31": "303.73500", "2018-12-31": "382.22200", "2018-09-30": "363.09600", "2018-06-30": "349.91000", "2018-03-31": "299.52400", "2017-12-31": "379.07200", "2017-09-30": "72.69800", "2017-06-30": "71.35900", "2017-03-31": "72.49700", "2016-12-31": "69.53500", "2016-09-30": "86.76600", "2016-06-30": "85.58600", "2016-03-31": "83.89600", "2015-12-31": "89.28700", "2015-09-30": "108.55400", "2015-06-30": "111.97600", "2015-03-31": "109.20500", "2014-12-31": "109.87500", "2014-09-30": "105.66900", "2014-06-30": "107.33700", "2014-03-31": "105.56300", "2013-12-31": "103.65800", "2013-09-30": "106.54400", "2013-06-30": "118.58100", "2013-03-31": "120.71100", "2012-12-31": "121.75000", "2012-09-30": "132.16100", "2012-06-30": "132.27400", "2012-03-31": "95.61400", "2011-12-31": "99.68700", "2011-09-30": "101.36200", "2011-06-30": "106.28200", "2011-03-31": "120.84500", "2010-12-31": "109.11700", "2010-09-30": "159.67500", "2010-06-30": "149.37100", "2010-03-31": "156.43600", "2009-12-31": "160.68400", "2009-09-30": "165.62800", "2009-06-30": "163.68300", "2009-03-31": "175.57000", "2008-12-31": "182.86400", "2008-09-30": "169.85000", "2008-06-30": "171.18100", "2008-03-31": "189.77800", "2007-12-31": "164.40200", "2007-09-30": "96.31700", "2007-06-30": "92.72700", "2007-03-31": "91.50200", "2006-12-31": "71.86100", "2006-09-30": "106.07500", "2006-06-30": "104.47200", "2006-03-31": "103.78200", "2005-12-31": "37.43300", "2005-09-30": "100.77900", "2005-06-30": "99.27400", "2005-03-31": "100.29900"}, "Total Long Term Liabilities": {"2020-09-30": "2901.83800", "2020-06-30": "3211.11300", "2020-03-31": "3226.24000", "2019-12-31": "2767.44500", "2019-09-30": "2873.84300", "2019-06-30": "3155.67400", "2019-03-31": "3177.27500", "2018-12-31": "3155.55700", "2018-09-30": "3144.36200", "2018-06-30": "3204.89500", "2018-03-31": "3188.32600", "2017-12-31": "3267.08500", "2017-09-30": "2833.61100", "2017-06-30": "2555.44400", "2017-03-31": "2621.17400", "2016-12-31": "1326.05000", "2016-09-30": "1379.34500", "2016-06-30": "1454.83500", "2016-03-31": "1207.59300", "2015-12-31": "1196.56100", "2015-09-30": "1309.16900", "2015-06-30": "1402.26900", "2015-03-31": "1398.56800", "2014-12-31": "1376.31900", "2014-09-30": "1397.56000", "2014-06-30": "1426.96400", "2014-03-31": "1665.10000", "2013-12-31": "1657.87100", "2013-09-30": "1658.27600", "2013-06-30": "1659.37500", "2013-03-31": "1657.18200", "2012-12-31": "1676.85000", "2012-09-30": "1666.71300", "2012-06-30": "1672.13400", "2012-03-31": "1652.69400", "2011-12-31": "1670.31300", "2011-09-30": "1547.74200", "2011-06-30": "1563.61600", "2011-03-31": "1447.90900", "2010-12-31": "1435.11400", "2010-09-30": "1615.45100", "2010-06-30": "1840.69300", "2010-03-31": "1863.27200", "2009-12-31": "1916.82400", "2009-09-30": "1928.27700", "2009-06-30": "1971.19900", "2009-03-31": "1974.30100", "2008-12-31": "2114.92100", "2008-09-30": "2183.79300", "2008-06-30": "2160.00300", "2008-03-31": "2197.04200", "2007-12-31": "2205.86400", "2007-09-30": "814.25200", "2007-06-30": "761.41800", "2007-03-31": "756.74200", "2006-12-31": "723.75100", "2006-09-30": "677.08200", "2006-06-30": "680.51300", "2006-03-31": "667.57700", "2005-12-31": "675.98900", "2005-09-30": "956.06200", "2005-06-30": "910.50400", "2005-03-31": "952.93100"}, "Total Liabilities": {"2020-09-30": "3377.08500", "2020-06-30": "3667.72800", "2020-03-31": "3628.54000", "2019-12-31": "3330.50000", "2019-09-30": "3404.20600", "2019-06-30": "3649.56600", "2019-03-31": "3698.19100", "2018-12-31": "3738.01300", "2018-09-30": "3693.65500", "2018-06-30": "3741.34000", "2018-03-31": "3740.10000", "2017-12-31": "3750.96100", "2017-09-30": "3208.25600", "2017-06-30": "2931.49500", "2017-03-31": "3013.53200", "2016-12-31": "1753.69600", "2016-09-30": "1831.74700", "2016-06-30": "1878.63900", "2016-03-31": "1882.26800", "2015-12-31": "1860.68100", "2015-09-30": "1966.64000", "2015-06-30": "2064.15500", "2015-03-31": "2062.99300", "2014-12-31": "2009.08800", "2014-09-30": "2073.87600", "2014-06-30": "2079.45400", "2014-03-31": "2296.90700", "2013-12-31": "2292.99100", "2013-09-30": "1926.10100", "2013-06-30": "1922.61000", "2013-03-31": "1918.65000", "2012-12-31": "1952.15000", "2012-09-30": "1915.39000", "2012-06-30": "1914.80800", "2012-03-31": "1928.04000", "2011-12-31": "1941.32000", "2011-09-30": "1931.71400", "2011-06-30": "1927.89500", "2011-03-31": "1789.81500", "2010-12-31": "1855.87700", "2010-09-30": "2080.57800", "2010-06-30": "2162.00200", "2010-03-31": "2186.63700", "2009-12-31": "2253.93100", "2009-09-30": "2254.11600", "2009-06-30": "2312.20500", "2009-03-31": "2404.94500", "2008-12-31": "2640.86100", "2008-09-30": "2710.62200", "2008-06-30": "2776.63600", "2008-03-31": "2852.39100", "2007-12-31": "2859.15400", "2007-09-30": "1358.74300", "2007-06-30": "1258.65700", "2007-03-31": "1211.98700", "2006-12-31": "1172.01600", "2006-09-30": "1175.91300", "2006-06-30": "1196.88400", "2006-03-31": "1216.83700", "2005-12-31": "1260.97400", "2005-09-30": "1392.71600", "2005-06-30": "1375.90100", "2005-03-31": "1438.72200"}, "Common Stock Net": {"2020-09-30": "47.69700", "2020-06-30": "47.59500", "2020-03-31": "47.56000", "2019-12-31": "47.53600", "2019-09-30": "47.46300", "2019-06-30": "47.40000", "2019-03-31": "47.32300", "2018-12-31": "47.24800", "2018-09-30": "47.19200", "2018-06-30": "47.08200", "2018-03-31": "46.96800", "2017-12-31": "46.87100", "2017-09-30": "46.86000", "2017-06-30": "46.82200", "2017-03-31": "46.79500", "2016-12-31": "45.81400", "2016-09-30": "45.79900", "2016-06-30": "45.78100", "2016-03-31": "43.57900", "2015-12-31": "43.51700", "2015-09-30": "43.51500", "2015-06-30": "43.51300", "2015-03-31": "43.45100", "2014-12-31": "43.42000", "2014-09-30": "43.40100", "2014-06-30": "43.38700", "2014-03-31": "43.35700", "2013-12-31": "43.24300", "2013-09-30": "43.21800", "2013-06-30": "43.19900", "2013-03-31": "43.18100", "2012-12-31": "43.10200", "2012-09-30": "43.07000", "2012-06-30": "43.00400", "2012-03-31": "42.95600", "2011-12-31": "42.92300", "2011-09-30": "42.90200", "2011-06-30": "42.85400", "2011-03-31": "42.40000", "2010-12-31": "42.24500", "2010-09-30": "42.20300", "2010-06-30": "42.19100", "2010-03-31": "42.11400", "2009-12-31": "42.03300", "2009-09-30": "42.01500", "2009-06-30": "42.00500", "2009-03-31": "", "2008-12-31": "41.99500", "2008-09-30": "", "2008-06-30": "", "2008-03-31": "", "2007-12-31": "41.79400", "2007-09-30": "", "2007-06-30": "", "2007-03-31": "", "2006-12-31": "41.36400", "2006-09-30": "", "2006-06-30": "", "2006-03-31": "", "2005-12-31": "41.12300", "2005-09-30": "", "2005-06-30": "", "2005-03-31": ""}, "Retained Earnings (Accumulated Deficit)": {"2020-09-30": "3035.93400", "2020-06-30": "2935.17300", "2020-03-31": "2939.50800", "2019-12-31": "2824.91600", "2019-09-30": "2732.40800", "2019-06-30": "2519.20300", "2019-03-31": "2451.52500", "2018-12-31": "2427.59900", "2018-09-30": "2352.64800", "2018-06-30": "2311.71200", "2018-03-31": "2328.73300", "2017-12-31": "2285.88600", "2017-09-30": "2343.87600", "2017-06-30": "2282.17600", "2017-03-31": "2219.47600", "2016-12-31": "2194.59300", "2016-09-30": "2148.51000", "2016-06-30": "2097.17000", "2016-03-31": "2052.68600", "2015-12-31": "2016.17600", "2015-09-30": "1929.20200", "2015-06-30": "1882.52600", "2015-03-31": "1852.07900", "2014-12-31": "1827.84500", "2014-09-30": "1791.29100", "2014-06-30": "1750.54100", "2014-03-31": "1717.33100", "2013-12-31": "1696.42400", "2013-09-30": "1675.59800", "2013-06-30": "1642.99600", "2013-03-31": "1614.53400", "2012-12-31": "1601.46000", "2012-09-30": "1586.06500", "2012-06-30": "1578.22800", "2012-03-31": "1549.50500", "2011-12-31": "1847.10600", "2011-09-30": "1693.16800", "2011-06-30": "1663.35700", "2011-03-31": "1643.11100", "2010-12-31": "1578.91300", "2010-09-30": "1511.44300", "2010-06-30": "1502.83100", "2010-03-31": "1456.26700", "2009-12-31": "1431.87800", "2009-09-30": "1402.67800", "2009-06-30": "1377.87300", "2009-03-31": "", "2008-12-31": "1182.90600", "2008-09-30": "", "2008-06-30": "", "2008-03-31": "", "2007-12-31": "1118.05300", "2007-09-30": "", "2007-06-30": "", "2007-03-31": "", "2006-12-31": "1034.66900", "2006-09-30": "", "2006-06-30": "", "2006-03-31": "", "2005-12-31": "939.33500", "2005-09-30": "", "2005-06-30": "", "2005-03-31": ""}, "Comprehensive Income": {"2020-09-30": "-323.69200", "2020-06-30": "-346.81500", "2020-03-31": "-364.71900", "2019-12-31": "-344.39200", "2019-09-30": "-364.50100", "2019-06-30": "-325.90700", "2019-03-31": "-340.68900", "2018-12-31": "-341.08500", "2018-09-30": "-289.16700", "2018-06-30": "-306.42000", "2018-03-31": "-182.40100", "2017-12-31": "-265.09100", "2017-09-30": "-275.45000", "2017-06-30": "-319.29500", "2017-03-31": "-389.11700", "2016-12-31": "-438.71700", "2016-09-30": "-356.15000", "2016-06-30": "-356.37100", "2016-03-31": "-347.93000", "2015-12-31": "-371.12400", "2015-09-30": "-349.89900", "2015-06-30": "-321.11000", "2015-03-31": "-342.09600", "2014-12-31": "-260.89500", "2014-09-30": "-149.44900", "2014-06-30": "-104.24800", "2014-03-31": "-106.11000", "2013-12-31": "-110.85500", "2013-09-30": "-138.38300", "2013-06-30": "-162.75800", "2013-03-31": "-157.52400", "2012-12-31": "-132.04800", "2012-09-30": "-138.82800", "2012-06-30": "-188.25500", "2012-03-31": "-125.31000", "2011-12-31": "-159.35300", "2011-09-30": "-50.92500", "2011-06-30": "-3.62600", "2011-03-31": "-19.79000", "2010-12-31": "-51.88000", "2010-09-30": "-49.26400", "2010-06-30": "-121.18800", "2010-03-31": "-61.61400", "2009-12-31": "-34.12000", "2009-09-30": "-32.92200", "2009-06-30": "-92.16400", "2009-03-31": "", "2008-12-31": "-108.20200", "2008-09-30": "", "2008-06-30": "", "2008-03-31": "", "2007-12-31": "56.91900", "2007-09-30": "", "2007-06-30": "", "2007-03-31": "", "2006-12-31": "30.03500", "2006-09-30": "", "2006-06-30": "", "2006-03-31": "", "2005-12-31": "6.61400", "2005-09-30": "", "2005-06-30": "", "2005-03-31": ""}, "Other Share Holders Equity": {"2020-09-30": "", "2020-06-30": "", "2020-03-31": "", "2019-12-31": "", "2019-09-30": "", "2019-06-30": "", "2019-03-31": "", "2018-12-31": "", "2018-09-30": "", "2018-06-30": "", "2018-03-31": "", "2017-12-31": "", "2017-09-30": "", "2017-06-30": "", "2017-03-31": "", "2016-12-31": "", "2016-09-30": "", "2016-06-30": "", "2016-03-31": "", "2015-12-31": "", "2015-09-30": "", "2015-06-30": "", "2015-03-31": "", "2014-12-31": "", "2014-09-30": "", "2014-06-30": "", "2014-03-31": "", "2013-12-31": "", "2013-09-30": "", "2013-06-30": "", "2013-03-31": "", "2012-12-31": "", "2012-09-30": "", "2012-06-30": "", "2012-03-31": "", "2011-12-31": "", "2011-09-30": "", "2011-06-30": "", "2011-03-31": "", "2010-12-31": "", "2010-09-30": "", "2010-06-30": "", "2010-03-31": "", "2009-12-31": "", "2009-09-30": "", "2009-06-30": "", "2009-03-31": "", "2008-12-31": "", "2008-09-30": "", "2008-06-30": "", "2008-03-31": "", "2007-12-31": "", "2007-09-30": "", "2007-06-30": "", "2007-03-31": "", "2006-12-31": "", "2006-09-30": "", "2006-06-30": "", "2006-03-31": "", "2005-12-31": "", "2005-09-30": "", "2005-06-30": "", "2005-03-31": ""}, "Share Holder Equity": {"2020-09-30": "3236.20300", "2020-06-30": "3097.40200", "2020-03-31": "3073.02400", "2019-12-31": "2979.32000", "2019-09-30": "2852.97600", "2019-06-30": "2664.84400", "2019-03-31": "2569.87800", "2018-12-31": "2539.97800", "2018-09-30": "2507.06500", "2018-06-30": "2433.98100", "2018-03-31": "2560.50000", "2017-12-31": "2430.53100", "2017-09-30": "2472.47700", "2017-06-30": "2358.52900", "2017-03-31": "2218.90400", "2016-12-31": "2137.51700", "2016-09-30": "2169.92200", "2016-06-30": "2121.56800", "2016-03-31": "2061.19800", "2015-12-31": "2011.09300", "2015-09-30": "1941.06100", "2015-06-30": "1920.00700", "2015-03-31": "1860.60200", "2014-12-31": "1913.69900", "2014-09-30": "1983.91600", "2014-06-30": "1984.37900", "2014-03-31": "1945.22700", "2013-12-31": "1916.01600", "2013-09-30": "1862.26200", "2013-06-30": "1801.52700", "2013-03-31": "1775.07700", "2012-12-31": "1781.53700", "2012-09-30": "1755.39900", "2012-06-30": "1692.01400", "2012-03-31": "1721.84600", "2011-12-31": "1982.78300", "2011-09-30": "1936.99700", "2011-06-30": "1950.33700", "2011-03-31": "1888.98800", "2010-12-31": "1787.27800", "2010-09-30": "1717.27700", "2010-06-30": "1581.74200", "2010-03-31": "1587.62200", "2009-12-31": "1585.07400", "2009-09-30": "1553.56300", "2009-06-30": "1466.55800", "2009-03-31": "1401.32900", "2008-12-31": "1285.88300", "2008-09-30": "1386.61900", "2008-06-30": "1394.48400", "2008-03-31": "1356.45600", "2007-12-31": "1328.84300", "2007-09-30": "1290.06000", "2007-06-30": "1330.78800", "2007-03-31": "1219.46000", "2006-12-31": "1189.42100", "2006-09-30": "1166.97700", "2006-06-30": "1208.19400", "2006-03-31": "1159.61600", "2005-12-31": "1142.07400", "2005-09-30": "1133.43300", "2005-06-30": "1134.99400", "2005-03-31": "1131.28400"}, "Total Liabilities And Share Holders Equity": {"2020-09-30": "6613.28800", "2020-06-30": "6765.13000", "2020-03-31": "6701.56400", "2019-12-31": "6309.82000", "2019-09-30": "6257.18200", "2019-06-30": "6314.41000", "2019-03-31": "6268.06900", "2018-12-31": "6277.99100", "2018-09-30": "6200.72000", "2018-06-30": "6175.32100", "2018-03-31": "6300.60000", "2017-12-31": "6181.49200", "2017-09-30": "5680.73300", "2017-06-30": "5290.02400", "2017-03-31": "5232.43600", "2016-12-31": "3891.21300", "2016-09-30": "4001.66900", "2016-06-30": "4000.20700", "2016-03-31": "3943.46600", "2015-12-31": "3871.77400", "2015-09-30": "3907.70100", "2015-06-30": "3984.16200", "2015-03-31": "3923.59500", "2014-12-31": "3922.78700", "2014-09-30": "4057.79200", "2014-06-30": "4063.83300", "2014-03-31": "4242.13400", "2013-12-31": "4209.00700", "2013-09-30": "3788.36300", "2013-06-30": "3724.13700", "2013-03-31": "3693.72700", "2012-12-31": "3733.68700", "2012-09-30": "3670.78900", "2012-06-30": "3606.82200", "2012-03-31": "3649.88600", "2011-12-31": "3924.10300", "2011-09-30": "3868.71100", "2011-06-30": "3878.23200", "2011-03-31": "3678.80300", "2010-12-31": "3643.15500", "2010-09-30": "3797.85500", "2010-06-30": "3743.74400", "2010-03-31": "3774.25900", "2009-12-31": "3839.00500", "2009-09-30": "3807.67900", "2009-06-30": "3778.76300", "2009-03-31": "3806.27400", "2008-12-31": "3926.74400", "2008-09-30": "4097.24100", "2008-06-30": "4171.12000", "2008-03-31": "4208.84700", "2007-12-31": "4187.99700", "2007-09-30": "2648.80300", "2007-06-30": "2589.44500", "2007-03-31": "2431.44700", "2006-12-31": "2361.43700", "2006-09-30": "2342.89000", "2006-06-30": "2405.07800", "2006-03-31": "2376.45300", "2005-12-31": "2403.04800", "2005-09-30": "2526.14900", "2005-06-30": "2510.89500", "2005-03-31": "2570.00600"}}, "cash flow statement": {"Net Income/Loss": {"2019-12-31": "461.46600", "2018-12-31": "200.80200", "2017-12-31": "152.53000", "2016-12-31": "237.84100", "2015-12-31": "245.71300", "2014-12-31": "188.75100", "2013-12-31": "151.74800", "2012-12-31": "-189.10200", "2011-12-31": "324.96700", "2010-12-31": "202.45500", "2009-12-31": "314.01100", "2008-12-31": "154.60200", "2007-12-31": "177.16200", "2006-12-31": "139.43000", "2005-12-31": "138.81700"}, "Total Depreciation And Amortization - Cash Flow": {"2019-12-31": "218.36900", "2018-12-31": "214.71400", "2017-12-31": "160.33800", "2016-12-31": "128.34600", "2015-12-31": "125.33400", "2014-12-31": "127.03000", "2013-12-31": "107.93500", "2012-12-31": "427.01200", "2011-12-31": "96.49600", "2010-12-31": "89.74000", "2009-12-31": "95.37500", "2008-12-31": "105.94000", "2007-12-31": "71.57700", "2006-12-31": "60.29700", "2005-12-31": "63.53500"}, "Other Non-Cash Items": {"2019-12-31": "-122.47100", "2018-12-31": "77.29300", "2017-12-31": "-0.07200", "2016-12-31": "39.14000", "2015-12-31": "-43.38100", "2014-12-31": "-6.63500", "2013-12-31": "-5.80800", "2012-12-31": "-24.10600", "2011-12-31": "-208.10700", "2010-12-31": "-57.70200", "2009-12-31": "-151.53000", "2008-12-31": "-87.46700", "2007-12-31": "-80.70100", "2006-12-31": "-7.88900", "2005-12-31": "-27.25800"}, "Total Non-Cash Items": {"2019-12-31": "95.89800", "2018-12-31": "292.00700", "2017-12-31": "160.26600", "2016-12-31": "167.48600", "2015-12-31": "81.95300", "2014-12-31": "120.39500", "2013-12-31": "102.12700", "2012-12-31": "402.90600", "2011-12-31": "-111.61100", "2010-12-31": "32.03800", "2009-12-31": "-56.15500", "2008-12-31": "18.47300", "2007-12-31": "-9.12400", "2006-12-31": "52.40800", "2005-12-31": "36.27700"}, "Change In Accounts Receivable": {"2019-12-31": "-59.79300", "2018-12-31": "-23.41200", "2017-12-31": "-11.03900", "2016-12-31": "-11.02900", "2015-12-31": "0.39800", "2014-12-31": "9.39400", "2013-12-31": "-1.29400", "2012-12-31": "-2.93200", "2011-12-31": "-43.56100", "2010-12-31": "-50.08800", "2009-12-31": "-4.32500", "2008-12-31": "13.67000", "2007-12-31": "1.08300", "2006-12-31": "30.61900", "2005-12-31": "39.85700"}, "Change In Inventories": {"2019-12-31": "-53.17000", "2018-12-31": "-37.19800", "2017-12-31": "-22.36300", "2016-12-31": "6.40800", "2015-12-31": "-8.37100", "2014-12-31": "-15.53100", "2013-12-31": "-8.93100", "2012-12-31": "-1.97000", "2011-12-31": "-33.81900", "2010-12-31": "-21.42100", "2009-12-31": "5.46700", "2008-12-31": "-13.03300", "2007-12-31": "55.92900", "2006-12-31": "5.01400", "2005-12-31": "1.71200"}, "Change In Accounts Payable": {"2019-12-31": "", "2018-12-31": "", "2017-12-31": "", "2016-12-31": "", "2015-12-31": "", "2014-12-31": "", "2013-12-31": "", "2012-12-31": "", "2011-12-31": "", "2010-12-31": "", "2009-12-31": "", "2008-12-31": "", "2007-12-31": "", "2006-12-31": "", "2005-12-31": ""}, "Change In Assets/Liabilities": {"2019-12-31": "-31.02300", "2018-12-31": "-10.35100", "2017-12-31": "0.54700", "2016-12-31": "-3.61300", "2015-12-31": "-3.02700", "2014-12-31": "1.42200", "2013-12-31": "-5.92600", "2012-12-31": "9.59500", "2011-12-31": "-8.47300", "2010-12-31": "-7.86500", "2009-12-31": "-0.87400", "2008-12-31": "4.81100", "2007-12-31": "-0.70700", "2006-12-31": "-8.10600", "2005-12-31": "9.14300"}, "Total Change In Assets/Liabilities": {"2019-12-31": "-114.49600", "2018-12-31": "-44.29700", "2017-12-31": "131.97400", "2016-12-31": "18.57400", "2015-12-31": "-3.44500", "2014-12-31": "-9.93700", "2013-12-31": "-21.25700", "2012-12-31": "-15.41000", "2011-12-31": "-116.29800", "2010-12-31": "-66.46400", "2009-12-31": "-138.03800", "2008-12-31": "-102.55900", "2007-12-31": "61.15900", "2006-12-31": "5.66500", "2005-12-31": "67.26600"}, "Cash Flow From Operating Activities": {"2019-12-31": "437.06800", "2018-12-31": "435.08600", "2017-12-31": "426.30100", "2016-12-31": "410.59000", "2015-12-31": "303.44600", "2014-12-31": "290.24100", "2013-12-31": "231.29900", "2012-12-31": "194.61800", "2011-12-31": "94.35700", "2010-12-31": "143.83400", "2009-12-31": "120.10100", "2008-12-31": "83.66500", "2007-12-31": "234.32900", "2006-12-31": "198.46300", "2005-12-31": "238.38500"}, "Net Change In Property, Plant, And Equipment": {"2019-12-31": "-102.69500", "2018-12-31": "-80.79500", "2017-12-31": "-70.90300", "2016-12-31": "-53.13500", "2015-12-31": "-61.44800", "2014-12-31": "-67.57100", "2013-12-31": "-63.58000", "2012-12-31": "-65.39400", "2011-12-31": "-44.58200", "2010-12-31": "-29.33000", "2009-12-31": "-26.34200", "2008-12-31": "-32.67400", "2007-12-31": "-41.38300", "2006-12-31": "-40.77200", "2005-12-31": "-38.56300"}, "Net Change In Intangible Assets": {"2019-12-31": "", "2018-12-31": "", "2017-12-31": "", "2016-12-31": "", "2015-12-31": "", "2014-12-31": "", "2013-12-31": "", "2012-12-31": "", "2011-12-31": "", "2010-12-31": "", "2009-12-31": "", "2008-12-31": "", "2007-12-31": "", "2006-12-31": "", "2005-12-31": ""}, "Net Acquisitions/Divestitures": {"2019-12-31": "10.88300", "2018-12-31": "-117.14700", "2017-12-31": "-1761.95200", "2016-12-31": "-3.83900", "2015-12-31": "-93.40000", "2014-12-31": "-40.52600", "2013-12-31": "-309.00800", "2012-12-31": "-302.78400", "2011-12-31": "351.40200", "2010-12-31": "181.46800", "2009-12-31": "313.67600", "2008-12-31": "3.38100", "2007-12-31": "-1472.20300", "2006-12-31": "-39.75500", "2005-12-31": "117.58000"}, "Net Change In Short-term Investments": {"2019-12-31": "", "2018-12-31": "", "2017-12-31": "", "2016-12-31": "", "2015-12-31": "", "2014-12-31": "", "2013-12-31": "", "2012-12-31": "", "2011-12-31": "", "2010-12-31": "", "2009-12-31": "", "2008-12-31": "", "2007-12-31": "", "2006-12-31": "", "2005-12-31": ""}, "Net Change In Long-Term Investments": {"2019-12-31": "", "2018-12-31": "", "2017-12-31": "", "2016-12-31": "", "2015-12-31": "", "2014-12-31": "-0.04000", "2013-12-31": "-0.05000", "2012-12-31": "-0.08000", "2011-12-31": "-0.15000", "2010-12-31": "", "2009-12-31": "", "2008-12-31": "-0.32000", "2007-12-31": "0.44600", "2006-12-31": "2.59700", "2005-12-31": "0.06200"}, "Net Change In Investments - Total": {"2019-12-31": "", "2018-12-31": "", "2017-12-31": "", "2016-12-31": "", "2015-12-31": "", "2014-12-31": "-0.04000", "2013-12-31": "-0.05000", "2012-12-31": "-0.08000", "2011-12-31": "-0.15000", "2010-12-31": "", "2009-12-31": "", "2008-12-31": "-0.32000", "2007-12-31": "0.44600", "2006-12-31": "2.59700", "2005-12-31": "0.06200"}, "Investing Activities - Other": {"2019-12-31": "18.33100", "2018-12-31": "1.54800", "2017-12-31": "", "2016-12-31": "", "2015-12-31": "", "2014-12-31": "", "2013-12-31": "", "2012-12-31": "", "2011-12-31": "", "2010-12-31": "", "2009-12-31": "", "2008-12-31": "", "2007-12-31": "", "2006-12-31": "", "2005-12-31": ""}, "Cash Flow From Investing Activities": {"2019-12-31": "-73.48100", "2018-12-31": "-196.39400", "2017-12-31": "-1832.85500", "2016-12-31": "-56.97400", "2015-12-31": "-154.84800", "2014-12-31": "-108.13700", "2013-12-31": "-372.63800", "2012-12-31": "-368.25800", "2011-12-31": "306.67000", "2010-12-31": "152.13800", "2009-12-31": "287.33400", "2008-12-31": "-29.61300", "2007-12-31": "-1513.14000", "2006-12-31": "-77.93000", "2005-12-31": "79.07900"}, "Net Long-Term Debt": {"2019-12-31": "-253.50000", "2018-12-31": "-93.50000", "2017-12-31": "1223.92400", "2016-12-31": "-42.86500", "2015-12-31": "-15.65700", "2014-12-31": "-230.10200", "2013-12-31": "305.00000", "2012-12-31": "", "2011-12-31": "59.20000", "2010-12-31": "-226.57000", "2009-12-31": "-347.59000", "2008-12-31": "-133.79000", "2007-12-31": "1156.60900", "2006-12-31": "-55.03100", "2005-12-31": "-161.12700"}, "Net Current Debt": {"2019-12-31": "", "2018-12-31": "", "2017-12-31": "", "2016-12-31": "", "2015-12-31": "", "2014-12-31": "", "2013-12-31": "", "2012-12-31": "-0.70600", "2011-12-31": "-24.71400", "2010-12-31": "29.70000", "2009-12-31": "-1.45200", "2008-12-31": "-0.49200", "2007-12-31": "1.32100", "2006-12-31": "-59.91200", "2005-12-31": "18.09200"}, "Debt Issuance/Retirement Net - Total": {"2019-12-31": "-253.50000", "2018-12-31": "-93.50000", "2017-12-31": "1223.92400", "2016-12-31": "-42.86500", "2015-12-31": "-15.65700", "2014-12-31": "-230.10200", "2013-12-31": "305.00000", "2012-12-31": "-0.70600", "2011-12-31": "34.48600", "2010-12-31": "-196.87000", "2009-12-31": "-349.04200", "2008-12-31": "-134.28200", "2007-12-31": "1157.93000", "2006-12-31": "-114.94300", "2005-12-31": "-143.03500"}, "Net Common Equity Issued/Repurchased": {"2019-12-31": "", "2018-12-31": "", "2017-12-31": "", "2016-12-31": "9.06800", "2015-12-31": "", "2014-12-31": "", "2013-12-31": "", "2012-12-31": "", "2011-12-31": "34.00900", "2010-12-31": "10.65700", "2009-12-31": "1.55300", "2008-12-31": "7.95500", "2007-12-31": "24.17100", "2006-12-31": "-81.60000", "2005-12-31": "-23.34500"}, "Net Total Equity Issued/Repurchased": {"2019-12-31": "", "2018-12-31": "", "2017-12-31": "", "2016-12-31": "9.06800", "2015-12-31": "", "2014-12-31": "", "2013-12-31": "", "2012-12-31": "", "2011-12-31": "34.00900", "2010-12-31": "10.65700", "2009-12-31": "1.55300", "2008-12-31": "7.95500", "2007-12-31": "24.17100", "2006-12-31": "-81.60000", "2005-12-31": "-23.34500"}, "Total Common And Preferred Stock Dividends Paid": {"2019-12-31": "-62.82800", "2018-12-31": "-62.16500", "2017-12-31": "-61.23700", "2016-12-31": "-58.96000", "2015-12-31": "-56.53200", "2014-12-31": "-56.25800", "2013-12-31": "-55.91700", "2012-12-31": "-55.58900", "2011-12-31": "-55.13600", "2010-12-31": "-54.31200", "2009-12-31": "-54.02200", "2008-12-31": "-53.04700", "2007-12-31": "-48.92900", "2006-12-31": "-44.09600", "2005-12-31": "-39.32000"}, "Financial Activities - Other": {"2019-12-31": "-102.50800", "2018-12-31": "-50.76800", "2017-12-31": "-21.42800", "2016-12-31": "-25.93500", "2015-12-31": "-13.39400", "2014-12-31": "-1.34300", "2013-12-31": "-17.91300", "2012-12-31": "-9.35800", "2011-12-31": "-24.46500", "2010-12-31": "-94.97400", "2009-12-31": "-0.40700", "2008-12-31": "-1.39500", "2007-12-31": "-21.75400", "2006-12-31": "-0.12900", "2005-12-31": "-62.54400"}, "Cash Flow From Financial Activities": {"2019-12-31": "-418.83600", "2018-12-31": "-206.43300", "2017-12-31": "1141.25900", "2016-12-31": "-118.69200", "2015-12-31": "-85.58300", "2014-12-31": "-287.70300", "2013-12-31": "231.17000", "2012-12-31": "-65.65300", "2011-12-31": "-11.10600", "2010-12-31": "-335.49900", "2009-12-31": "-401.91800", "2008-12-31": "-180.76900", "2007-12-31": "1111.41800", "2006-12-31": "-240.76800", "2005-12-31": "-268.24400"}, "Net Cash Flow": {"2019-12-31": "-56.07800", "2018-12-31": "23.60300", "2017-12-31": "-210.23100", "2016-12-31": "205.42300", "2015-12-31": "35.13000", "2014-12-31": "-128.74800", "2013-12-31": "94.94500", "2012-12-31": "-247.04900", "2011-12-31": "375.63600", "2010-12-31": "20.14700", "2009-12-31": "81.03000", "2008-12-31": "-94.06700", "2007-12-31": "-47.06700", "2006-12-31": "8.87300", "2005-12-31": "123.58100"}, "Stock-Based Compensation": {"2019-12-31": "26.94000", "2018-12-31": "22.43800", "2017-12-31": "19.40700", "2016-12-31": "16.87100", "2015-12-31": "14.46700", "2014-12-31": "12.22700", "2013-12-31": "11.87100", "2012-12-31": "8.62300", "2011-12-31": "4.53200", "2010-12-31": "8.52100", "2009-12-31": "7.77600", "2008-12-31": "8.11900", "2007-12-31": "7.35200", "2006-12-31": "5.85800", "2005-12-31": ""}, "Common Stock Dividends Paid": {"2019-12-31": "-62.82800", "2018-12-31": "-62.16500", "2017-12-31": "-61.23700", "2016-12-31": "-58.96000", "2015-12-31": "-56.53200", "2014-12-31": "-56.25800", "2013-12-31": "-55.91700", "2012-12-31": "-55.58900", "2011-12-31": "-55.13600", "2010-12-31": "-54.31200", "2009-12-31": "-54.02200", "2008-12-31": "-53.04700", "2007-12-31": "-48.92900", "2006-12-31": "-44.09600", "2005-12-31": "-39.32000"}}, "cash flow statement, quarterly": {"Net Income/Loss": {"2020-09-30": 116.587, "2020-06-30": 11.456, "2020-03-31": "131.15000", "2019-12-31": 108.265, "2019-09-30": 228.929, "2019-06-30": 83.375, "2019-03-31": "40.89700", "2018-12-31": 90.59, "2018-09-30": 56.524, "2018-06-30": -2.496, "2018-03-31": "56.18400", "2017-12-31": -42.658, "2017-09-30": 77.015, "2017-06-30": 78.003, "2017-03-31": "40.17000", "2016-12-31": 61.063, "2016-09-30": 66.322, "2016-06-30": 59.588, "2016-03-31": "50.86800", "2015-12-31": 101.282, "2015-09-30": 60.852, "2015-06-30": 45.009, "2015-03-31": "38.57000", "2014-12-31": 50.945, "2014-09-30": 54.957, "2014-06-30": 47.705, "2014-03-31": "35.14400", "2013-12-31": 35.066, "2013-09-30": 46.808, "2013-06-30": 42.635, "2013-03-31": "27.23900", "2012-12-31": 29.577, "2012-09-30": 21.93, "2012-06-30": 42.899, "2012-03-31": "-283.50800", "2011-12-31": 168.221, "2011-09-30": 44.065, "2011-06-30": 34.487, "2011-03-31": "78.19400", "2010-12-31": 81.436, "2010-09-30": 22.535, "2010-06-30": 60.526, "2010-03-31": "37.95800", "2009-12-31": 43.015, "2009-09-30": 38.617, "2009-06-30": 6.772, "2009-03-31": "225.60700", "2008-12-31": 28.618, "2008-09-30": 51.946, "2008-06-30": 44.041, "2008-03-31": "29.99700", "2007-12-31": 96.063, "2007-09-30": -57.036, "2007-06-30": 93.861, "2007-03-31": "44.27400", "2006-12-31": 37.719, "2006-09-30": 35.966, "2006-06-30": 36.639, "2006-03-31": "29.10600", "2005-12-31": 37.518, "2005-09-30": 33.6, "2005-06-30": 28.973, "2005-03-31": "38.72600"}, "Total Depreciation And Amortization - Cash Flow": {"2020-09-30": 58.086, "2020-06-30": 58.385, "2020-03-31": "56.69800", "2019-12-31": 55.109, "2019-09-30": 53.76, "2019-06-30": 54.925, "2019-03-31": "54.57500", "2018-12-31": 54.675, "2018-09-30": 53.136, "2018-06-30": 53.077, "2018-03-31": "53.82600", "2017-12-31": 50.032, "2017-09-30": 38.022, "2017-06-30": 37.913, "2017-03-31": "34.37100", "2016-12-31": 32.082, "2016-09-30": 31.704, "2016-06-30": 32.224, "2016-03-31": "32.33600", "2015-12-31": 33.359, "2015-09-30": 31.343, "2015-06-30": 30.782, "2015-03-31": "29.85000", "2014-12-31": 30.776, "2014-09-30": 32.439, "2014-06-30": 32.402, "2014-03-31": "31.41300", "2013-12-31": 28.9, "2013-09-30": 27.075, "2013-06-30": 25.619, "2013-03-31": "26.34100", "2012-12-31": 25.723, "2012-09-30": 23.713, "2012-06-30": 22.778, "2012-03-31": "354.79800", "2011-12-31": 23.991, "2011-09-30": 24.162, "2011-06-30": 23.702, "2011-03-31": "24.64100", "2010-12-31": 21.259, "2010-09-30": 23.848, "2010-06-30": 21.683, "2010-03-31": "22.95000", "2009-12-31": 10.521, "2009-09-30": 25.418, "2009-06-30": 32.106, "2009-03-31": "27.33000", "2008-12-31": 23.689, "2008-09-30": 25.123, "2008-06-30": 27.678, "2008-03-31": "29.45000", "2007-12-31": 27.803, "2007-09-30": 14.098, "2007-06-30": 15.213, "2007-03-31": "14.46300", "2006-12-31": -7.517, "2006-09-30": 23.145, "2006-06-30": 22.121, "2006-03-31": "22.54800", "2005-12-31": -14.02, "2005-09-30": 26.323, "2005-06-30": 25.925, "2005-03-31": "25.30700"}, "Other Non-Cash Items": {"2020-09-30": -21.477, "2020-06-30": 16.943, "2020-03-31": "-125.23700", "2019-12-31": -6.584, "2019-09-30": -118.803, "2019-06-30": 9.98, "2019-03-31": "-7.06400", "2018-12-31": -10.901, "2018-09-30": 37.462, "2018-06-30": 39.078, "2018-03-31": "11.65400", "2017-12-31": -17.757, "2017-09-30": 0.593, "2017-06-30": 2.161, "2017-03-31": "14.93100", "2016-12-31": 18.542, "2016-09-30": -5.284, "2016-06-30": 22.019, "2016-03-31": "3.86300", "2015-12-31": -40.198, "2015-09-30": -19.988, "2015-06-30": 10.803, "2015-03-31": "6.00200", "2014-12-31": -6.803, "2014-09-30": -3.002, "2014-06-30": -1.173, "2014-03-31": "4.34300", "2013-12-31": -4.824, "2013-09-30": 3.299, "2013-06-30": -5.99, "2013-03-31": "1.70700", "2012-12-31": -9.01, "2012-09-30": -1.049, "2012-06-30": -2.537, "2012-03-31": "-11.51000", "2011-12-31": -147.271, "2011-09-30": -13.133, "2011-06-30": 4.618, "2011-03-31": "-52.32100", "2010-12-31": -82.024, "2010-09-30": 29.129, "2010-06-30": -12.194, "2010-03-31": "7.38700", "2009-12-31": -23.181, "2009-09-30": 11.277, "2009-06-30": 56.637, "2009-03-31": "-196.26300", "2008-12-31": -45.849, "2008-09-30": -15.92, "2008-06-30": -12.724, "2008-03-31": "-12.97400", "2007-12-31": -36.114, "2007-09-30": 7.122, "2007-06-30": -49.604, "2007-03-31": "-2.10500", "2006-12-31": -26.575, "2006-09-30": 5.377, "2006-06-30": 8.995, "2006-03-31": "4.31400", "2005-12-31": -36.968, "2005-09-30": 1.863, "2005-06-30": 14.622, "2005-03-31": "-6.77500"}, "Total Non-Cash Items": {"2020-09-30": 36.609, "2020-06-30": 75.328, "2020-03-31": "-68.53900", "2019-12-31": 48.525, "2019-09-30": -65.043, "2019-06-30": 64.905, "2019-03-31": "47.51100", "2018-12-31": 43.774, "2018-09-30": 90.598, "2018-06-30": 92.155, "2018-03-31": "65.48000", "2017-12-31": 32.275, "2017-09-30": 38.615, "2017-06-30": 40.074, "2017-03-31": "49.30200", "2016-12-31": 50.624, "2016-09-30": 26.42, "2016-06-30": 54.243, "2016-03-31": "36.19900", "2015-12-31": -6.839, "2015-09-30": 11.355, "2015-06-30": 41.585, "2015-03-31": "35.85200", "2014-12-31": 23.973, "2014-09-30": 29.437, "2014-06-30": 31.229, "2014-03-31": "35.75600", "2013-12-31": 24.076, "2013-09-30": 30.374, "2013-06-30": 19.629, "2013-03-31": "28.04800", "2012-12-31": 16.713, "2012-09-30": 22.664, "2012-06-30": 20.241, "2012-03-31": "343.28800", "2011-12-31": -123.28, "2011-09-30": 11.029, "2011-06-30": 28.32, "2011-03-31": "-27.68000", "2010-12-31": -60.765, "2010-09-30": 52.977, "2010-06-30": 9.489, "2010-03-31": "30.33700", "2009-12-31": -12.66, "2009-09-30": 36.695, "2009-06-30": 88.743, "2009-03-31": "-168.93300", "2008-12-31": -22.16, "2008-09-30": 9.203, "2008-06-30": 14.954, "2008-03-31": "16.47600", "2007-12-31": -8.311, "2007-09-30": 21.22, "2007-06-30": -34.391, "2007-03-31": "12.35800", "2006-12-31": -34.092, "2006-09-30": 28.522, "2006-06-30": 31.116, "2006-03-31": "26.86200", "2005-12-31": -50.988, "2005-09-30": 28.186, "2005-06-30": 40.547, "2005-03-31": "18.53200"}, "Change In Accounts Receivable": {"2020-09-30": -10.297, "2020-06-30": 68.988, "2020-03-31": "-23.14500", "2019-12-31": -18.572, "2019-09-30": -21.474, "2019-06-30": -5.645, "2019-03-31": "-14.10200", "2018-12-31": 6.418, "2018-09-30": -13.944, "2018-06-30": -12.484, "2018-03-31": "-3.40200", "2017-12-31": -17.467, "2017-09-30": 1.357, "2017-06-30": -13.62, "2017-03-31": "18.69100", "2016-12-31": -15.345, "2016-09-30": 14.553, "2016-06-30": 0.331, "2016-03-31": "-10.56800", "2015-12-31": 9.112, "2015-09-30": 9.27, "2015-06-30": 3.922, "2015-03-31": "-21.90600", "2014-12-31": 6.952, "2014-09-30": 1.802, "2014-06-30": -5.326, "2014-03-31": "5.96600", "2013-12-31": 11.101, "2013-09-30": 5.689, "2013-06-30": -1.664, "2013-03-31": "-16.42000", "2012-12-31": -4.866, "2012-09-30": 15.159, "2012-06-30": 6.09, "2012-03-31": "-19.31500", "2011-12-31": -2.552, "2011-09-30": -4.052, "2011-06-30": -13.815, "2011-03-31": "-23.14200", "2010-12-31": -1.652, "2010-09-30": 2.434, "2010-06-30": -7.847, "2010-03-31": "-43.02300", "2009-12-31": -9.792, "2009-09-30": 4.899, "2009-06-30": 16.738, "2009-03-31": "-16.17000", "2008-12-31": 20.751, "2008-09-30": 3.336, "2008-06-30": 18.738, "2008-03-31": "-29.15500", "2007-12-31": 25.437, "2007-09-30": -1.608, "2007-06-30": 6.934, "2007-03-31": "-29.68000", "2006-12-31": 1.565, "2006-09-30": 28.69, "2006-06-30": 17.275, "2006-03-31": "-16.91100", "2005-12-31": -34.172, "2005-09-30": 34.62, "2005-06-30": 34.99, "2005-03-31": "4.41900"}, "Change In Inventories": {"2020-09-30": -3.221, "2020-06-30": -22.529, "2020-03-31": "-12.34600", "2019-12-31": 0.089, "2019-09-30": -19.289, "2019-06-30": -14.77, "2019-03-31": "-19.20000", "2018-12-31": -17.533, "2018-09-30": -4.648, "2018-06-30": -15.049, "2018-03-31": "0.03200", "2017-12-31": -2.106, "2017-09-30": -8.07, "2017-06-30": -6.865, "2017-03-31": "-5.32200", "2016-12-31": 12.025, "2016-09-30": -2.333, "2016-06-30": 1.82, "2016-03-31": "-5.10400", "2015-12-31": 11.533, "2015-09-30": -3.009, "2015-06-30": -2.317, "2015-03-31": "-14.57800", "2014-12-31": 7.553, "2014-09-30": -6.699, "2014-06-30": -8.912, "2014-03-31": "-7.47300", "2013-12-31": 14.645, "2013-09-30": 5.778, "2013-06-30": -15.661, "2013-03-31": "-13.69300", "2012-12-31": 2.649, "2012-09-30": -7.317, "2012-06-30": 0.326, "2012-03-31": "2.37200", "2011-12-31": 7.83, "2011-09-30": -23.591, "2011-06-30": -7.459, "2011-03-31": "-10.59900", "2010-12-31": -3.877, "2010-09-30": -12.286, "2010-06-30": -5.751, "2010-03-31": "0.49300", "2009-12-31": 3.585, "2009-09-30": 13.11, "2009-06-30": -0.224, "2009-03-31": "-11.00400", "2008-12-31": -3.195, "2008-09-30": -11.693, "2008-06-30": -14.144, "2008-03-31": "15.99900", "2007-12-31": 60.141, "2007-09-30": 9.989, "2007-06-30": -5.206, "2007-03-31": "-8.99500", "2006-12-31": 12.976, "2006-09-30": -5.267, "2006-06-30": 6.461, "2006-03-31": "-9.15600", "2005-12-31": 15.247, "2005-09-30": -10.376, "2005-06-30": -0.802, "2005-03-31": "-2.35700"}, "Change In Accounts Payable": {"2020-09-30": 0, "2020-06-30": 0, "2020-03-31": "", "2019-12-31": 0, "2019-09-30": 0, "2019-06-30": 0, "2019-03-31": "", "2018-12-31": 0, "2018-09-30": 0, "2018-06-30": 0, "2018-03-31": "", "2017-12-31": 0, "2017-09-30": 0, "2017-06-30": 0, "2017-03-31": "", "2016-12-31": 0, "2016-09-30": 0, "2016-06-30": 0, "2016-03-31": "", "2015-12-31": 0, "2015-09-30": 0, "2015-06-30": 0, "2015-03-31": "", "2014-12-31": 0, "2014-09-30": 0, "2014-06-30": 0, "2014-03-31": "", "2013-12-31": 0, "2013-09-30": 0, "2013-06-30": 0, "2013-03-31": "", "2012-12-31": 0, "2012-09-30": 0, "2012-06-30": 0, "2012-03-31": "", "2011-12-31": 0, "2011-09-30": 0, "2011-06-30": 0, "2011-03-31": "", "2010-12-31": 0, "2010-09-30": 0, "2010-06-30": 0, "2010-03-31": "", "2009-12-31": 0, "2009-09-30": 0, "2009-06-30": 0, "2009-03-31": "", "2008-12-31": 0, "2008-09-30": 0, "2008-06-30": 0, "2008-03-31": "", "2007-12-31": 0, "2007-09-30": 0, "2007-06-30": 0, "2007-03-31": "", "2006-12-31": 0, "2006-09-30": 0, "2006-06-30": 0, "2006-03-31": "", "2005-12-31": 0, "2005-09-30": 0, "2005-06-30": 0, "2005-03-31": ""}, "Change In Assets/Liabilities": {"2020-09-30": -2.426, "2020-06-30": 5.416, "2020-03-31": "6.40300", "2019-12-31": -17.839, "2019-09-30": -6.803, "2019-06-30": 5.143, "2019-03-31": "-11.52400", "2018-12-31": -3.883, "2018-09-30": -2.857, "2018-06-30": -0.205, "2018-03-31": "-3.40600", "2017-12-31": 4.556, "2017-09-30": -4.013, "2017-06-30": 1.228, "2017-03-31": "-1.22400", "2016-12-31": -4.797, "2016-09-30": 0.946, "2016-06-30": 3.987, "2016-03-31": "-3.74900", "2015-12-31": -4.663, "2015-09-30": 0.715, "2015-06-30": 5.677, "2015-03-31": "-4.75600", "2014-12-31": 5.509, "2014-09-30": -6.494, "2014-06-30": 8.434, "2014-03-31": "-6.02700", "2013-12-31": -0.506, "2013-09-30": -5.723, "2013-06-30": 0.738, "2013-03-31": "-0.43500", "2012-12-31": -0.549, "2012-09-30": 1.668, "2012-06-30": 10.288, "2012-03-31": "-1.81200", "2011-12-31": -1.05, "2011-09-30": -3.716, "2011-06-30": -3.218, "2011-03-31": "-0.48900", "2010-12-31": -9.71, "2010-09-30": 0.178, "2010-06-30": 3.581, "2010-03-31": "-1.91400", "2009-12-31": -2.961, "2009-09-30": 0.746, "2009-06-30": -0.489, "2009-03-31": "1.83000", "2008-12-31": -4.293, "2008-09-30": 3.567, "2008-06-30": 4.868, "2008-03-31": "0.66900", "2007-12-31": 9.092, "2007-09-30": -11.275, "2007-06-30": -0.103, "2007-03-31": "1.57900", "2006-12-31": -3.388, "2006-09-30": -7.462, "2006-06-30": 1.602, "2006-03-31": "1.14200", "2005-12-31": 6.152, "2005-09-30": 2.853, "2005-06-30": 5.818, "2005-03-31": "-5.68000"}, "Total Change In Assets/Liabilities": {"2020-09-30": -48.995, "2020-06-30": 59.52, "2020-03-31": "-55.92500", "2019-12-31": -10.231, "2019-09-30": -20.589, "2019-06-30": -50.898, "2019-03-31": "-32.77800", "2018-12-31": 0.276, "2018-09-30": -18.503, "2018-06-30": 7.474, "2018-03-31": "-33.54400", "2017-12-31": 121.886, "2017-09-30": 16.647, "2017-06-30": -10.73, "2017-03-31": "4.17100", "2016-12-31": -4.516, "2016-09-30": 40.53, "2016-06-30": -0.319, "2016-03-31": "-17.12100", "2015-12-31": 34.689, "2015-09-30": 6.993, "2015-06-30": -17.357, "2015-03-31": "-27.77000", "2014-12-31": 11.183, "2014-09-30": 6.411, "2014-06-30": -1.654, "2014-03-31": "-25.87700", "2013-12-31": 29.381, "2013-09-30": 2.427, "2013-06-30": -10.457, "2013-03-31": "-42.60800", "2012-12-31": 10.53, "2012-09-30": 4.971, "2012-06-30": -1.324, "2012-03-31": "-29.58700", "2011-12-31": -10.366, "2011-09-30": -29.726, "2011-06-30": -32.235, "2011-03-31": "-43.97100", "2010-12-31": 16.386, "2010-09-30": -23.898, "2010-06-30": -24.59, "2010-03-31": "-34.36200", "2009-12-31": 18.905, "2009-09-30": 25.933, "2009-06-30": -117.844, "2009-03-31": "-65.03200", "2008-12-31": 32.815, "2008-09-30": -13.323, "2008-06-30": -53.122, "2008-03-31": "-68.92900", "2007-12-31": -14.104, "2007-09-30": 83.98, "2007-06-30": 8.478, "2007-03-31": "-17.19500", "2006-12-31": -0.809, "2006-09-30": 10.556, "2006-06-30": 20.997, "2006-03-31": "-25.07900", "2005-12-31": 9.956, "2005-09-30": 12.88, "2005-06-30": 39.255, "2005-03-31": "5.17500"}, "Cash Flow From Operating Activities": {"2020-09-30": 107.479, "2020-06-30": 145.466, "2020-03-31": "-11.45700", "2019-12-31": 147.901, "2019-09-30": 131.883, "2019-06-30": 97.118, "2019-03-31": "60.16600", "2018-12-31": 132.142, "2018-09-30": 121.36, "2018-06-30": 94.736, "2018-03-31": "86.84800", "2017-12-31": 106.593, "2017-09-30": 122.018, "2017-06-30": 106.75, "2017-03-31": "90.94000", "2016-12-31": 108.992, "2016-09-30": 120.11, "2016-06-30": 114.656, "2016-03-31": "66.83200", "2015-12-31": 126.686, "2015-09-30": 67.172, "2015-06-30": 67.23, "2015-03-31": "42.35800", "2014-12-31": 81.443, "2014-09-30": 88.637, "2014-06-30": 78.243, "2014-03-31": "41.91800", "2013-12-31": 95.427, "2013-09-30": 79.629, "2013-06-30": 50.979, "2013-03-31": "5.26400", "2012-12-31": 55.486, "2012-09-30": 49.894, "2012-06-30": 62.922, "2012-03-31": "26.31600", "2011-12-31": 34.137, "2011-09-30": 22.447, "2011-06-30": 30.513, "2011-03-31": "7.26000", "2010-12-31": 39.961, "2010-09-30": 24.137, "2010-06-30": 45.359, "2010-03-31": "34.37700", "2009-12-31": 49.383, "2009-09-30": 98.473, "2009-06-30": -20.114, "2009-03-31": "-7.64100", "2008-12-31": 35.521, "2008-09-30": 62.916, "2008-06-30": 5.478, "2008-03-31": "-20.25000", "2007-12-31": 81.189, "2007-09-30": 46.149, "2007-06-30": 68.07, "2007-03-31": "38.92100", "2006-12-31": -1.914, "2006-09-30": 79.066, "2006-06-30": 89.443, "2006-03-31": "31.86800", "2005-12-31": -6.658, "2005-09-30": 73.835, "2005-06-30": 108.775, "2005-03-31": "62.43300"}, "Net Change In Property, Plant, And Equipment": {"2020-09-30": -23.317, "2020-06-30": -19.368, "2020-03-31": "-19.28400", "2019-12-31": -22.033, "2019-09-30": -25.733, "2019-06-30": -32.426, "2019-03-31": "-22.50300", "2018-12-31": -25.044, "2018-09-30": -17.747, "2018-06-30": -22.257, "2018-03-31": "-15.74700", "2017-12-31": -23.258, "2017-09-30": -17.144, "2017-06-30": -23.939, "2017-03-31": "-6.56200", "2016-12-31": -27.015, "2016-09-30": -10.57, "2016-06-30": -8.979, "2016-03-31": "-6.57100", "2015-12-31": -16.29, "2015-09-30": -13.837, "2015-06-30": -16.876, "2015-03-31": "-14.44500", "2014-12-31": -24.602, "2014-09-30": -16.258, "2014-06-30": -14.602, "2014-03-31": "-12.10900", "2013-12-31": -8.94, "2013-09-30": -17.743, "2013-06-30": -21.262, "2013-03-31": "-15.63500", "2012-12-31": -19.302, "2012-09-30": -17.199, "2012-06-30": -15.563, "2012-03-31": "-13.33000", "2011-12-31": -17.274, "2011-09-30": -12.176, "2011-06-30": -9.241, "2011-03-31": "-5.89100", "2010-12-31": -8.067, "2010-09-30": -7.605, "2010-06-30": -6.921, "2010-03-31": "-6.73700", "2009-12-31": -6.085, "2009-09-30": -6.06, "2009-06-30": -7.672, "2009-03-31": "-6.52500", "2008-12-31": -7.128, "2008-09-30": -8.764, "2008-06-30": -9.314, "2008-03-31": "-7.46800", "2007-12-31": -11.23, "2007-09-30": -9.613, "2007-06-30": -10.813, "2007-03-31": "-9.72700", "2006-12-31": -1.204, "2006-09-30": -13.461, "2006-06-30": -13.88, "2006-03-31": "-12.22700", "2005-12-31": 7.127, "2005-09-30": -19.303, "2005-06-30": -12.917, "2005-03-31": "-13.47000"}, "Net Change In Intangible Assets": {"2020-09-30": 0, "2020-06-30": 0, "2020-03-31": "", "2019-12-31": 0, "2019-09-30": 0, "2019-06-30": 0, "2019-03-31": "", "2018-12-31": 0, "2018-09-30": 0, "2018-06-30": 0, "2018-03-31": "", "2017-12-31": 0, "2017-09-30": 0, "2017-06-30": 0, "2017-03-31": "", "2016-12-31": 0, "2016-09-30": 0, "2016-06-30": 0, "2016-03-31": "", "2015-12-31": 0, "2015-09-30": 0, "2015-06-30": 0, "2015-03-31": "", "2014-12-31": 0, "2014-09-30": 0, "2014-06-30": 0, "2014-03-31": "", "2013-12-31": 0, "2013-09-30": 0, "2013-06-30": 0, "2013-03-31": "", "2012-12-31": 0, "2012-09-30": 0, "2012-06-30": 0, "2012-03-31": "", "2011-12-31": 0, "2011-09-30": 0, "2011-06-30": 0, "2011-03-31": "", "2010-12-31": 0, "2010-09-30": 0, "2010-06-30": 0, "2010-03-31": "", "2009-12-31": 0, "2009-09-30": 0, "2009-06-30": 0, "2009-03-31": "", "2008-12-31": 0, "2008-09-30": 0, "2008-06-30": 0, "2008-03-31": "", "2007-12-31": 0, "2007-09-30": 0, "2007-06-30": 0, "2007-03-31": "", "2006-12-31": 0, "2006-09-30": 0, "2006-06-30": 0, "2006-03-31": "", "2005-12-31": 0, "2005-09-30": 0, "2005-06-30": 0, "2005-03-31": ""}, "Net Acquisitions/Divestitures": {"2020-09-30": -0.948, "2020-06-30": -0.735, "2020-03-31": "-265.16000", "2019-12-31": 12.148, "2019-09-30": -0.24, "2019-06-30": 0, "2019-03-31": "-1.02500", "2018-12-31": -94.597, "2018-09-30": -0.1, "2018-06-30": -18.766, "2018-03-31": "-3.68400", "2017-12-31": -751.241, "2017-09-30": -17.252, "2017-06-30": -17.935, "2017-03-31": "-975.52400", "2016-12-31": 10.201, "2016-09-30": -10.923, "2016-06-30": -3.117, "2016-03-31": "", "2015-12-31": -29.949, "2015-09-30": -25.892, "2015-06-30": -30.184, "2015-03-31": "-7.37500", "2014-12-31": -11.991, "2014-09-30": 0, "2014-06-30": -1.213, "2014-03-31": "-27.32200", "2013-12-31": -268.558, "2013-09-30": -3.496, "2013-06-30": -38.454, "2013-03-31": "1.50000", "2012-12-31": -313.692, "2012-09-30": 49.45, "2012-06-30": -38.542, "2012-03-31": "", "2011-12-31": 281.067, "2011-09-30": -0.011, "2011-06-30": -0.684, "2011-03-31": "71.03000", "2010-12-31": 105.607, "2010-09-30": 1.208, "2010-06-30": 49.984, "2010-03-31": "24.66900", "2009-12-31": -0.194, "2009-09-30": 14.411, "2009-06-30": 3.684, "2009-03-31": "295.77500", "2008-12-31": 2.783, "2008-09-30": 6.681, "2008-06-30": -5.733, "2008-03-31": "-0.35000", "2007-12-31": -1570.817, "2007-09-30": -0.746, "2007-06-30": 91.18, "2007-03-31": "8.18000", "2006-12-31": -33.035, "2006-09-30": 2.344, "2006-06-30": 0.899, "2006-03-31": "-9.96300", "2005-12-31": 7.861, "2005-09-30": 27.472, "2005-06-30": -4.673, "2005-03-31": "86.92000"}, "Net Change In Short-term Investments": {"2020-09-30": 0, "2020-06-30": 0, "2020-03-31": "", "2019-12-31": 0, "2019-09-30": 0, "2019-06-30": 0, "2019-03-31": "", "2018-12-31": 0, "2018-09-30": 0, "2018-06-30": 0, "2018-03-31": "", "2017-12-31": 0, "2017-09-30": 0, "2017-06-30": 0, "2017-03-31": "", "2016-12-31": 0, "2016-09-30": 0, "2016-06-30": 0, "2016-03-31": "", "2015-12-31": 0, "2015-09-30": 0, "2015-06-30": 0, "2015-03-31": "", "2014-12-31": 0, "2014-09-30": 0, "2014-06-30": 0, "2014-03-31": "", "2013-12-31": 0, "2013-09-30": 0, "2013-06-30": 0, "2013-03-31": "", "2012-12-31": 0, "2012-09-30": 0, "2012-06-30": 0, "2012-03-31": "", "2011-12-31": 0, "2011-09-30": 0, "2011-06-30": 0, "2011-03-31": "", "2010-12-31": 0, "2010-09-30": 0, "2010-06-30": 0, "2010-03-31": "", "2009-12-31": 0, "2009-09-30": 0, "2009-06-30": 0, "2009-03-31": "", "2008-12-31": 0, "2008-09-30": 0, "2008-06-30": 0, "2008-03-31": "", "2007-12-31": 0, "2007-09-30": 0, "2007-06-30": 0, "2007-03-31": "", "2006-12-31": 0, "2006-09-30": 0, "2006-06-30": 0, "2006-03-31": "", "2005-12-31": 0, "2005-09-30": 0, "2005-06-30": 0, "2005-03-31": ""}, "Net Change In Long-Term Investments": {"2020-09-30": 0, "2020-06-30": 0, "2020-03-31": "", "2019-12-31": 0, "2019-09-30": 0, "2019-06-30": 0, "2019-03-31": "", "2018-12-31": 0, "2018-09-30": 0, "2018-06-30": 0, "2018-03-31": "", "2017-12-31": 0, "2017-09-30": 0, "2017-06-30": 0, "2017-03-31": "", "2016-12-31": 0, "2016-09-30": 0, "2016-06-30": 0, "2016-03-31": "", "2015-12-31": 0, "2015-09-30": 0, "2015-06-30": 0, "2015-03-31": "", "2014-12-31": 0, "2014-09-30": 0.02, "2014-06-30": 0, "2014-03-31": "-0.06000", "2013-12-31": 0, "2013-09-30": 0, "2013-06-30": -0.05, "2013-03-31": "", "2012-12-31": 0, "2012-09-30": -0.08, "2012-06-30": 0, "2012-03-31": "", "2011-12-31": -0.15, "2011-09-30": 0, "2011-06-30": 0, "2011-03-31": "", "2010-12-31": 0, "2010-09-30": 0, "2010-06-30": 0, "2010-03-31": "", "2009-12-31": 0, "2009-09-30": 0, "2009-06-30": 0, "2009-03-31": "", "2008-12-31": 0, "2008-09-30": -0.07, "2008-06-30": -0.15, "2008-03-31": "-0.10000", "2007-12-31": 5.885, "2007-09-30": 0.291, "2007-06-30": -5.796, "2007-03-31": "0.06600", "2006-12-31": -0.405, "2006-09-30": 0.452, "2006-06-30": -0.146, "2006-03-31": "2.69600", "2005-12-31": -0.111, "2005-09-30": 0.184, "2005-06-30": -0.107, "2005-03-31": "0.09600"}, "Net Change In Investments - Total": {"2020-09-30": 0, "2020-06-30": 0, "2020-03-31": "", "2019-12-31": 0, "2019-09-30": 0, "2019-06-30": 0, "2019-03-31": "", "2018-12-31": 0, "2018-09-30": 0, "2018-06-30": 0, "2018-03-31": "", "2017-12-31": 0, "2017-09-30": 0, "2017-06-30": 0, "2017-03-31": "", "2016-12-31": 0, "2016-09-30": 0, "2016-06-30": 0, "2016-03-31": "", "2015-12-31": 0, "2015-09-30": 0, "2015-06-30": 0, "2015-03-31": "", "2014-12-31": 0, "2014-09-30": 0.02, "2014-06-30": 0, "2014-03-31": "-0.06000", "2013-12-31": 0, "2013-09-30": 0, "2013-06-30": -0.05, "2013-03-31": "", "2012-12-31": 0, "2012-09-30": -0.08, "2012-06-30": 0, "2012-03-31": "", "2011-12-31": -0.15, "2011-09-30": 0, "2011-06-30": 0, "2011-03-31": "", "2010-12-31": 0, "2010-09-30": 0, "2010-06-30": 0, "2010-03-31": "", "2009-12-31": 0, "2009-09-30": 0, "2009-06-30": 0, "2009-03-31": "", "2008-12-31": 0, "2008-09-30": -0.07, "2008-06-30": -0.15, "2008-03-31": "-0.10000", "2007-12-31": 5.885, "2007-09-30": 0.291, "2007-06-30": -5.796, "2007-03-31": "0.06600", "2006-12-31": -0.405, "2006-09-30": 0.452, "2006-06-30": -0.146, "2006-03-31": "2.69600", "2005-12-31": -0.111, "2005-09-30": 0.184, "2005-06-30": -0.107, "2005-03-31": "0.09600"}, "Investing Activities - Other": {"2020-09-30": 0, "2020-06-30": 9.986, "2020-03-31": "", "2019-12-31": 10.001, "2019-09-30": 0, "2019-06-30": 8.33, "2019-03-31": "", "2018-12-31": 1.548, "2018-09-30": 0, "2018-06-30": 0, "2018-03-31": "", "2017-12-31": 0, "2017-09-30": 0, "2017-06-30": 0, "2017-03-31": "", "2016-12-31": 0, "2016-09-30": 0, "2016-06-30": 0, "2016-03-31": "", "2015-12-31": 0, "2015-09-30": 0, "2015-06-30": 0, "2015-03-31": "", "2014-12-31": 0, "2014-09-30": 0, "2014-06-30": 0, "2014-03-31": "", "2013-12-31": 0, "2013-09-30": 0, "2013-06-30": 0, "2013-03-31": "", "2012-12-31": 0, "2012-09-30": 0, "2012-06-30": 0, "2012-03-31": "", "2011-12-31": 0, "2011-09-30": 0, "2011-06-30": 0, "2011-03-31": "", "2010-12-31": 0, "2010-09-30": 0, "2010-06-30": 0, "2010-03-31": "", "2009-12-31": 0, "2009-09-30": 0, "2009-06-30": 0, "2009-03-31": "", "2008-12-31": 0, "2008-09-30": 0, "2008-06-30": 0, "2008-03-31": "", "2007-12-31": 0, "2007-09-30": 0, "2007-06-30": 0, "2007-03-31": "", "2006-12-31": 0, "2006-09-30": 0, "2006-06-30": 0, "2006-03-31": "", "2005-12-31": 0, "2005-09-30": -4.728, "2005-06-30": 6.064, "2005-03-31": "-1.33600"}, "Cash Flow From Investing Activities": {"2020-09-30": -24.265, "2020-06-30": -10.117, "2020-03-31": "-284.44400", "2019-12-31": 0.116, "2019-09-30": -25.973, "2019-06-30": -24.096, "2019-03-31": "-23.52800", "2018-12-31": -118.093, "2018-09-30": -17.847, "2018-06-30": -41.023, "2018-03-31": "-19.43100", "2017-12-31": -774.499, "2017-09-30": -34.396, "2017-06-30": -41.874, "2017-03-31": "-982.08600", "2016-12-31": -16.814, "2016-09-30": -21.493, "2016-06-30": -12.096, "2016-03-31": "-6.57100", "2015-12-31": -46.239, "2015-09-30": -39.729, "2015-06-30": -47.06, "2015-03-31": "-21.82000", "2014-12-31": -36.593, "2014-09-30": -16.238, "2014-06-30": -15.815, "2014-03-31": "-39.49100", "2013-12-31": -277.498, "2013-09-30": -21.239, "2013-06-30": -59.766, "2013-03-31": "-14.13500", "2012-12-31": -332.994, "2012-09-30": 32.171, "2012-06-30": -54.105, "2012-03-31": "-13.33000", "2011-12-31": 263.643, "2011-09-30": -12.187, "2011-06-30": -9.925, "2011-03-31": "65.13900", "2010-12-31": 97.54, "2010-09-30": -6.397, "2010-06-30": 43.063, "2010-03-31": "17.93200", "2009-12-31": -6.279, "2009-09-30": 8.351, "2009-06-30": -3.988, "2009-03-31": "289.25000", "2008-12-31": -4.345, "2008-09-30": -2.153, "2008-06-30": -15.197, "2008-03-31": "-7.91800", "2007-12-31": -1576.162, "2007-09-30": -10.068, "2007-06-30": 74.571, "2007-03-31": "-1.48100", "2006-12-31": -34.644, "2006-09-30": -10.665, "2006-06-30": -13.127, "2006-03-31": "-19.49400", "2005-12-31": 14.877, "2005-09-30": 3.625, "2005-06-30": -11.633, "2005-03-31": "72.21000"}, "Net Long-Term Debt": {"2020-09-30": -285, "2020-06-30": 25, "2020-03-31": "485.00000", "2019-12-31": -93, "2019-09-30": -133, "2019-06-30": -27.5, "2019-03-31": "", "2018-12-31": 5, "2018-09-30": -80, "2018-06-30": 0, "2018-03-31": "-18.50000", "2017-12-31": 8, "2017-09-30": 249.697, "2017-06-30": -90.022, "2017-03-31": "1056.24900", "2016-12-31": -0.078, "2016-09-30": -51.308, "2016-06-30": 8.53, "2016-03-31": "-0.00900", "2015-12-31": -0.13, "2015-09-30": -52.646, "2015-06-30": 7.171, "2015-03-31": "29.94800", "2014-12-31": -0.093, "2014-09-30": -0.009, "2014-06-30": -230, "2014-03-31": "", "2013-12-31": 298, "2013-09-30": 7, "2013-06-30": 0, "2013-03-31": "", "2012-12-31": 0, "2012-09-30": 0, "2012-06-30": 0, "2012-03-31": "", "2011-12-31": 0, "2011-09-30": 0, "2011-06-30": 125, "2011-03-31": "-65.80000", "2010-12-31": -165.8, "2010-09-30": 3.4, "2010-06-30": -13.08, "2010-03-31": "-51.09000", "2009-12-31": -57.34, "2009-09-30": -51.072, "2009-06-30": 0, "2009-03-31": "-239.17800", "2008-12-31": -25.445, "2008-09-30": -69.362, "2008-06-30": -25.562, "2008-03-31": "-13.42100", "2007-12-31": 1138.095, "2007-09-30": 18.668, "2007-06-30": -0.036, "2007-03-31": "-0.11800", "2006-12-31": -21.629, "2006-09-30": -15.127, "2006-06-30": -12.129, "2006-03-31": "-6.14600", "2005-12-31": -99.795, "2005-09-30": -7.564, "2005-06-30": -29.357, "2005-03-31": "-24.41100"}, "Net Current Debt": {"2020-09-30": 0, "2020-06-30": 0, "2020-03-31": "", "2019-12-31": 0, "2019-09-30": 0, "2019-06-30": 0, "2019-03-31": "", "2018-12-31": 0, "2018-09-30": 0, "2018-06-30": 0, "2018-03-31": "", "2017-12-31": 0, "2017-09-30": 0, "2017-06-30": 0, "2017-03-31": "", "2016-12-31": 0, "2016-09-30": 0, "2016-06-30": 0, "2016-03-31": "", "2015-12-31": 0, "2015-09-30": 0, "2015-06-30": 0, "2015-03-31": "", "2014-12-31": 0, "2014-09-30": 0, "2014-06-30": 0, "2014-03-31": "", "2013-12-31": 0, "2013-09-30": 0, "2013-06-30": 0, "2013-03-31": "", "2012-12-31": 0, "2012-09-30": 0.001, "2012-06-30": -0.421, "2012-03-31": "-0.28600", "2011-12-31": -24.714, "2011-09-30": 0, "2011-06-30": 0, "2011-03-31": "", "2010-12-31": -5, "2010-09-30": -5, "2010-06-30": 0, "2010-03-31": "39.70000", "2009-12-31": -0.616, "2009-09-30": -0.185, "2009-06-30": 0.008, "2009-03-31": "-0.65900", "2008-12-31": -2.878, "2008-09-30": 3.726, "2008-06-30": -11.499, "2008-03-31": "10.15900", "2007-12-31": 11.984, "2007-09-30": -2.238, "2007-06-30": 0.7, "2007-03-31": "-9.12500", "2006-12-31": 0.877, "2006-09-30": -13.747, "2006-06-30": -11.056, "2006-03-31": "-35.98600", "2005-12-31": 64.45, "2005-09-30": 7.166, "2005-06-30": -9.949, "2005-03-31": "-43.57500"}, "Debt Issuance/Retirement Net - Total": {"2020-09-30": -285, "2020-06-30": 25, "2020-03-31": "485.00000", "2019-12-31": -93, "2019-09-30": -133, "2019-06-30": -27.5, "2019-03-31": "", "2018-12-31": 5, "2018-09-30": -80, "2018-06-30": 0, "2018-03-31": "-18.50000", "2017-12-31": 8, "2017-09-30": 249.697, "2017-06-30": -90.022, "2017-03-31": "1056.24900", "2016-12-31": -0.078, "2016-09-30": -51.308, "2016-06-30": 8.53, "2016-03-31": "-0.00900", "2015-12-31": -0.13, "2015-09-30": -52.646, "2015-06-30": 7.171, "2015-03-31": "29.94800", "2014-12-31": -0.093, "2014-09-30": -0.009, "2014-06-30": -230, "2014-03-31": "", "2013-12-31": 298, "2013-09-30": 7, "2013-06-30": 0, "2013-03-31": "", "2012-12-31": 0, "2012-09-30": 0.001, "2012-06-30": -0.421, "2012-03-31": "-0.28600", "2011-12-31": -24.714, "2011-09-30": 0, "2011-06-30": 125, "2011-03-31": "-65.80000", "2010-12-31": -170.8, "2010-09-30": -1.6, "2010-06-30": -13.08, "2010-03-31": "-11.39000", "2009-12-31": -57.956, "2009-09-30": -51.257, "2009-06-30": 0.008, "2009-03-31": "-239.83700", "2008-12-31": -28.323, "2008-09-30": -65.636, "2008-06-30": -37.061, "2008-03-31": "-3.26200", "2007-12-31": 1150.079, "2007-09-30": 16.43, "2007-06-30": 0.664, "2007-03-31": "-9.24300", "2006-12-31": -20.752, "2006-09-30": -28.874, "2006-06-30": -23.185, "2006-03-31": "-42.13200", "2005-12-31": -35.345, "2005-09-30": -0.398, "2005-06-30": -39.306, "2005-03-31": "-67.98600"}, "Net Common Equity Issued/Repurchased": {"2020-09-30": 0, "2020-06-30": 0, "2020-03-31": "", "2019-12-31": 0, "2019-09-30": 0, "2019-06-30": 0, "2019-03-31": "", "2018-12-31": 0, "2018-09-30": 0, "2018-06-30": 0, "2018-03-31": "", "2017-12-31": 0, "2017-09-30": 0, "2017-06-30": 0, "2017-03-31": "", "2016-12-31": 9.068, "2016-09-30": 0, "2016-06-30": 0, "2016-03-31": "", "2015-12-31": 0, "2015-09-30": 0, "2015-06-30": 0, "2015-03-31": "", "2014-12-31": 0, "2014-09-30": 0, "2014-06-30": 0, "2014-03-31": "", "2013-12-31": -4.74, "2013-09-30": 0.848, "2013-06-30": -1.263, "2013-03-31": "5.15500", "2012-12-31": -7.714, "2012-09-30": 3.623, "2012-06-30": 2.497, "2012-03-31": "1.59400", "2011-12-31": 1.079, "2011-09-30": 2.353, "2011-06-30": 23.813, "2011-03-31": "6.76400", "2010-12-31": 2.187, "2010-09-30": 0.438, "2010-06-30": 4.362, "2010-03-31": "3.67000", "2009-12-31": 0.803, "2009-09-30": 0.383, "2009-06-30": 0, "2009-03-31": "0.36700", "2008-12-31": 0.238, "2008-09-30": 2.131, "2008-06-30": 3.984, "2008-03-31": "1.60200", "2007-12-31": 1.004, "2007-09-30": 2.708, "2007-06-30": 16.81, "2007-03-31": "3.64900", "2006-12-31": 3.013, "2006-09-30": -70.277, "2006-06-30": -0.065, "2006-03-31": "-14.27100", "2005-12-31": -5.273, "2005-09-30": -29.527, "2005-06-30": 6.375, "2005-03-31": "5.08000"}, "Net Total Equity Issued/Repurchased": {"2020-09-30": 0, "2020-06-30": 0, "2020-03-31": "", "2019-12-31": 0, "2019-09-30": 0, "2019-06-30": 0, "2019-03-31": "", "2018-12-31": 0, "2018-09-30": 0, "2018-06-30": 0, "2018-03-31": "", "2017-12-31": 0, "2017-09-30": 0, "2017-06-30": 0, "2017-03-31": "", "2016-12-31": 9.068, "2016-09-30": 0, "2016-06-30": 0, "2016-03-31": "", "2015-12-31": 0, "2015-09-30": 0, "2015-06-30": 0, "2015-03-31": "", "2014-12-31": 0, "2014-09-30": 0, "2014-06-30": 0, "2014-03-31": "", "2013-12-31": -4.74, "2013-09-30": 0.848, "2013-06-30": -1.263, "2013-03-31": "5.15500", "2012-12-31": -7.714, "2012-09-30": 3.623, "2012-06-30": 2.497, "2012-03-31": "1.59400", "2011-12-31": 1.079, "2011-09-30": 2.353, "2011-06-30": 23.813, "2011-03-31": "6.76400", "2010-12-31": 2.187, "2010-09-30": 0.438, "2010-06-30": 4.362, "2010-03-31": "3.67000", "2009-12-31": 0.803, "2009-09-30": 0.383, "2009-06-30": 0, "2009-03-31": "0.36700", "2008-12-31": 0.238, "2008-09-30": 2.131, "2008-06-30": 3.984, "2008-03-31": "1.60200", "2007-12-31": 1.004, "2007-09-30": 2.708, "2007-06-30": 16.81, "2007-03-31": "3.64900", "2006-12-31": 3.013, "2006-09-30": -70.277, "2006-06-30": -0.065, "2006-03-31": "-14.27100", "2005-12-31": -5.273, "2005-09-30": -29.527, "2005-06-30": 6.375, "2005-03-31": "5.08000"}, "Total Common And Preferred Stock Dividends Paid": {"2020-09-30": -15.826, "2020-06-30": -15.791, "2020-03-31": "-15.76700", "2019-12-31": -15.757, "2019-09-30": -15.724, "2019-06-30": -15.697, "2019-03-31": "-15.65000", "2018-12-31": -15.639, "2018-09-30": -15.588, "2018-06-30": -15.491, "2018-03-31": "-15.44700", "2017-12-31": -15.332, "2017-09-30": -15.315, "2017-06-30": -15.303, "2017-03-31": "-15.28700", "2016-12-31": -14.98, "2016-09-30": -14.982, "2016-06-30": -14.819, "2016-03-31": "-14.17900", "2015-12-31": -14.15, "2015-09-30": -14.148, "2015-06-30": -14.116, "2015-03-31": "-14.11800", "2014-12-31": -14.084, "2014-09-30": -14.081, "2014-06-30": -14.042, "2014-03-31": "-14.05100", "2013-12-31": -14.002, "2013-09-30": -13.971, "2013-06-30": -13.98, "2013-03-31": "-13.96400", "2012-12-31": -13.928, "2012-09-30": -13.905, "2012-06-30": -13.89, "2012-03-31": "-13.86600", "2011-12-31": -13.858, "2011-09-30": -13.84, "2011-06-30": -13.824, "2011-03-31": "-13.61400", "2010-12-31": -13.608, "2010-09-30": -13.584, "2010-06-30": -13.584, "2010-03-31": "-13.53600", "2009-12-31": -13.501, "2009-09-30": -13.507, "2009-06-30": -13.503, "2009-03-31": "-13.51100", "2008-12-31": -13.479, "2008-09-30": -13.482, "2008-06-30": -13.464, "2008-03-31": "-12.62200", "2007-12-31": -12.608, "2007-09-30": -12.61, "2007-06-30": -12.599, "2007-03-31": "-11.11200", "2006-12-31": -11.09, "2006-09-30": -11.397, "2006-06-30": -11.496, "2006-03-31": "-10.11300", "2005-12-31": -10.12, "2005-09-30": -10.103, "2005-06-30": -10.179, "2005-03-31": "-8.91800"}, "Financial Activities - Other": {"2020-09-30": 4.608, "2020-06-30": -2.103, "2020-03-31": "-63.90300", "2019-12-31": 0.448, "2019-09-30": 5.846, "2019-06-30": -0.091, "2019-03-31": "-108.71100", "2018-12-31": 3.906, "2018-09-30": -1.712, "2018-06-30": -54.197, "2018-03-31": "1.23500", "2017-12-31": -6.808, "2017-09-30": 3.342, "2017-06-30": 1.736, "2017-03-31": "-19.69800", "2016-12-31": -14.796, "2016-09-30": -9.417, "2016-06-30": -4.841, "2016-03-31": "3.11900", "2015-12-31": -0.385, "2015-09-30": -4.285, "2015-06-30": -4.446, "2015-03-31": "-4.27800", "2014-12-31": 0.504, "2014-09-30": 0.131, "2014-06-30": -2.211, "2014-03-31": "0.23300", "2013-12-31": 5.555, "2013-09-30": -13.245, "2013-06-30": -3.044, "2013-03-31": "-7.17900", "2012-12-31": -2.428, "2012-09-30": 0, "2012-06-30": -6.93, "2012-03-31": "", "2011-12-31": -5.955, "2011-09-30": 0.548, "2011-06-30": -4.22, "2011-03-31": "-14.83800", "2010-12-31": -17.696, "2010-09-30": -76.641, "2010-06-30": -0.637, "2010-03-31": "", "2009-12-31": 0.295, "2009-09-30": -0.407, "2009-06-30": 0, "2009-03-31": "-0.29500", "2008-12-31": -0.656, "2008-09-30": -0.297, "2008-06-30": 0, "2008-03-31": "-0.44200", "2007-12-31": -0.495, "2007-09-30": -21.259, "2007-06-30": 0, "2007-03-31": "", "2006-12-31": 0.489, "2006-09-30": -0.618, "2006-06-30": 0, "2006-03-31": "", "2005-12-31": -48.509, "2005-09-30": -4.96, "2005-06-30": -5.155, "2005-03-31": "-3.92000"}, "Cash Flow From Financial Activities": {"2020-09-30": -296.218, "2020-06-30": 7.106, "2020-03-31": "405.33000", "2019-12-31": -108.309, "2019-09-30": -142.878, "2019-06-30": -43.288, "2019-03-31": "-124.36100", "2018-12-31": -6.733, "2018-09-30": -97.3, "2018-06-30": -69.688, "2018-03-31": "-32.71200", "2017-12-31": -14.14, "2017-09-30": 237.724, "2017-06-30": -103.589, "2017-03-31": "1021.26400", "2016-12-31": -20.786, "2016-09-30": -75.707, "2016-06-30": -11.13, "2016-03-31": "-11.06900", "2015-12-31": -14.665, "2015-09-30": -71.079, "2015-06-30": -11.391, "2015-03-31": "11.55200", "2014-12-31": -13.673, "2014-09-30": -13.959, "2014-06-30": -246.253, "2014-03-31": "-13.81800", "2013-12-31": 284.813, "2013-09-30": -19.368, "2013-06-30": -18.287, "2013-03-31": "-15.98800", "2012-12-31": -24.07, "2012-09-30": -10.281, "2012-06-30": -18.744, "2012-03-31": "-12.55800", "2011-12-31": -43.448, "2011-09-30": -10.939, "2011-06-30": 130.769, "2011-03-31": "-87.48800", "2010-12-31": -199.917, "2010-09-30": -91.387, "2010-06-30": -22.939, "2010-03-31": "-21.25600", "2009-12-31": -70.359, "2009-09-30": -64.788, "2009-06-30": -13.495, "2009-03-31": "-253.27600", "2008-12-31": -42.22, "2008-09-30": -77.284, "2008-06-30": -46.541, "2008-03-31": "-14.72400", "2007-12-31": 1137.98, "2007-09-30": -14.731, "2007-06-30": 4.875, "2007-03-31": "-16.70600", "2006-12-31": -28.34, "2006-09-30": -111.166, "2006-06-30": -34.746, "2006-03-31": "-66.51600", "2005-12-31": -99.247, "2005-09-30": -44.988, "2005-06-30": -48.265, "2005-03-31": "-75.74400"}, "Net Cash Flow": {"2020-09-30": -206.055, "2020-06-30": 147.058, "2020-03-31": "105.39400", "2019-12-31": 43.539, "2019-09-30": -46.352, "2019-06-30": 32.684, "2019-03-31": "-85.94900", "2018-12-31": 0.885, "2018-09-30": 9.972, "2018-06-30": -32.568, "2018-03-31": "45.31400", "2017-12-31": -684.015, "2017-09-30": 341.359, "2017-06-30": -12.915, "2017-03-31": "145.34000", "2016-12-31": 44.33, "2016-09-30": 22.969, "2016-06-30": 83.932, "2016-03-31": "54.19200", "2015-12-31": 61.903, "2015-09-30": -48.547, "2015-06-30": 16.251, "2015-03-31": "5.52300", "2014-12-31": 16.854, "2014-09-30": 49, "2014-06-30": -184.267, "2014-03-31": "-10.33500", "2013-12-31": 105.547, "2013-09-30": 45.019, "2013-06-30": -25.136, "2013-03-31": "-30.48500", "2012-12-31": -297.79, "2012-09-30": 89.838, "2012-06-30": -45.93, "2012-03-31": "6.83300", "2011-12-31": 212.389, "2011-09-30": 5.89, "2011-06-30": 163.511, "2011-03-31": "-6.15400", "2010-12-31": -39.305, "2010-09-30": -39.372, "2010-06-30": 76.41, "2010-03-31": "22.41400", "2009-12-31": 29.516, "2009-09-30": 44.519, "2009-06-30": -28.781, "2009-03-31": "35.77600", "2008-12-31": 15.878, "2008-09-30": -11.845, "2008-06-30": -50.865, "2008-03-31": "-47.23500", "2007-12-31": -296.382, "2007-09-30": 53.056, "2007-06-30": 189.991, "2007-03-31": "6.26800", "2006-12-31": 45.984, "2006-09-30": -38.511, "2006-06-30": 52.081, "2006-03-31": "-50.68100", "2005-12-31": -6.542, "2005-09-30": 33.622, "2005-06-30": 47.05, "2005-03-31": "49.45100"}, "Stock-Based Compensation": {"2020-09-30": 6.277, "2020-06-30": 4.96, "2020-03-31": "3.52200", "2019-12-31": 6.903, "2019-09-30": 7.337, "2019-06-30": 6.919, "2019-03-31": "5.78100", "2018-12-31": 5.969, "2018-09-30": 5.732, "2018-06-30": 5.95, "2018-03-31": "4.78700", "2017-12-31": 4.888, "2017-09-30": 4.985, "2017-06-30": 5.294, "2017-03-31": "4.24000", "2016-12-31": 4.331, "2016-09-30": 4.591, "2016-06-30": 4.512, "2016-03-31": "3.43700", "2015-12-31": 4.088, "2015-09-30": 3.253, "2015-06-30": 3.294, "2015-03-31": "3.83200", "2014-12-31": 3.102, "2014-09-30": 3.399, "2014-06-30": 2.652, "2014-03-31": "3.07400", "2013-12-31": 3.445, "2013-09-30": 2.66, "2013-06-30": 2.975, "2013-03-31": "2.79100", "2012-12-31": 2.453, "2012-09-30": 2.167, "2012-06-30": 2.284, "2012-03-31": "1.71900", "2011-12-31": 2.053, "2011-09-30": 1.514, "2011-06-30": 2.056, "2011-03-31": "-1.09100", "2010-12-31": 1.575, "2010-09-30": 2.626, "2010-06-30": 2.625, "2010-03-31": "1.69500", "2009-12-31": 1.165, "2009-09-30": 2.611, "2009-06-30": 1.849, "2009-03-31": "2.15100", "2008-12-31": 1.672, "2008-09-30": 2.206, "2008-06-30": 2.444, "2008-03-31": "1.79700", "2007-12-31": 0.948, "2007-09-30": 2.199, "2007-06-30": 2.182, "2007-03-31": "2.02300", "2006-12-31": 5.858, "2006-09-30": 0, "2006-06-30": 0, "2006-03-31": "", "2005-12-31": 0, "2005-09-30": 0, "2005-06-30": 0, "2005-03-31": ""}, "Common Stock Dividends Paid": {"2020-09-30": -15.826, "2020-06-30": -15.791, "2020-03-31": "-15.76700", "2019-12-31": -15.757, "2019-09-30": -15.724, "2019-06-30": -15.697, "2019-03-31": "-15.65000", "2018-12-31": -15.639, "2018-09-30": -15.588, "2018-06-30": -15.491, "2018-03-31": "-15.44700", "2017-12-31": -15.332, "2017-09-30": -15.315, "2017-06-30": -15.303, "2017-03-31": "-15.28700", "2016-12-31": -14.98, "2016-09-30": -14.982, "2016-06-30": -14.819, "2016-03-31": "-14.17900", "2015-12-31": -14.15, "2015-09-30": -14.148, "2015-06-30": -14.116, "2015-03-31": "-14.11800", "2014-12-31": -14.084, "2014-09-30": -14.081, "2014-06-30": -14.042, "2014-03-31": "-14.05100", "2013-12-31": -14.002, "2013-09-30": -13.971, "2013-06-30": -13.98, "2013-03-31": "-13.96400", "2012-12-31": -13.928, "2012-09-30": -13.905, "2012-06-30": -13.89, "2012-03-31": "-13.86600", "2011-12-31": -13.858, "2011-09-30": -13.84, "2011-06-30": -13.824, "2011-03-31": "-13.61400", "2010-12-31": -13.608, "2010-09-30": -13.584, "2010-06-30": -13.584, "2010-03-31": "-13.53600", "2009-12-31": -13.501, "2009-09-30": -13.507, "2009-06-30": -13.503, "2009-03-31": "-13.51100", "2008-12-31": -13.479, "2008-09-30": -13.482, "2008-06-30": -13.464, "2008-03-31": "-12.62200", "2007-12-31": -12.608, "2007-09-30": -12.61, "2007-06-30": -12.599, "2007-03-31": "-11.11200", "2006-12-31": -11.09, "2006-09-30": -11.397, "2006-06-30": -11.496, "2006-03-31": "-10.11300", "2005-12-31": -10.12, "2005-09-30": -10.103, "2005-06-30": -10.179, "2005-03-31": "-8.91800"}}, "financial ratios": {"Current Ratio": {"2019-12-31": "2.32010", "2018-12-31": "2.12230", "2017-12-31": "2.33280", "2016-12-31": "2.76720", "2015-12-31": "1.51150", "2014-12-31": "1.57390", "2013-12-31": "1.89030", "2012-12-31": "3.89840", "2011-12-31": "4.72410", "2010-12-31": "2.18940", "2009-12-31": "2.97810", "2008-12-31": "1.82030", "2007-12-31": "1.54570", "2006-12-31": "2.54210", "2005-12-31": "1.98370"}, "Long-term Debt / Capital": {"2019-12-31": "0.38420", "2018-12-31": "0.44930", "2017-12-31": "0.47090", "2016-12-31": "0.28500", "2015-12-31": "0.24190", "2014-12-31": "0.26780", "2013-12-31": "0.32680", "2012-12-31": "0.35140", "2011-12-31": "0.32500", "2010-12-31": "0.31280", "2009-12-31": "0.42930", "2008-12-31": "0.52780", "2007-12-31": "0.53690", "2006-12-31": "0.29070", "2005-12-31": "0.30670"}, "Debt/Equity Ratio": {"2019-12-31": "0.64070", "2018-12-31": "0.84990", "2017-12-31": "0.92550", "2016-12-31": "0.48430", "2015-12-31": "0.52670", "2014-12-31": "0.55830", "2013-12-31": "0.67130", "2012-12-31": "0.54450", "2011-12-31": "0.48410", "2010-12-31": "0.51310", "2009-12-31": "0.75490", "2008-12-31": "1.20260", "2007-12-31": "1.26750", "2006-12-31": "0.43580", "2005-12-31": "0.55230"}, "Gross Margin": {"2019-12-31": "57.47220", "2018-12-31": "56.54520", "2017-12-31": "54.59630", "2016-12-31": "53.32900", "2015-12-31": "52.18590", "2014-12-31": "51.22360", "2013-12-31": "49.45820", "2012-12-31": "48.24120", "2011-12-31": "47.48840", "2010-12-31": "48.56750", "2009-12-31": "47.77670", "2008-12-31": "41.91880", "2007-12-31": "37.57070", "2006-12-31": "34.60810", "2005-12-31": "33.10840"}, "Operating Margin": {"2019-12-31": "16.46220", "2018-12-31": "13.13950", "2017-12-31": "17.34510", "2016-12-31": "17.10110", "2015-12-31": "17.45550", "2014-12-31": "15.48310", "2013-12-31": "13.75140", "2012-12-31": "-6.29960", "2011-12-31": "15.42030", "2010-12-31": "16.45170", "2009-12-31": "17.43890", "2008-12-31": "12.48180", "2007-12-31": "9.18100", "2006-12-31": "11.11140", "2005-12-31": "10.23340"}, "EBIT Margin": {"2019-12-31": "16.46220", "2018-12-31": "13.13950", "2017-12-31": "17.34510", "2016-12-31": "17.10110", "2015-12-31": "17.45550", "2014-12-31": "15.48310", "2013-12-31": "13.75140", "2012-12-31": "-6.29960", "2011-12-31": "15.42030", "2010-12-31": "16.45170", "2009-12-31": "17.43890", "2008-12-31": "12.48180", "2007-12-31": "9.18100", "2006-12-31": "11.11140", "2005-12-31": "10.23340"}, "EBITDA Margin": {"2019-12-31": "24.87600", "2018-12-31": "21.90910", "2017-12-31": "24.81560", "2016-12-31": "23.97180", "2015-12-31": "24.38130", "2014-12-31": "22.38750", "2013-12-31": "20.11450", "2012-12-31": "21.23170", "2011-12-31": "21.88560", "2010-12-31": "22.87220", "2009-12-31": "24.08580", "2008-12-31": "18.02240", "2007-12-31": "13.72540", "2006-12-31": "14.67760", "2005-12-31": "14.30130"}, "Pre-Tax Profit Margin": {"2019-12-31": "13.09660", "2018-12-31": "8.97030", "2017-12-31": "13.27450", "2016-12-31": "13.15430", "2015-12-31": "13.51870", "2014-12-31": "11.96360", "2013-12-31": "10.35980", "2012-12-31": "-10.66200", "2011-12-31": "9.72180", "2010-12-31": "7.48290", "2009-12-31": "11.39920", "2008-12-31": "6.25710", "2007-12-31": "4.96980", "2006-12-31": "9.00270", "2005-12-31": "8.59720"}, "Net Profit Margin": {"2019-12-31": "17.78040", "2018-12-31": "8.20140", "2017-12-31": "7.10660", "2016-12-31": "12.70740", "2015-12-31": "13.53070", "2014-12-31": "10.20090", "2013-12-31": "8.89490", "2012-12-31": "-12.25380", "2011-12-31": "21.66320", "2010-12-31": "14.38730", "2009-12-31": "21.11630", "2008-12-31": "6.26410", "2007-12-31": "9.30010", "2006-12-31": "8.24630", "2005-12-31": "8.88790"}, "Asset Turnover": {"2019-12-31": "0.41130", "2018-12-31": "0.39000", "2017-12-31": "0.34720", "2016-12-31": "0.48010", "2015-12-31": "0.46740", "2014-12-31": "0.46900", "2013-12-31": "0.40300", "2012-12-31": "0.41540", "2011-12-31": "0.38030", "2010-12-31": "0.38370", "2009-12-31": "0.37380", "2008-12-31": "0.48690", "2007-12-31": "0.37610", "2006-12-31": "0.71600", "2005-12-31": "0.65000"}, "Inventory Turnover Ratio": {"2019-12-31": "2.31610", "2018-12-31": "2.48710", "2017-12-31": "2.46250", "2016-12-31": "2.75750", "2015-12-31": "2.61990", "2014-12-31": "2.67410", "2013-12-31": "2.56980", "2012-12-31": "2.48270", "2011-12-31": "2.62320", "2010-12-31": "2.12310", "2009-12-31": "2.07660", "2008-12-31": "2.61520", "2007-12-31": "2.34580", "2006-12-31": "2.65860", "2005-12-31": "2.58430"}, "Receiveable Turnover": {"2019-12-31": "6.19900", "2018-12-31": "6.68430", "2017-12-31": "6.20540", "2016-12-31": "6.86790", "2015-12-31": "6.89630", "2014-12-31": "6.72200", "2013-12-31": "5.74440", "2012-12-31": "5.20510", "2011-12-31": "5.21450", "2010-12-31": "4.75100", "2009-12-31": "3.92000", "2008-12-31": "5.79650", "2007-12-31": "4.60600", "2006-12-31": "4.49200", "2005-12-31": "3.70780"}, "Days Sales In Receivables": {"2019-12-31": "58.88030", "2018-12-31": "54.60520", "2017-12-31": "58.81950", "2016-12-31": "53.14560", "2015-12-31": "52.92720", "2014-12-31": "54.29950", "2013-12-31": "63.53990", "2012-12-31": "70.12290", "2011-12-31": "69.99700", "2010-12-31": "76.82610", "2009-12-31": "93.11120", "2008-12-31": "62.96870", "2007-12-31": "79.24440", "2006-12-31": "81.25550", "2005-12-31": "98.44030"}, "ROE - Return On Equity": {"2019-12-31": "15.50630", "2018-12-31": "7.73360", "2017-12-31": "6.38800", "2016-12-31": "11.11810", "2015-12-31": "11.77510", "2014-12-31": "10.00470", "2013-12-31": "7.94270", "2012-12-31": "-10.20370", "2011-12-31": "6.01790", "2010-12-31": "4.90530", "2009-12-31": "7.98630", "2008-12-31": "6.35420", "2007-12-31": "-2.38210", "2006-12-31": "8.07860", "2005-12-31": "7.67450"}, "Return On Tangible Equity": {"2019-12-31": "-32.48200", "2018-12-31": "-9.66860", "2017-12-31": "-7.09350", "2016-12-31": "-102.93890", "2015-12-31": "-48.85320", "2014-12-31": "-30.55670", "2013-12-31": "-21.93520", "2012-12-31": "35.24910", "2011-12-31": "-35.56060", "2010-12-31": "-15.28310", "2009-12-31": "-14.96420", "2008-12-31": "-6.38800", "2007-12-31": "2.28620", "2006-12-31": "23.08780", "2005-12-31": "23.17560"}, "ROA - Return On Assets": {"2019-12-31": "7.32160", "2018-12-31": "3.12890", "2017-12-31": "2.51170", "2016-12-31": "6.10740", "2015-12-31": "6.11630", "2014-12-31": "4.88070", "2013-12-31": "3.61570", "2012-12-31": "-4.86870", "2011-12-31": "3.04070", "2010-12-31": "2.40650", "2009-12-31": "3.29740", "2008-12-31": "2.08080", "2007-12-31": "-0.75590", "2006-12-31": "4.06900", "2005-12-31": "3.64740"}, "ROI - Return On Investment": {"2019-12-31": "9.54850", "2018-12-31": "4.25900", "2017-12-31": "3.38010", "2016-12-31": "7.94930", "2015-12-31": "8.92620", "2014-12-31": "7.32530", "2013-12-31": "5.34720", "2012-12-31": "-6.61790", "2011-12-31": "4.06190", "2010-12-31": "3.37110", "2009-12-31": "4.55760", "2008-12-31": "3.00020", "2007-12-31": "-1.10310", "2006-12-31": "5.73050", "2005-12-31": "5.32060"}, "Book Value Per Share": {"2019-12-31": "64.27320", "2018-12-31": "55.19770", "2017-12-31": "53.81210", "2016-12-31": "48.49950", "2015-12-31": "48.33310", "2014-12-31": "46.18110", "2013-12-31": "46.52900", "2012-12-31": "41.33310", "2011-12-31": "46.19400", "2010-12-31": "44.68750", "2009-12-31": "39.87110", "2008-12-31": "30.61990", "2007-12-31": "33.68340", "2006-12-31": "30.48390", "2005-12-31": "28.29930"}, "Operating Cash Flow Per Share": {"2019-12-31": -0.015, "2018-12-31": 0.161, "2017-12-31": 0.518, "2016-12-31": 2.3033, "2015-12-31": 0.0684, "2014-12-31": 0.9521, "2013-12-31": 0.5305, "2012-12-31": 2.4506, "2011-12-31": -1.2583, "2010-12-31": 0.5636, "2009-12-31": 0.9069, "2008-12-31": -3.8684, "2007-12-31": 1.0057, "2006-12-31": -0.8571, "2005-12-31": 5.8202}, "Free Cash Flow Per Share": {"2019-12-31": -0.4695, "2018-12-31": -0.0459, "2017-12-31": 0.1138, "2016-12-31": 2.4668, "2015-12-31": 0.2438, "2014-12-31": 0.9531, "2013-12-31": 0.6759, "2012-12-31": 1.9428, "2011-12-31": -1.6228, "2010-12-31": 0.495, "2009-12-31": 1.0675, "2008-12-31": -3.6345, "2007-12-31": 0.9712, "2006-12-31": -0.9352, "2005-12-31": 4.8787}}, "financial ratios, quarterly": {"Current Ratio": {"2020-09-30": "2.98910", "2020-06-30": "3.38280", "2020-03-31": "3.59630", "2019-12-31": "2.32010", "2019-09-30": "2.33350", "2019-06-30": "2.52110", "2019-03-31": "2.27030", "2018-12-31": "2.12230", "2018-09-30": "2.25890", "2018-06-30": "2.20950", "2018-03-31": "2.18420", "2017-12-31": "2.33280", "2017-09-30": "4.71580", "2017-06-30": "3.74320", "2017-03-31": "3.55580", "2016-12-31": "2.76720", "2016-09-30": "2.57270", "2016-06-30": "2.74120", "2016-03-31": "1.60820", "2015-12-31": "1.51150", "2015-09-30": "1.57600", "2015-06-30": "1.66570", "2015-03-31": "1.61160", "2014-12-31": "1.57390", "2014-09-30": "1.59280", "2014-06-30": "1.59580", "2014-03-31": "1.93190", "2013-12-31": "1.89030", "2013-09-30": "4.14620", "2013-06-30": "4.01430", "2013-03-31": "4.04450", "2012-12-31": "3.89840", "2012-09-30": "5.19970", "2012-06-30": "5.14940", "2012-03-31": "4.80400", "2011-12-31": "4.72410", "2011-09-30": "3.08990", "2011-06-30": "3.15400", "2011-03-31": "2.70810", "2010-12-31": "2.18940", "2010-09-30": "2.24180", "2010-06-30": "3.22240", "2010-03-31": "3.05930", "2009-12-31": "2.97810", "2009-09-30": "2.90420", "2009-06-30": "2.72210", "2009-03-31": "2.18670", "2008-12-31": "1.82030", "2008-09-30": "1.91000", "2008-06-30": "1.64590", "2008-03-31": "1.56280", "2007-12-31": "1.54570", "2007-09-30": "2.58560", "2007-06-30": "2.71420", "2007-03-31": "2.70590", "2006-12-31": "2.54210", "2006-09-30": "2.29810", "2006-06-30": "2.31400", "2006-03-31": "2.06980", "2005-12-31": "1.98370", "2005-09-30": "2.62810", "2005-06-30": "2.48060", "2005-03-31": "2.39590"}, "Long-term Debt / Capital": {"2020-09-30": "0.38620", "2020-06-30": "0.42920", "2020-03-31": "0.43240", "2019-12-31": "0.38420", "2019-09-30": "0.40590", "2019-06-30": "0.43850", "2019-03-31": "0.44650", "2018-12-31": "0.44930", "2018-09-30": "0.45300", "2018-06-30": "0.46850", "2018-03-31": "0.45690", "2017-12-31": "0.47090", "2017-09-30": "0.46770", "2017-06-30": "0.44460", "2017-03-31": "0.46870", "2016-12-31": "0.28500", "2016-09-30": "0.28150", "2016-06-30": "0.29970", "2016-03-31": "0.24110", "2015-12-31": "0.24190", "2015-09-30": "0.24970", "2015-06-30": "0.26610", "2015-03-31": "0.27340", "2014-12-31": "0.26780", "2014-09-30": "0.26080", "2014-06-30": "0.26080", "2014-03-31": "0.32350", "2013-12-31": "0.32680", "2013-09-30": "0.34500", "2013-06-30": "0.35020", "2013-03-31": "0.35290", "2012-12-31": "0.35140", "2012-09-30": "0.35420", "2012-06-30": "0.36200", "2012-03-31": "0.35730", "2011-12-31": "0.32500", "2011-09-30": "0.32960", "2011-06-30": "0.32750", "2011-03-31": "0.30330", "2010-12-31": "0.31280", "2010-09-30": "0.34500", "2010-06-30": "0.41630", "2010-03-31": "0.41820", "2009-12-31": "0.42930", "2009-09-30": "0.44560", "2009-06-30": "0.46980", "2009-03-31": "0.48120", "2008-12-31": "0.52780", "2008-09-30": "0.51770", "2008-06-30": "0.51380", "2008-03-31": "0.52500", "2007-12-31": "0.53690", "2007-09-30": "0.26110", "2007-06-30": "0.26750", "2007-03-31": "0.28580", "2006-12-31": "0.29070", "2006-09-30": "0.29400", "2006-06-30": "0.28910", "2006-03-31": "0.30140", "2005-12-31": "0.30670", "2005-09-30": "0.35940", "2005-06-30": "0.35150", "2005-03-31": "0.36640"}, "Debt/Equity Ratio": {"2020-09-30": "0.65740", "2020-06-30": "0.77860", "2020-03-31": "0.77920", "2019-12-31": "0.64070", "2019-09-30": "0.70070", "2019-06-30": "0.79980", "2019-03-31": "0.84030", "2018-12-31": "0.84990", "2018-09-30": "0.85880", "2018-06-30": "0.91720", "2018-03-31": "0.87160", "2017-12-31": "0.92550", "2017-09-30": "0.91000", "2017-06-30": "0.84790", "2017-03-31": "0.94140", "2016-12-31": "0.48430", "2016-09-30": "0.47550", "2016-06-30": "0.50990", "2016-03-31": "0.52200", "2015-12-31": "0.52670", "2015-09-30": "0.54750", "2015-06-30": "0.57920", "2015-03-31": "0.59200", "2014-12-31": "0.55830", "2014-09-30": "0.53700", "2014-06-30": "0.53530", "2014-03-31": "0.66280", "2013-12-31": "0.67130", "2013-09-30": "0.52910", "2013-06-30": "0.54150", "2013-03-31": "0.54800", "2012-12-31": "0.54450", "2012-09-30": "0.55100", "2012-06-30": "0.57010", "2012-03-31": "0.55870", "2011-12-31": "0.48410", "2011-09-30": "0.50700", "2011-06-30": "0.50230", "2011-03-31": "0.45110", "2010-12-31": "0.51310", "2010-09-30": "0.63220", "2010-06-30": "0.73950", "2010-03-31": "0.74500", "2009-12-31": "0.75490", "2009-09-30": "0.80750", "2009-06-30": "0.89010", "2009-03-31": "0.93170", "2008-12-31": "1.20260", "2008-09-30": "1.13820", "2008-06-30": "1.18040", "2008-03-31": "1.23980", "2007-12-31": "1.26750", "2007-09-30": "0.41580", "2007-06-30": "0.38470", "2007-03-31": "0.41810", "2006-12-31": "0.43580", "2006-09-30": "0.46730", "2006-06-30": "0.47470", "2006-03-31": "0.50920", "2005-12-31": "0.55230", "2005-09-30": "0.58110", "2005-06-30": "0.58310", "2005-03-31": "0.62910"}, "Gross Margin": {"2020-09-30": "52.41500", "2020-06-30": "49.09270", "2020-03-31": "52.90230", "2019-12-31": "67.60080", "2019-09-30": "54.76860", "2019-06-30": "53.98230", "2019-03-31": "52.79960", "2018-12-31": "57.01570", "2018-09-30": "56.18970", "2018-06-30": "56.53340", "2018-03-31": "56.41230", "2017-12-31": "55.57510", "2017-09-30": "55.21330", "2017-06-30": "54.91430", "2017-03-31": "52.38160", "2016-12-31": "53.12990", "2016-09-30": "53.02380", "2016-06-30": "54.14370", "2016-03-31": "52.98910", "2015-12-31": "53.72870", "2015-09-30": "51.43250", "2015-06-30": "51.59600", "2015-03-31": "51.84480", "2014-12-31": "50.63250", "2014-09-30": "51.65790", "2014-06-30": "52.14390", "2014-03-31": "50.43010", "2013-12-31": "49.92750", "2013-09-30": "49.29770", "2013-06-30": "49.87160", "2013-03-31": "48.68440", "2012-12-31": "47.53060", "2012-09-30": "49.05990", "2012-06-30": "48.09510", "2012-03-31": "48.37890", "2011-12-31": "47.46220", "2011-09-30": "48.41750", "2011-06-30": "47.57770", "2011-03-31": "46.46950", "2010-12-31": "49.27080", "2010-09-30": "48.27370", "2010-06-30": "48.62940", "2010-03-31": "48.15730", "2009-12-31": "89.43130", "2009-09-30": "44.54610", "2009-06-30": "45.09000", "2009-03-31": "42.82380", "2008-12-31": "46.99720", "2008-09-30": "41.63060", "2008-06-30": "41.86620", "2008-03-31": "39.37190", "2007-12-31": "50.48350", "2007-09-30": "33.57820", "2007-06-30": "36.10960", "2007-03-31": "36.66440", "2006-12-31": "34.99280", "2006-09-30": "29.82830", "2006-06-30": "30.27640", "2006-03-31": "29.84700", "2005-12-31": "27.82570", "2005-09-30": "28.27130", "2005-06-30": "28.95530", "2005-03-31": "27.86110"}, "Operating Margin": {"2020-09-30": "21.02370", "2020-06-30": "6.84440", "2020-03-31": "24.90890", "2019-12-31": "18.64040", "2019-09-30": "18.14250", "2019-06-30": "16.46850", "2019-03-31": "12.26290", "2018-12-31": "18.58840", "2018-09-30": "13.46710", "2018-06-30": "5.49140", "2018-03-31": "14.78860", "2017-12-31": "15.27530", "2017-09-30": "20.63840", "2017-06-30": "20.84740", "2017-03-31": "12.46600", "2016-12-31": "13.04220", "2016-09-30": "18.98110", "2016-06-30": "20.78770", "2016-03-31": "15.88570", "2015-12-31": "19.96840", "2015-09-30": "17.25210", "2015-06-30": "17.03060", "2015-03-31": "15.27790", "2014-12-31": "14.52810", "2014-09-30": "17.92210", "2014-06-30": "15.96910", "2014-03-31": "13.45810", "2013-12-31": "11.99990", "2013-09-30": "15.96000", "2013-06-30": "15.17670", "2013-03-31": "11.99490", "2012-12-31": "13.94570", "2012-09-30": "13.54180", "2012-06-30": "16.79750", "2012-03-31": "-71.04610", "2011-12-31": "15.88890", "2011-09-30": "17.06590", "2011-06-30": "14.66070", "2011-03-31": "14.02950", "2010-12-31": "14.04440", "2010-09-30": "15.45030", "2010-06-30": "17.90320", "2010-03-31": "18.11850", "2009-12-31": "53.56360", "2009-09-30": "15.49640", "2009-06-30": "13.46060", "2009-03-31": "13.92810", "2008-12-31": "11.60330", "2008-09-30": "14.25220", "2008-06-30": "13.27190", "2008-03-31": "10.51630", "2007-12-31": "-13.49090", "2007-09-30": "11.64920", "2007-06-30": "12.97560", "2007-03-31": "14.23900", "2006-12-31": "11.95620", "2006-09-30": "10.63750", "2006-06-30": "9.40400", "2006-03-31": "8.94290", "2005-12-31": "9.39770", "2005-09-30": "9.46920", "2005-06-30": "10.25280", "2005-03-31": "8.03410"}, "EBIT Margin": {"2020-09-30": "21.02370", "2020-06-30": "6.84440", "2020-03-31": "24.90890", "2019-12-31": "18.64040", "2019-09-30": "18.14250", "2019-06-30": "16.46850", "2019-03-31": "12.26290", "2018-12-31": "18.58840", "2018-09-30": "13.46710", "2018-06-30": "5.49140", "2018-03-31": "14.78860", "2017-12-31": "15.27530", "2017-09-30": "20.63840", "2017-06-30": "20.84740", "2017-03-31": "12.46600", "2016-12-31": "13.04220", "2016-09-30": "18.98110", "2016-06-30": "20.78770", "2016-03-31": "15.88570", "2015-12-31": "19.96840", "2015-09-30": "17.25210", "2015-06-30": "17.03060", "2015-03-31": "15.27790", "2014-12-31": "14.52810", "2014-09-30": "17.92210", "2014-06-30": "15.96910", "2014-03-31": "13.45810", "2013-12-31": "11.99990", "2013-09-30": "15.96000", "2013-06-30": "15.17670", "2013-03-31": "11.99490", "2012-12-31": "13.94570", "2012-09-30": "13.54180", "2012-06-30": "16.79750", "2012-03-31": "-71.04610", "2011-12-31": "15.88890", "2011-09-30": "17.06590", "2011-06-30": "14.66070", "2011-03-31": "14.02950", "2010-12-31": "14.04440", "2010-09-30": "15.45030", "2010-06-30": "17.90320", "2010-03-31": "18.11850", "2009-12-31": "53.56360", "2009-09-30": "15.49640", "2009-06-30": "13.46060", "2009-03-31": "13.92810", "2008-12-31": "11.60330", "2008-09-30": "14.25220", "2008-06-30": "13.27190", "2008-03-31": "10.51630", "2007-12-31": "-13.49080", "2007-09-30": "11.64920", "2007-06-30": "12.97560", "2007-03-31": "14.23900", "2006-12-31": "11.95620", "2006-09-30": "10.63750", "2006-06-30": "9.40400", "2006-03-31": "8.94290", "2005-12-31": "9.39770", "2005-09-30": "9.46920", "2005-06-30": "10.25280", "2005-03-31": "8.03410"}, "EBITDA Margin": {"2020-09-30": "", "2020-06-30": "", "2020-03-31": "", "2019-12-31": "", "2019-09-30": "", "2019-06-30": "", "2019-03-31": "", "2018-12-31": "", "2018-09-30": "", "2018-06-30": "", "2018-03-31": "", "2017-12-31": "", "2017-09-30": "", "2017-06-30": "", "2017-03-31": "", "2016-12-31": "", "2016-09-30": "", "2016-06-30": "", "2016-03-31": "", "2015-12-31": "", "2015-09-30": "", "2015-06-30": "", "2015-03-31": "", "2014-12-31": "", "2014-09-30": "", "2014-06-30": "", "2014-03-31": "", "2013-12-31": "", "2013-09-30": "", "2013-06-30": "", "2013-03-31": "", "2012-12-31": "", "2012-09-30": "", "2012-06-30": "", "2012-03-31": "", "2011-12-31": "", "2011-09-30": "", "2011-06-30": "", "2011-03-31": "", "2010-12-31": "", "2010-09-30": "", "2010-06-30": "", "2010-03-31": "", "2009-12-31": "", "2009-09-30": "", "2009-06-30": "", "2009-03-31": "", "2008-12-31": "", "2008-09-30": "", "2008-06-30": "", "2008-03-31": "", "2007-12-31": "", "2007-09-30": "", "2007-06-30": "", "2007-03-31": "", "2006-12-31": "", "2006-09-30": "", "2006-06-30": "", "2006-03-31": "", "2005-12-31": "", "2005-09-30": "", "2005-06-30": "", "2005-03-31": ""}, "Pre-Tax Profit Margin": {"2020-09-30": "18.40740", "2020-06-30": "4.10750", "2020-03-31": "22.55260", "2019-12-31": "14.87550", "2019-09-30": "15.20020", "2019-06-30": "13.35960", "2019-03-31": "8.61980", "2018-12-31": "14.98980", "2018-09-30": "9.06290", "2018-06-30": "1.15170", "2018-03-31": "10.41720", "2017-12-31": "11.32520", "2017-09-30": "16.71510", "2017-06-30": "17.11230", "2017-03-31": "7.72320", "2016-12-31": "9.88770", "2016-09-30": "16.17780", "2016-06-30": "14.23330", "2016-03-31": "12.66040", "2015-12-31": "17.16980", "2015-09-30": "14.05730", "2015-06-30": "11.16680", "2015-03-31": "11.31850", "2014-12-31": "11.04160", "2014-09-30": "14.19860", "2014-06-30": "12.56900", "2014-03-31": "9.98820", "2013-12-31": "8.85410", "2013-09-30": "12.32200", "2013-06-30": "11.78000", "2013-03-31": "8.58700", "2012-12-31": "10.51550", "2012-09-30": "8.60960", "2012-06-30": "12.25780", "2012-03-31": "-75.70570", "2011-12-31": "11.02160", "2011-09-30": "11.86690", "2011-06-30": "10.37180", "2011-03-31": "5.37480", "2010-12-31": "2.66910", "2010-09-30": "0.95960", "2010-06-30": "12.49520", "2010-03-31": "13.00380", "2009-12-31": "38.32760", "2009-09-30": "10.76780", "2009-06-30": "8.78430", "2009-03-31": "7.61430", "2008-12-31": "1.98400", "2008-09-30": "8.59960", "2008-06-30": "7.74550", "2008-03-31": "4.95660", "2007-12-31": "-33.39770", "2007-09-30": "10.54030", "2007-06-30": "10.85960", "2007-03-31": "12.62410", "2006-12-31": "9.81010", "2006-09-30": "9.30180", "2006-06-30": "7.69200", "2006-03-31": "7.64370", "2005-12-31": "9.39030", "2005-09-30": "8.74920", "2005-06-30": "8.64480", "2005-03-31": "6.25610"}, "Net Profit Margin": {"2020-09-30": "18.55590", "2020-06-30": "2.02030", "2020-03-31": "20.79630", "2019-12-31": "15.89910", "2019-09-30": "35.31120", "2019-06-30": "12.77760", "2019-03-31": "6.66530", "2018-12-31": "14.11910", "2018-09-30": "9.27120", "2018-06-30": "-0.40930", "2018-03-31": "9.56760", "2017-12-31": "-7.16810", "2017-09-30": "14.40330", "2017-06-30": "14.75620", "2017-03-31": "8.23360", "2016-12-31": "11.88150", "2016-09-30": "14.55550", "2016-06-30": "12.52300", "2016-03-31": "11.92980", "2015-12-31": "20.87180", "2015-09-30": "13.70790", "2015-06-30": "9.85810", "2015-03-31": "8.93090", "2014-12-31": "10.63810", "2014-09-30": "11.99350", "2014-06-30": "10.09430", "2014-03-31": "7.97130", "2013-12-31": "7.73030", "2013-09-30": "11.25530", "2013-06-30": "10.10360", "2013-03-31": "6.56460", "2012-12-31": "6.99740", "2012-09-30": "5.90730", "2012-06-30": "11.11650", "2012-03-31": "-74.55590", "2011-12-31": "42.52140", "2011-09-30": "12.03370", "2011-06-30": "8.93830", "2011-03-31": "21.98050", "2010-12-31": "24.80040", "2010-09-30": "6.43290", "2010-06-30": "16.78110", "2010-03-31": "10.25560", "2009-12-31": "37.18330", "2009-09-30": "8.69260", "2009-06-30": "1.47300", "2009-03-31": "48.97220", "2008-12-31": "6.38970", "2008-09-30": "8.39600", "2008-06-30": "6.24340", "2008-03-31": "4.23220", "2007-12-31": "29.20760", "2007-09-30": "-12.43800", "2007-06-30": "20.75120", "2007-03-31": "10.05450", "2006-12-31": "8.40430", "2006-09-30": "5.93960", "2006-06-30": "5.63520", "2006-03-31": "4.85190", "2005-12-31": "5.80280", "2005-09-30": "5.72020", "2005-06-30": "4.40980", "2005-03-31": "6.21010"}, "Asset Turnover": {"2020-09-30": "0.09500", "2020-06-30": "0.08380", "2020-03-31": "0.09410", "2019-12-31": "0.10790", "2019-09-30": "0.10360", "2019-06-30": "0.10330", "2019-03-31": "0.09790", "2018-12-31": "0.10220", "2018-09-30": "0.09830", "2018-06-30": "0.09880", "2018-03-31": "0.09320", "2017-12-31": "0.09630", "2017-09-30": "0.09410", "2017-06-30": "0.09990", "2017-03-31": "0.09320", "2016-12-31": "0.13210", "2016-09-30": "0.11390", "2016-06-30": "0.11840", "2016-03-31": "0.10770", "2015-12-31": "0.12510", "2015-09-30": "0.11350", "2015-06-30": "0.11350", "2015-03-31": "0.10940", "2014-12-31": "0.12130", "2014-09-30": "0.11270", "2014-06-30": "0.11520", "2014-03-31": "0.10340", "2013-12-31": "0.10700", "2013-09-30": "0.10920", "2013-06-30": "0.11280", "2013-03-31": "0.11150", "2012-12-31": "0.11220", "2012-09-30": "0.10030", "2012-06-30": "0.10630", "2012-03-31": "0.10430", "2011-12-31": "0.10060", "2011-09-30": "0.09380", "2011-06-30": "0.09830", "2011-03-31": "0.09620", "2010-12-31": "0.08970", "2010-09-30": "0.09090", "2010-06-30": "0.09570", "2010-03-31": "0.09730", "2009-12-31": "0.02990", "2009-09-30": "0.11580", "2009-06-30": "0.11620", "2009-03-31": "0.11560", "2008-12-31": "0.07800", "2008-09-30": "0.12300", "2008-06-30": "0.13420", "2008-03-31": "0.12880", "2007-12-31": "0.05350", "2007-09-30": "0.17310", "2007-06-30": "0.17470", "2007-03-31": "0.18110", "2006-12-31": "0.19010", "2006-09-30": "0.25850", "2006-06-30": "0.27030", "2006-03-31": "0.25240", "2005-12-31": "0.26910", "2005-09-30": "0.23250", "2005-06-30": "0.26170", "2005-03-31": "0.24260"}, "Inventory Turnover Ratio": {"2020-09-30": "0.56830", "2020-06-30": "0.56080", "2020-03-31": "0.60760", "2019-12-31": "0.46300", "2019-09-30": "0.62050", "2019-06-30": "0.65090", "2019-03-31": "0.65000", "2018-12-31": "0.64470", "2018-09-30": "0.64980", "2018-06-30": "0.65380", "2018-03-31": "0.63410", "2017-12-31": "0.66800", "2017-09-30": "0.62620", "2017-06-30": "0.64670", "2017-03-31": "0.65390", "2016-12-31": "0.76190", "2016-09-30": "0.62620", "2016-06-30": "0.64160", "2016-03-31": "0.58940", "2015-12-31": "0.67880", "2015-09-30": "0.62300", "2015-06-30": "0.63040", "2015-03-31": "0.61050", "2014-12-31": "0.70020", "2014-09-30": "0.62570", "2014-06-30": "0.62840", "2014-03-31": "0.62160", "2013-12-31": "0.67620", "2013-09-30": "0.60620", "2013-06-30": "0.60400", "2013-03-31": "0.63500", "2012-12-31": "0.68000", "2012-09-30": "0.63420", "2012-06-30": "0.69920", "2012-03-31": "0.65710", "2011-12-31": "0.69390", "2011-09-30": "0.60080", "2011-06-30": "0.68010", "2011-03-31": "0.59240", "2010-12-31": "0.48980", "2010-09-30": "0.49580", "2010-06-30": "0.54580", "2010-03-31": "0.53830", "2009-12-31": "0.03360", "2009-09-30": "0.61840", "2009-06-30": "0.58650", "2009-03-31": "0.61850", "2008-12-31": "0.38230", "2008-09-30": "0.68390", "2008-06-30": "0.77400", "2008-03-31": "0.79870", "2007-12-31": "0.26440", "2007-09-30": "0.72380", "2007-06-30": "0.69320", "2007-03-31": "0.69350", "2006-12-31": "0.70150", "2006-09-30": "1.00620", "2006-06-30": "1.08420", "2006-03-31": "1.00950", "2005-12-31": "1.15430", "2005-09-30": "0.99700", "2005-06-30": "1.13260", "2005-03-31": "1.06370"}, "Receiveable Turnover": {"2020-09-30": "1.60910", "2020-06-30": "1.51260", "2020-03-31": "1.42770", "2019-12-31": "1.62650", "2019-09-30": "1.63440", "2019-06-30": "1.70750", "2019-03-31": "1.63290", "2018-12-31": "1.75170", "2018-09-30": "1.62870", "2018-06-30": "1.69820", "2018-03-31": "1.63510", "2017-12-31": "1.72060", "2017-09-30": "1.74470", "2017-06-30": "1.74060", "2017-03-31": "1.72470", "2016-12-31": "1.88950", "2016-09-30": "1.74020", "2016-06-30": "1.73130", "2016-03-31": "1.54700", "2015-12-31": "1.84630", "2015-09-30": "1.62540", "2015-06-30": "1.57850", "2015-03-31": "1.50770", "2014-12-31": "1.73910", "2014-09-30": "1.59190", "2014-06-30": "1.55150", "2014-03-31": "1.48400", "2013-12-31": "1.52580", "2013-09-30": "1.31910", "2013-06-30": "1.34690", "2013-03-31": "1.34150", "2012-12-31": "1.40630", "2012-09-30": "1.37880", "2012-06-30": "1.39310", "2012-03-31": "1.22400", "2011-12-31": "1.37870", "2011-09-30": "1.30790", "2011-06-30": "1.23650", "2011-03-31": "1.17930", "2010-12-31": "1.11120", "2010-09-30": "1.00350", "2010-06-30": "1.10010", "2010-03-31": "1.10610", "2009-12-31": "0.31370", "2009-09-30": "1.44720", "2009-06-30": "1.40360", "2009-03-31": "1.46700", "2008-12-31": "0.92840", "2008-09-30": "1.23700", "2008-06-30": "1.37010", "2008-03-31": "1.41440", "2007-12-31": "0.65460", "2007-09-30": "1.15660", "2007-06-30": "1.12190", "2007-03-31": "1.08880", "2006-12-31": "1.19230", "2006-09-30": "1.48080", "2006-06-30": "1.50850", "2006-03-31": "1.35630", "2005-12-31": "1.53490", "2005-09-30": "1.46050", "2005-06-30": "1.51180", "2005-03-31": "1.27740"}, "Days Sales In Receivables": {"2020-09-30": "55.93310", "2020-06-30": "59.50220", "2020-03-31": "63.03780", "2019-12-31": "55.33510", "2019-09-30": "55.06500", "2019-06-30": "52.70870", "2019-03-31": "55.11560", "2018-12-31": "51.37930", "2018-09-30": "55.26040", "2018-06-30": "52.99640", "2018-03-31": "55.04250", "2017-12-31": "52.30790", "2017-09-30": "51.58470", "2017-06-30": "51.70740", "2017-03-31": "52.18170", "2016-12-31": "47.63150", "2016-09-30": "51.71750", "2016-06-30": "51.98510", "2016-03-31": "58.17790", "2015-12-31": "48.74590", "2015-09-30": "55.37270", "2015-06-30": "57.01510", "2015-03-31": "59.69410", "2014-12-31": "51.74990", "2014-09-30": "56.53460", "2014-06-30": "58.01010", "2014-03-31": "60.64650", "2013-12-31": "58.98740", "2013-09-30": "68.23060", "2013-06-30": "66.82230", "2013-03-31": "67.08750", "2012-12-31": "63.99580", "2012-09-30": "65.27640", "2012-06-30": "64.60440", "2012-03-31": "73.53070", "2011-12-31": "65.27970", "2011-09-30": "68.81110", "2011-06-30": "72.78520", "2011-03-31": "76.31610", "2010-12-31": "80.99070", "2010-09-30": "89.68310", "2010-06-30": "81.80850", "2010-03-31": "81.36490", "2009-12-31": "286.86600", "2009-09-30": "62.19000", "2009-06-30": "64.12190", "2009-03-31": "61.34900", "2008-12-31": "96.93800", "2008-09-30": "72.75510", "2008-06-30": "65.69070", "2008-03-31": "63.62950", "2007-12-31": "137.47990", "2007-09-30": "77.81560", "2007-06-30": "80.22000", "2007-03-31": "82.65920", "2006-12-31": "75.48140", "2006-09-30": "60.77740", "2006-06-30": "59.66320", "2006-03-31": "66.35540", "2005-12-31": "58.63590", "2005-09-30": "61.62270", "2005-06-30": "59.53070", "2005-03-31": "70.45780"}, "ROE - Return On Equity": {"2020-09-30": "3.60310", "2020-06-30": "0.36940", "2020-03-31": "4.26780", "2019-12-31": "3.61850", "2019-09-30": "8.02420", "2019-06-30": "3.12690", "2019-03-31": "1.63110", "2018-12-31": "3.44540", "2018-09-30": "2.25520", "2018-06-30": "-0.10480", "2018-03-31": "2.14530", "2017-12-31": "-1.76290", "2017-09-30": "3.21130", "2017-06-30": "3.32250", "2017-03-31": "1.81840", "2016-12-31": "2.84800", "2016-09-30": "3.05080", "2016-06-30": "2.79960", "2016-03-31": "2.48300", "2015-12-31": "4.51320", "2015-09-30": "3.17200", "2015-06-30": "2.35410", "2015-03-31": "2.11080", "2014-12-31": "2.72420", "2014-09-30": "2.78380", "2014-06-30": "2.46070", "2014-03-31": "1.81310", "2013-12-31": "1.84250", "2013-09-30": "2.45820", "2013-06-30": "2.40910", "2013-03-31": "1.56060", "2012-12-31": "1.71840", "2012-09-30": "1.39290", "2012-06-30": "2.79350", "2012-03-31": "-16.50050", "2011-12-31": "2.07740", "2011-09-30": "1.69960", "2011-06-30": "1.59450", "2011-03-31": "0.74710", "2010-12-31": "0.60530", "2010-09-30": "0.63980", "2010-06-30": "2.04500", "2010-03-31": "2.11130", "2009-12-31": "2.18510", "2009-09-30": "2.20280", "2009-06-30": "2.25940", "2009-03-31": "", "2008-12-31": "1.17070", "2008-09-30": "", "2008-06-30": "", "2008-03-31": "", "2007-12-31": "-2.67210", "2007-09-30": "", "2007-06-30": "", "2007-03-31": "", "2006-12-31": "2.44600", "2006-09-30": "", "2006-06-30": "", "2006-03-31": "", "2005-12-31": "3.59480", "2005-09-30": "", "2005-06-30": "", "2005-03-31": ""}, "Return On Tangible Equity": {"2020-09-30": "-8.59560", "2020-06-30": "-0.75930", "2020-03-31": "-8.42570", "2019-12-31": "-7.57990", "2019-09-30": "-14.73130", "2019-06-30": "-4.55930", "2019-03-31": "-2.14700", "2018-12-31": "-4.30750", "2018-09-30": "-2.85670", "2018-06-30": "0.12190", "2018-03-31": "-2.62260", "2017-12-31": "1.95750", "2017-09-30": "-7.77940", "2017-06-30": "-7.06960", "2017-03-31": "-3.31530", "2016-12-31": "-26.36860", "2016-09-30": "-22.08140", "2016-06-30": "-16.73670", "2016-03-31": "-11.87170", "2015-12-31": "-18.72470", "2015-09-30": "-11.10430", "2015-06-30": "-7.74770", "2015-03-31": "-6.37080", "2014-12-31": "-8.32030", "2014-09-30": "-9.58190", "2014-06-30": "-7.83940", "2014-03-31": "-5.20680", "2013-12-31": "-5.08830", "2013-09-30": "-10.71390", "2013-06-30": "-8.82300", "2013-03-31": "-5.58050", "2012-12-31": "-5.93630", "2012-09-30": "-8.44720", "2012-06-30": "-13.83240", "2012-03-31": "105.39840", "2011-12-31": "-12.27580", "2011-09-30": "-7.88420", "2011-06-30": "-7.02540", "2011-03-31": "-2.77990", "2010-12-31": "-1.88600", "2010-09-30": "-1.68870", "2010-06-30": "-4.29310", "2010-03-31": "-3.81800", "2009-12-31": "-4.09420", "2009-09-30": "-3.53320", "2009-06-30": "-3.19140", "2009-03-31": "-2.21970", "2008-12-31": "-1.17690", "2008-09-30": "-2.34800", "2008-06-30": "-2.22450", "2008-03-31": "-0.59830", "2007-12-31": "2.56450", "2007-09-30": "-13.44230", "2007-06-30": "6.48170", "2007-03-31": "7.68530", "2006-12-31": "6.99040", "2006-09-30": "8.18460", "2006-06-30": "7.35660", "2006-03-31": "6.81140", "2005-12-31": "10.85570", "2005-09-30": "9.27120", "2005-06-30": "9.92940", "2005-03-31": "6.56200"}, "ROA - Return On Assets": {"2020-09-30": "1.76320", "2020-06-30": "0.16910", "2020-03-31": "1.95700", "2019-12-31": "1.70850", "2019-09-30": "3.65870", "2019-06-30": "1.31960", "2019-03-31": "0.66880", "2018-12-31": "1.39400", "2018-09-30": "0.91180", "2018-06-30": "-0.04130", "2018-03-31": "0.87180", "2017-12-31": "-0.69310", "2017-09-30": "1.39770", "2017-06-30": "1.48130", "2017-03-31": "0.77110", "2016-12-31": "1.56440", "2016-09-30": "1.65430", "2016-06-30": "1.48480", "2016-03-31": "1.29780", "2015-12-31": "2.34430", "2015-09-30": "1.57560", "2015-06-30": "1.13450", "2015-03-31": "1.00090", "2014-12-31": "1.32900", "2014-09-30": "1.36100", "2014-06-30": "1.20160", "2014-03-31": "0.83140", "2013-12-31": "0.83870", "2013-09-30": "1.20840", "2013-06-30": "1.16540", "2013-03-31": "0.74990", "2012-12-31": "0.81990", "2012-09-30": "0.66610", "2012-06-30": "1.31050", "2012-03-31": "-7.78420", "2011-12-31": "1.04970", "2011-09-30": "0.85100", "2011-06-30": "0.80190", "2011-03-31": "0.38360", "2010-12-31": "0.29700", "2010-09-30": "0.28930", "2010-06-30": "0.86400", "2010-03-31": "0.88810", "2009-12-31": "0.90220", "2009-09-30": "0.89880", "2009-06-30": "0.87690", "2009-03-31": "0.64620", "2008-12-31": "0.38340", "2008-09-30": "0.72310", "2008-06-30": "0.69220", "2008-03-31": "0.19370", "2007-12-31": "-0.84790", "2007-09-30": "-2.38690", "2007-06-30": "1.28390", "2007-03-31": "1.39140", "2006-12-31": "1.23200", "2006-09-30": "1.48090", "2006-06-30": "1.41300", "2006-03-31": "1.15890", "2005-12-31": "1.70850", "2005-09-30": "1.41380", "2005-06-30": "1.51890", "2005-03-31": "0.96750"}, "ROI - Return On Investment": {"2020-09-30": "2.21180", "2020-06-30": "0.21090", "2020-03-31": "2.42250", "2019-12-31": "2.22820", "2019-09-30": "4.76730", "2019-06-30": "1.75570", "2019-03-31": "0.90290", "2018-12-31": "1.89740", "2018-09-30": "1.23370", "2018-06-30": "-0.05570", "2018-03-31": "1.16510", "2017-12-31": "-0.93280", "2017-09-30": "1.70920", "2017-06-30": "1.84550", "2017-03-31": "0.96600", "2016-12-31": "2.03630", "2016-09-30": "2.19210", "2016-06-30": "1.96060", "2016-03-31": "1.88440", "2015-12-31": "3.42130", "2015-09-30": "2.38000", "2015-06-30": "1.72780", "2015-03-31": "1.53370", "2014-12-31": "1.99460", "2014-09-30": "2.05770", "2014-06-30": "1.81900", "2014-03-31": "1.22670", "2013-12-31": "1.24040", "2013-09-30": "1.61030", "2013-06-30": "1.56550", "2013-03-31": "1.00980", "2012-12-31": "1.11450", "2012-09-30": "0.89960", "2012-06-30": "1.78230", "2012-03-31": "-10.60440", "2011-12-31": "1.40220", "2011-09-30": "1.13940", "2011-06-30": "1.07230", "2011-03-31": "0.52050", "2010-12-31": "0.41600", "2010-09-30": "0.41910", "2010-06-30": "1.19360", "2010-03-31": "1.22830", "2009-12-31": "1.24700", "2009-09-30": "1.22130", "2009-06-30": "1.19790", "2009-03-31": "0.91060", "2008-12-31": "0.55280", "2008-09-30": "1.03050", "2008-06-30": "1.00670", "2008-03-31": "0.28550", "2007-12-31": "-1.23730", "2007-09-30": "-3.62120", "2007-06-30": "1.82980", "2007-03-31": "1.98140", "2006-12-31": "1.73500", "2006-09-30": "2.09900", "2006-06-30": "1.99950", "2006-03-31": "1.65930", "2005-12-31": "2.49220", "2005-09-30": "2.01850", "2005-06-30": "2.17910", "2005-03-31": "1.39270"}, "Book Value Per Share": {"2020-09-30": "69.50310", "2020-06-30": "66.66960", "2020-03-31": "66.20040", "2019-12-31": "64.27320", "2019-09-30": "61.64730", "2019-06-30": "57.66310", "2019-03-31": "55.70340", "2018-12-31": "55.19770", "2018-09-30": "54.55240", "2018-06-30": "53.25650", "2018-03-31": "56.34040", "2017-12-31": "53.81210", "2017-09-30": "54.88540", "2017-06-30": "52.58820", "2017-03-31": "49.33310", "2016-12-31": "48.49950", "2016-09-30": "49.26160", "2016-06-30": "48.18240", "2016-03-31": "49.48620", "2015-12-31": "48.33310", "2015-09-30": "46.66010", "2015-06-30": "46.38260", "2015-03-31": "44.80570", "2014-12-31": "46.18110", "2014-09-30": "47.90450", "2014-06-30": "47.93650", "2014-03-31": "47.02360", "2013-12-31": "46.52900", "2013-09-30": "45.25990", "2013-06-30": "43.81040", "2013-03-31": "43.18820", "2012-12-31": "41.33310", "2012-09-30": "42.88680", "2012-06-30": "41.40400", "2012-03-31": "42.18970", "2011-12-31": "46.19400", "2011-09-30": "47.57800", "2011-06-30": "47.96340", "2011-03-31": "46.98040", "2010-12-31": "44.68750", "2010-09-30": "42.99210", "2010-06-30": "39.61590", "2010-03-31": "39.84100", "2009-12-31": "39.87110", "2009-09-30": "39.10600", "2009-06-30": "36.92430", "2009-03-31": "35.25440", "2008-12-31": "30.61990", "2008-09-30": "34.91510", "2008-06-30": "35.15120", "2008-03-31": "34.25220", "2007-12-31": "33.68340", "2007-09-30": "32.66220", "2007-06-30": "33.79090", "2007-03-31": "31.11660", "2006-12-31": "30.48390", "2006-09-30": "29.91100", "2006-06-30": "30.20940", "2006-03-31": "28.80600", "2005-12-31": "28.29930", "2005-09-30": "27.98880", "2005-06-30": "27.79120", "2005-03-31": "27.80930"}, "Operating Cash Flow Per Share": {"2020-09-30": 2.2652, "2020-06-30": 3.0793, "2020-03-31": "-0.24260", "2019-12-31": 3.152, "2019-09-30": 2.7856, "2019-06-30": 2.0622, "2019-03-31": "1.28170", "2018-12-31": 2.8254, "2018-09-30": 2.4873, "2018-06-30": 2.1239, "2018-03-31": "1.85990", "2017-12-31": 2.2729, "2017-09-30": 2.6401, "2017-06-30": 2.2716, "2017-03-31": "1.95090", "2016-12-31": 2.2608, "2016-09-30": 2.5154, "2016-06-30": 2.4713, "2016-03-31": "1.37000", "2015-12-31": 2.6721, "2015-09-30": 1.3629, "2015-06-30": 1.3836, "2015-03-31": "0.89560", "2014-12-31": 1.7678, "2014-09-30": 1.8879, "2014-06-30": 1.6738, "2014-03-31": "0.91630", "2013-12-31": 2.1532, "2013-09-30": 1.8454, "2013-06-30": 1.1728, "2013-03-31": "0.12230", "2012-12-31": 1.4115, "2012-09-30": 1.1792, "2012-06-30": 1.527, "2012-03-31": "0.64550", "2011-12-31": 0.8418, "2011-09-30": 0.5466, "2011-06-30": 0.7446, "2011-03-31": "0.17960", "2010-12-31": 0.9905, "2010-09-30": 0.6046, "2010-06-30": 1.1206, "2010-03-31": "0.85520", "2009-12-31": 1.2363, "2009-09-30": 2.4662, "2009-06-30": -0.5036, "2009-03-31": "-0.19160", "2008-12-31": 0.8959, "2008-09-30": 1.5754, "2008-06-30": 0.1391, "2008-03-31": "-0.51000", "2007-12-31": 2.0788, "2007-09-30": 1.1935, "2007-06-30": 1.7087, "2007-03-31": "0.98780", "2006-12-31": -0.0051, "2006-09-30": 2.0687, "2006-06-30": 2.2113, "2006-03-31": "0.78440", "2005-12-31": -0.1237, "2005-09-30": 1.7771, "2005-06-30": 2.6387, "2005-03-31": "1.53400"}, "Free Cash Flow Per Share": {"2020-09-30": 1.7742, "2020-06-30": 2.6694, "2020-03-31": "-0.65090", "2019-12-31": 2.681, "2019-09-30": 2.2436, "2019-06-30": 1.3738, "2019-03-31": "0.80230", "2018-12-31": 2.29, "2018-09-30": 2.1302, "2018-06-30": 1.6273, "2018-03-31": "1.52270", "2017-12-31": 1.7762, "2017-09-30": 2.2689, "2017-06-30": 1.7609, "2017-03-31": "1.81010", "2016-12-31": 1.6962, "2016-09-30": 2.2939, "2016-06-30": 2.2769, "2016-03-31": "1.23530", "2015-12-31": 2.3238, "2015-09-30": 1.0839, "2015-06-30": 1.0376, "2015-03-31": "0.59020", "2014-12-31": 1.2353, "2014-09-30": 1.542, "2014-06-30": 1.3628, "2014-03-31": "0.65160", "2013-12-31": 1.961, "2013-09-30": 1.4321, "2013-06-30": 0.6864, "2013-03-31": "-0.24090", "2012-12-31": 0.9214, "2012-09-30": 0.7722, "2012-06-30": 1.1506, "2012-03-31": "0.31850", "2011-12-31": 0.4161, "2011-09-30": 0.2499, "2011-06-30": 0.52, "2011-03-31": "0.03390", "2010-12-31": 0.7905, "2010-09-30": 0.4148, "2010-06-30": 0.9498, "2010-03-31": "0.68760", "2009-12-31": 1.084, "2009-09-30": 2.3146, "2009-06-30": -0.6956, "2009-03-31": "-0.35530", "2008-12-31": 0.7148, "2008-09-30": 1.3576, "2008-06-30": -0.0942, "2008-03-31": "-0.69800", "2007-12-31": 1.7907, "2007-09-30": 0.9452, "2007-06-30": 1.4379, "2007-03-31": "0.74090", "2006-12-31": -0.0443, "2006-09-30": 1.7133, "2006-06-30": 1.8675, "2006-03-31": "0.48350", "2005-12-31": 0.0432, "2005-09-30": 1.3108, "2005-06-30": 2.3265, "2005-03-31": "1.20310"}}, "revenue": {"Teleflex Annual Revenue (Millions of US $)": {"2019": "$2,595", "2018": "$2,448", "2017": "$2,146", "2016": "$1,868", "2015": "$1,810", "2014": "$1,840", "2013": "$1,696", "2012": "$1,551", "2011": "$1,493", "2010": "$1,398", "2009": "$1,435", "2008": "$1,912", "2007": "$1,575", "2006": "$1,691", "2005": "$1,562"}, "Teleflex Quarterly Revenue (Millions of US $)": {"2020-09-30": "$628", "2020-06-30": "$567", "2020-03-31": "$631", "2019-12-31": "$681", "2019-09-30": "$648", "2019-06-30": "$653", "2019-03-31": "$614", "2018-12-31": "$642", "2018-09-30": "$610", "2018-06-30": "$610", "2018-03-31": "$587", "2017-12-31": "$595", "2017-09-30": "$535", "2017-06-30": "$529", "2017-03-31": "$488", "2016-12-31": "$514", "2016-09-30": "$456", "2016-06-30": "$474", "2016-03-31": "$425", "2015-12-31": "$485", "2015-09-30": "$444", "2015-06-30": "$452", "2015-03-31": "$429", "2014-12-31": "$476", "2014-09-30": "$457", "2014-06-30": "$468", "2014-03-31": "$439", "2013-12-31": "$451", "2013-09-30": "$414", "2013-06-30": "$420", "2013-03-31": "$412", "2012-12-31": "$419", "2012-09-30": "$368", "2012-06-30": "$383", "2012-03-31": "$381", "2011-12-31": "$395", "2011-09-30": "$363", "2011-06-30": "$381", "2011-03-31": "$354", "2010-12-31": "$327", "2010-09-30": "$345", "2010-06-30": "$358", "2010-03-31": "$367", "2009-12-31": "$115", "2009-09-30": "$441", "2009-06-30": "$439", "2009-03-31": "$440", "2008-12-31": "$306", "2008-09-30": "$504", "2008-06-30": "$560", "2008-03-31": "$542", "2007-12-31": "$224", "2007-09-30": "$459", "2007-06-30": "$452", "2007-03-31": "$440", "2006-12-31": "$449", "2006-09-30": "$606", "2006-06-30": "$650", "2006-03-31": "$600", "2005-12-31": "$647", "2005-09-30": "$587", "2005-06-30": "$657", "2005-03-31": "$624"}}, "gross-profit": {"Teleflex Annual Gross Profit (Millions of US $)": {"2019": "$1,492", "2018": "$1,384", "2017": "$1,172", "2016": "$996", "2015": "$944", "2014": "$942", "2013": "$839", "2012": "$748", "2011": "$709", "2010": "$679", "2009": "$686", "2008": "$802", "2007": "$592", "2006": "$585", "2005": "$517"}, "Teleflex Quarterly Gross Profit (Millions of US $)": {"2020-09-30": "$329", "2020-06-30": "$278", "2020-03-31": "$334", "2019-12-31": "$460", "2019-09-30": "$355", "2019-06-30": "$352", "2019-03-31": "$324", "2018-12-31": "$366", "2018-09-30": "$343", "2018-06-30": "$345", "2018-03-31": "$331", "2017-12-31": "$331", "2017-09-30": "$295", "2017-06-30": "$290", "2017-03-31": "$256", "2016-12-31": "$273", "2016-09-30": "$242", "2016-06-30": "$256", "2016-03-31": "$225", "2015-12-31": "$260", "2015-09-30": "$228", "2015-06-30": "$233", "2015-03-31": "$223", "2014-12-31": "$241", "2014-09-30": "$236", "2014-06-30": "$244", "2014-03-31": "$221", "2013-12-31": "$225", "2013-09-30": "$204", "2013-06-30": "$209", "2013-03-31": "$201", "2012-12-31": "$199", "2012-09-30": "$181", "2012-06-30": "$184", "2012-03-31": "$184", "2011-12-31": "$187", "2011-09-30": "$176", "2011-06-30": "$181", "2011-03-31": "$165", "2010-12-31": "$161", "2010-09-30": "$167", "2010-06-30": "$174", "2010-03-31": "$177", "2009-12-31": "$103", "2009-09-30": "$196", "2009-06-30": "$198", "2009-03-31": "$188", "2008-12-31": "$144", "2008-09-30": "$210", "2008-06-30": "$234", "2008-03-31": "$213", "2007-12-31": "$113", "2007-09-30": "$154", "2007-06-30": "$163", "2007-03-31": "$161", "2006-12-31": "$157", "2006-09-30": "$181", "2006-06-30": "$197", "2006-03-31": "$179", "2005-12-31": "$180", "2005-09-30": "$166", "2005-06-30": "$190", "2005-03-31": "$174"}}, "operating-income": {"Teleflex Annual Operating Income (Millions of US $)": {"2019": "$427", "2018": "$322", "2017": "$372", "2016": "$319", "2015": "$316", "2014": "$285", "2013": "$233", "2012": "$-98", "2011": "$230", "2010": "$230", "2009": "$250", "2008": "$239", "2007": "$145", "2006": "$188", "2005": "$160"}, "Teleflex Quarterly Operating Income (Millions of US $)": {"2020-09-30": "$132", "2020-06-30": "$39", "2020-03-31": "$157", "2019-12-31": "$127", "2019-09-30": "$118", "2019-06-30": "$107", "2019-03-31": "$75", "2018-12-31": "$119", "2018-09-30": "$82", "2018-06-30": "$33", "2018-03-31": "$87", "2017-12-31": "$91", "2017-09-30": "$110", "2017-06-30": "$110", "2017-03-31": "$61", "2016-12-31": "$67", "2016-09-30": "$86", "2016-06-30": "$98", "2016-03-31": "$67", "2015-12-31": "$97", "2015-09-30": "$77", "2015-06-30": "$77", "2015-03-31": "$66", "2014-12-31": "$69", "2014-09-30": "$82", "2014-06-30": "$75", "2014-03-31": "$59", "2013-12-31": "$54", "2013-09-30": "$66", "2013-06-30": "$64", "2013-03-31": "$49", "2012-12-31": "$58", "2012-09-30": "$50", "2012-06-30": "$64", "2012-03-31": "$-270", "2011-12-31": "$63", "2011-09-30": "$62", "2011-06-30": "$56", "2011-03-31": "$50", "2010-12-31": "$46", "2010-09-30": "$53", "2010-06-30": "$64", "2010-03-31": "$67", "2009-12-31": "$62", "2009-09-30": "$68", "2009-06-30": "$59", "2009-03-31": "$61", "2008-12-31": "$36", "2008-09-30": "$72", "2008-06-30": "$74", "2008-03-31": "$57", "2007-12-31": "$-30", "2007-09-30": "$53", "2007-06-30": "$59", "2007-03-31": "$63", "2006-12-31": "$54", "2006-09-30": "$64", "2006-06-30": "$61", "2006-03-31": "$54", "2005-12-31": "$61", "2005-09-30": "$56", "2005-06-30": "$67", "2005-03-31": "$50"}}, "ebitda": {"Teleflex Annual EBITDA (Millions of US $)": {"2019": "$646", "2018": "$536", "2017": "$533", "2016": "$448", "2015": "$441", "2014": "$412", "2013": "$341", "2012": "$329", "2011": "$327", "2010": "$320", "2009": "$346", "2008": "$345", "2007": "$216", "2006": "$248", "2005": "$223"}, "Teleflex Quarterly EBITDA (Millions of US $)": {"2020-09-30": "$190", "2020-06-30": "$97", "2020-03-31": "$214", "2019-12-31": "$182", "2019-09-30": "$171", "2019-06-30": "$162", "2019-03-31": "$130", "2018-12-31": "$174", "2018-09-30": "$135", "2018-06-30": "$87", "2018-03-31": "$141", "2017-12-31": "$141", "2017-09-30": "$148", "2017-06-30": "$148", "2017-03-31": "$95", "2016-12-31": "$99", "2016-09-30": "$118", "2016-06-30": "$131", "2016-03-31": "$100", "2015-12-31": "$130", "2015-09-30": "$108", "2015-06-30": "$108", "2015-03-31": "$95", "2014-12-31": "$100", "2014-09-30": "$114", "2014-06-30": "$107", "2014-03-31": "$90", "2013-12-31": "$83", "2013-09-30": "$93", "2013-06-30": "$89", "2013-03-31": "$76", "2012-12-31": "$84", "2012-09-30": "$74", "2012-06-30": "$87", "2012-03-31": "$84", "2011-12-31": "$87", "2011-09-30": "$86", "2011-06-30": "$80", "2011-03-31": "$74", "2010-12-31": "$67", "2010-09-30": "$77", "2010-06-30": "$86", "2010-03-31": "$90", "2009-12-31": "$72", "2009-09-30": "$94", "2009-06-30": "$91", "2009-03-31": "$89", "2008-12-31": "$59", "2008-09-30": "$97", "2008-06-30": "$102", "2008-03-31": "$86", "2007-12-31": "$-2", "2007-09-30": "$68", "2007-06-30": "$74", "2007-03-31": "$77", "2006-12-31": "$46", "2006-09-30": "$88", "2006-06-30": "$83", "2006-03-31": "$76", "2005-12-31": "$47", "2005-09-30": "$82", "2005-06-30": "$93", "2005-03-31": "$75"}}, "net-income": {"Teleflex Annual Net Income (Millions of US $)": {"2019": "$461", "2018": "$201", "2017": "$153", "2016": "$237", "2015": "$245", "2014": "$188", "2013": "$151", "2012": "$-190", "2011": "$323", "2010": "$201", "2009": "$303", "2008": "$120", "2007": "$146", "2006": "$139", "2005": "$139"}, "Teleflex Quarterly Net Income (Millions of US $)": {"2020-09-30": "$117", "2020-06-30": "$11", "2020-03-31": "$131", "2019-12-31": "$108", "2019-09-30": "$229", "2019-06-30": "$83", "2019-03-31": "$41", "2018-12-31": "$91", "2018-09-30": "$57", "2018-06-30": "$-2", "2018-03-31": "$56", "2017-12-31": "$-43", "2017-09-30": "$77", "2017-06-30": "$78", "2017-03-31": "$40", "2016-12-31": "$61", "2016-09-30": "$66", "2016-06-30": "$59", "2016-03-31": "$51", "2015-12-31": "$101", "2015-09-30": "$61", "2015-06-30": "$45", "2015-03-31": "$38", "2014-12-31": "$51", "2014-09-30": "$55", "2014-06-30": "$47", "2014-03-31": "$35", "2013-12-31": "$35", "2013-09-30": "$47", "2013-06-30": "$42", "2013-03-31": "$27", "2012-12-31": "$29", "2012-09-30": "$22", "2012-06-30": "$43", "2012-03-31": "$-284", "2011-12-31": "$168", "2011-09-30": "$44", "2011-06-30": "$34", "2011-03-31": "$78", "2010-12-31": "$81", "2010-09-30": "$22", "2010-06-30": "$60", "2010-03-31": "$38", "2009-12-31": "$43", "2009-09-30": "$38", "2009-06-30": "$6", "2009-03-31": "$216", "2008-12-31": "$20", "2008-09-30": "$42", "2008-06-30": "$35", "2008-03-31": "$23", "2007-12-31": "$65", "2007-09-30": "$-57", "2007-06-30": "$94", "2007-03-31": "$44", "2006-12-31": "$38", "2006-09-30": "$36", "2006-06-30": "$37", "2006-03-31": "$29", "2005-12-31": "$38", "2005-09-30": "$34", "2005-06-30": "$29", "2005-03-31": "$39"}}, "eps-earnings-per-share-diluted": {"Teleflex Annual EPS": {"2019": "$9.80", "2018": "$4.29", "2017": "$3.27", "2016": "$4.98", "2015": "$5.10", "2014": "$4.04", "2013": "$3.45", "2012": "$-4.65", "2011": "$7.92", "2010": "$4.99", "2009": "$7.59", "2008": "$3.01", "2007": "$3.73", "2006": "$3.49", "2005": "$3.39"}, "Teleflex Quarterly EPS": {"2020-09-30": "$2.46", "2020-06-30": "$0.24", "2020-03-31": "$2.78", "2019-12-31": "$2.31", "2019-09-30": "$4.85", "2019-06-30": "$1.77", "2019-03-31": "$0.87", "2018-12-31": "$1.93", "2018-09-30": "$1.21", "2018-06-30": "$-0.05", "2018-03-31": "$1.20", "2017-12-31": "$-0.91", "2017-09-30": "$1.65", "2017-06-30": "$1.67", "2017-03-31": "$0.86", "2016-12-31": "$1.28", "2016-09-30": "$1.40", "2016-06-30": "$1.26", "2016-03-31": "$1.04", "2015-12-31": "$2.11", "2015-09-30": "$1.25", "2015-06-30": "$0.93", "2015-03-31": "$0.81", "2014-12-31": "$1.08", "2014-09-30": "$1.18", "2014-06-30": "$1.02", "2014-03-31": "$0.76", "2013-12-31": "$0.76", "2013-09-30": "$1.08", "2013-06-30": "$0.98", "2013-03-31": "$0.63", "2012-12-31": "$0.75", "2012-09-30": "$0.52", "2012-06-30": "$1.04", "2012-03-31": "$-6.96", "2011-12-31": "$4.10", "2011-09-30": "$1.07", "2011-06-30": "$0.83", "2011-03-31": "$1.92", "2010-12-31": "$2.01", "2010-09-30": "$0.55", "2010-06-30": "$1.49", "2010-03-31": "$0.94", "2009-12-31": "$1.07", "2009-09-30": "$0.96", "2009-06-30": "$0.16", "2009-03-31": "$5.40", "2008-12-31": "$0.49", "2008-09-30": "$1.06", "2008-06-30": "$0.88", "2008-03-31": "$0.58", "2007-12-31": "$1.69", "2007-09-30": "$-1.45", "2007-06-30": "$2.37", "2007-03-31": "$1.12", "2006-12-31": "$0.96", "2006-09-30": "$0.91", "2006-06-30": "$0.90", "2006-03-31": "$0.72", "2005-12-31": "$0.92", "2005-09-30": "$0.82", "2005-06-30": "$0.71", "2005-03-31": "$0.95"}}, "shares-outstanding": {"Teleflex Annual Shares Outstanding (Millions of Shares)": {"2019": "47", "2018": "47", "2017": "47", "2016": "48", "2015": "48", "2014": "46", "2013": "44", "2012": "41", "2011": "41", "2010": "40", "2009": "40", "2008": "40", "2007": "39", "2006": "40", "2005": "41"}, "Teleflex Quarterly Shares Outstanding (Millions of Shares)": {"2020-09-30": "47", "2020-06-30": "47", "2020-03-31": "47", "2019-12-31": "47", "2019-09-30": "47", "2019-06-30": "47", "2019-03-31": "47", "2018-12-31": "47", "2018-09-30": "47", "2018-06-30": "46", "2018-03-31": "47", "2017-12-31": "47", "2017-09-30": "47", "2017-06-30": "47", "2017-03-31": "47", "2016-12-31": "48", "2016-09-30": "47", "2016-06-30": "47", "2016-03-31": "49", "2015-12-31": "48", "2015-09-30": "49", "2015-06-30": "48", "2015-03-31": "47", "2014-12-31": "46", "2014-09-30": "47", "2014-06-30": "46", "2014-03-31": "46", "2013-12-31": "44", "2013-09-30": "43", "2013-06-30": "43", "2013-03-31": "43", "2012-12-31": "41", "2012-09-30": "42", "2012-06-30": "41", "2012-03-31": "41", "2011-12-31": "41", "2011-09-30": "41", "2011-06-30": "41", "2011-03-31": "40", "2010-12-31": "40", "2010-09-30": "40", "2010-06-30": "40", "2010-03-31": "40", "2009-12-31": "40", "2009-09-30": "40", "2009-06-30": "40", "2009-03-31": "40", "2008-12-31": "40", "2008-09-30": "40", "2008-06-30": "40", "2008-03-31": "40", "2007-12-31": "39", "2007-09-30": "39", "2007-06-30": "40", "2007-03-31": "39", "2006-12-31": "39", "2006-09-30": "40", "2006-06-30": "40", "2006-03-31": "41", "2005-12-31": "41", "2005-09-30": "41", "2005-06-30": "41", "2005-03-31": "41"}}, "total-assets": {"Teleflex Annual Total Assets (Millions of US $)": {"2019": "$6,310", "2018": "$6,278", "2017": "$6,181", "2016": "$3,891", "2015": "$3,872", "2014": "$3,923", "2013": "$4,209", "2012": "$3,734", "2011": "$3,924", "2010": "$3,643", "2009": "$3,839", "2008": "$3,927", "2007": "$4,188", "2006": "$2,361", "2005": "$2,403"}, "Teleflex Quarterly Total Assets (Millions of US $)": {"2020-09-30": "$6,613", "2020-06-30": "$6,765", "2020-03-31": "$6,702", "2019-12-31": "$6,310", "2019-09-30": "$6,257", "2019-06-30": "$6,314", "2019-03-31": "$6,268", "2018-12-31": "$6,278", "2018-09-30": "$6,201", "2018-06-30": "$6,175", "2018-03-31": "$6,301", "2017-12-31": "$6,181", "2017-09-30": "$5,681", "2017-06-30": "$5,290", "2017-03-31": "$5,232", "2016-12-31": "$3,891", "2016-09-30": "$4,002", "2016-06-30": "$4,000", "2016-03-31": "$3,943", "2015-12-31": "$3,872", "2015-09-30": "$3,908", "2015-06-30": "$3,984", "2015-03-31": "$3,924", "2014-12-31": "$3,923", "2014-09-30": "$4,058", "2014-06-30": "$4,064", "2014-03-31": "$4,242", "2013-12-31": "$4,209", "2013-09-30": "$3,788", "2013-06-30": "$3,724", "2013-03-31": "$3,694", "2012-12-31": "$3,734", "2012-09-30": "$3,671", "2012-06-30": "$3,607", "2012-03-31": "$3,650", "2011-12-31": "$3,924", "2011-09-30": "$3,869", "2011-06-30": "$3,878", "2011-03-31": "$3,679", "2010-12-31": "$3,643", "2010-09-30": "$3,798", "2010-06-30": "$3,744", "2010-03-31": "$3,774", "2009-12-31": "$3,839", "2009-09-30": "$3,808", "2009-06-30": "$3,779", "2009-03-31": "$3,806", "2008-12-31": "$3,927", "2008-09-30": "$4,097", "2008-06-30": "$4,171", "2008-03-31": "$4,209", "2007-12-31": "$4,188", "2007-09-30": "$2,649", "2007-06-30": "$2,589", "2007-03-31": "$2,431", "2006-12-31": "$2,361", "2006-09-30": "$2,343", "2006-06-30": "$2,405", "2006-03-31": "$2,376", "2005-12-31": "$2,403", "2005-09-30": "$2,526", "2005-06-30": "$2,511", "2005-03-31": "$2,570"}}, "cash-on-hand": {"Teleflex Annual Cash on Hand (Millions of US $)": {"2019": "$301", "2018": "$357", "2017": "$334", "2016": "$544", "2015": "$338", "2014": "$303", "2013": "$432", "2012": "$337", "2011": "$584", "2010": "$208", "2009": "$188", "2008": "$107", "2007": "$201", "2006": "$248", "2005": "$240"}, "Teleflex Quarterly Cash on Hand (Millions of US $)": {"2020-09-30": "$347", "2020-06-30": "$554", "2020-03-31": "$406", "2019-12-31": "$301", "2019-09-30": "$258", "2019-06-30": "$304", "2019-03-31": "$271", "2018-12-31": "$357", "2018-09-30": "$356", "2018-06-30": "$346", "2018-03-31": "$379", "2017-12-31": "$334", "2017-09-30": "$1,018", "2017-06-30": "$676", "2017-03-31": "$689", "2016-12-31": "$544", "2016-09-30": "$499", "2016-06-30": "$476", "2016-03-31": "$393", "2015-12-31": "$338", "2015-09-30": "$276", "2015-06-30": "$325", "2015-03-31": "$309", "2014-12-31": "$303", "2014-09-30": "$286", "2014-06-30": "$237", "2014-03-31": "$422", "2013-12-31": "$432", "2013-09-30": "$326", "2013-06-30": "$281", "2013-03-31": "$307", "2012-12-31": "$337", "2012-09-30": "$635", "2012-06-30": "$545", "2012-03-31": "$591", "2011-12-31": "$584", "2011-09-30": "$372", "2011-06-30": "$366", "2011-03-31": "$202", "2010-12-31": "$208", "2010-09-30": "$248", "2010-06-30": "$287", "2010-03-31": "$211", "2009-12-31": "$188", "2009-09-30": "$159", "2009-06-30": "$114", "2009-03-31": "$143", "2008-12-31": "$107", "2008-09-30": "$91", "2008-06-30": "$103", "2008-03-31": "$154", "2007-12-31": "$201", "2007-09-30": "$498", "2007-06-30": "$445", "2007-03-31": "$255", "2006-12-31": "$248", "2006-09-30": "$202", "2006-06-30": "$241", "2006-03-31": "$189", "2005-12-31": "$240", "2005-09-30": "$246", "2005-06-30": "$212", "2005-03-31": "$165"}}, "long-term-debt": {"Teleflex Annual Long Term Debt (Millions of US $)": {"2019": "$1,859", "2018": "$2,072", "2017": "$2,163", "2016": "$852", "2015": "$642", "2014": "$700", "2013": "$930", "2012": "$965", "2011": "$955", "2010": "$813", "2009": "$1,192", "2008": "$1,438", "2007": "$1,541", "2006": "$487", "2005": "$505"}, "Teleflex Quarterly Long Term Debt (Millions of US $)": {"2020-09-30": "$2,036", "2020-06-30": "$2,329", "2020-03-31": "$2,341", "2019-12-31": "$1,859", "2019-09-30": "$1,949", "2019-06-30": "$2,081", "2019-03-31": "$2,073", "2018-12-31": "$2,072", "2018-09-30": "$2,076", "2018-06-30": "$2,145", "2018-03-31": "$2,154", "2017-12-31": "$2,163", "2017-09-30": "$2,173", "2017-06-30": "$1,888", "2017-03-31": "$1,958", "2016-12-31": "$852", "2016-09-30": "$850", "2016-06-30": "$908", "2016-03-31": "$655", "2015-12-31": "$642", "2015-09-30": "$646", "2015-06-30": "$696", "2015-03-31": "$700", "2014-12-31": "$700", "2014-09-30": "$700", "2014-06-30": "$700", "2014-03-31": "$930", "2013-12-31": "$930", "2013-09-30": "$981", "2013-06-30": "$971", "2013-03-31": "$968", "2012-12-31": "$965", "2012-09-30": "$963", "2012-06-30": "$960", "2012-03-31": "$957", "2011-12-31": "$955", "2011-09-30": "$952", "2011-06-30": "$950", "2011-03-31": "$822", "2010-12-31": "$813", "2010-09-30": "$904", "2010-06-30": "$1,128", "2010-03-31": "$1,141", "2009-12-31": "$1,192", "2009-09-30": "$1,249", "2009-06-30": "$1,300", "2009-03-31": "$1,300", "2008-12-31": "$1,438", "2008-09-30": "$1,488", "2008-06-30": "$1,474", "2008-03-31": "$1,499", "2007-12-31": "$1,541", "2007-09-30": "$456", "2007-06-30": "$486", "2007-03-31": "$488", "2006-12-31": "$487", "2006-09-30": "$486", "2006-06-30": "$491", "2006-03-31": "$500", "2005-12-31": "$505", "2005-09-30": "$636", "2005-06-30": "$615", "2005-03-31": "$654"}}, "total-liabilities": {"Teleflex Annual Total Liabilities (Millions of US $)": {"2019": "$3,331", "2018": "$3,738", "2017": "$3,751", "2016": "$1,754", "2015": "$1,861", "2014": "$2,009", "2013": "$2,293", "2012": "$1,952", "2011": "$1,941", "2010": "$1,856", "2009": "$2,254", "2008": "$2,641", "2007": "$2,859", "2006": "$1,172", "2005": "$1,261"}, "Teleflex Quarterly Total Liabilities (Millions of US $)": {"2020-09-30": "$3,377", "2020-06-30": "$3,668", "2020-03-31": "$3,629", "2019-12-31": "$3,331", "2019-09-30": "$3,404", "2019-06-30": "$3,650", "2019-03-31": "$3,698", "2018-12-31": "$3,738", "2018-09-30": "$3,694", "2018-06-30": "$3,741", "2018-03-31": "$3,740", "2017-12-31": "$3,751", "2017-09-30": "$3,208", "2017-06-30": "$2,931", "2017-03-31": "$3,014", "2016-12-31": "$1,754", "2016-09-30": "$1,832", "2016-06-30": "$1,879", "2016-03-31": "$1,882", "2015-12-31": "$1,861", "2015-09-30": "$1,967", "2015-06-30": "$2,064", "2015-03-31": "$2,063", "2014-12-31": "$2,009", "2014-09-30": "$2,074", "2014-06-30": "$2,079", "2014-03-31": "$2,297", "2013-12-31": "$2,293", "2013-09-30": "$1,926", "2013-06-30": "$1,923", "2013-03-31": "$1,919", "2012-12-31": "$1,952", "2012-09-30": "$1,915", "2012-06-30": "$1,915", "2012-03-31": "$1,928", "2011-12-31": "$1,941", "2011-09-30": "$1,932", "2011-06-30": "$1,928", "2011-03-31": "$1,790", "2010-12-31": "$1,856", "2010-09-30": "$2,081", "2010-06-30": "$2,162", "2010-03-31": "$2,187", "2009-12-31": "$2,254", "2009-09-30": "$2,254", "2009-06-30": "$2,312", "2009-03-31": "$2,405", "2008-12-31": "$2,641", "2008-09-30": "$2,711", "2008-06-30": "$2,777", "2008-03-31": "$2,852", "2007-12-31": "$2,859", "2007-09-30": "$1,359", "2007-06-30": "$1,259", "2007-03-31": "$1,212", "2006-12-31": "$1,172", "2006-09-30": "$1,176", "2006-06-30": "$1,197", "2006-03-31": "$1,217", "2005-12-31": "$1,261", "2005-09-30": "$1,393", "2005-06-30": "$1,376", "2005-03-31": "$1,439"}}, "total-share-holder-equity": {"Teleflex Annual Share Holder Equity (Millions of US $)": {"2019": "$2,979", "2018": "$2,540", "2017": "$2,431", "2016": "$2,138", "2015": "$2,011", "2014": "$1,914", "2013": "$1,916", "2012": "$1,782", "2011": "$1,983", "2010": "$1,787", "2009": "$1,585", "2008": "$1,286", "2007": "$1,329", "2006": "$1,189", "2005": "$1,142"}, "Teleflex Quarterly Share Holder Equity (Millions of US $)": {"2020-09-30": "$3,236", "2020-06-30": "$3,097", "2020-03-31": "$3,073", "2019-12-31": "$2,979", "2019-09-30": "$2,853", "2019-06-30": "$2,665", "2019-03-31": "$2,570", "2018-12-31": "$2,540", "2018-09-30": "$2,507", "2018-06-30": "$2,434", "2018-03-31": "$2,561", "2017-12-31": "$2,431", "2017-09-30": "$2,472", "2017-06-30": "$2,359", "2017-03-31": "$2,219", "2016-12-31": "$2,138", "2016-09-30": "$2,170", "2016-06-30": "$2,122", "2016-03-31": "$2,061", "2015-12-31": "$2,011", "2015-09-30": "$1,941", "2015-06-30": "$1,920", "2015-03-31": "$1,861", "2014-12-31": "$1,914", "2014-09-30": "$1,984", "2014-06-30": "$1,984", "2014-03-31": "$1,945", "2013-12-31": "$1,916", "2013-09-30": "$1,862", "2013-06-30": "$1,802", "2013-03-31": "$1,775", "2012-12-31": "$1,782", "2012-09-30": "$1,755", "2012-06-30": "$1,692", "2012-03-31": "$1,722", "2011-12-31": "$1,983", "2011-09-30": "$1,937", "2011-06-30": "$1,950", "2011-03-31": "$1,889", "2010-12-31": "$1,787", "2010-09-30": "$1,717", "2010-06-30": "$1,582", "2010-03-31": "$1,588", "2009-12-31": "$1,585", "2009-09-30": "$1,554", "2009-06-30": "$1,467", "2009-03-31": "$1,401", "2008-12-31": "$1,286", "2008-09-30": "$1,387", "2008-06-30": "$1,394", "2008-03-31": "$1,356", "2007-12-31": "$1,329", "2007-09-30": "$1,290", "2007-06-30": "$1,331", "2007-03-31": "$1,219", "2006-12-31": "$1,189", "2006-09-30": "$1,167", "2006-06-30": "$1,208", "2006-03-31": "$1,160", "2005-12-31": "$1,142", "2005-09-30": "$1,133", "2005-06-30": "$1,135", "2005-03-31": "$1,131"}}, "profit-margins": {"current": "14.66%"}, "gross margin": {"2020-09-30": "55.88%", "2020-06-30": "56.47%", "2020-03-31": "57.44%", "2019-12-31": "57.43%", "2019-09-30": "54.63%", "2019-06-30": "54.98%", "2019-03-31": "55.65%", "2018-12-31": "56.55%", "2018-09-30": "56.20%", "2018-06-30": "55.95%", "2018-03-31": "55.52%", "2017-12-31": "54.59%", "2017-09-30": "53.92%", "2017-06-30": "53.40%", "2017-03-31": "53.16%", "2016-12-31": "53.29%", "2016-09-30": "53.42%", "2016-06-30": "53.01%", "2016-03-31": "52.38%", "2015-12-31": "52.15%", "2015-09-30": "51.36%", "2015-06-30": "51.43%", "2015-03-31": "51.58%", "2014-12-31": "51.20%", "2014-09-30": "51.02%", "2014-06-30": "50.45%", "2014-03-31": "49.83%", "2013-12-31": "49.44%", "2013-09-30": "48.83%", "2013-06-30": "48.80%", "2013-03-31": "48.36%", "2012-12-31": "48.23%", "2012-09-30": "48.20%", "2012-06-30": "48.03%", "2012-03-31": "47.89%", "2011-12-31": "47.49%", "2011-09-30": "47.93%", "2011-06-30": "47.90%", "2011-03-31": "48.19%", "2010-12-31": "48.60%", "2010-09-30": "52.41%", "2010-06-30": "50.74%", "2010-03-31": "49.49%", "2009-12-31": "47.74%", "2009-09-30": "44.65%", "2009-06-30": "43.81%", "2009-03-31": "42.87%", "2008-12-31": "41.89%", "2008-09-30": "42.08%", "2008-06-30": "40.00%", "2008-03-31": "38.34%", "2007-12-31": "37.52%", "2007-09-30": "35.28%", "2007-06-30": "34.00%", "2007-03-31": "32.45%", "2006-12-31": "30.98%", "2006-09-30": "29.44%", "2006-06-30": "29.07%", "2006-03-31": "28.70%", "2005-12-31": "28.23%"}, "operating margin": {"2020-09-30": "18.15%", "2020-06-30": "17.45%", "2020-03-31": "19.48%", "2019-12-31": "16.45%", "2019-09-30": "16.39%", "2019-06-30": "15.20%", "2019-03-31": "12.48%", "2018-12-31": "13.11%", "2018-09-30": "12.20%", "2018-06-30": "13.79%", "2018-03-31": "17.72%", "2017-12-31": "17.33%", "2017-09-30": "16.84%", "2017-06-30": "16.31%", "2017-03-31": "16.15%", "2016-12-31": "17.01%", "2016-09-30": "18.91%", "2016-06-30": "18.54%", "2016-03-31": "17.61%", "2015-12-31": "17.51%", "2015-09-30": "16.05%", "2015-06-30": "16.21%", "2015-03-31": "15.96%", "2014-12-31": "15.49%", "2014-09-30": "14.88%", "2014-06-30": "14.33%", "2014-03-31": "14.10%", "2013-12-31": "13.73%", "2013-09-30": "14.23%", "2013-06-30": "13.65%", "2013-03-31": "13.97%", "2012-12-31": "-6.32%", "2012-09-30": "-6.09%", "2012-06-30": "-5.32%", "2012-03-31": "-5.86%", "2011-12-31": "15.47%", "2011-09-30": "15.02%", "2011-06-30": "14.57%", "2011-03-31": "15.39%", "2010-12-31": "16.46%", "2010-09-30": "20.76%", "2010-06-30": "20.37%", "2010-03-31": "18.80%", "2009-12-31": "17.42%", "2009-09-30": "13.78%", "2009-06-30": "13.50%", "2009-03-31": "13.43%", "2008-12-31": "12.50%", "2008-09-30": "9.45%", "2008-06-30": "8.63%", "2008-03-31": "8.29%", "2007-12-31": "9.21%", "2007-09-30": "12.72%", "2007-06-30": "12.33%", "2007-03-31": "11.28%", "2006-12-31": "10.11%", "2006-09-30": "9.59%", "2006-06-30": "9.34%", "2006-03-31": "9.55%", "2005-12-31": "9.30%"}, "ebitda margin": {"2020-09-30": "27.24%", "2020-06-30": "26.28%", "2020-03-31": "27.90%", "2019-12-31": "24.85%", "2019-09-30": "24.91%", "2019-06-30": "23.86%", "2019-03-31": "21.24%", "2018-12-31": "21.93%", "2018-09-30": "20.98%", "2018-06-30": "22.22%", "2018-03-31": "25.73%", "2017-12-31": "24.78%", "2017-09-30": "23.72%", "2017-06-30": "23.15%", "2017-03-31": "22.93%", "2016-12-31": "23.97%", "2016-09-30": "26.03%", "2016-06-30": "25.66%", "2016-03-31": "24.70%", "2015-12-31": "24.36%", "2015-09-30": "22.82%", "2015-06-30": "22.99%", "2015-03-31": "22.73%", "2014-12-31": "22.34%", "2014-09-30": "21.71%", "2014-06-30": "21.05%", "2014-03-31": "20.59%", "2013-12-31": "20.09%", "2013-09-30": "20.54%", "2013-06-30": "19.95%", "2013-03-31": "20.29%", "2012-12-31": "21.21%", "2012-09-30": "21.74%", "2012-06-30": "22.60%", "2012-03-31": "22.17%", "2011-12-31": "21.90%", "2011-09-30": "21.54%", "2011-06-30": "21.18%", "2011-03-31": "21.97%", "2010-12-31": "22.91%", "2010-09-30": "27.43%", "2010-06-30": "26.70%", "2010-03-31": "25.48%", "2009-12-31": "24.11%", "2009-09-30": "20.48%", "2009-06-30": "19.89%", "2009-03-31": "19.17%", "2008-12-31": "17.99%", "2008-09-30": "15.46%", "2008-06-30": "14.23%", "2008-03-31": "13.48%", "2007-12-31": "13.78%", "2007-09-30": "14.72%", "2007-06-30": "14.64%", "2007-03-31": "13.71%", "2006-12-31": "12.71%", "2006-09-30": "11.75%", "2006-06-30": "11.59%", "2006-03-31": "11.96%", "2005-12-31": "11.81%"}, "pre tax profit margin": {"2020-09-30": "15.24%", "2020-06-30": "14.44%", "2020-03-31": "16.42%", "2019-12-31": "13.10%", "2019-09-30": "13.10%", "2019-06-30": "11.55%", "2019-03-31": "8.52%", "2018-12-31": "8.94%", "2018-09-30": "7.91%", "2018-06-30": "9.63%", "2018-03-31": "13.67%", "2017-12-31": "13.23%", "2017-09-30": "12.97%", "2017-06-30": "12.73%", "2017-03-31": "11.90%", "2016-12-31": "13.16%", "2016-09-30": "15.11%", "2016-06-30": "14.55%", "2016-03-31": "13.79%", "2015-12-31": "13.48%", "2015-09-30": "11.88%", "2015-06-30": "11.96%", "2015-03-31": "12.35%", "2014-12-31": "12.01%", "2014-09-30": "11.46%", "2014-06-30": "10.95%", "2014-03-31": "10.67%", "2013-12-31": "10.31%", "2013-09-30": "10.75%", "2013-06-30": "9.88%", "2013-03-31": "9.99%", "2012-12-31": "-10.64%", "2012-09-30": "-10.87%", "2012-06-30": "-10.18%", "2012-03-31": "-10.66%", "2011-12-31": "9.71%", "2011-09-30": "7.79%", "2011-06-30": "5.05%", "2011-03-31": "5.49%", "2010-12-31": "7.52%", "2010-09-30": "11.81%", "2010-06-30": "14.36%", "2010-03-31": "13.07%", "2009-12-31": "11.43%", "2009-09-30": "7.75%", "2009-06-30": "7.22%", "2009-03-31": "6.96%", "2008-12-31": "6.22%", "2008-09-30": "2.08%", "2008-06-30": "2.41%", "2008-03-31": "2.92%", "2007-12-31": "4.95%", "2007-09-30": "10.94%", "2007-06-30": "10.53%", "2007-03-31": "9.60%", "2006-12-31": "8.50%", "2006-09-30": "8.51%", "2006-06-30": "8.37%", "2006-03-31": "8.63%", "2005-12-31": "8.27%"}, "net profit margin": {"2020-09-30": "14.64%", "2020-06-30": "18.96%", "2020-03-31": "21.09%", "2019-12-31": "17.76%", "2019-09-30": "17.36%", "2019-06-30": "10.80%", "2019-03-31": "7.55%", "2018-12-31": "8.25%", "2018-09-30": "2.83%", "2018-06-30": "3.78%", "2018-03-31": "7.48%", "2017-12-31": "7.08%", "2017-09-30": "12.39%", "2017-06-30": "12.33%", "2017-03-31": "11.70%", "2016-12-31": "12.68%", "2016-09-30": "15.05%", "2016-06-30": "14.88%", "2016-03-31": "14.29%", "2015-12-31": "13.54%", "2015-09-30": "10.83%", "2015-06-30": "10.42%", "2015-03-31": "10.44%", "2014-12-31": "10.22%", "2014-09-30": "9.48%", "2014-06-30": "9.26%", "2014-03-31": "9.22%", "2013-12-31": "8.90%", "2013-09-30": "8.71%", "2013-06-30": "7.41%", "2013-03-31": "7.65%", "2012-12-31": "-12.25%", "2012-09-30": "-3.34%", "2012-06-30": "-1.91%", "2012-03-31": "-2.50%", "2011-12-31": "21.70%", "2011-09-30": "16.63%", "2011-06-30": "15.28%", "2011-03-31": "17.41%", "2010-12-31": "14.39%", "2010-09-30": "13.76%", "2010-06-30": "13.97%", "2010-03-31": "9.18%", "2009-12-31": "21.11%", "2009-09-30": "17.22%", "2009-06-30": "16.81%", "2009-03-31": "17.29%", "2008-12-31": "6.28%", "2008-09-30": "9.02%", "2008-06-30": "3.70%", "2008-03-31": "7.45%", "2007-12-31": "9.27%", "2007-09-30": "6.61%", "2007-06-30": "10.89%", "2007-03-31": "7.23%", "2006-12-31": "6.07%", "2006-09-30": "5.59%", "2006-06-30": "5.56%", "2006-03-31": "5.22%", "2005-12-31": "5.57%"}, "pe ratio": {"current": "37.27", "2021-02-05": "51.32", "2020-09-30": "43.77", "2020-06-30": "35.76", "2020-03-31": "24.98", "2019-12-31": "38.34", "2019-09-30": "35.89", "2019-06-30": "56.96", "2019-03-31": "75.78", "2018-12-31": "59.77", "2018-09-30": "181.79", "2018-06-30": "140.37", "2018-03-31": "69.78", "2017-12-31": "75.06", "2017-09-30": "43.50", "2017-06-30": "39.07", "2017-03-31": "39.46", "2016-12-31": "31.59", "2016-09-30": "28.38", "2016-06-30": "30.68", "2016-03-31": "28.80", "2015-12-31": "25.14", "2015-09-30": "29.65", "2015-06-30": "32.82", "2015-03-31": "28.55", "2014-12-31": "27.39", "2014-09-30": "26.99", "2014-06-30": "27.80", "2014-03-31": "28.45", "2013-12-31": "25.75", "2013-09-30": "22.96", "2013-06-30": "25.79", "2013-03-31": "27.42", "2012-12-31": "0.00", "2012-09-30": "0.00", "2012-06-30": "0.00", "2012-03-31": "0.00", "2011-12-31": "7.07", "2011-09-30": "8.38", "2011-06-30": "10.38", "2011-03-31": "8.72", "2010-12-31": "9.62", "2010-09-30": "12.43", "2010-06-30": "10.72", "2010-03-31": "17.93", "2009-12-31": "6.18", "2009-09-30": "5.96", "2009-06-30": "5.41", "2009-03-31": "4.25", "2008-12-31": "14.09", "2008-09-30": "12.76", "2008-06-30": "27.83", "2008-03-31": "12.55", "2007-12-31": "14.07", "2007-09-30": "21.36", "2007-06-30": "12.49", "2007-03-31": "14.27", "2006-12-31": "15.02"}, "price sales": {"2021-02-05": "7.51", "2020-09-30": "6.41", "2020-06-30": "6.78", "2020-03-31": "5.27", "2019-12-31": "6.80", "2019-09-30": "6.22", "2019-06-30": "6.13", "2019-03-31": "5.64", "2018-12-31": "4.87", "2018-09-30": "5.10", "2018-06-30": "5.29", "2018-03-31": "5.24", "2017-12-31": "5.34", "2017-09-30": "5.42", "2017-06-30": "4.85", "2017-03-31": "4.65", "2016-12-31": "4.04", "2016-09-30": "4.28", "2016-06-30": "4.56", "2016-03-31": "4.10", "2015-12-31": "3.39", "2015-09-30": "3.18", "2015-06-30": "3.40", "2015-03-31": "2.97", "2014-12-31": "2.78", "2014-09-30": "2.53", "2014-06-30": "2.55", "2014-03-31": "2.61", "2013-12-31": "2.28", "2013-09-30": "1.99", "2013-06-30": "1.90", "2013-03-31": "2.08", "2012-12-31": "1.76", "2012-09-30": "1.72", "2012-06-30": "1.51", "2012-03-31": "1.51", "2011-12-31": "1.53", "2011-09-30": "1.39", "2011-06-30": "1.58", "2011-03-31": "1.52", "2010-12-31": "1.38", "2010-09-30": "1.71", "2010-06-30": "1.50", "2010-03-31": "1.65", "2009-12-31": "1.31", "2009-09-30": "1.03", "2009-06-30": "0.91", "2009-03-31": "0.73", "2008-12-31": "0.88", "2008-09-30": "1.16", "2008-06-30": "1.03", "2008-03-31": "0.94", "2007-12-31": "1.30", "2007-09-30": "1.40", "2007-06-30": "1.36", "2007-03-31": "1.03", "2006-12-31": "0.91"}, "price book": {"current": "5.74", "2021-02-05": "5.74", "2020-09-30": "4.89", "2020-06-30": "5.45", "2020-03-31": "4.41", "2019-12-31": "5.83", "2019-09-30": "5.48", "2019-06-30": "5.71", "2019-03-31": "5.39", "2018-12-31": "4.64", "2018-09-30": "4.83", "2018-06-30": "4.98", "2018-03-31": "4.47", "2017-12-31": "4.56", "2017-09-30": "4.34", "2017-06-30": "3.89", "2017-03-31": "3.86", "2016-12-31": "3.26", "2016-09-30": "3.34", "2016-06-30": "3.59", "2016-03-31": "3.09", "2015-12-31": "2.64", "2015-09-30": "2.58", "2015-06-30": "2.82", "2015-03-31": "2.60", "2014-12-31": "2.39", "2014-09-30": "2.10", "2014-06-30": "2.10", "2014-03-31": "2.17", "2013-12-31": "1.91", "2013-09-30": "1.72", "2013-06-30": "1.67", "2013-03-31": "1.83", "2012-12-31": "1.61", "2012-09-30": "1.49", "2012-06-30": "1.36", "2012-03-31": "1.33", "2011-12-31": "1.21", "2011-09-30": "1.03", "2011-06-30": "1.15", "2011-03-31": "1.11", "2010-12-31": "1.07", "2010-09-30": "1.17", "2010-06-30": "1.21", "2010-03-31": "1.41", "2009-12-31": "1.18", "2009-09-30": "1.07", "2009-06-30": "1.04", "2009-03-31": "0.95", "2008-12-31": "1.38", "2008-09-30": "1.53", "2008-06-30": "1.32", "2008-03-31": "1.16", "2007-12-31": "1.55", "2007-09-30": "1.96", "2007-06-30": "1.98", "2007-03-31": "1.78", "2006-12-31": "1.72", "2006-09-30": "1.50", "2006-06-30": "1.44", "2006-03-31": "1.99"}, "price fcf": {"2021-02-05": "", "2020-09-30": "$6.47", "2020-06-30": "$6.94", "2020-03-31": "$5.65", "2019-12-31": "$7.10", "2019-09-30": "$6.71", "2019-06-30": "$6.60", "2019-03-31": "$6.85", "2018-12-31": "$7.57", "2018-09-30": "$7.06", "2018-06-30": "$7.20", "2018-03-31": "$7.33", "2017-12-31": "$7.62", "2017-09-30": "$7.54", "2017-06-30": "$7.56", "2017-03-31": "$8.08", "2016-12-31": "$7.50", "2016-09-30": "$8.13", "2016-06-30": "$6.92", "2016-03-31": "$5.68", "2015-12-31": "$5.04", "2015-09-30": "$3.95", "2015-06-30": "$4.41", "2015-03-31": "$4.73", "2014-12-31": "$4.79", "2014-09-30": "$5.52", "2014-06-30": "$5.41", "2014-03-31": "$4.73", "2013-12-31": "$3.84", "2013-09-30": "$2.80", "2013-06-30": "$2.14", "2013-03-31": "$2.60", "2012-12-31": "$3.16", "2012-09-30": "$2.66", "2012-06-30": "$2.14", "2012-03-31": "$1.50", "2011-12-31": "$1.22", "2011-09-30": "$1.59", "2011-06-30": "$1.76", "2011-03-31": "$2.19", "2010-12-31": "$2.84", "2010-09-30": "$3.14", "2010-06-30": "$5.04", "2010-03-31": "$3.39", "2009-12-31": "$2.35", "2009-09-30": "$1.98", "2009-06-30": "$1.02", "2009-03-31": "$1.62", "2008-12-31": "$1.28", "2008-09-30": "$2.36", "2008-06-30": "$1.94", "2008-03-31": "$3.48", "2007-12-31": "$4.91", "2007-09-30": "$3.08", "2007-06-30": "$3.85", "2007-03-31": "$4.28", "2006-12-31": "$4.02"}, "net worth": {"value": "$18.57B"}, "current ratio": {"current": "2.99", "2020-09-30": "2.99", "2020-06-30": "3.38", "2020-03-31": "3.60", "2019-12-31": "2.32", "2019-09-30": "2.33", "2019-06-30": "2.52", "2019-03-31": "2.27", "2018-12-31": "2.12", "2018-09-30": "2.26", "2018-06-30": "2.21", "2018-03-31": "2.18", "2017-12-31": "2.33", "2017-09-30": "4.72", "2017-06-30": "3.74", "2017-03-31": "3.56", "2016-12-31": "2.77", "2016-09-30": "2.57", "2016-06-30": "2.74", "2016-03-31": "1.61", "2015-12-31": "1.51", "2015-09-30": "1.58", "2015-06-30": "1.67", "2015-03-31": "1.61", "2014-12-31": "1.57", "2014-09-30": "1.59", "2014-06-30": "1.60", "2014-03-31": "1.93", "2013-12-31": "1.89", "2013-09-30": "4.15", "2013-06-30": "4.01", "2013-03-31": "4.04", "2012-12-31": "3.90", "2012-09-30": "5.20", "2012-06-30": "5.15", "2012-03-31": "4.80", "2011-12-31": "4.72", "2011-09-30": "3.09", "2011-06-30": "3.15", "2011-03-31": "2.71", "2010-12-31": "2.19", "2010-09-30": "2.24", "2010-06-30": "3.22", "2010-03-31": "3.06", "2009-12-31": "2.98", "2009-09-30": "2.90", "2009-06-30": "2.72", "2009-03-31": "2.19", "2008-12-31": "1.82", "2008-09-30": "1.91", "2008-06-30": "1.65", "2008-03-31": "1.56", "2007-12-31": "1.55", "2007-09-30": "2.59", "2007-06-30": "2.71", "2007-03-31": "2.71", "2006-12-31": "2.54", "2006-09-30": "2.30", "2006-06-30": "2.31", "2006-03-31": "2.07", "2005-12-31": "1.98", "2005-09-30": "2.63", "2005-06-30": "2.48", "2005-03-31": "2.40"}, "quick ratio": {"2020-09-30": "1.88", "2020-06-30": "2.26", "2020-03-31": "2.38", "2019-12-31": "1.47", "2019-09-30": "1.44", "2019-06-30": "1.59", "2019-03-31": "1.42", "2018-12-31": "1.39", "2018-09-30": "1.51", "2018-06-30": "1.45", "2018-03-31": "1.45", "2017-12-31": "1.52", "2017-09-30": "3.70", "2017-06-30": "2.76", "2017-03-31": "2.65", "2016-12-31": "2.03", "2016-09-30": "1.82", "2016-06-30": "1.94", "2016-03-31": "1.11", "2015-12-31": "1.01", "2015-09-30": "1.05", "2015-06-30": "1.14", "2015-03-31": "1.10", "2014-12-31": "1.04", "2014-09-30": "1.07", "2014-06-30": "1.05", "2014-03-31": "1.38", "2013-12-31": "1.37", "2013-09-30": "2.85", "2013-06-30": "2.69", "2013-03-31": "2.77", "2012-12-31": "2.72", "2012-09-30": "4.01", "2012-06-30": "3.98", "2012-03-31": "3.72", "2011-12-31": "3.62", "2011-09-30": "2.28", "2011-06-30": "2.35", "2011-03-31": "1.77", "2010-12-31": "1.39", "2010-09-30": "1.47", "2010-06-30": "2.17", "2010-03-31": "1.97", "2009-12-31": "1.91", "2009-09-30": "1.69", "2009-06-30": "1.52", "2009-03-31": "1.24", "2008-12-31": "1.01", "2008-09-30": "1.09", "2008-06-30": "0.96", "2008-03-31": "0.94", "2007-12-31": "0.90", "2007-09-30": "1.81", "2007-06-30": "1.88", "2007-03-31": "1.82", "2006-12-31": "1.61", "2006-09-30": "1.45", "2006-06-30": "1.50", "2006-03-31": "1.31", "2005-12-31": "1.29", "2005-09-30": "1.66", "2005-06-30": "1.60", "2005-03-31": "1.53"}, "debt equity ratio": {"current": "0.63", "2020-09-30": "1.04", "2020-06-30": "1.18", "2020-03-31": "1.18", "2019-12-31": "1.12", "2019-09-30": "1.19", "2019-06-30": "1.37", "2019-03-31": "1.44", "2018-12-31": "1.47", "2018-09-30": "1.47", "2018-06-30": "1.54", "2018-03-31": "1.46", "2017-12-31": "1.54", "2017-09-30": "1.30", "2017-06-30": "1.24", "2017-03-31": "1.36", "2016-12-31": "0.82", "2016-09-30": "0.84", "2016-06-30": "0.89", "2016-03-31": "0.91", "2015-12-31": "0.93", "2015-09-30": "1.01", "2015-06-30": "1.08", "2015-03-31": "1.11", "2014-12-31": "1.05", "2014-09-30": "1.05", "2014-06-30": "1.05", "2014-03-31": "1.18", "2013-12-31": "1.20", "2013-09-30": "1.03", "2013-06-30": "1.07", "2013-03-31": "1.08", "2012-12-31": "1.10", "2012-09-30": "1.09", "2012-06-30": "1.13", "2012-03-31": "1.12", "2011-12-31": "0.98", "2011-09-30": "1.00", "2011-06-30": "0.99", "2011-03-31": "0.95", "2010-12-31": "1.04", "2010-09-30": "1.21", "2010-06-30": "1.37", "2010-03-31": "1.38", "2009-12-31": "1.42", "2009-09-30": "1.45", "2009-06-30": "1.58", "2009-03-31": "1.72", "2008-12-31": "2.05", "2008-09-30": "1.96", "2008-06-30": "1.99", "2008-03-31": "2.10", "2007-12-31": "2.15", "2007-09-30": "1.05", "2007-06-30": "0.95", "2007-03-31": "0.99", "2006-12-31": "0.99", "2006-09-30": "1.01", "2006-06-30": "0.99", "2006-03-31": "1.05", "2005-12-31": "1.10", "2005-09-30": "1.23", "2005-06-30": "1.21", "2005-03-31": "1.27"}, "return on equity": {"2020-09-30": "11.85%", "2020-06-30": "15.96%", "2020-03-31": "19.05%", "2019-12-31": "16.66%", "2019-09-30": "16.71%", "2019-06-30": "10.58%", "2019-03-31": "7.44%", "2018-12-31": "8.05%", "2018-09-30": "2.74%", "2018-06-30": "3.56%", "2018-03-31": "6.84%", "2017-12-31": "6.41%", "2017-09-30": "11.14%", "2017-06-30": "11.03%", "2017-03-31": "10.45%", "2016-12-31": "11.16%", "2016-09-30": "13.25%", "2016-06-30": "13.37%", "2016-03-31": "13.01%", "2015-12-31": "12.67%", "2015-09-30": "10.21%", "2015-06-30": "9.85%", "2015-03-31": "9.87%", "2014-12-31": "9.61%", "2014-09-30": "8.79%", "2014-06-30": "8.51%", "2014-03-31": "8.45%", "2013-12-31": "8.21%", "2013-09-30": "8.03%", "2013-06-30": "6.75%", "2013-03-31": "6.91%", "2012-12-31": "-10.93%", "2012-09-30": "-2.85%", "2012-06-30": "-1.58%", "2012-03-31": "-2.00%", "2011-12-31": "16.70%", "2011-09-30": "12.53%", "2011-06-30": "11.71%", "2011-03-31": "13.82%", "2010-12-31": "12.05%", "2010-09-30": "10.07%", "2010-06-30": "11.35%", "2010-03-31": "8.07%", "2009-12-31": "20.18%", "2009-09-30": "19.62%", "2009-06-30": "20.50%", "2009-03-31": "22.90%", "2008-12-31": "8.85%", "2008-09-30": "12.07%", "2008-06-30": "4.92%", "2008-03-31": "9.42%", "2007-12-31": "11.30%", "2007-09-30": "9.47%", "2007-06-30": "17.28%", "2007-03-31": "12.96%", "2006-12-31": "11.85%", "2006-09-30": "11.97%", "2006-06-30": "11.89%", "2006-03-31": "11.38%", "2005-12-31": "12.33%"}, "return on assets": {"2020-09-30": "5.56%", "2020-06-30": "7.36%", "2020-03-31": "8.62%", "2019-12-31": "7.33%", "2019-09-30": "7.07%", "2019-06-30": "4.34%", "2019-03-31": "3.00%", "2018-12-31": "3.24%", "2018-09-30": "1.09%", "2018-06-30": "1.45%", "2018-03-31": "2.87%", "2017-12-31": "2.72%", "2017-09-30": "5.10%", "2017-06-30": "5.32%", "2017-03-31": "5.28%", "2016-12-31": "5.99%", "2016-09-30": "7.01%", "2016-06-30": "6.92%", "2016-03-31": "6.57%", "2015-12-31": "6.25%", "2015-09-30": "4.96%", "2015-06-30": "4.76%", "2015-03-31": "4.78%", "2014-12-31": "4.62%", "2014-09-30": "4.15%", "2014-06-30": "4.02%", "2014-03-31": "3.98%", "2013-12-31": "3.92%", "2013-09-30": "3.88%", "2013-06-30": "3.24%", "2013-03-31": "3.29%", "2012-12-31": "-5.18%", "2012-09-30": "-1.37%", "2012-06-30": "-0.77%", "2012-03-31": "-0.99%", "2011-12-31": "8.44%", "2011-09-30": "6.29%", "2011-06-30": "5.73%", "2011-03-31": "6.49%", "2010-12-31": "5.37%", "2010-09-30": "4.30%", "2010-06-30": "4.72%", "2010-03-31": "3.29%", "2009-12-31": "7.96%", "2009-09-30": "7.31%", "2009-06-30": "7.28%", "2009-03-31": "7.82%", "2008-12-31": "2.93%", "2008-09-30": "3.96%", "2008-06-30": "1.73%", "2008-03-31": "3.67%", "2007-12-31": "4.93%", "2007-09-30": "4.75%", "2007-06-30": "8.72%", "2007-03-31": "6.50%", "2006-12-31": "5.90%", "2006-09-30": "5.88%", "2006-06-30": "5.68%", "2006-03-31": "5.30%", "2005-12-31": "5.59%"}, "return on investments": {"2020-09-30": "8.69%", "2020-06-30": "8.61%", "2020-03-31": "10.28%", "2019-12-31": "8.98%", "2019-09-30": "8.91%", "2019-06-30": "8.24%", "2019-03-31": "6.71%", "2018-12-31": "6.94%", "2018-09-30": "6.35%", "2018-06-30": "6.93%", "2018-03-31": "8.75%", "2017-12-31": "8.43%", "2017-09-30": "8.67%", "2017-06-30": "8.98%", "2017-03-31": "9.44%", "2016-12-31": "10.82%", "2016-09-30": "12.19%", "2016-06-30": "12.34%", "2016-03-31": "12.03%", "2015-12-31": "12.17%", "2015-09-30": "11.14%", "2015-06-30": "11.23%", "2015-03-31": "11.08%", "2014-12-31": "10.50%", "2014-09-30": "9.74%", "2014-06-30": "9.03%", "2014-03-31": "8.57%", "2013-12-31": "8.32%", "2013-09-30": "8.54%", "2013-06-30": "8.05%", "2013-03-31": "8.14%", "2012-12-31": "-3.63%", "2012-09-30": "-3.39%", "2012-06-30": "-2.90%", "2012-03-31": "-3.12%", "2011-12-31": "8.08%", "2011-09-30": "7.71%", "2011-06-30": "7.57%", "2011-03-31": "8.00%", "2010-12-31": "8.63%", "2010-09-30": "9.08%", "2010-06-30": "9.47%", "2010-03-31": "9.25%", "2009-12-31": "9.05%", "2009-09-30": "8.15%", "2009-06-30": "8.24%", "2009-03-31": "8.70%", "2008-12-31": "8.44%", "2008-09-30": "6.03%", "2008-06-30": "5.96%", "2008-03-31": "5.99%", "2007-12-31": "7.13%", "2007-09-30": "13.19%", "2007-06-30": "14.01%", "2007-03-31": "14.37%", "2006-12-31": "13.93%", "2006-09-30": "14.41%", "2006-06-30": "13.70%", "2006-03-31": "13.95%", "2005-12-31": "13.47%"}, "return on tangible equity": {"2020-09-30": "-25.12%", "2020-06-30": "-31.72%", "2020-03-31": "-34.65%", "2019-12-31": "-27.29%", "2019-09-30": "-24.11%", "2019-06-30": "-13.96%", "2019-03-31": "-9.29%", "2018-12-31": "-9.85%", "2018-09-30": "-3.26%", "2018-06-30": "-4.76%", "2018-03-31": "-10.48%", "2017-12-31": "-10.98%", "2017-09-30": "-28.63%", "2017-06-30": "-34.31%", "2017-03-31": "-42.99%", "2016-12-31": "-71.98%", "2016-09-30": "-70.53%", "2016-06-30": "-59.62%", "2016-03-31": "-50.27%", "2015-12-31": "-43.79%", "2015-09-30": "-32.77%", "2015-06-30": "-31.47%", "2015-03-31": "-31.29%", "2014-12-31": "-30.04%", "2014-09-30": "-26.77%", "2014-06-30": "-27.10%", "2014-03-31": "-27.77%", "2013-12-31": "-28.64%", "2013-09-30": "-30.04%", "2013-06-30": "-26.77%", "2013-03-31": "-29.46%", "2012-12-31": "53.63%", "2012-09-30": "16.49%", "2012-06-30": "8.49%", "2012-03-31": "10.36%", "2011-12-31": "-76.01%", "2011-09-30": "-48.79%", "2011-06-30": "-39.52%", "2011-03-31": "-38.78%", "2010-12-31": "-28.15%", "2010-09-30": "-20.84%", "2010-06-30": "-20.78%", "2010-03-31": "-13.40%", "2009-12-31": "-30.60%", "2009-09-30": "-25.49%", "2009-06-30": "-24.24%", "2009-03-31": "-25.31%", "2008-12-31": "-9.23%", "2008-09-30": "-12.43%", "2008-06-30": "-7.38%", "2008-03-31": "-28.33%", "2007-12-31": "1536.84%", "2007-09-30": "25.88%", "2007-06-30": "47.30%", "2007-03-31": "35.59%", "2006-12-31": "32.83%", "2006-09-30": "33.57%", "2006-06-30": "33.89%", "2006-03-31": "33.53%", "2005-12-31": "36.70%"}, "dividend yield history": {"last payout": "$1.36", "last yield": "0.34%"}}