{"ticker": "TDS", "price": {"title": "Telephone And Data Systems Historical Annual Stock Price Data", "value": 20.51, "historical": {"2021": {"Average Stock Price": "19.7208", "Year Open": "18.7400", "Year High": "20.8500", "Year Low": "18.7400", "Year Close": "20.5100", "Annual % Change": "10.45%"}, "2020": {"Average Stock Price": "20.0498", "Year Open": "25.2800", "Year High": "25.4500", "Year Low": "15.2600", "Year Close": "18.5700", "Annual % Change": "-26.98%"}, "2019": {"Average Stock Price": "29.3644", "Year Open": "32.9500", "Year High": "36.8100", "Year Low": "21.9300", "Year Close": "25.4300", "Annual % Change": "-21.85%"}, "2018": {"Average Stock Price": "28.9984", "Year Open": "27.9200", "Year High": "35.9700", "Year Low": "24.1300", "Year Close": "32.5400", "Annual % Change": "17.05%"}, "2017": {"Average Stock Price": "27.9482", "Year Open": "30.4000", "Year High": "32.7500", "Year Low": "24.8100", "Year Close": "27.8000", "Annual % Change": "-3.71%"}, "2016": {"Average Stock Price": "27.6310", "Year Open": "25.0400", "Year High": "31.7500", "Year Low": "20.9900", "Year Close": "28.8700", "Annual % Change": "11.51%"}, "2015": {"Average Stock Price": "27.2892", "Year Open": "25.3100", "Year High": "30.5600", "Year Low": "23.2500", "Year Close": "25.8900", "Annual % Change": "2.53%"}, "2014": {"Average Stock Price": "25.4845", "Year Open": "25.6600", "Year High": "27.8400", "Year Low": "22.2300", "Year Close": "25.2500", "Annual % Change": "-2.06%"}, "2013": {"Average Stock Price": "25.4989", "Year Open": "22.8600", "Year High": "31.3800", "Year Low": "20.7100", "Year Close": "25.7800", "Annual % Change": "16.44%"}, "2012": {"Average Stock Price": "23.7864", "Year Open": "24.1122", "Year High": "28.8800", "Year Low": "19.4200", "Year Close": "22.1400", "Annual % Change": "-7.04%"}, "2011": {"Average Stock Price": "26.8316", "Year Open": "33.9926", "Year High": "34.1306", "Year Low": "18.2889", "Year Close": "23.8178", "Annual % Change": "-29.17%"}, "2010": {"Average Stock Price": "30.6540", "Year Open": "31.8675", "Year High": "34.7010", "Year Low": "26.5777", "Year Close": "33.6247", "Annual % Change": "7.75%"}, "2009": {"Average Stock Price": "27.3837", "Year Open": "30.2852", "Year High": "32.4103", "Year Low": "22.2999", "Year Close": "31.2052", "Annual % Change": "6.83%"}, "2008": {"Average Stock Price": "37.5822", "Year Open": "57.7001", "Year High": "58.5097", "Year Low": "20.5980", "Year Close": "29.2088", "Annual % Change": "-49.28%"}, "2007": {"Average Stock Price": "57.2916", "Year Open": "50.5520", "Year High": "67.3965", "Year Low": "49.1536", "Year Close": "57.5897", "Annual % Change": "15.22%"}, "2006": {"Average Stock Price": "38.7675", "Year Open": "33.5327", "Year High": "50.6072", "Year Low": "32.5667", "Year Close": "49.9816", "Annual % Change": "50.79%"}, "2005": {"Average Stock Price": "50.2948", "Year Open": "70.6900", "Year High": "80.9108", "Year Low": "33.1463", "Year Close": "33.1463", "Annual % Change": "-53.18%"}, "2004": {"Average Stock Price": "67.3540", "Year Open": "57.1757", "Year High": "78.0497", "Year Low": "57.1757", "Year Close": "70.7912", "Annual % Change": "23.02%"}, "2003": {"Average Stock Price": "47.2029", "Year Open": "44.2962", "Year High": "58.8040", "Year Low": "33.0819", "Year Close": "57.5437", "Annual % Change": "33.03%"}, "2002": {"Average Stock Price": "62.6364", "Year Open": "83.4867", "Year High": "84.5446", "Year Low": "40.8924", "Year Close": "43.2567", "Annual % Change": "-47.61%"}, "2001": {"Average Stock Price": "90.0740", "Year Open": "80.0828", "Year High": "102.2539", "Year Low": "80.0368", "Year Close": "82.5667", "Annual % Change": "-0.28%"}, "2000": {"Average Stock Price": "97.7051", "Year Open": "112.4655", "Year High": "116.2649", "Year Low": "76.3109", "Year Close": "82.7967", "Annual % Change": "-28.57%"}, "1999": {"Average Stock Price": "71.0766", "Year Open": "40.5980", "Year High": "124.9586", "Year Low": "40.5980", "Year Close": "115.9154", "Annual % Change": "180.37%"}, "1998": {"Average Stock Price": "38.8339", "Year Open": "42.2079", "Year High": "45.7130", "Year Low": "28.5189", "Year Close": "41.3431", "Annual % Change": "-3.48%"}, "1997": {"Average Stock Price": "36.8445", "Year Open": "33.1187", "Year High": "44.6182", "Year Low": "31.8583", "Year Close": "42.8335", "Annual % Change": "28.44%"}, "1996": {"Average Stock Price": "38.6224", "Year Open": "36.5685", "Year High": "44.8482", "Year Low": "32.1987", "Year Close": "33.3487", "Annual % Change": "-8.23%"}, "1995": {"Average Stock Price": "36.8772", "Year Open": "41.1684", "Year High": "42.5483", "Year Low": "33.0083", "Year Close": "36.3385", "Annual % Change": "-14.37%"}, "1994": {"Average Stock Price": "39.5956", "Year Open": "46.4581", "Year High": "46.4581", "Year Low": "33.0083", "Year Close": "42.4379", "Annual % Change": "-11.51%"}, "1993": {"Average Stock Price": "40.7483", "Year Open": "35.5382", "Year High": "52.0975", "Year Low": "31.1684", "Year Close": "47.9577", "Annual % Change": "28.30%"}, "1992": {"Average Stock Price": "32.7154", "Year Open": "32.3183", "Year High": "37.3781", "Year Low": "27.9485", "Year Close": "37.3781", "Annual % Change": "14.45%"}}}, "market cap": {"value": "$4.39B"}, "income statement": {"Revenue": {"2019-12-31": "5176.00000", "2018-12-31": "5109.00000", "2017-12-31": "5044.00000", "2016-12-31": "5155.00000", "2015-12-31": "5210.00000", "2014-12-31": "5009.00000", "2013-12-31": "4901.23600", "2012-12-31": "5345.27700", "2011-12-31": "5180.47100", "2010-12-31": "4986.82900", "2009-12-31": "5019.94300", "2008-12-31": "5091.38800", "2007-12-31": "4828.98400", "2006-12-31": "4364.51800", "2005-12-31": "3952.97800"}, "Cost Of Goods Sold": {"2019-12-31": "2337.00000", "2018-12-31": "2336.00000", "2017-12-31": "2359.00000", "2016-12-31": "2429.00000", "2015-12-31": "2415.00000", "2014-12-31": "2511.00000", "2013-12-31": "2225.31600", "2012-12-31": "2272.57000", "2011-12-31": "2050.64400", "2010-12-31": "1924.86300", "2009-12-31": "1870.66300", "2008-12-31": "1852.69500", "2007-12-31": "1693.53100", "2006-12-31": "1541.54100", "2005-12-31": "1433.72300"}, "Gross Profit": {"2019-12-31": "2839.00000", "2018-12-31": "2773.00000", "2017-12-31": "2685.00000", "2016-12-31": "2726.00000", "2015-12-31": "2795.00000", "2014-12-31": "2498.00000", "2013-12-31": "2675.92000", "2012-12-31": "3072.70700", "2011-12-31": "3129.82700", "2010-12-31": "3061.96600", "2009-12-31": "3149.28000", "2008-12-31": "3238.69300", "2007-12-31": "3135.45300", "2006-12-31": "2822.97700", "2005-12-31": "2519.25500"}, "Research And Development Expenses": {"2019-12-31": "", "2018-12-31": "", "2017-12-31": "", "2016-12-31": "", "2015-12-31": "", "2014-12-31": "", "2013-12-31": "", "2012-12-31": "", "2011-12-31": "", "2010-12-31": "", "2009-12-31": "", "2008-12-31": "", "2007-12-31": "", "2006-12-31": "", "2005-12-31": ""}, "SG&A Expenses": {"2019-12-31": "1717.00000", "2018-12-31": "1694.00000", "2017-12-31": "1689.00000", "2016-12-31": "1762.00000", "2015-12-31": "1781.00000", "2014-12-31": "1865.00000", "2013-12-31": "1947.77800", "2012-12-31": "2033.90100", "2011-12-31": "2002.35900", "2010-12-31": "1998.46300", "2009-12-31": "1964.43100", "2008-12-31": "1927.27200", "2007-12-31": "1800.48000", "2006-12-31": "1672.72200", "2005-12-31": "1502.12400"}, "Other Operating Income Or Expenses": {"2019-12-31": "-11.00000", "2018-12-31": "9.00000", "2017-12-31": "2.00000", "2016-12-31": "-6.00000", "2015-12-31": "261.00000", "2014-12-31": "14.00000", "2013-12-31": "525.29400", "2012-12-31": "-41.31700", "2011-12-31": "0.81000", "2010-12-31": "-11.76300", "2009-12-31": "-32.75800", "2008-12-31": "-432.70700", "2007-12-31": "-58.93900", "2006-12-31": "-19.58700", "2005-12-31": "22.03100"}, "Operating Expenses": {"2019-12-31": "4997.00000", "2018-12-31": "4904.00000", "2017-12-31": "5152.00000", "2016-12-31": "5047.00000", "2015-12-31": "4779.00000", "2014-12-31": "5199.00000", "2013-12-31": "4665.87700", "2012-12-31": "5161.41400", "2011-12-31": "4817.96900", "2010-12-31": "4690.73800", "2009-12-31": "4612.09900", "2008-12-31": "4962.64100", "2007-12-31": "4301.08600", "2006-12-31": "3951.74100", "2005-12-31": "3572.28000"}, "Operating Income": {"2019-12-31": "179.00000", "2018-12-31": "205.00000", "2017-12-31": "-108.00000", "2016-12-31": "108.00000", "2015-12-31": "431.00000", "2014-12-31": "-190.00000", "2013-12-31": "235.35890", "2012-12-31": "183.86280", "2011-12-31": "362.50240", "2010-12-31": "296.09080", "2009-12-31": "407.84420", "2008-12-31": "128.74760", "2007-12-31": "527.89790", "2006-12-31": "412.77690", "2005-12-31": "380.69800"}, "Total Non-Operating Income/Expense": {"2019-12-31": "32.00000", "2018-12-31": "16.00000", "2017-12-31": "-14.00000", "2016-12-31": "-16.00000", "2015-12-31": "4.00000", "2014-12-31": "38.00000", "2013-12-31": "57.50500", "2012-12-31": "12.37200", "2011-12-31": "1.24300", "2010-12-31": "-10.31700", "2009-12-31": "-22.35600", "2008-12-31": "23.44700", "2007-12-31": "157.55200", "2006-12-31": "-89.43900", "2005-12-31": "726.43700"}, "Pre-Tax Income": {"2019-12-31": "211.00000", "2018-12-31": "221.00000", "2017-12-31": "-122.00000", "2016-12-31": "92.00000", "2015-12-31": "435.00000", "2014-12-31": "-152.00000", "2013-12-31": "292.86400", "2012-12-31": "196.23500", "2011-12-31": "363.74500", "2010-12-31": "285.77400", "2009-12-31": "385.48800", "2008-12-31": "152.19400", "2007-12-31": "685.45000", "2006-12-31": "323.33800", "2005-12-31": "1107.13500"}, "Income Taxes": {"2019-12-31": "64.00000", "2018-12-31": "46.00000", "2017-12-31": "-279.00000", "2016-12-31": "40.00000", "2015-12-31": "172.00000", "2014-12-31": "-5.00000", "2013-12-31": "126.04300", "2012-12-31": "73.58200", "2011-12-31": "113.50300", "2010-12-31": "95.18800", "2009-12-31": "135.53900", "2008-12-31": "34.29900", "2007-12-31": "269.05400", "2006-12-31": "116.45900", "2005-12-31": "423.18500"}, "Income After Taxes": {"2019-12-31": "147.00000", "2018-12-31": "175.00000", "2017-12-31": "157.00000", "2016-12-31": "52.00000", "2015-12-31": "263.00000", "2014-12-31": "-147.00000", "2013-12-31": "166.82100", "2012-12-31": "122.65300", "2011-12-31": "250.24200", "2010-12-31": "190.58600", "2009-12-31": "249.94900", "2008-12-31": "117.89500", "2007-12-31": "416.39600", "2006-12-31": "206.87900", "2005-12-31": "683.95000"}, "Other Income": {"2019-12-31": "", "2018-12-31": "", "2017-12-31": "", "2016-12-31": "", "2015-12-31": "", "2014-12-31": "", "2013-12-31": "", "2012-12-31": "", "2011-12-31": "", "2010-12-31": "", "2009-12-31": "", "2008-12-31": "", "2007-12-31": "", "2006-12-31": "", "2005-12-31": ""}, "Income From Continuous Operations": {"2019-12-31": "147.00000", "2018-12-31": "175.00000", "2017-12-31": "157.00000", "2016-12-31": "52.00000", "2015-12-31": "263.00000", "2014-12-31": "-147.00000", "2013-12-31": "166.82100", "2012-12-31": "122.65300", "2011-12-31": "250.24200", "2010-12-31": "190.58600", "2009-12-31": "249.94900", "2008-12-31": "117.89500", "2007-12-31": "416.39600", "2006-12-31": "161.75900", "2005-12-31": "646.74300"}, "Income From Discontinued Operations": {"2019-12-31": "", "2018-12-31": "", "2017-12-31": "", "2016-12-31": "", "2015-12-31": "", "2014-12-31": "", "2013-12-31": "", "2012-12-31": "", "2011-12-31": "", "2010-12-31": "", "2009-12-31": "", "2008-12-31": "", "2007-12-31": "", "2006-12-31": "", "2005-12-31": "0.99700"}, "Net Income": {"2019-12-31": "121.00000", "2018-12-31": "135.00000", "2017-12-31": "153.00000", "2016-12-31": "43.00000", "2015-12-31": "219.00000", "2014-12-31": "-136.00000", "2013-12-31": "141.87800", "2012-12-31": "81.81100", "2011-12-31": "200.51600", "2010-12-31": "144.79900", "2009-12-31": "191.29600", "2008-12-31": "88.44400", "2007-12-31": "386.06000", "2006-12-31": "161.59400", "2005-12-31": "647.53800"}, "EBITDA": {"2019-12-31": "1111.00000", "2018-12-31": "1088.00000", "2017-12-31": "998.00000", "2016-12-31": "958.00000", "2015-12-31": "1275.00000", "2014-12-31": "647.00000", "2013-12-31": "1253.43600", "2012-12-31": "997.48880", "2011-12-31": "1128.27800", "2010-12-31": "1051.74000", "2009-12-31": "1152.09100", "2008-12-31": "878.71450", "2007-12-31": "1276.03400", "2006-12-31": "1130.66800", "2005-12-31": "1039.16200"}, "EBIT": {"2019-12-31": "179.00000", "2018-12-31": "205.00000", "2017-12-31": "-108.00000", "2016-12-31": "108.00000", "2015-12-31": "431.00000", "2014-12-31": "-190.00000", "2013-12-31": "235.35890", "2012-12-31": "183.86280", "2011-12-31": "362.50240", "2010-12-31": "296.09080", "2009-12-31": "407.84420", "2008-12-31": "128.74760", "2007-12-31": "527.89790", "2006-12-31": "412.77690", "2005-12-31": "380.69800"}, "Basic Shares Outstanding": {"2019-12-31": "114.00000", "2018-12-31": "112.00000", "2017-12-31": "111.00000", "2016-12-31": "110.00000", "2015-12-31": "109.00000", "2014-12-31": "108.00000", "2013-12-31": "108.49000", "2012-12-31": "108.67100", "2011-12-31": "108.56200", "2010-12-31": "110.01600", "2009-12-31": "114.35400", "2008-12-31": "125.89310", "2007-12-31": "127.85730", "2006-12-31": "125.98760", "2005-12-31": "125.32680"}, "Shares Outstanding": {"2019-12-31": "116.00000", "2018-12-31": "114.00000", "2017-12-31": "112.00000", "2016-12-31": "111.00000", "2015-12-31": "110.00000", "2014-12-31": "108.00000", "2013-12-31": "109.13200", "2012-12-31": "108.93700", "2011-12-31": "109.09800", "2010-12-31": "110.48800", "2009-12-31": "114.57200", "2008-12-31": "126.36920", "2007-12-31": "129.49000", "2006-12-31": "127.00940", "2005-12-31": "126.18000"}, "Basic EPS": {"2019-12-31": "1.06000", "2018-12-31": "1.20000", "2017-12-31": "1.39000", "2016-12-31": "0.39000", "2015-12-31": "2.02000", "2014-12-31": "-1.26000", "2013-12-31": "1.31000", "2012-12-31": "0.75000", "2011-12-31": "1.85000", "2010-12-31": "1.32000", "2009-12-31": "1.67000", "2008-12-31": "0.69920", "2007-12-31": "3.01750", "2006-12-31": "1.27870", "2005-12-31": "5.17020"}, "EPS - Earnings Per Share": {"2019-12-31": "1.03000", "2018-12-31": "1.17000", "2017-12-31": "1.37000", "2016-12-31": "0.39000", "2015-12-31": "1.98000", "2014-12-31": "-1.26000", "2013-12-31": "1.29000", "2012-12-31": "0.75000", "2011-12-31": "1.83000", "2010-12-31": "1.31000", "2009-12-31": "1.67000", "2008-12-31": "0.69920", "2007-12-31": "2.96230", "2006-12-31": "1.26040", "2005-12-31": "5.12420"}}, "income statement, quarterly": {"Revenue": {"2020-09-30": "1324.00000", "2020-06-30": "1263.00000", "2020-03-31": "1261.00000", "2019-12-31": "1337.00000", "2019-09-30": "1321.00000", "2019-06-30": "1261.00000", "2019-03-31": "1257.00000", "2018-12-31": "1332.00000", "2018-09-30": "1297.00000", "2018-06-30": "1255.00000", "2018-03-31": "1225.00000", "2017-12-31": "1308.00000", "2017-09-30": "1251.00000", "2017-06-30": "1247.00000", "2017-03-31": "1238.00000", "2016-12-31": "1292.00000", "2016-09-30": "1314.00000", "2016-06-30": "1295.00000", "2016-03-31": "1254.00000", "2015-12-31": "1308.00000", "2015-09-30": "1374.00000", "2015-06-30": "1276.00000", "2015-03-31": "1252.00000", "2014-12-31": "1296.62300", "2014-09-30": "1280.02300", "2014-06-30": "1236.39200", "2014-03-31": "1195.96200", "2013-12-31": "1183.51700", "2013-09-30": "1180.98000", "2013-06-30": "1228.16600", "2013-03-31": "1308.57300", "2012-12-31": "1346.20900", "2012-09-30": "1370.10800", "2012-06-30": "1323.16900", "2012-03-31": "1305.79100", "2011-12-31": "1316.72700", "2011-09-30": "1325.42300", "2011-06-30": "1279.64000", "2011-03-31": "1258.68100", "2010-12-31": "1265.75900", "2010-09-30": "1266.41600", "2010-06-30": "1232.21900", "2010-03-31": "1222.43500", "2009-12-31": "1261.74900", "2009-09-30": "1257.73700", "2009-06-30": "1242.07000", "2009-03-31": "1258.38700", "2008-12-31": "1263.33800", "2008-09-30": "1304.59800", "2008-06-30": "1274.35100", "2008-03-31": "1249.10100", "2007-12-31": "1242.70800", "2007-09-30": "1236.88500", "2007-06-30": "1192.83400", "2007-03-31": "1156.55700", "2006-12-31": "1124.68400", "2006-09-30": "1112.07000", "2006-06-30": "1068.68700", "2006-03-31": "1059.07700", "2005-12-31": "1019.38500", "2005-09-30": "1027.94700", "2005-06-30": "969.85900", "2005-03-31": "935.78700"}, "Cost Of Goods Sold": {"2020-09-30": "599.00000", "2020-06-30": "547.00000", "2020-03-31": "539.00000", "2019-12-31": "628.00000", "2019-09-30": "608.00000", "2019-06-30": "553.00000", "2019-03-31": "548.00000", "2018-12-31": "631.00000", "2018-09-30": "605.00000", "2018-06-30": "566.00000", "2018-03-31": "534.00000", "2017-12-31": "637.00000", "2017-09-30": "585.00000", "2017-06-30": "585.00000", "2017-03-31": "552.00000", "2016-12-31": "618.00000", "2016-09-30": "626.00000", "2016-06-30": "606.00000", "2016-03-31": "579.00000", "2015-12-31": "610.00000", "2015-09-30": "640.00000", "2015-06-30": "599.00000", "2015-03-31": "566.00000", "2014-12-31": "682.50390", "2014-09-30": "646.39200", "2014-06-30": "599.49900", "2014-03-31": "582.60500", "2013-12-31": "668.40780", "2013-09-30": "481.28500", "2013-06-30": "515.73100", "2013-03-31": "559.89200", "2012-12-31": "635.23020", "2012-09-30": "600.45900", "2012-06-30": "527.67000", "2012-03-31": "509.21100", "2011-12-31": "562.64600", "2011-09-30": "525.13400", "2011-06-30": "476.11800", "2011-03-31": "486.74600", "2010-12-31": "539.98300", "2010-09-30": "487.31100", "2010-06-30": "453.03700", "2010-03-31": "444.53200", "2009-12-31": "495.08500", "2009-09-30": "477.26900", "2009-06-30": "431.02200", "2009-03-31": "467.28700", "2008-12-31": "482.79800", "2008-09-30": "466.71000", "2008-06-30": "456.79600", "2008-03-31": "446.39100", "2007-12-31": "445.59510", "2007-09-30": "433.39600", "2007-06-30": "412.50700", "2007-03-31": "402.03300", "2006-12-31": "405.49400", "2006-09-30": "390.18200", "2006-06-30": "369.55900", "2006-03-31": "376.30600", "2005-12-31": "379.30200", "2005-09-30": "373.96700", "2005-06-30": "341.83000", "2005-03-31": "338.62400"}, "Gross Profit": {"2020-09-30": "725.00000", "2020-06-30": "716.00000", "2020-03-31": "722.00000", "2019-12-31": "709.00000", "2019-09-30": "713.00000", "2019-06-30": "708.00000", "2019-03-31": "709.00000", "2018-12-31": "701.00000", "2018-09-30": "692.00000", "2018-06-30": "689.00000", "2018-03-31": "691.00000", "2017-12-31": "671.00000", "2017-09-30": "666.00000", "2017-06-30": "662.00000", "2017-03-31": "686.00000", "2016-12-31": "674.00000", "2016-09-30": "688.00000", "2016-06-30": "689.00000", "2016-03-31": "675.00000", "2015-12-31": "698.00000", "2015-09-30": "734.00000", "2015-06-30": "677.00000", "2015-03-31": "686.00000", "2014-12-31": "614.11900", "2014-09-30": "633.63090", "2014-06-30": "636.89290", "2014-03-31": "613.35710", "2013-12-31": "515.10910", "2013-09-30": "699.69490", "2013-06-30": "712.43500", "2013-03-31": "748.68100", "2012-12-31": "710.97880", "2012-09-30": "769.64900", "2012-06-30": "795.49900", "2012-03-31": "796.58000", "2011-12-31": "754.08120", "2011-09-30": "800.28900", "2011-06-30": "803.52200", "2011-03-31": "771.93510", "2010-12-31": "725.77600", "2010-09-30": "779.10500", "2010-06-30": "779.18200", "2010-03-31": "777.90310", "2009-12-31": "766.66380", "2009-09-30": "780.46800", "2009-06-30": "811.04800", "2009-03-31": "791.10000", "2008-12-31": "780.54000", "2008-09-30": "837.88810", "2008-06-30": "817.55490", "2008-03-31": "802.71000", "2007-12-31": "797.11280", "2007-09-30": "803.48900", "2007-06-30": "780.32700", "2007-03-31": "754.52400", "2006-12-31": "719.19020", "2006-09-30": "721.88790", "2006-06-30": "699.12810", "2006-03-31": "682.77100", "2005-12-31": "640.08300", "2005-09-30": "653.98000", "2005-06-30": "628.02910", "2005-03-31": "597.16300"}, "Research And Development Expenses": {"2020-09-30": "", "2020-06-30": "", "2020-03-31": "", "2019-12-31": "", "2019-09-30": "", "2019-06-30": "", "2019-03-31": "", "2018-12-31": "", "2018-09-30": "", "2018-06-30": "", "2018-03-31": "", "2017-12-31": "", "2017-09-30": "", "2017-06-30": "", "2017-03-31": "", "2016-12-31": "", "2016-09-30": "", "2016-06-30": "", "2016-03-31": "", "2015-12-31": "", "2015-09-30": "", "2015-06-30": "", "2015-03-31": "", "2014-12-31": "", "2014-09-30": "", "2014-06-30": "", "2014-03-31": "", "2013-12-31": "", "2013-09-30": "", "2013-06-30": "", "2013-03-31": "", "2012-12-31": "", "2012-09-30": "", "2012-06-30": "", "2012-03-31": "", "2011-12-31": "", "2011-09-30": "", "2011-06-30": "", "2011-03-31": "", "2010-12-31": "", "2010-09-30": "", "2010-06-30": "", "2010-03-31": "", "2009-12-31": "", "2009-09-30": "", "2009-06-30": "", "2009-03-31": "", "2008-12-31": "", "2008-09-30": "", "2008-06-30": "", "2008-03-31": "", "2007-12-31": "", "2007-09-30": "", "2007-06-30": "", "2007-03-31": "", "2006-12-31": "", "2006-09-30": "", "2006-06-30": "", "2006-03-31": "", "2005-12-31": "", "2005-09-30": "", "2005-06-30": "", "2005-03-31": ""}, "SG&A Expenses": {"2020-09-30": "415.00000", "2020-06-30": "398.00000", "2020-03-31": "411.00000", "2019-12-31": "460.00000", "2019-09-30": "439.00000", "2019-06-30": "421.00000", "2019-03-31": "397.00000", "2018-12-31": "461.00000", "2018-09-30": "421.00000", "2018-06-30": "417.00000", "2018-03-31": "395.00000", "2017-12-31": "439.00000", "2017-09-30": "423.00000", "2017-06-30": "420.00000", "2017-03-31": "407.00000", "2016-12-31": "462.00000", "2016-09-30": "440.00000", "2016-06-30": "429.00000", "2016-03-31": "431.00000", "2015-12-31": "458.00000", "2015-09-30": "450.00000", "2015-06-30": "435.00000", "2015-03-31": "438.00000", "2014-12-31": "465.41500", "2014-09-30": "465.01400", "2014-06-30": "470.90200", "2014-03-31": "463.66900", "2013-12-31": "513.29100", "2013-09-30": "476.86400", "2013-06-30": "470.72000", "2013-03-31": "486.90300", "2012-12-31": "517.68100", "2012-09-30": "506.21700", "2012-06-30": "502.40400", "2012-03-31": "507.59900", "2011-12-31": "538.69200", "2011-09-30": "492.67700", "2011-06-30": "479.88400", "2011-03-31": "491.10600", "2010-12-31": "513.45300", "2010-09-30": "502.59400", "2010-06-30": "501.32900", "2010-03-31": "481.08700", "2009-12-31": "522.83110", "2009-09-30": "506.96500", "2009-06-30": "471.07600", "2009-03-31": "463.55900", "2008-12-31": "503.95890", "2008-09-30": "490.67400", "2008-06-30": "473.34800", "2008-03-31": "459.29100", "2007-12-31": "466.91500", "2007-09-30": "477.30500", "2007-06-30": "435.84300", "2007-03-31": "420.41700", "2006-12-31": "444.50110", "2006-09-30": "424.23400", "2006-06-30": "411.36600", "2006-03-31": "392.62100", "2005-12-31": "421.17400", "2005-09-30": "380.25200", "2005-06-30": "352.12700", "2005-03-31": "348.57100"}, "Other Operating Income Or Expenses": {"2020-09-30": "-6.00000", "2020-06-30": "-4.00000", "2020-03-31": "-4.00000", "2019-12-31": "-7.00000", "2019-09-30": "-8.00000", "2019-06-30": "-5.00000", "2019-03-31": "9.00000", "2018-12-31": "-5.00000", "2018-09-30": "", "2018-06-30": "9.00000", "2018-03-31": "5.00000", "2017-12-31": "-2.00000", "2017-09-30": "-5.00000", "2017-06-30": "-4.00000", "2017-03-31": "13.00000", "2016-12-31": "-2.00000", "2016-09-30": "-1.00000", "2016-06-30": "3.00000", "2016-03-31": "-6.00000", "2015-12-31": "-2.00000", "2015-09-30": "20.00000", "2015-06-30": "1.00000", "2015-03-31": "242.00000", "2014-12-31": "17.10100", "2014-09-30": "-88.50300", "2014-06-30": "-10.51400", "2014-03-31": "95.91600", "2013-12-31": "243.74700", "2013-09-30": "-0.62100", "2013-06-30": "294.71500", "2013-03-31": "-12.54700", "2012-12-31": "-28.19500", "2012-09-30": "-11.70700", "2012-06-30": "-3.51000", "2012-03-31": "2.09500", "2011-12-31": "-4.16000", "2011-09-30": "9.35100", "2011-06-30": "-3.23800", "2011-03-31": "-1.14300", "2010-12-31": "-2.74000", "2010-09-30": "-2.37800", "2010-06-30": "-1.21400", "2010-03-31": "-5.43100", "2009-12-31": "-22.29600", "2009-09-30": "-3.27100", "2009-06-30": "-3.02100", "2009-03-31": "-4.17000", "2008-12-31": "-415.51700", "2008-09-30": "-7.10000", "2008-06-30": "-6.43800", "2008-03-31": "-3.65200", "2007-12-31": "-51.04000", "2007-09-30": "-1.76200", "2007-06-30": "-2.83200", "2007-03-31": "-3.30500", "2006-12-31": "", "2006-09-30": "", "2006-06-30": "", "2006-03-31": "", "2005-12-31": "", "2005-09-30": "", "2005-06-30": "", "2005-03-31": ""}, "Operating Expenses": {"2020-09-30": "1237.00000", "2020-06-30": "1185.00000", "2020-03-31": "1189.00000", "2019-12-31": "1329.00000", "2019-09-30": "1292.00000", "2019-06-30": "1213.00000", "2019-03-31": "1163.00000", "2018-12-31": "1319.00000", "2018-09-30": "1246.00000", "2018-06-30": "1194.00000", "2018-03-31": "1145.00000", "2017-12-31": "1291.00000", "2017-09-30": "1484.00000", "2017-06-30": "1220.00000", "2017-03-31": "1157.00000", "2016-12-31": "1296.00000", "2016-09-30": "1281.00000", "2016-06-30": "1242.00000", "2016-03-31": "1228.00000", "2015-12-31": "1285.00000", "2015-09-30": "1281.00000", "2015-06-30": "1244.00000", "2015-03-31": "969.00000", "2014-12-31": "1332.80300", "2014-09-30": "1405.43800", "2014-06-30": "1285.48200", "2014-03-31": "1175.27700", "2013-12-31": "1204.45400", "2013-09-30": "1214.06500", "2013-06-30": "945.93910", "2013-03-31": "1301.41900", "2012-12-31": "1402.57000", "2012-09-30": "1314.60200", "2012-06-30": "1232.09300", "2012-03-31": "1212.14900", "2011-12-31": "1297.37700", "2011-09-30": "1198.49900", "2011-06-30": "1152.28500", "2011-03-31": "1169.80800", "2010-12-31": "1242.73200", "2010-09-30": "1181.72900", "2010-06-30": "1145.83800", "2010-03-31": "1120.43900", "2009-12-31": "1227.24000", "2009-09-30": "1178.21800", "2009-06-30": "1088.63100", "2009-03-31": "1118.00900", "2008-12-31": "1590.08200", "2008-09-30": "1152.45900", "2008-06-30": "1124.60800", "2008-03-31": "1095.49200", "2007-12-31": "1146.05100", "2007-09-30": "1102.39600", "2007-06-30": "1038.87900", "2007-03-31": "1013.76000", "2006-12-31": "1036.77500", "2006-09-30": "1001.69500", "2006-06-30": "961.37790", "2006-03-31": "951.89290", "2005-12-31": "929.34290", "2005-09-30": "923.46200", "2005-06-30": "862.53200", "2005-03-31": "856.94300"}, "Operating Income": {"2020-09-30": "87.00000", "2020-06-30": "78.00000", "2020-03-31": "72.00000", "2019-12-31": "8.00000", "2019-09-30": "29.00000", "2019-06-30": "48.00000", "2019-03-31": "94.00000", "2018-12-31": "13.00000", "2018-09-30": "51.00000", "2018-06-30": "61.00000", "2018-03-31": "80.00000", "2017-12-31": "17.00000", "2017-09-30": "-233.00000", "2017-06-30": "27.00000", "2017-03-31": "81.00000", "2016-12-31": "-4.00000", "2016-09-30": "33.00000", "2016-06-30": "53.00000", "2016-03-31": "26.00000", "2015-12-31": "23.00000", "2015-09-30": "93.00000", "2015-06-30": "32.00000", "2015-03-31": "283.00000", "2014-12-31": "-36.18020", "2014-09-30": "-125.41520", "2014-06-30": "-49.09010", "2014-03-31": "20.68510", "2013-12-31": "-20.93710", "2013-09-30": "-33.08510", "2013-06-30": "282.22690", "2013-03-31": "7.15390", "2012-12-31": "-56.36100", "2012-09-30": "55.50600", "2012-06-30": "91.07590", "2012-03-31": "93.64200", "2011-12-31": "19.35060", "2011-09-30": "126.92400", "2011-06-30": "127.35500", "2011-03-31": "88.87310", "2010-12-31": "23.02670", "2010-09-30": "84.68690", "2010-06-30": "86.38100", "2010-03-31": "101.99600", "2009-12-31": "34.50830", "2009-09-30": "79.51900", "2009-06-30": "153.43900", "2009-03-31": "140.37790", "2008-12-31": "-326.74380", "2008-09-30": "152.13900", "2008-06-30": "149.74290", "2008-03-31": "153.60900", "2007-12-31": "96.65690", "2007-09-30": "134.48900", "2007-06-30": "153.95500", "2007-03-31": "142.79710", "2006-12-31": "87.90890", "2006-09-30": "110.37490", "2006-06-30": "107.30910", "2006-03-31": "107.18410", "2005-12-31": "90.04210", "2005-09-30": "104.48500", "2005-06-30": "107.32700", "2005-03-31": "78.84400"}, "Total Non-Operating Income/Expense": {"2020-09-30": "12.00000", "2020-06-30": "8.00000", "2020-03-31": "14.00000", "2019-12-31": "6.00000", "2019-09-30": "9.00000", "2019-06-30": "7.00000", "2019-03-31": "10.00000", "2018-12-31": "4.00000", "2018-09-30": "7.00000", "2018-06-30": "4.00000", "2018-03-31": "1.00000", "2017-12-31": "-2.00000", "2017-09-30": "-3.00000", "2017-06-30": "-5.00000", "2017-03-31": "-4.00000", "2016-12-31": "-7.00000", "2016-09-30": "-3.00000", "2016-06-30": "-3.00000", "2016-03-31": "-3.00000", "2015-12-31": "-32.00000", "2015-09-30": "15.00000", "2015-06-30": "12.00000", "2015-03-31": "9.00000", "2014-12-31": "3.53500", "2014-09-30": "13.50600", "2014-06-30": "9.69300", "2014-03-31": "11.26600", "2013-12-31": "9.41300", "2013-09-30": "15.30000", "2013-06-30": "28.77700", "2013-03-31": "4.01500", "2012-12-31": "3.31400", "2012-09-30": "7.09400", "2012-06-30": "0.62800", "2012-03-31": "1.33600", "2011-12-31": "-3.12400", "2011-09-30": "14.83900", "2011-06-30": "-6.05500", "2011-03-31": "-4.41700", "2010-12-31": "-4.18700", "2010-09-30": "-1.80300", "2010-06-30": "-2.52300", "2010-03-31": "-1.80400", "2009-12-31": "-5.57100", "2009-09-30": "-3.02900", "2009-06-30": "-11.29400", "2009-03-31": "-2.46200", "2008-12-31": "-4.36300", "2008-09-30": "31.87900", "2008-06-30": "9.78400", "2008-03-31": "-13.85300", "2007-12-31": "-158.46700", "2007-09-30": "185.95100", "2007-06-30": "-105.66900", "2007-03-31": "235.73700", "2006-12-31": "-261.09300", "2006-09-30": "11.33800", "2006-06-30": "188.45700", "2006-03-31": "-28.14100", "2005-12-31": "712.77400", "2005-09-30": "-29.54400", "2005-06-30": "75.84400", "2005-03-31": "-32.63700"}, "Pre-Tax Income": {"2020-09-30": "99.00000", "2020-06-30": "86.00000", "2020-03-31": "86.00000", "2019-12-31": "14.00000", "2019-09-30": "38.00000", "2019-06-30": "55.00000", "2019-03-31": "104.00000", "2018-12-31": "17.00000", "2018-09-30": "58.00000", "2018-06-30": "65.00000", "2018-03-31": "81.00000", "2017-12-31": "15.00000", "2017-09-30": "-236.00000", "2017-06-30": "22.00000", "2017-03-31": "77.00000", "2016-12-31": "-11.00000", "2016-09-30": "30.00000", "2016-06-30": "50.00000", "2016-03-31": "23.00000", "2015-12-31": "-9.00000", "2015-09-30": "108.00000", "2015-06-30": "44.00000", "2015-03-31": "292.00000", "2014-12-31": "-32.64500", "2014-09-30": "-111.90900", "2014-06-30": "-39.39700", "2014-03-31": "31.95100", "2013-12-31": "-11.52400", "2013-09-30": "-17.78500", "2013-06-30": "311.00400", "2013-03-31": "11.16900", "2012-12-31": "-53.04700", "2012-09-30": "62.60000", "2012-06-30": "91.70400", "2012-03-31": "94.97800", "2011-12-31": "16.22600", "2011-09-30": "141.76300", "2011-06-30": "121.30000", "2011-03-31": "84.45600", "2010-12-31": "18.84000", "2010-09-30": "82.88400", "2010-06-30": "83.85800", "2010-03-31": "100.19200", "2009-12-31": "28.93700", "2009-09-30": "76.49000", "2009-06-30": "142.14500", "2009-03-31": "137.91600", "2008-12-31": "-331.10700", "2008-09-30": "184.01800", "2008-06-30": "159.52700", "2008-03-31": "139.75600", "2007-12-31": "-61.81000", "2007-09-30": "320.44000", "2007-06-30": "48.28600", "2007-03-31": "378.53400", "2006-12-31": "-173.18400", "2006-09-30": "121.71300", "2006-06-30": "295.76600", "2006-03-31": "79.04300", "2005-12-31": "802.81590", "2005-09-30": "74.94100", "2005-06-30": "183.17100", "2005-03-31": "46.20700"}, "Income Taxes": {"2020-09-30": "6.00000", "2020-06-30": "8.00000", "2020-03-31": "3.00000", "2019-12-31": "-1.00000", "2019-09-30": "15.00000", "2019-06-30": "16.00000", "2019-03-31": "34.00000", "2018-12-31": "-4.00000", "2018-09-30": "5.00000", "2018-06-30": "21.00000", "2018-03-31": "24.00000", "2017-12-31": "-318.00000", "2017-09-30": "-5.00000", "2017-06-30": "10.00000", "2017-03-31": "34.00000", "2016-12-31": "-5.00000", "2016-09-30": "14.00000", "2016-06-30": "18.00000", "2016-03-31": "13.00000", "2015-12-31": "-8.00000", "2015-09-30": "46.00000", "2015-06-30": "18.00000", "2015-03-31": "116.00000", "2014-12-31": "-12.27600", "2014-09-30": "9.29000", "2014-06-30": "-13.67100", "2014-03-31": "11.65700", "2013-12-31": "-4.01300", "2013-09-30": "-6.73100", "2013-06-30": "132.60700", "2013-03-31": "4.18000", "2012-12-31": "-12.03700", "2012-09-30": "22.44200", "2012-06-30": "35.76500", "2012-03-31": "27.41200", "2011-12-31": "18.23900", "2011-09-30": "53.54500", "2011-06-30": "11.56000", "2011-03-31": "30.15900", "2010-12-31": "-3.55800", "2010-09-30": "29.35400", "2010-06-30": "31.46900", "2010-03-31": "37.92300", "2009-12-31": "9.86000", "2009-09-30": "28.33100", "2009-06-30": "55.24200", "2009-03-31": "42.10600", "2008-12-31": "-129.23700", "2008-09-30": "61.02400", "2008-06-30": "53.26100", "2008-03-31": "49.25100", "2007-12-31": "-14.79100", "2007-09-30": "115.90700", "2007-06-30": "26.70000", "2007-03-31": "141.23800", "2006-12-31": "-68.78700", "2006-09-30": "35.71800", "2006-06-30": "117.18600", "2006-03-31": "32.34200", "2005-12-31": "299.31800", "2005-09-30": "29.49200", "2005-06-30": "76.98000", "2005-03-31": "17.39500"}, "Income After Taxes": {"2020-09-30": "93.00000", "2020-06-30": "78.00000", "2020-03-31": "83.00000", "2019-12-31": "15.00000", "2019-09-30": "23.00000", "2019-06-30": "39.00000", "2019-03-31": "70.00000", "2018-12-31": "21.00000", "2018-09-30": "53.00000", "2018-06-30": "44.00000", "2018-03-31": "57.00000", "2017-12-31": "333.00000", "2017-09-30": "-231.00000", "2017-06-30": "12.00000", "2017-03-31": "43.00000", "2016-12-31": "-6.00000", "2016-09-30": "16.00000", "2016-06-30": "32.00000", "2016-03-31": "10.00000", "2015-12-31": "-1.00000", "2015-09-30": "62.00000", "2015-06-30": "26.00000", "2015-03-31": "176.00000", "2014-12-31": "-20.36900", "2014-09-30": "-121.19900", "2014-06-30": "-25.72600", "2014-03-31": "20.29400", "2013-12-31": "-7.51100", "2013-09-30": "-11.05400", "2013-06-30": "178.39700", "2013-03-31": "6.98900", "2012-12-31": "-41.01000", "2012-09-30": "40.15800", "2012-06-30": "55.93900", "2012-03-31": "67.56600", "2011-12-31": "-2.01300", "2011-09-30": "88.21800", "2011-06-30": "109.74000", "2011-03-31": "54.29700", "2010-12-31": "22.39800", "2010-09-30": "53.53000", "2010-06-30": "52.38900", "2010-03-31": "62.26900", "2009-12-31": "19.07700", "2009-09-30": "48.15900", "2009-06-30": "86.90300", "2009-03-31": "95.81000", "2008-12-31": "-201.87000", "2008-09-30": "122.99400", "2008-06-30": "106.26600", "2008-03-31": "90.50500", "2007-12-31": "-47.01900", "2007-09-30": "204.53300", "2007-06-30": "21.58600", "2007-03-31": "237.29600", "2006-12-31": "-104.39700", "2006-09-30": "85.99500", "2006-06-30": "178.58000", "2006-03-31": "46.70100", "2005-12-31": "503.49800", "2005-09-30": "45.44900", "2005-06-30": "106.19100", "2005-03-31": "28.81200"}, "Other Income": {"2020-09-30": "", "2020-06-30": "", "2020-03-31": "", "2019-12-31": "", "2019-09-30": "", "2019-06-30": "", "2019-03-31": "", "2018-12-31": "", "2018-09-30": "", "2018-06-30": "", "2018-03-31": "", "2017-12-31": "", "2017-09-30": "", "2017-06-30": "", "2017-03-31": "", "2016-12-31": "", "2016-09-30": "", "2016-06-30": "", "2016-03-31": "", "2015-12-31": "", "2015-09-30": "", "2015-06-30": "", "2015-03-31": "", "2014-12-31": "", "2014-09-30": "", "2014-06-30": "", "2014-03-31": "", "2013-12-31": "", "2013-09-30": "", "2013-06-30": "", "2013-03-31": "", "2012-12-31": "", "2012-09-30": "", "2012-06-30": "", "2012-03-31": "", "2011-12-31": "", "2011-09-30": "", "2011-06-30": "", "2011-03-31": "", "2010-12-31": "", "2010-09-30": "", "2010-06-30": "", "2010-03-31": "", "2009-12-31": "", "2009-09-30": "", "2009-06-30": "", "2009-03-31": "", "2008-12-31": "", "2008-09-30": "", "2008-06-30": "", "2008-03-31": "", "2007-12-31": "", "2007-09-30": "", "2007-06-30": "", "2007-03-31": "", "2006-12-31": "", "2006-09-30": "", "2006-06-30": "", "2006-03-31": "", "2005-12-31": "", "2005-09-30": "", "2005-06-30": "", "2005-03-31": ""}, "Income From Continuous Operations": {"2020-09-30": "93.00000", "2020-06-30": "78.00000", "2020-03-31": "83.00000", "2019-12-31": "15.00000", "2019-09-30": "23.00000", "2019-06-30": "39.00000", "2019-03-31": "70.00000", "2018-12-31": "21.00000", "2018-09-30": "53.00000", "2018-06-30": "44.00000", "2018-03-31": "57.00000", "2017-12-31": "333.00000", "2017-09-30": "-231.00000", "2017-06-30": "12.00000", "2017-03-31": "43.00000", "2016-12-31": "-6.00000", "2016-09-30": "16.00000", "2016-06-30": "32.00000", "2016-03-31": "10.00000", "2015-12-31": "-1.00000", "2015-09-30": "62.00000", "2015-06-30": "26.00000", "2015-03-31": "176.00000", "2014-12-31": "-20.36900", "2014-09-30": "-121.19900", "2014-06-30": "-25.72600", "2014-03-31": "20.29400", "2013-12-31": "-7.51100", "2013-09-30": "-11.05400", "2013-06-30": "178.39700", "2013-03-31": "6.98900", "2012-12-31": "-41.01000", "2012-09-30": "40.15800", "2012-06-30": "55.93900", "2012-03-31": "67.56600", "2011-12-31": "-2.01300", "2011-09-30": "88.21800", "2011-06-30": "109.74000", "2011-03-31": "54.29700", "2010-12-31": "22.39800", "2010-09-30": "53.53000", "2010-06-30": "52.38900", "2010-03-31": "62.26900", "2009-12-31": "30.46100", "2009-09-30": "36.77500", "2009-06-30": "86.90300", "2009-03-31": "95.81000", "2008-12-31": "-201.87000", "2008-09-30": "122.99400", "2008-06-30": "106.26600", "2008-03-31": "90.50500", "2007-12-31": "16.78800", "2007-09-30": "188.91000", "2007-06-30": "-8.62700", "2007-03-31": "219.32500", "2006-12-31": "-116.23600", "2006-09-30": "75.23900", "2006-06-30": "166.75900", "2006-03-31": "35.99700", "2005-12-31": "488.36290", "2005-09-30": "38.27500", "2005-06-30": "97.05600", "2005-03-31": "23.04900"}, "Income From Discontinued Operations": {"2020-09-30": "", "2020-06-30": "", "2020-03-31": "", "2019-12-31": "", "2019-09-30": "", "2019-06-30": "", "2019-03-31": "", "2018-12-31": "", "2018-09-30": "", "2018-06-30": "", "2018-03-31": "", "2017-12-31": "", "2017-09-30": "", "2017-06-30": "", "2017-03-31": "", "2016-12-31": "", "2016-09-30": "", "2016-06-30": "", "2016-03-31": "", "2015-12-31": "", "2015-09-30": "", "2015-06-30": "", "2015-03-31": "", "2014-12-31": "", "2014-09-30": "", "2014-06-30": "", "2014-03-31": "", "2013-12-31": "", "2013-09-30": "", "2013-06-30": "", "2013-03-31": "", "2012-12-31": "", "2012-09-30": "", "2012-06-30": "", "2012-03-31": "", "2011-12-31": "", "2011-09-30": "", "2011-06-30": "", "2011-03-31": "", "2010-12-31": "", "2010-09-30": "", "2010-06-30": "", "2010-03-31": "", "2009-12-31": "", "2009-09-30": "", "2009-06-30": "", "2009-03-31": "", "2008-12-31": "", "2008-09-30": "", "2008-06-30": "", "2008-03-31": "", "2007-12-31": "", "2007-09-30": "", "2007-06-30": "", "2007-03-31": "", "2006-12-31": "", "2006-09-30": "", "2006-06-30": "", "2006-03-31": "", "2005-12-31": "0.65700", "2005-09-30": "0.34000", "2005-06-30": "", "2005-03-31": ""}, "Net Income": {"2020-09-30": "78.00000", "2020-06-30": "65.00000", "2020-03-31": "69.00000", "2019-12-31": "11.00000", "2019-09-30": "18.00000", "2019-06-30": "33.00000", "2019-03-31": "59.00000", "2018-12-31": "17.00000", "2018-09-30": "46.00000", "2018-06-30": "33.00000", "2018-03-31": "39.00000", "2017-12-31": "287.00000", "2017-09-30": "-181.00000", "2017-06-30": "10.00000", "2017-03-31": "37.00000", "2016-12-31": "-6.00000", "2016-09-30": "13.00000", "2016-06-30": "28.00000", "2016-03-31": "8.00000", "2015-12-31": "-1.00000", "2015-09-30": "51.00000", "2015-06-30": "23.00000", "2015-03-31": "146.00000", "2014-12-31": "-16.15000", "2014-09-30": "-116.04200", "2014-06-30": "-22.05000", "2014-03-31": "18.24200", "2013-12-31": "-6.07000", "2013-09-30": "-9.52400", "2013-06-30": "156.06500", "2013-03-31": "1.40700", "2012-12-31": "-41.86100", "2012-09-30": "29.10500", "2012-06-30": "42.32500", "2012-03-31": "52.24200", "2011-12-31": "-6.20000", "2011-09-30": "71.28200", "2011-06-30": "91.94200", "2011-03-31": "43.49200", "2010-12-31": "14.71500", "2010-09-30": "41.40700", "2010-06-30": "40.27500", "2010-03-31": "48.40200", "2009-12-31": "13.73600", "2009-09-30": "36.76200", "2009-06-30": "66.35100", "2009-03-31": "74.44700", "2008-12-31": "-173.98400", "2008-09-30": "101.21000", "2008-06-30": "87.74400", "2008-03-31": "73.47400", "2007-12-31": "-56.33600", "2007-09-30": "231.72400", "2007-06-30": "-8.64000", "2007-03-31": "219.31200", "2006-12-31": "-116.24900", "2006-09-30": "75.18800", "2006-06-30": "166.70900", "2006-03-31": "35.94600", "2005-12-31": "488.97000", "2005-09-30": "38.56500", "2005-06-30": "97.00400", "2005-03-31": "22.99900"}, "EBITDA": {"2020-09-30": "302.00000", "2020-06-30": "313.00000", "2020-03-31": "307.00000", "2019-12-31": "243.00000", "2019-09-30": "266.00000", "2019-06-30": "281.00000", "2019-03-31": "321.00000", "2018-12-31": "234.00000", "2018-09-30": "272.00000", "2018-06-30": "281.00000", "2018-03-31": "301.00000", "2017-12-31": "229.00000", "2017-09-30": "239.00000", "2017-06-30": "238.00000", "2017-03-31": "292.00000", "2016-12-31": "210.00000", "2016-09-30": "247.00000", "2016-06-30": "263.00000", "2016-03-31": "238.00000", "2015-12-31": "239.00000", "2015-09-30": "303.00000", "2015-06-30": "243.00000", "2015-03-31": "490.00000", "2014-12-31": "165.80480", "2014-09-30": "80.11390", "2014-06-30": "155.47690", "2014-03-31": "245.60410", "2013-12-31": "245.56490", "2013-09-30": "222.20990", "2013-06-30": "536.42990", "2013-03-31": "249.23090", "2012-12-31": "165.10300", "2012-09-30": "251.72500", "2012-06-30": "289.58490", "2012-03-31": "291.07600", "2011-12-31": "211.22960", "2011-09-30": "316.96290", "2011-06-30": "320.40000", "2011-03-31": "279.68600", "2010-12-31": "212.63070", "2010-09-30": "271.08490", "2010-06-30": "276.63900", "2010-03-31": "291.38500", "2009-12-31": "221.53730", "2009-09-30": "270.23210", "2009-06-30": "336.95100", "2009-03-31": "323.37090", "2008-12-31": "-138.93580", "2008-09-30": "340.11400", "2008-06-30": "337.76890", "2008-03-31": "339.76700", "2007-12-31": "279.15890", "2007-09-30": "324.42200", "2007-06-30": "341.65090", "2007-03-31": "330.80210", "2006-12-31": "255.10190", "2006-09-30": "297.65390", "2006-06-30": "287.76210", "2006-03-31": "290.15010", "2005-12-31": "241.21110", "2005-09-30": "273.45700", "2005-06-30": "275.90200", "2005-03-31": "248.59200"}, "EBIT": {"2020-09-30": "87.00000", "2020-06-30": "78.00000", "2020-03-31": "72.00000", "2019-12-31": "8.00000", "2019-09-30": "29.00000", "2019-06-30": "48.00000", "2019-03-31": "94.00000", "2018-12-31": "13.00000", "2018-09-30": "51.00000", "2018-06-30": "61.00000", "2018-03-31": "80.00000", "2017-12-31": "17.00000", "2017-09-30": "-233.00000", "2017-06-30": "27.00000", "2017-03-31": "81.00000", "2016-12-31": "-4.00000", "2016-09-30": "33.00000", "2016-06-30": "53.00000", "2016-03-31": "26.00000", "2015-12-31": "23.00000", "2015-09-30": "93.00000", "2015-06-30": "32.00000", "2015-03-31": "283.00000", "2014-12-31": "-36.17980", "2014-09-30": "-125.41520", "2014-06-30": "-49.09010", "2014-03-31": "20.68510", "2013-12-31": "-20.93690", "2013-09-30": "-33.08510", "2013-06-30": "282.22690", "2013-03-31": "7.15390", "2012-12-31": "-56.36110", "2012-09-30": "55.50600", "2012-06-30": "91.07590", "2012-03-31": "93.64200", "2011-12-31": "19.35050", "2011-09-30": "126.92400", "2011-06-30": "127.35500", "2011-03-31": "88.87310", "2010-12-31": "23.02700", "2010-09-30": "84.68690", "2010-06-30": "86.38100", "2010-03-31": "101.99600", "2009-12-31": "34.50830", "2009-09-30": "79.51900", "2009-06-30": "153.43900", "2009-03-31": "140.37790", "2008-12-31": "-326.74340", "2008-09-30": "152.13900", "2008-06-30": "149.74290", "2008-03-31": "153.60900", "2007-12-31": "96.65690", "2007-09-30": "134.48900", "2007-06-30": "153.95500", "2007-03-31": "142.79710", "2006-12-31": "87.90880", "2006-09-30": "110.37490", "2006-06-30": "107.30910", "2006-03-31": "107.18410", "2005-12-31": "90.04200", "2005-09-30": "104.48500", "2005-06-30": "107.32700", "2005-03-31": "78.84400"}, "Basic Shares Outstanding": {"2020-09-30": "114.00000", "2020-06-30": "114.00000", "2020-03-31": "115.00000", "2019-12-31": "114.00000", "2019-09-30": "115.00000", "2019-06-30": "114.00000", "2019-03-31": "114.00000", "2018-12-31": "112.00000", "2018-09-30": "112.00000", "2018-06-30": "112.00000", "2018-03-31": "111.00000", "2017-12-31": "111.00000", "2017-09-30": "111.00000", "2017-06-30": "111.00000", "2017-03-31": "110.00000", "2016-12-31": "110.00000", "2016-09-30": "110.00000", "2016-06-30": "109.00000", "2016-03-31": "109.00000", "2015-12-31": "109.00000", "2015-09-30": "109.00000", "2015-06-30": "108.00000", "2015-03-31": "108.00000", "2014-12-31": "108.00000", "2014-09-30": "108.25200", "2014-06-30": "108.71900", "2014-03-31": "108.98800", "2013-12-31": "108.49000", "2013-09-30": "108.57100", "2013-06-30": "108.38500", "2013-03-31": "108.25500", "2012-12-31": "108.67100", "2012-09-30": "108.81900", "2012-06-30": "108.73200", "2012-03-31": "108.65300", "2011-12-31": "108.56200", "2011-09-30": "108.40400", "2011-06-30": "108.42300", "2011-03-31": "108.93600", "2010-12-31": "110.01600", "2010-09-30": "114.00560", "2010-06-30": "114.70020", "2010-03-31": "115.15460", "2009-12-31": "114.35400", "2009-09-30": "117.71010", "2009-06-30": "120.37550", "2009-03-31": "122.00270", "2008-12-31": "125.89310", "2008-09-30": "125.76590", "2008-06-30": "126.38220", "2008-03-31": "127.79860", "2007-12-31": "127.85730", "2007-09-30": "129.03230", "2007-06-30": "127.21270", "2007-03-31": "127.00180", "2006-12-31": "125.98760", "2006-09-30": "125.83980", "2006-06-30": "125.83980", "2006-03-31": "125.81050", "2005-12-31": "125.32680", "2005-09-30": "125.46480", "2005-06-30": "125.24850", "2005-03-31": "125.00390"}, "Shares Outstanding": {"2020-09-30": "115.00000", "2020-06-30": "115.00000", "2020-03-31": "116.00000", "2019-12-31": "116.00000", "2019-09-30": "116.00000", "2019-06-30": "116.00000", "2019-03-31": "116.00000", "2018-12-31": "114.00000", "2018-09-30": "114.00000", "2018-06-30": "113.00000", "2018-03-31": "113.00000", "2017-12-31": "112.00000", "2017-09-30": "111.00000", "2017-06-30": "112.00000", "2017-03-31": "112.00000", "2016-12-31": "111.00000", "2016-09-30": "111.00000", "2016-06-30": "111.00000", "2016-03-31": "110.00000", "2015-12-31": "110.00000", "2015-09-30": "110.00000", "2015-06-30": "110.00000", "2015-03-31": "109.00000", "2014-12-31": "108.00000", "2014-09-30": "108.25200", "2014-06-30": "108.71900", "2014-03-31": "109.67200", "2013-12-31": "109.13200", "2013-09-30": "108.57100", "2013-06-30": "108.91300", "2013-03-31": "108.69300", "2012-12-31": "108.93700", "2012-09-30": "109.24600", "2012-06-30": "109.02200", "2012-03-31": "109.09800", "2011-12-31": "109.09800", "2011-09-30": "108.73200", "2011-06-30": "109.13300", "2011-03-31": "109.71500", "2010-12-31": "110.48800", "2010-09-30": "114.45890", "2010-06-30": "115.12090", "2010-03-31": "115.49380", "2009-12-31": "114.57200", "2009-09-30": "118.01020", "2009-06-30": "120.62550", "2009-03-31": "122.20820", "2008-12-31": "126.36920", "2008-09-30": "126.30180", "2008-06-30": "126.97680", "2008-03-31": "128.47360", "2007-12-31": "129.49000", "2007-09-30": "130.38570", "2007-06-30": "127.21270", "2007-03-31": "128.68230", "2006-12-31": "127.00940", "2006-09-30": "127.02900", "2006-06-30": "126.78770", "2006-03-31": "126.44750", "2005-12-31": "126.18000", "2005-09-30": "126.20400", "2005-06-30": "126.04740", "2005-03-31": "125.70720"}, "Basic EPS": {"2020-09-30": "0.68000", "2020-06-30": "0.57000", "2020-03-31": "0.60000", "2019-12-31": "0.10000", "2019-09-30": "0.15000", "2019-06-30": "0.29000", "2019-03-31": "0.52000", "2018-12-31": "0.14000", "2018-09-30": "0.41000", "2018-06-30": "0.30000", "2018-03-31": "0.35000", "2017-12-31": "2.60000", "2017-09-30": "-1.64000", "2017-06-30": "0.09000", "2017-03-31": "0.34000", "2016-12-31": "-0.05000", "2016-09-30": "0.12000", "2016-06-30": "0.25000", "2016-03-31": "0.07000", "2015-12-31": "-0.01000", "2015-09-30": "0.47000", "2015-06-30": "0.21000", "2015-03-31": "1.35000", "2014-12-31": "-0.16000", "2014-09-30": "-1.07000", "2014-06-30": "-0.20000", "2014-03-31": "0.17000", "2013-12-31": "-0.05000", "2013-09-30": "-0.09000", "2013-06-30": "1.44000", "2013-03-31": "0.01000", "2012-12-31": "-0.39000", "2012-09-30": "0.27000", "2012-06-30": "0.39000", "2012-03-31": "0.48000", "2011-12-31": "-0.06000", "2011-09-30": "0.66000", "2011-06-30": "0.85000", "2011-03-31": "0.40000", "2010-12-31": "0.18840", "2010-09-30": "0.35880", "2010-06-30": "0.34960", "2010-03-31": "0.42320", "2009-12-31": "0.19810", "2009-09-30": "0.31280", "2009-06-30": "0.55200", "2009-03-31": "0.60720", "2008-12-31": "-1.36150", "2008-09-30": "0.80040", "2008-06-30": "0.69000", "2008-03-31": "0.57040", "2007-12-31": "-0.44160", "2007-09-30": "1.79390", "2007-06-30": "-0.06440", "2007-03-31": "1.72950", "2006-12-31": "-0.92920", "2006-09-30": "0.59800", "2006-06-30": "1.32470", "2006-03-31": "0.28520", "2005-12-31": "3.90980", "2005-09-30": "0.30360", "2005-06-30": "0.77280", "2005-03-31": "0.18400"}, "EPS - Earnings Per Share": {"2020-09-30": "0.66000", "2020-06-30": "0.56000", "2020-03-31": "0.59000", "2019-12-31": "0.10000", "2019-09-30": "0.15000", "2019-06-30": "0.28000", "2019-03-31": "0.50000", "2018-12-31": "0.13000", "2018-09-30": "0.41000", "2018-06-30": "0.29000", "2018-03-31": "0.34000", "2017-12-31": "2.59000", "2017-09-30": "-1.64000", "2017-06-30": "0.09000", "2017-03-31": "0.33000", "2016-12-31": "-0.04000", "2016-09-30": "0.11000", "2016-06-30": "0.25000", "2016-03-31": "0.07000", "2015-12-31": "-0.02000", "2015-09-30": "0.46000", "2015-06-30": "0.21000", "2015-03-31": "1.33000", "2014-12-31": "-0.15000", "2014-09-30": "-1.07000", "2014-06-30": "-0.20000", "2014-03-31": "0.16000", "2013-12-31": "-0.05000", "2013-09-30": "-0.09000", "2013-06-30": "1.42000", "2013-03-31": "0.01000", "2012-12-31": "-0.38000", "2012-09-30": "0.26000", "2012-06-30": "0.39000", "2012-03-31": "0.48000", "2011-12-31": "-0.05000", "2011-09-30": "0.65000", "2011-06-30": "0.84000", "2011-03-31": "0.39000", "2010-12-31": "0.18760", "2010-09-30": "0.35880", "2010-06-30": "0.34960", "2010-03-31": "0.41400", "2009-12-31": "0.19810", "2009-09-30": "0.31280", "2009-06-30": "0.55200", "2009-03-31": "0.60720", "2008-12-31": "-1.36150", "2008-09-30": "0.80040", "2008-06-30": "0.69000", "2008-03-31": "0.57040", "2007-12-31": "-0.44160", "2007-09-30": "1.77550", "2007-06-30": "-0.07360", "2007-03-31": "1.70190", "2006-12-31": "-0.92920", "2006-09-30": "0.58880", "2006-06-30": "1.31550", "2006-03-31": "0.28520", "2005-12-31": "3.87300", "2005-09-30": "0.30360", "2005-06-30": "0.76360", "2005-03-31": "0.18400"}}, "balance sheet": {"Cash On Hand": {"2019-12-31": "465.00000", "2018-12-31": "938.00000", "2017-12-31": "719.00000", "2016-12-31": "900.00000", "2015-12-31": "985.00000", "2014-12-31": "471.90100", "2013-12-31": "880.11800", "2012-12-31": "856.18100", "2011-12-31": "809.54800", "2010-12-31": "744.56500", "2009-12-31": "784.26700", "2008-12-31": "805.01400", "2007-12-31": "3092.33900", "2006-12-31": "2218.66900", "2005-12-31": "1095.79100"}, "Receivables": {"2019-12-31": "1160.00000", "2018-12-31": "1111.00000", "2017-12-31": "963.00000", "2016-12-31": "861.00000", "2015-12-31": "873.00000", "2014-12-31": "683.68100", "2013-12-31": "731.11400", "2012-12-31": "574.32800", "2011-12-31": "542.57700", "2010-12-31": "577.93100", "2009-12-31": "515.44300", "2008-12-31": "516.84900", "2007-12-31": "530.42100", "2006-12-31": "520.16700", "2005-12-31": "489.46000"}, "Inventory": {"2019-12-31": "169.00000", "2018-12-31": "150.00000", "2017-12-31": "145.00000", "2016-12-31": "151.00000", "2015-12-31": "158.00000", "2014-12-31": "273.70700", "2013-12-31": "244.56000", "2012-12-31": "160.69200", "2011-12-31": "130.04400", "2010-12-31": "116.33000", "2009-12-31": "156.98700", "2008-12-31": "122.37700", "2007-12-31": "115.81800", "2006-12-31": "128.98100", "2005-12-31": "103.21100"}, "Pre-Paid Expenses": {"2019-12-31": "98.00000", "2018-12-31": "103.00000", "2017-12-31": "112.00000", "2016-12-31": "115.00000", "2015-12-31": "112.00000", "2014-12-31": "86.50600", "2013-12-31": "87.92000", "2012-12-31": "86.38500", "2011-12-31": "80.62800", "2010-12-31": "76.93500", "2009-12-31": "98.05400", "2008-12-31": "93.38200", "2007-12-31": "77.15500", "2006-12-31": "43.52900", "2005-12-31": "41.74600"}, "Other Current Assets": {"2019-12-31": "29.00000", "2018-12-31": "28.00000", "2017-12-31": "27.00000", "2016-12-31": "32.00000", "2015-12-31": "30.00000", "2014-12-31": "143.47400", "2013-12-31": "37.54800", "2012-12-31": "42.44000", "2011-12-31": "101.98500", "2010-12-31": "17.38400", "2009-12-31": "63.04600", "2008-12-31": "63.55600", "2007-12-31": "59.85500", "2006-12-31": "61.73800", "2005-12-31": "34.77400"}, "Total Current Assets": {"2019-12-31": "1921.00000", "2018-12-31": "2330.00000", "2017-12-31": "1966.00000", "2016-12-31": "2059.00000", "2015-12-31": "2158.00000", "2014-12-31": "1766.95500", "2013-12-31": "2087.33700", "2012-12-31": "1763.43700", "2011-12-31": "1705.68000", "2010-12-31": "1570.22400", "2009-12-31": "1647.67100", "2008-12-31": "1628.93600", "2007-12-31": "3875.58800", "2006-12-31": "2973.08400", "2005-12-31": "1778.42000"}, "Property, Plant, And Equipment": {"2019-12-31": "3527.00000", "2018-12-31": "3346.00000", "2017-12-31": "3424.00000", "2016-12-31": "3555.00000", "2015-12-31": "3764.00000", "2014-12-31": "3846.12500", "2013-12-31": "3878.14400", "2012-12-31": "3997.26600", "2011-12-31": "3784.53500", "2010-12-31": "3517.78400", "2009-12-31": "3507.84500", "2008-12-31": "3568.92400", "2007-12-31": "3525.10200", "2006-12-31": "3581.38600", "2005-12-31": "3529.76000"}, "Long-Term Investments": {"2019-12-31": "488.00000", "2018-12-31": "480.00000", "2017-12-31": "453.00000", "2016-12-31": "451.00000", "2015-12-31": "402.00000", "2014-12-31": "321.72900", "2013-12-31": "301.77200", "2012-12-31": "230.22600", "2011-12-31": "218.84800", "2010-12-31": "300.10700", "2009-12-31": "203.79900", "2008-12-31": "205.76800", "2007-12-31": "206.41800", "2006-12-31": "1782.92200", "2005-12-31": "2748.87000"}, "Goodwill And Intangible Assets": {"2019-12-31": "3266.00000", "2018-12-31": "2957.00000", "2017-12-31": "3020.00000", "2016-12-31": "2938.00000", "2015-12-31": "2657.00000", "2014-12-31": "2289.42500", "2013-12-31": "2332.07600", "2012-12-31": "2335.75500", "2011-12-31": "2341.82500", "2010-12-31": "2219.39100", "2009-12-31": "2177.45400", "2008-12-31": "2148.51900", "2007-12-31": "2195.75800", "2006-12-31": "2168.26000", "2005-12-31": "2031.97900"}, "Other Long-Term Assets": {"2019-12-31": "607.00000", "2018-12-31": "670.00000", "2017-12-31": "432.00000", "2016-12-31": "443.00000", "2015-12-31": "441.00000", "2014-12-31": "630.18800", "2013-12-31": "304.81800", "2012-12-31": "297.21600", "2011-12-31": "150.11700", "2010-12-31": "88.61100", "2009-12-31": "75.54400", "2008-12-31": "100.26900", "2007-12-31": "91.27700", "2006-12-31": "93.86200", "2005-12-31": "115.75300"}, "Total Long-Term Assets": {"2019-12-31": "7888.00000", "2018-12-31": "7453.00000", "2017-12-31": "7329.00000", "2016-12-31": "7387.00000", "2015-12-31": "7264.00000", "2014-12-31": "7087.46700", "2013-12-31": "6816.81000", "2012-12-31": "6860.46300", "2011-12-31": "6495.32500", "2010-12-31": "6125.89300", "2009-12-31": "5964.64200", "2008-12-31": "6023.48000", "2007-12-31": "6018.55500", "2006-12-31": "7626.43000", "2005-12-31": "8426.36200"}, "Total Assets": {"2019-12-31": "10781.00000", "2018-12-31": "9783.00000", "2017-12-31": "9295.00000", "2016-12-31": "9446.00000", "2015-12-31": "9422.00000", "2014-12-31": "8854.42200", "2013-12-31": "8904.14700", "2012-12-31": "8623.90000", "2011-12-31": "8201.00500", "2010-12-31": "7696.11700", "2009-12-31": "7612.31300", "2008-12-31": "7652.41600", "2007-12-31": "9894.14300", "2006-12-31": "10599.51000", "2005-12-31": "10204.78000"}, "Total Current Liabilities": {"2019-12-31": "962.00000", "2018-12-31": "879.00000", "2017-12-31": "918.00000", "2016-12-31": "887.00000", "2015-12-31": "944.00000", "2014-12-31": "1063.25600", "2013-12-31": "1191.75600", "2012-12-31": "924.60800", "2011-12-31": "874.13300", "2010-12-31": "785.77200", "2009-12-31": "799.70800", "2008-12-31": "773.28700", "2007-12-31": "2799.51900", "2006-12-31": "2084.73100", "2005-12-31": "1065.32500"}, "Long Term Debt": {"2019-12-31": "2316.00000", "2018-12-31": "2418.00000", "2017-12-31": "2437.00000", "2016-12-31": "2433.00000", "2015-12-31": "2440.00000", "2014-12-31": "1941.06900", "2013-12-31": "1720.07400", "2012-12-31": "1721.57100", "2011-12-31": "1529.85700", "2010-12-31": "1499.86200", "2009-12-31": "1492.90800", "2008-12-31": "1621.42200", "2007-12-31": "1632.22600", "2006-12-31": "1633.30800", "2005-12-31": "1633.51900"}, "Other Non-Current Liabilities": {"2019-12-31": "11.00000", "2018-12-31": "12.00000", "2017-12-31": "1.00000", "2016-12-31": "1.00000", "2015-12-31": "1.00000", "2014-12-31": "22.79300", "2013-12-31": "0.53600", "2012-12-31": "20.08700", "2011-12-31": "2.05600", "2010-12-31": "0.85500", "2009-12-31": "0.72700", "2008-12-31": "", "2007-12-31": "", "2006-12-31": "1613.38900", "2005-12-31": "2346.85600"}, "Total Long Term Liabilities": {"2019-12-31": "4415.00000", "2018-12-31": "3611.00000", "2017-12-31": "3485.00000", "2016-12-31": "3809.00000", "2015-12-31": "3774.00000", "2014-12-31": "3336.15500", "2013-12-31": "3042.29400", "2012-12-31": "3042.96500", "2011-12-31": "2724.19300", "2010-12-31": "2444.60700", "2009-12-31": "2385.25900", "2008-12-31": "2461.67900", "2007-12-31": "3168.28600", "2006-12-31": "4944.36300", "2005-12-31": "5922.26200"}, "Total Liabilities": {"2019-12-31": "5377.00000", "2018-12-31": "4490.00000", "2017-12-31": "4403.00000", "2016-12-31": "4696.00000", "2015-12-31": "4718.00000", "2014-12-31": "4399.41100", "2013-12-31": "4234.05000", "2012-12-31": "3967.57300", "2011-12-31": "3598.32600", "2010-12-31": "3230.37900", "2009-12-31": "3184.96700", "2008-12-31": "3234.96600", "2007-12-31": "5967.80500", "2006-12-31": "7029.09400", "2005-12-31": "6987.58700"}, "Common Stock Net": {"2019-12-31": "1.00000", "2018-12-31": "1.00000", "2017-12-31": "1.00000", "2016-12-31": "1.00000", "2015-12-31": "1.00000", "2014-12-31": "1.32700", "2013-12-31": "1.32700", "2012-12-31": "1.32700", "2011-12-31": "1.32600", "2010-12-31": "1.27000", "2009-12-31": "1.27000", "2008-12-31": "1.27000", "2007-12-31": "1.25900", "2006-12-31": "1.25900", "2005-12-31": "1.25800"}, "Retained Earnings (Accumulated Deficit)": {"2019-12-31": "2672.00000", "2018-12-31": "2656.00000", "2017-12-31": "2525.00000", "2016-12-31": "2454.00000", "2015-12-31": "2487.00000", "2014-12-31": "2330.18700", "2013-12-31": "2529.62600", "2012-12-31": "2464.31800", "2011-12-31": "2451.89900", "2010-12-31": "2450.59900", "2009-12-31": "2358.58000", "2008-12-31": "2229.54000", "2007-12-31": "1690.65100", "2006-12-31": "1428.57000", "2005-12-31": "1309.85200"}, "Comprehensive Income": {"2019-12-31": "-9.00000", "2018-12-31": "-10.00000", "2017-12-31": "-1.00000", "2016-12-31": "1.00000", "2015-12-31": "", "2014-12-31": "6.45200", "2013-12-31": "-0.56900", "2012-12-31": "-8.13200", "2011-12-31": "-8.85400", "2010-12-31": "-3.20800", "2009-12-31": "-2.71000", "2008-12-31": "-16.81200", "2007-12-31": "511.77600", "2006-12-31": "522.11300", "2005-12-31": "363.64100"}, "Other Share Holders Equity": {"2019-12-31": "", "2018-12-31": "", "2017-12-31": "", "2016-12-31": "", "2015-12-31": "", "2014-12-31": "", "2013-12-31": "", "2012-12-31": "", "2011-12-31": "", "2010-12-31": "", "2009-12-31": "", "2008-12-31": "", "2007-12-31": "", "2006-12-31": "", "2005-12-31": ""}, "Share Holder Equity": {"2019-12-31": "5404.00000", "2018-12-31": "5293.00000", "2017-12-31": "4892.00000", "2016-12-31": "4750.00000", "2015-12-31": "4704.00000", "2014-12-31": "4455.01100", "2013-12-31": "4670.09700", "2012-12-31": "4656.32700", "2011-12-31": "4602.67900", "2010-12-31": "4465.73800", "2009-12-31": "4427.34600", "2008-12-31": "4417.45000", "2007-12-31": "3926.33800", "2006-12-31": "3570.42000", "2005-12-31": "3217.19500"}, "Total Liabilities And Share Holders Equity": {"2019-12-31": "10781.00000", "2018-12-31": "9783.00000", "2017-12-31": "9295.00000", "2016-12-31": "9446.00000", "2015-12-31": "9422.00000", "2014-12-31": "8854.42200", "2013-12-31": "8904.14700", "2012-12-31": "8623.90000", "2011-12-31": "8201.00500", "2010-12-31": "7696.11700", "2009-12-31": "7612.31300", "2008-12-31": "7652.41600", "2007-12-31": "9894.14300", "2006-12-31": "10599.51000", "2005-12-31": "10204.78000"}}, "balance sheet, quarterly": {"Cash On Hand": {"2020-09-30": "1076.00000", "2020-06-30": "565.00000", "2020-03-31": "421.00000", "2019-12-31": "465.00000", "2019-09-30": "853.00000", "2019-06-30": "852.00000", "2019-03-31": "976.00000", "2018-12-31": "938.00000", "2018-09-30": "1062.00000", "2018-06-30": "873.00000", "2018-03-31": "779.00000", "2017-12-31": "719.00000", "2017-09-30": "884.00000", "2017-06-30": "791.00000", "2017-03-31": "896.00000", "2016-12-31": "900.00000", "2016-09-30": "985.00000", "2016-06-30": "899.00000", "2016-03-31": "1054.00000", "2015-12-31": "985.00000", "2015-09-30": "865.42500", "2015-06-30": "631.54900", "2015-03-31": "635.12000", "2014-12-31": "471.90100", "2014-09-30": "613.08100", "2014-06-30": "914.89500", "2014-03-31": "912.96590", "2013-12-31": "880.11800", "2013-09-30": "756.25100", "2013-06-30": "1356.76700", "2013-03-31": "892.29500", "2012-12-31": "856.18100", "2012-09-30": "769.86200", "2012-06-30": "764.68500", "2012-03-31": "869.10500", "2011-12-31": "809.54800", "2011-09-30": "849.36100", "2011-06-30": "855.33200", "2011-03-31": "1174.02800", "2010-12-31": "744.56500", "2010-09-30": "779.06000", "2010-06-30": "757.70400", "2010-03-31": "793.83000", "2009-12-31": "784.26700", "2009-09-30": "914.55900", "2009-06-30": "801.25200", "2009-03-31": "809.95500", "2008-12-31": "805.01400", "2008-09-30": "1006.08300", "2008-06-30": "1157.18300", "2008-03-31": "2179.09700", "2007-12-31": "3092.33900", "2007-09-30": "3122.05400", "2007-06-30": "3478.89800", "2007-03-31": "2787.86700", "2006-12-31": "2218.66900", "2006-09-30": "2005.71300", "2006-06-30": "1517.03300", "2006-03-31": "1076.60000", "2005-12-31": "1095.79100", "2005-09-30": "1084.54000", "2005-06-30": "1132.73900", "2005-03-31": "1155.43100"}, "Receivables": {"2020-09-30": "1282.00000", "2020-06-30": "1224.00000", "2020-03-31": "1163.00000", "2019-12-31": "1160.00000", "2019-09-30": "1119.00000", "2019-06-30": "1099.00000", "2019-03-31": "1075.00000", "2018-12-31": "1111.00000", "2018-09-30": "1061.00000", "2018-06-30": "988.00000", "2018-03-31": "965.00000", "2017-12-31": "963.00000", "2017-09-30": "873.00000", "2017-06-30": "847.00000", "2017-03-31": "832.00000", "2016-12-31": "861.00000", "2016-09-30": "830.00000", "2016-06-30": "830.00000", "2016-03-31": "792.00000", "2015-12-31": "873.00000", "2015-09-30": "775.52900", "2015-06-30": "703.89200", "2015-03-31": "658.88800", "2014-12-31": "683.68100", "2014-09-30": "652.48700", "2014-06-30": "624.26100", "2014-03-31": "615.00900", "2013-12-31": "731.11400", "2013-09-30": "686.81100", "2013-06-30": "485.59600", "2013-03-31": "506.71000", "2012-12-31": "574.32800", "2012-09-30": "589.79000", "2012-06-30": "551.53200", "2012-03-31": "504.72300", "2011-12-31": "542.57700", "2011-09-30": "597.08900", "2011-06-30": "583.08000", "2011-03-31": "511.29200", "2010-12-31": "577.93100", "2010-09-30": "555.30600", "2010-06-30": "498.35600", "2010-03-31": "486.77800", "2009-12-31": "515.44300", "2009-09-30": "541.21100", "2009-06-30": "541.22800", "2009-03-31": "502.89300", "2008-12-31": "516.84900", "2008-09-30": "543.17100", "2008-06-30": "542.66400", "2008-03-31": "509.38100", "2007-12-31": "530.42100", "2007-09-30": "544.71400", "2007-06-30": "533.16700", "2007-03-31": "487.74900", "2006-12-31": "520.16700", "2006-09-30": "507.40900", "2006-06-30": "510.33200", "2006-03-31": "478.24800", "2005-12-31": "489.46000", "2005-09-30": "452.15200", "2005-06-30": "449.62300", "2005-03-31": "421.21200"}, "Inventory": {"2020-09-30": "164.00000", "2020-06-30": "152.00000", "2020-03-31": "218.00000", "2019-12-31": "169.00000", "2019-09-30": "147.00000", "2019-06-30": "154.00000", "2019-03-31": "165.00000", "2018-12-31": "150.00000", "2018-09-30": "132.00000", "2018-06-30": "153.00000", "2018-03-31": "153.00000", "2017-12-31": "145.00000", "2017-09-30": "107.00000", "2017-06-30": "149.00000", "2017-03-31": "151.00000", "2016-12-31": "151.00000", "2016-09-30": "148.00000", "2016-06-30": "184.00000", "2016-03-31": "160.00000", "2015-12-31": "158.00000", "2015-09-30": "183.88400", "2015-06-30": "146.68600", "2015-03-31": "178.31300", "2014-12-31": "273.70700", "2014-09-30": "193.69400", "2014-06-30": "205.88600", "2014-03-31": "224.90400", "2013-12-31": "244.56000", "2013-09-30": "149.48900", "2013-06-30": "168.70000", "2013-03-31": "143.83200", "2012-12-31": "160.69200", "2012-09-30": "201.69300", "2012-06-30": "189.24200", "2012-03-31": "134.92900", "2011-12-31": "130.04400", "2011-09-30": "153.07700", "2011-06-30": "165.15600", "2011-03-31": "113.35200", "2010-12-31": "116.33000", "2010-09-30": "124.41700", "2010-06-30": "124.81000", "2010-03-31": "157.93500", "2009-12-31": "156.98700", "2009-09-30": "126.00700", "2009-06-30": "130.96300", "2009-03-31": "113.38400", "2008-12-31": "122.37700", "2008-09-30": "118.18300", "2008-06-30": "126.08300", "2008-03-31": "128.77110", "2007-12-31": "115.81800", "2007-09-30": "126.33300", "2007-06-30": "130.97290", "2007-03-31": "113.47700", "2006-12-31": "128.98100", "2006-09-30": "89.26900", "2006-06-30": "93.92200", "2006-03-31": "96.35900", "2005-12-31": "103.21100", "2005-09-30": "66.13200", "2005-06-30": "67.18400", "2005-03-31": "83.02000"}, "Pre-Paid Expenses": {"2020-09-30": "109.00000", "2020-06-30": "106.00000", "2020-03-31": "115.00000", "2019-12-31": "98.00000", "2019-09-30": "98.00000", "2019-06-30": "95.00000", "2019-03-31": "91.00000", "2018-12-31": "103.00000", "2018-09-30": "102.00000", "2018-06-30": "103.00000", "2018-03-31": "104.00000", "2017-12-31": "112.00000", "2017-09-30": "109.00000", "2017-06-30": "111.00000", "2017-03-31": "116.00000", "2016-12-31": "115.00000", "2016-09-30": "113.00000", "2016-06-30": "121.00000", "2016-03-31": "130.00000", "2015-12-31": "112.00000", "2015-09-30": "119.45300", "2015-06-30": "102.97500", "2015-03-31": "97.70700", "2014-12-31": "86.50600", "2014-09-30": "89.24300", "2014-06-30": "88.86000", "2014-03-31": "89.34400", "2013-12-31": "87.92000", "2013-09-30": "94.98900", "2013-06-30": "93.38300", "2013-03-31": "86.87900", "2012-12-31": "86.38500", "2012-09-30": "86.34600", "2012-06-30": "86.79400", "2012-03-31": "84.20100", "2011-12-31": "80.62800", "2011-09-30": "80.74200", "2011-06-30": "89.99700", "2011-03-31": "87.79600", "2010-12-31": "76.93500", "2010-09-30": "93.40600", "2010-06-30": "92.77000", "2010-03-31": "101.90500", "2009-12-31": "98.05400", "2009-09-30": "95.67700", "2009-06-30": "83.45700", "2009-03-31": "92.54700", "2008-12-31": "93.38200", "2008-09-30": "100.05000", "2008-06-30": "89.45500", "2008-03-31": "92.89000", "2007-12-31": "77.15500", "2007-09-30": "58.44800", "2007-06-30": "57.25200", "2007-03-31": "53.93700", "2006-12-31": "43.52900", "2006-09-30": "45.91600", "2006-06-30": "52.74700", "2006-03-31": "47.88900", "2005-12-31": "41.74600", "2005-09-30": "", "2005-06-30": "", "2005-03-31": ""}, "Other Current Assets": {"2020-09-30": "39.00000", "2020-06-30": "39.00000", "2020-03-31": "33.00000", "2019-12-31": "29.00000", "2019-09-30": "28.00000", "2019-06-30": "28.00000", "2019-03-31": "28.00000", "2018-12-31": "28.00000", "2018-09-30": "30.00000", "2018-06-30": "43.00000", "2018-03-31": "42.00000", "2017-12-31": "27.00000", "2017-09-30": "31.00000", "2017-06-30": "26.00000", "2017-03-31": "30.00000", "2016-12-31": "32.00000", "2016-09-30": "34.00000", "2016-06-30": "31.00000", "2016-03-31": "37.00000", "2015-12-31": "30.00000", "2015-09-30": "30.42500", "2015-06-30": "30.90600", "2015-03-31": "29.98500", "2014-12-31": "143.47400", "2014-09-30": "42.40600", "2014-06-30": "41.47100", "2014-03-31": "40.83300", "2013-12-31": "37.54800", "2013-09-30": "37.92000", "2013-06-30": "32.38400", "2013-03-31": "41.79900", "2012-12-31": "42.44000", "2012-09-30": "26.72000", "2012-06-30": "19.22400", "2012-03-31": "18.11700", "2011-12-31": "101.98500", "2011-09-30": "17.92200", "2011-06-30": "17.39000", "2011-03-31": "15.51600", "2010-12-31": "17.38400", "2010-09-30": "60.80200", "2010-06-30": "62.65900", "2010-03-31": "68.66900", "2009-12-31": "63.04600", "2009-09-30": "72.81200", "2009-06-30": "71.14400", "2009-03-31": "28.43500", "2008-12-31": "63.55600", "2008-09-30": "22.05400", "2008-06-30": "32.61200", "2008-03-31": "23.87200", "2007-12-31": "59.85500", "2007-09-30": "21.74300", "2007-06-30": "19.80800", "2007-03-31": "21.07100", "2006-12-31": "61.73800", "2006-09-30": "27.80000", "2006-06-30": "24.45800", "2006-03-31": "31.72300", "2005-12-31": "34.77400", "2005-09-30": "63.72000", "2005-06-30": "59.66000", "2005-03-31": "61.54800"}, "Total Current Assets": {"2020-09-30": "2670.00000", "2020-06-30": "2086.00000", "2020-03-31": "1950.00000", "2019-12-31": "1921.00000", "2019-09-30": "2245.00000", "2019-06-30": "2228.00000", "2019-03-31": "2335.00000", "2018-12-31": "2330.00000", "2018-09-30": "2387.00000", "2018-06-30": "2160.00000", "2018-03-31": "2043.00000", "2017-12-31": "1966.00000", "2017-09-30": "2004.00000", "2017-06-30": "1924.00000", "2017-03-31": "2025.00000", "2016-12-31": "2059.00000", "2016-09-30": "2110.00000", "2016-06-30": "2065.00000", "2016-03-31": "2173.00000", "2015-12-31": "2158.00000", "2015-09-30": "2073.05900", "2015-06-30": "1708.88900", "2015-03-31": "1692.80400", "2014-12-31": "1766.95500", "2014-09-30": "1691.86200", "2014-06-30": "1981.45000", "2014-03-31": "1989.13300", "2013-12-31": "2087.33700", "2013-09-30": "1787.93900", "2013-06-30": "2193.65200", "2013-03-31": "1715.80300", "2012-12-31": "1763.43700", "2012-09-30": "1721.22000", "2012-06-30": "1656.07500", "2012-03-31": "1651.97300", "2011-12-31": "1705.68000", "2011-09-30": "1735.32300", "2011-06-30": "1758.92500", "2011-03-31": "1939.06300", "2010-12-31": "1570.22400", "2010-09-30": "1642.93900", "2010-06-30": "1566.24700", "2010-03-31": "1639.06500", "2009-12-31": "1647.67100", "2009-09-30": "1778.02400", "2009-06-30": "1655.80200", "2009-03-31": "1574.97200", "2008-12-31": "1628.93600", "2008-09-30": "1817.32500", "2008-06-30": "1970.49900", "2008-03-31": "2934.01100", "2007-12-31": "3875.58800", "2007-09-30": "3873.29200", "2007-06-30": "4220.09800", "2007-03-31": "3464.10100", "2006-12-31": "2973.08400", "2006-09-30": "2676.10700", "2006-06-30": "2198.49200", "2006-03-31": "1744.25300", "2005-12-31": "1778.42000", "2005-09-30": "1685.14300", "2005-06-30": "1729.80700", "2005-03-31": "1753.89000"}, "Property, Plant, And Equipment": {"2020-09-30": "3727.00000", "2020-06-30": "3615.00000", "2020-03-31": "3595.00000", "2019-12-31": "3527.00000", "2019-09-30": "3353.00000", "2019-06-30": "3318.00000", "2019-03-31": "3282.00000", "2018-12-31": "3346.00000", "2018-09-30": "3229.00000", "2018-06-30": "3259.00000", "2018-03-31": "3335.00000", "2017-12-31": "3424.00000", "2017-09-30": "3337.00000", "2017-06-30": "3373.00000", "2017-03-31": "3449.00000", "2016-12-31": "3555.00000", "2016-09-30": "3549.00000", "2016-06-30": "3613.00000", "2016-03-31": "3679.00000", "2015-12-31": "3764.00000", "2015-09-30": "3706.68700", "2015-06-30": "3726.45500", "2015-03-31": "3746.83400", "2014-12-31": "3846.12500", "2014-09-30": "3836.46800", "2014-06-30": "3749.94700", "2014-03-31": "3779.13300", "2013-12-31": "3878.14400", "2013-09-30": "3881.83500", "2013-06-30": "3768.93300", "2013-03-31": "3906.59500", "2012-12-31": "3997.26600", "2012-09-30": "3903.48300", "2012-06-30": "3853.28700", "2012-03-31": "3823.73300", "2011-12-31": "3784.53500", "2011-09-30": "3627.26300", "2011-06-30": "3517.93800", "2011-03-31": "3497.50900", "2010-12-31": "3517.78400", "2010-09-30": "3445.15900", "2010-06-30": "3462.74100", "2010-03-31": "3475.65500", "2009-12-31": "3507.84500", "2009-09-30": "3472.86900", "2009-06-30": "3502.61000", "2009-03-31": "3556.07300", "2008-12-31": "3568.92400", "2008-09-30": "3494.11500", "2008-06-30": "3485.21300", "2008-03-31": "3482.64000", "2007-12-31": "3525.10200", "2007-09-30": "3495.02800", "2007-06-30": "3528.35400", "2007-03-31": "3532.30600", "2006-12-31": "3581.38600", "2006-09-30": "3546.35300", "2006-06-30": "3517.61900", "2006-03-31": "3493.66500", "2005-12-31": "3529.76000", "2005-09-30": "3362.70100", "2005-06-30": "3366.26100", "2005-03-31": "3357.32100"}, "Long-Term Investments": {"2020-09-30": "508.00000", "2020-06-30": "486.00000", "2020-03-31": "509.00000", "2019-12-31": "488.00000", "2019-09-30": "511.00000", "2019-06-30": "490.00000", "2019-03-31": "507.00000", "2018-12-31": "480.00000", "2018-09-30": "500.00000", "2018-06-30": "477.00000", "2018-03-31": "488.00000", "2017-12-31": "453.00000", "2017-09-30": "467.00000", "2017-06-30": "452.00000", "2017-03-31": "472.00000", "2016-12-31": "451.00000", "2016-09-30": "460.00000", "2016-06-30": "446.00000", "2016-03-31": "423.00000", "2015-12-31": "402.00000", "2015-09-30": "386.15300", "2015-06-30": "364.20500", "2015-03-31": "343.38200", "2014-12-31": "321.72900", "2014-09-30": "335.44800", "2014-06-30": "308.66100", "2014-03-31": "326.27900", "2013-12-31": "301.77200", "2013-09-30": "385.51000", "2013-06-30": "352.16600", "2013-03-31": "241.31300", "2012-12-31": "230.22600", "2012-09-30": "209.65100", "2012-06-30": "268.51700", "2012-03-31": "241.97700", "2011-12-31": "218.84800", "2011-09-30": "281.54800", "2011-06-30": "268.86300", "2011-03-31": "288.49500", "2010-12-31": "300.10700", "2010-09-30": "335.55500", "2010-06-30": "307.85800", "2010-03-31": "221.11200", "2009-12-31": "203.79900", "2009-09-30": "219.76000", "2009-06-30": "234.40900", "2009-03-31": "224.58500", "2008-12-31": "205.76800", "2008-09-30": "227.42500", "2008-06-30": "209.05300", "2008-03-31": "224.28200", "2007-12-31": "206.41800", "2007-09-30": "225.27800", "2007-06-30": "567.60600", "2007-03-31": "1152.66500", "2006-12-31": "1782.92200", "2006-09-30": "1671.71300", "2006-06-30": "2397.13600", "2006-03-31": "2790.70300", "2005-12-31": "2748.87000", "2005-09-30": "3020.99400", "2005-06-30": "3032.21900", "2005-03-31": "3262.58100"}, "Goodwill And Intangible Assets": {"2020-09-30": "3403.00000", "2020-06-30": "3403.00000", "2020-03-31": "3290.00000", "2019-12-31": "3266.00000", "2019-09-30": "3214.00000", "2019-06-30": "3228.00000", "2019-03-31": "2978.00000", "2018-12-31": "2957.00000", "2018-09-30": "2967.00000", "2018-06-30": "3015.00000", "2018-03-31": "3022.00000", "2017-12-31": "3020.00000", "2017-09-30": "3012.00000", "2017-06-30": "3033.00000", "2017-03-31": "2705.00000", "2016-12-31": "2938.00000", "2016-09-30": "2678.00000", "2016-06-30": "2669.00000", "2016-03-31": "2627.00000", "2015-12-31": "2657.00000", "2015-09-30": "2660.89300", "2015-06-30": "2664.03400", "2015-03-31": "2668.62000", "2014-12-31": "2289.42500", "2014-09-30": "2254.16300", "2014-06-30": "2356.37200", "2014-03-31": "2351.88000", "2013-12-31": "2332.07600", "2013-09-30": "2301.53700", "2013-06-30": "2231.30900", "2013-03-31": "2346.94000", "2012-12-31": "2335.75500", "2012-09-30": "2433.65900", "2012-06-30": "2389.40000", "2012-03-31": "2349.78000", "2011-12-31": "2341.82500", "2011-09-30": "2345.17100", "2011-06-30": "2217.69700", "2011-03-31": "2217.49200", "2010-12-31": "2219.39100", "2010-09-30": "2198.08500", "2010-06-30": "2200.85400", "2010-03-31": "2191.66100", "2009-12-31": "2177.45400", "2009-09-30": "2161.36600", "2009-06-30": "2161.36600", "2009-03-31": "2161.53000", "2008-12-31": "2148.51900", "2008-09-30": "2527.39600", "2008-06-30": "2524.71000", "2008-03-31": "2508.30800", "2007-12-31": "2195.75800", "2007-09-30": "2205.79300", "2007-06-30": "2198.45700", "2007-03-31": "2181.97800", "2006-12-31": "2168.26000", "2006-09-30": "2336.78700", "2006-06-30": "2244.46900", "2006-03-31": "2234.94600", "2005-12-31": "2031.97900", "2005-09-30": "2181.36200", "2005-06-30": "2185.83300", "2005-03-31": "2181.97400"}, "Other Long-Term Assets": {"2020-09-30": "599.00000", "2020-06-30": "586.00000", "2020-03-31": "576.00000", "2019-12-31": "607.00000", "2019-09-30": "588.00000", "2019-06-30": "568.00000", "2019-03-31": "720.00000", "2018-12-31": "670.00000", "2018-09-30": "636.00000", "2018-06-30": "587.00000", "2018-03-31": "593.00000", "2017-12-31": "432.00000", "2017-09-30": "390.00000", "2017-06-30": "596.00000", "2017-03-31": "698.00000", "2016-12-31": "443.00000", "2016-09-30": "652.00000", "2016-06-30": "633.00000", "2016-03-31": "481.00000", "2015-12-31": "441.00000", "2015-09-30": "490.56600", "2015-06-30": "522.72900", "2015-03-31": "544.59800", "2014-12-31": "630.18800", "2014-09-30": "522.60700", "2014-06-30": "311.23900", "2014-03-31": "302.87800", "2013-12-31": "304.81800", "2013-09-30": "342.87900", "2013-06-30": "208.70500", "2013-03-31": "291.17200", "2012-12-31": "297.21600", "2012-09-30": "122.80300", "2012-06-30": "116.45200", "2012-03-31": "105.20500", "2011-12-31": "150.11700", "2011-09-30": "173.25500", "2011-06-30": "157.48500", "2011-03-31": "128.74200", "2010-12-31": "88.61100", "2010-09-30": "72.09300", "2010-06-30": "72.72800", "2010-03-31": "74.27800", "2009-12-31": "75.54400", "2009-09-30": "101.15600", "2009-06-30": "103.54500", "2009-03-31": "137.01900", "2008-12-31": "100.26900", "2008-09-30": "92.08500", "2008-06-30": "92.01100", "2008-03-31": "89.17200", "2007-12-31": "91.27700", "2007-09-30": "88.51700", "2007-06-30": "94.18400", "2007-03-31": "88.88900", "2006-12-31": "93.86200", "2006-09-30": "99.48900", "2006-06-30": "113.10800", "2006-03-31": "113.58900", "2005-12-31": "115.75300", "2005-09-30": "161.91500", "2005-06-30": "134.61400", "2005-03-31": "136.35200"}, "Total Long-Term Assets": {"2020-09-30": "8237.00000", "2020-06-30": "8090.00000", "2020-03-31": "7970.00000", "2019-12-31": "7888.00000", "2019-09-30": "7666.00000", "2019-06-30": "7604.00000", "2019-03-31": "7487.00000", "2018-12-31": "7453.00000", "2018-09-30": "7332.00000", "2018-06-30": "7338.00000", "2018-03-31": "7438.00000", "2017-12-31": "7329.00000", "2017-09-30": "7206.00000", "2017-06-30": "7454.00000", "2017-03-31": "7324.00000", "2016-12-31": "7387.00000", "2016-09-30": "7339.00000", "2016-06-30": "7361.00000", "2016-03-31": "7210.00000", "2015-12-31": "7264.00000", "2015-09-30": "7244.29900", "2015-06-30": "7277.42300", "2015-03-31": "7303.43400", "2014-12-31": "7087.46700", "2014-09-30": "6948.68600", "2014-06-30": "6726.21900", "2014-03-31": "6760.17000", "2013-12-31": "6816.81000", "2013-09-30": "6911.76100", "2013-06-30": "6561.11300", "2013-03-31": "6786.02000", "2012-12-31": "6860.46300", "2012-09-30": "6669.59600", "2012-06-30": "6627.65600", "2012-03-31": "6520.69500", "2011-12-31": "6495.32500", "2011-09-30": "6427.23700", "2011-06-30": "6161.98300", "2011-03-31": "6132.23800", "2010-12-31": "6125.89300", "2010-09-30": "6050.89200", "2010-06-30": "6044.18100", "2010-03-31": "5962.70600", "2009-12-31": "5964.64200", "2009-09-30": "5955.15100", "2009-06-30": "6001.93000", "2009-03-31": "6079.20700", "2008-12-31": "6023.48000", "2008-09-30": "6341.02100", "2008-06-30": "6310.98700", "2008-03-31": "6304.40200", "2007-12-31": "6018.55500", "2007-09-30": "6014.61600", "2007-06-30": "6388.60100", "2007-03-31": "6955.83800", "2006-12-31": "7626.43000", "2006-09-30": "7654.34200", "2006-06-30": "8272.33200", "2006-03-31": "8632.90300", "2005-12-31": "8426.36200", "2005-09-30": "8726.97300", "2005-06-30": "8718.92700", "2005-03-31": "8938.22900"}, "Total Assets": {"2020-09-30": "11895.00000", "2020-06-30": "11161.00000", "2020-03-31": "10895.00000", "2019-12-31": "10781.00000", "2019-09-30": "10881.00000", "2019-06-30": "10795.00000", "2019-03-31": "10787.00000", "2018-12-31": "9783.00000", "2018-09-30": "9719.00000", "2018-06-30": "9498.00000", "2018-03-31": "9481.00000", "2017-12-31": "9295.00000", "2017-09-30": "9210.00000", "2017-06-30": "9378.00000", "2017-03-31": "9349.00000", "2016-12-31": "9446.00000", "2016-09-30": "9449.00000", "2016-06-30": "9426.00000", "2016-03-31": "9383.00000", "2015-12-31": "9422.00000", "2015-09-30": "9317.35800", "2015-06-30": "8986.31200", "2015-03-31": "8996.23800", "2014-12-31": "8854.42200", "2014-09-30": "8640.54800", "2014-06-30": "8707.66900", "2014-03-31": "8749.30300", "2013-12-31": "8904.14700", "2013-09-30": "8699.70000", "2013-06-30": "8754.76500", "2013-03-31": "8501.82300", "2012-12-31": "8623.90000", "2012-09-30": "8390.81600", "2012-06-30": "8283.73100", "2012-03-31": "8172.66800", "2011-12-31": "8201.00500", "2011-09-30": "8162.56000", "2011-06-30": "7920.90800", "2011-03-31": "8071.30100", "2010-12-31": "7696.11700", "2010-09-30": "7693.83100", "2010-06-30": "7610.42800", "2010-03-31": "7601.77100", "2009-12-31": "7612.31300", "2009-09-30": "7733.17500", "2009-06-30": "7657.73200", "2009-03-31": "7654.17900", "2008-12-31": "7652.41600", "2008-09-30": "8158.34600", "2008-06-30": "8281.48600", "2008-03-31": "9238.41300", "2007-12-31": "9894.14300", "2007-09-30": "9887.90800", "2007-06-30": "10608.70000", "2007-03-31": "10419.94000", "2006-12-31": "10599.51000", "2006-09-30": "10330.45000", "2006-06-30": "10470.82000", "2006-03-31": "10377.16000", "2005-12-31": "10204.78000", "2005-09-30": "10412.12000", "2005-06-30": "10448.73000", "2005-03-31": "10692.12000"}, "Total Current Liabilities": {"2020-09-30": "965.00000", "2020-06-30": "882.00000", "2020-03-31": "900.00000", "2019-12-31": "962.00000", "2019-09-30": "1001.00000", "2019-06-30": "925.00000", "2019-03-31": "965.00000", "2018-12-31": "879.00000", "2018-09-30": "852.00000", "2018-06-30": "729.00000", "2018-03-31": "750.00000", "2017-12-31": "918.00000", "2017-09-30": "829.00000", "2017-06-30": "786.00000", "2017-03-31": "738.00000", "2016-12-31": "887.00000", "2016-09-30": "887.00000", "2016-06-30": "898.00000", "2016-03-31": "890.00000", "2015-12-31": "944.00000", "2015-09-30": "1082.57000", "2015-06-30": "1021.18300", "2015-03-31": "1057.10000", "2014-12-31": "1063.25600", "2014-09-30": "1157.50700", "2014-06-30": "1072.70400", "2014-03-31": "1025.17900", "2013-12-31": "1191.75600", "2013-09-30": "1008.29800", "2013-06-30": "1034.08600", "2013-03-31": "817.11100", "2012-12-31": "924.60800", "2012-09-30": "826.10400", "2012-06-30": "791.57600", "2012-03-31": "759.82700", "2011-12-31": "874.13300", "2011-09-30": "868.68400", "2011-06-30": "763.73600", "2011-03-31": "1026.52900", "2010-12-31": "785.77200", "2010-09-30": "757.93800", "2010-06-30": "750.82100", "2010-03-31": "757.58600", "2009-12-31": "799.70800", "2009-09-30": "773.82400", "2009-06-30": "680.96200", "2009-03-31": "702.84100", "2008-12-31": "773.28700", "2008-09-30": "836.57500", "2008-06-30": "1048.79000", "2008-03-31": "2084.89200", "2007-12-31": "2799.51900", "2007-09-30": "2801.15400", "2007-06-30": "3202.95800", "2007-03-31": "2521.92700", "2006-12-31": "2084.73100", "2006-09-30": "1935.75000", "2006-06-30": "1294.93300", "2006-03-31": "953.95400", "2005-12-31": "1065.32500", "2005-09-30": "836.67500", "2005-06-30": "732.21800", "2005-03-31": "748.49000"}, "Long Term Debt": {"2020-09-30": "2970.00000", "2020-06-30": "2487.00000", "2020-03-31": "2365.00000", "2019-12-31": "2316.00000", "2019-09-30": "2405.00000", "2019-06-30": "2409.00000", "2019-03-31": "2414.00000", "2018-12-31": "2418.00000", "2018-09-30": "2422.00000", "2018-06-30": "2427.00000", "2018-03-31": "2431.00000", "2017-12-31": "2437.00000", "2017-09-30": "2443.00000", "2017-06-30": "2428.00000", "2017-03-31": "2431.00000", "2016-12-31": "2433.00000", "2016-09-30": "2436.00000", "2016-06-30": "2436.00000", "2016-03-31": "2437.00000", "2015-12-31": "2440.00000", "2015-09-30": "2209.99200", "2015-06-30": "1993.42900", "2015-03-31": "1993.45700", "2014-12-31": "1941.06900", "2014-09-30": "1718.70100", "2014-06-30": "1718.83200", "2014-03-31": "1720.03100", "2013-12-31": "1720.07400", "2013-09-30": "1721.08500", "2013-06-30": "1720.64200", "2013-03-31": "1721.33800", "2012-12-31": "1721.57100", "2012-09-30": "1528.51500", "2012-06-30": "1529.83600", "2012-03-31": "1529.98800", "2011-12-31": "1529.85700", "2011-09-30": "1528.35000", "2011-06-30": "1530.36900", "2011-03-31": "1517.17600", "2010-12-31": "1499.86200", "2010-09-30": "1492.02200", "2010-06-30": "1492.50000", "2010-03-31": "1492.66600", "2009-12-31": "1492.90800", "2009-09-30": "1620.97900", "2009-06-30": "1619.34100", "2009-03-31": "1619.40300", "2008-12-31": "1621.42200", "2008-09-30": "1631.62700", "2008-06-30": "1635.14700", "2008-03-31": "1635.37300", "2007-12-31": "1632.22600", "2007-09-30": "1634.09800", "2007-06-30": "1634.76500", "2007-03-31": "1632.97700", "2006-12-31": "1633.30800", "2006-09-30": "1631.90500", "2006-06-30": "1632.57700", "2006-03-31": "1633.26800", "2005-12-31": "1633.51900", "2005-09-30": "1669.34700", "2005-06-30": "1869.92800", "2005-03-31": "1987.22900"}, "Other Non-Current Liabilities": {"2020-09-30": "10.00000", "2020-06-30": "11.00000", "2020-03-31": "11.00000", "2019-12-31": "11.00000", "2019-09-30": "12.00000", "2019-06-30": "10.00000", "2019-03-31": "11.00000", "2018-12-31": "12.00000", "2018-09-30": "11.00000", "2018-06-30": "534.00000", "2018-03-31": "11.00000", "2017-12-31": "1.00000", "2017-09-30": "1.00000", "2017-06-30": "1.00000", "2017-03-31": "1.00000", "2016-12-31": "1.00000", "2016-09-30": "1.00000", "2016-06-30": "1.00000", "2016-03-31": "2.00000", "2015-12-31": "1.00000", "2015-09-30": "1.59700", "2015-06-30": "1.17800", "2015-03-31": "7.02500", "2014-12-31": "22.79300", "2014-09-30": "1.00700", "2014-06-30": "1.63300", "2014-03-31": "0.54300", "2013-12-31": "0.53600", "2013-09-30": "1.01100", "2013-06-30": "1.07100", "2013-03-31": "886.78000", "2012-12-31": "20.08700", "2012-09-30": "0.75900", "2012-06-30": "1.05000", "2012-03-31": "1.06400", "2011-12-31": "2.05600", "2011-09-30": "1.78100", "2011-06-30": "1.73400", "2011-03-31": "0.89400", "2010-12-31": "0.85500", "2010-09-30": "0.79100", "2010-06-30": "0.74600", "2010-03-31": "0.75200", "2009-12-31": "0.72700", "2009-09-30": "0.70800", "2009-06-30": "0.64000", "2009-03-31": "0.61200", "2008-12-31": "", "2008-09-30": "194.81000", "2008-06-30": "182.49500", "2008-03-31": "177.52700", "2007-12-31": "", "2007-09-30": "167.75400", "2007-06-30": "533.84300", "2007-03-31": "1030.19600", "2006-12-31": "1613.38900", "2006-09-30": "1477.67800", "2006-06-30": "2123.39600", "2006-03-31": "2333.50700", "2005-12-31": "2346.85600", "2005-09-30": "2394.71200", "2005-06-30": "2397.71400", "2005-03-31": "2557.51100"}, "Total Long Term Liabilities": {"2020-09-30": "5341.00000", "2020-06-30": "4776.00000", "2020-03-31": "4546.00000", "2019-12-31": "4415.00000", "2019-09-30": "4487.00000", "2019-06-30": "4477.00000", "2019-03-31": "4465.00000", "2018-12-31": "3611.00000", "2018-09-30": "3617.00000", "2018-06-30": "3597.00000", "2018-03-31": "3592.00000", "2017-12-31": "3485.00000", "2017-09-30": "3822.00000", "2017-06-30": "3800.00000", "2017-03-31": "3820.00000", "2016-12-31": "3809.00000", "2016-09-30": "3808.00000", "2016-06-30": "3792.00000", "2016-03-31": "3785.00000", "2015-12-31": "3774.00000", "2015-09-30": "3531.96200", "2015-06-30": "3316.87900", "2015-03-31": "3321.03600", "2014-12-31": "3336.15500", "2014-09-30": "2998.24000", "2014-06-30": "3009.78500", "2014-03-31": "3045.72900", "2013-12-31": "3042.29400", "2013-09-30": "3019.08800", "2013-06-30": "3038.32700", "2013-03-31": "3053.73200", "2012-12-31": "3042.96500", "2012-09-30": "2801.62200", "2012-06-30": "2770.50900", "2012-03-31": "2743.56400", "2011-12-31": "2724.19300", "2011-09-30": "2664.47100", "2011-06-30": "2622.55700", "2011-03-31": "2560.99200", "2010-12-31": "2444.60700", "2010-09-30": "2450.02200", "2010-06-30": "2379.38800", "2010-03-31": "2371.56900", "2009-12-31": "2385.25900", "2009-09-30": "2504.72100", "2009-06-30": "2488.77800", "2009-03-31": "2472.25700", "2008-12-31": "2461.67900", "2008-09-30": "3284.68800", "2008-06-30": "3243.58600", "2008-03-31": "3207.40300", "2007-12-31": "3168.28600", "2007-09-30": "3172.63600", "2007-06-30": "3589.53300", "2007-03-31": "4258.89700", "2006-12-31": "4944.36300", "2006-09-30": "4803.36800", "2006-06-30": "5684.74000", "2006-03-31": "6023.59100", "2005-12-31": "5922.26200", "2005-09-30": "6273.17800", "2005-06-30": "6450.48700", "2005-03-31": "6741.25500"}, "Total Liabilities": {"2020-09-30": "6306.00000", "2020-06-30": "5658.00000", "2020-03-31": "5446.00000", "2019-12-31": "5377.00000", "2019-09-30": "5488.00000", "2019-06-30": "5402.00000", "2019-03-31": "5430.00000", "2018-12-31": "4490.00000", "2018-09-30": "4469.00000", "2018-06-30": "4326.00000", "2018-03-31": "4342.00000", "2017-12-31": "4403.00000", "2017-09-30": "4651.00000", "2017-06-30": "4586.00000", "2017-03-31": "4558.00000", "2016-12-31": "4696.00000", "2016-09-30": "4695.00000", "2016-06-30": "4690.00000", "2016-03-31": "4675.00000", "2015-12-31": "4718.00000", "2015-09-30": "4614.53200", "2015-06-30": "4338.06200", "2015-03-31": "4378.13600", "2014-12-31": "4399.41100", "2014-09-30": "4155.74700", "2014-06-30": "4082.48900", "2014-03-31": "4070.90800", "2013-12-31": "4234.05000", "2013-09-30": "4027.38600", "2013-06-30": "4072.41300", "2013-03-31": "3870.84300", "2012-12-31": "3967.57300", "2012-09-30": "3627.72600", "2012-06-30": "3562.08500", "2012-03-31": "3503.39100", "2011-12-31": "3598.32600", "2011-09-30": "3533.15500", "2011-06-30": "3386.29300", "2011-03-31": "3587.52100", "2010-12-31": "3230.37900", "2010-09-30": "3207.96000", "2010-06-30": "3130.20900", "2010-03-31": "3129.15500", "2009-12-31": "3184.96700", "2009-09-30": "3278.54500", "2009-06-30": "3169.74000", "2009-03-31": "3175.09800", "2008-12-31": "3234.96600", "2008-09-30": "4121.26300", "2008-06-30": "4292.37600", "2008-03-31": "5292.29500", "2007-12-31": "5967.80500", "2007-09-30": "5973.79000", "2007-06-30": "6792.49100", "2007-03-31": "6780.82400", "2006-12-31": "7029.09400", "2006-09-30": "6739.11800", "2006-06-30": "6979.67300", "2006-03-31": "6977.54500", "2005-12-31": "6987.58700", "2005-09-30": "7109.85300", "2005-06-30": "7182.70500", "2005-03-31": "7489.74500"}, "Common Stock Net": {"2020-09-30": "1.00000", "2020-06-30": "1.00000", "2020-03-31": "1.00000", "2019-12-31": "1.00000", "2019-09-30": "1.00000", "2019-06-30": "1.00000", "2019-03-31": "1.00000", "2018-12-31": "1.00000", "2018-09-30": "1.00000", "2018-06-30": "1.00000", "2018-03-31": "1.00000", "2017-12-31": "1.00000", "2017-09-30": "1.00000", "2017-06-30": "1.00000", "2017-03-31": "1.00000", "2016-12-31": "1.00000", "2016-09-30": "1.00000", "2016-06-30": "1.00000", "2016-03-31": "1.00000", "2015-12-31": "1.00000", "2015-09-30": "1.32700", "2015-06-30": "1.32700", "2015-03-31": "1.32700", "2014-12-31": "1.32700", "2014-09-30": "1.32700", "2014-06-30": "1.32700", "2014-03-31": "1.32700", "2013-12-31": "1.32700", "2013-09-30": "1.32700", "2013-06-30": "1.32700", "2013-03-31": "1.32700", "2012-12-31": "1.32700", "2012-09-30": "1.32600", "2012-06-30": "1.32600", "2012-03-31": "1.32600", "2011-12-31": "1.32600", "2011-09-30": "1.27000", "2011-06-30": "1.27000", "2011-03-31": "1.27000", "2010-12-31": "1.27000", "2010-09-30": "1.27000", "2010-06-30": "1.27000", "2010-03-31": "1.27000", "2009-12-31": "1.27000", "2009-09-30": "1.27000", "2009-06-30": "1.27000", "2009-03-31": "1.27000", "2008-12-31": "1.27000", "2008-09-30": "1.26100", "2008-06-30": "1.26100", "2008-03-31": "1.25900", "2007-12-31": "1.25900", "2007-09-30": "1.25900", "2007-06-30": "1.25900", "2007-03-31": "1.25900", "2006-12-31": "1.25900", "2006-09-30": "1.25800", "2006-06-30": "1.25800", "2006-03-31": "1.25800", "2005-12-31": "1.25800", "2005-09-30": "1.25800", "2005-06-30": "1.26100", "2005-03-31": "0.62800"}, "Retained Earnings (Accumulated Deficit)": {"2020-09-30": "2809.00000", "2020-06-30": "2751.00000", "2020-03-31": "2718.00000", "2019-12-31": "2672.00000", "2019-09-30": "2680.00000", "2019-06-30": "2684.00000", "2019-03-31": "2683.00000", "2018-12-31": "2656.00000", "2018-09-30": "2683.00000", "2018-06-30": "2692.00000", "2018-03-31": "2696.00000", "2017-12-31": "2525.00000", "2017-09-30": "2257.00000", "2017-06-30": "2457.00000", "2017-03-31": "2473.00000", "2016-12-31": "2454.00000", "2016-09-30": "2477.00000", "2016-06-30": "2487.00000", "2016-03-31": "2479.00000", "2015-12-31": "2487.00000", "2015-09-30": "2503.82500", "2015-06-30": "2468.07000", "2015-03-31": "2460.32300", "2014-12-31": "2330.18700", "2014-09-30": "2366.23700", "2014-06-30": "2496.73500", "2014-03-31": "2533.29800", "2013-12-31": "2529.62600", "2013-09-30": "2555.76500", "2013-06-30": "2586.56700", "2013-03-31": "2449.72000", "2012-12-31": "2464.31800", "2012-09-30": "2528.20900", "2012-06-30": "2514.32700", "2012-03-31": "2487.93600", "2011-12-31": "2451.89900", "2011-09-30": "2619.05500", "2011-06-30": "2553.86300", "2011-03-31": "2475.30100", "2010-12-31": "2450.59900", "2010-09-30": "2449.06000", "2010-06-30": "2420.86200", "2010-03-31": "2399.32100", "2009-12-31": "2358.58000", "2009-09-30": "2370.59500", "2009-06-30": "2346.70200", "2009-03-31": "2288.91700", "2008-12-31": "2229.54000", "2008-09-30": "2413.80400", "2008-06-30": "2324.81400", "2008-03-31": "2250.71600", "2007-12-31": "1690.65100", "2007-09-30": "1773.64600", "2007-06-30": "1572.92100", "2007-03-31": "1620.17300", "2006-12-31": "1428.57000", "2006-09-30": "1848.96900", "2006-06-30": "1823.52700", "2006-03-31": "1661.80800", "2005-12-31": "1309.85200", "2005-09-30": "1581.96600", "2005-06-30": "1541.64000", "2005-03-31": "1453.05100"}, "Comprehensive Income": {"2020-09-30": "-7.00000", "2020-06-30": "-7.00000", "2020-03-31": "-8.00000", "2019-12-31": "-9.00000", "2019-09-30": "-10.00000", "2019-06-30": "-10.00000", "2019-03-31": "-10.00000", "2018-12-31": "-10.00000", "2018-09-30": "-3.00000", "2018-06-30": "-3.00000", "2018-03-31": "-3.00000", "2017-12-31": "-1.00000", "2017-09-30": "", "2017-06-30": "", "2017-03-31": "", "2016-12-31": "1.00000", "2016-09-30": "", "2016-06-30": "", "2016-03-31": "", "2015-12-31": "", "2015-09-30": "-0.68400", "2015-06-30": "5.13000", "2015-03-31": "6.01200", "2014-12-31": "6.45200", "2014-09-30": "-1.30700", "2014-06-30": "-0.98000", "2014-03-31": "-0.93800", "2013-12-31": "-0.56900", "2013-09-30": "-8.65600", "2013-06-30": "-8.43800", "2013-03-31": "-8.30300", "2012-12-31": "-8.13200", "2012-09-30": "-8.34300", "2012-06-30": "-8.49400", "2012-03-31": "-8.69500", "2011-12-31": "-8.85400", "2011-09-30": "-2.92300", "2011-06-30": "-2.97200", "2011-03-31": "-3.15900", "2010-12-31": "-3.20800", "2010-09-30": "-3.39500", "2010-06-30": "-3.13900", "2010-03-31": "-2.96600", "2009-12-31": "-2.71000", "2009-09-30": "-12.95100", "2009-06-30": "-13.30900", "2009-03-31": "-16.36500", "2008-12-31": "-16.81200", "2008-09-30": "-8.33800", "2008-06-30": "9.54600", "2008-03-31": "9.18000", "2007-12-31": "511.77600", "2007-09-30": "405.84100", "2007-06-30": "508.66800", "2007-03-31": "386.74800", "2006-12-31": "522.11300", "2006-09-30": "309.32100", "2006-06-30": "249.69400", "2006-03-31": "322.71000", "2005-12-31": "363.64100", "2005-09-30": "324.32400", "2005-06-30": "333.94500", "2005-03-31": "368.02200"}, "Other Share Holders Equity": {"2020-09-30": "", "2020-06-30": "", "2020-03-31": "", "2019-12-31": "", "2019-09-30": "", "2019-06-30": "", "2019-03-31": "", "2018-12-31": "", "2018-09-30": "", "2018-06-30": "", "2018-03-31": "", "2017-12-31": "", "2017-09-30": "", "2017-06-30": "", "2017-03-31": "", "2016-12-31": "", "2016-09-30": "", "2016-06-30": "", "2016-03-31": "", "2015-12-31": "", "2015-09-30": "", "2015-06-30": "", "2015-03-31": "", "2014-12-31": "", "2014-09-30": "", "2014-06-30": "", "2014-03-31": "", "2013-12-31": "", "2013-09-30": "", "2013-06-30": "", "2013-03-31": "", "2012-12-31": "", "2012-09-30": "", "2012-06-30": "", "2012-03-31": "", "2011-12-31": "", "2011-09-30": "", "2011-06-30": "", "2011-03-31": "", "2010-12-31": "", "2010-09-30": "", "2010-06-30": "", "2010-03-31": "", "2009-12-31": "", "2009-09-30": "", "2009-06-30": "", "2009-03-31": "", "2008-12-31": "", "2008-09-30": "", "2008-06-30": "", "2008-03-31": "", "2007-12-31": "", "2007-09-30": "", "2007-06-30": "", "2007-03-31": "", "2006-12-31": "", "2006-09-30": "", "2006-06-30": "", "2006-03-31": "", "2005-12-31": "", "2005-09-30": "", "2005-06-30": "", "2005-03-31": ""}, "Share Holder Equity": {"2020-09-30": "5589.00000", "2020-06-30": "5503.00000", "2020-03-31": "5449.00000", "2019-12-31": "5404.00000", "2019-09-30": "5393.00000", "2019-06-30": "5393.00000", "2019-03-31": "5357.00000", "2018-12-31": "5293.00000", "2018-09-30": "5250.00000", "2018-06-30": "5172.00000", "2018-03-31": "5139.00000", "2017-12-31": "4892.00000", "2017-09-30": "4559.00000", "2017-06-30": "4792.00000", "2017-03-31": "4791.00000", "2016-12-31": "4750.00000", "2016-09-30": "4754.00000", "2016-06-30": "4736.00000", "2016-03-31": "4708.00000", "2015-12-31": "4704.00000", "2015-09-30": "4702.82600", "2015-06-30": "4648.25000", "2015-03-31": "4618.10200", "2014-12-31": "4455.01100", "2014-09-30": "4484.80100", "2014-06-30": "4625.18000", "2014-03-31": "4678.39500", "2013-12-31": "4670.09700", "2013-09-30": "4672.31400", "2013-06-30": "4682.35200", "2013-03-31": "4630.98000", "2012-12-31": "4656.32700", "2012-09-30": "4763.09000", "2012-06-30": "4721.64600", "2012-03-31": "4669.27700", "2011-12-31": "4602.67900", "2011-09-30": "4629.40500", "2011-06-30": "4534.61500", "2011-03-31": "4483.78000", "2010-12-31": "4465.73800", "2010-09-30": "4485.87100", "2010-06-30": "4480.21900", "2010-03-31": "4472.61600", "2009-12-31": "4427.34600", "2009-09-30": "4454.63000", "2009-06-30": "4487.99200", "2009-03-31": "4479.08100", "2008-12-31": "4417.45000", "2008-09-30": "4037.08300", "2008-06-30": "3989.11000", "2008-03-31": "3946.11800", "2007-12-31": "3926.33800", "2007-09-30": "3914.11800", "2007-06-30": "3816.20800", "2007-03-31": "3639.11500", "2006-12-31": "3570.42000", "2006-09-30": "3591.33100", "2006-06-30": "3491.15100", "2006-03-31": "3399.61100", "2005-12-31": "3217.19500", "2005-09-30": "3302.26200", "2005-06-30": "3266.02900", "2005-03-31": "3202.37300"}, "Total Liabilities And Share Holders Equity": {"2020-09-30": "11895.00000", "2020-06-30": "11161.00000", "2020-03-31": "10895.00000", "2019-12-31": "10781.00000", "2019-09-30": "10881.00000", "2019-06-30": "10795.00000", "2019-03-31": "10787.00000", "2018-12-31": "9783.00000", "2018-09-30": "9719.00000", "2018-06-30": "9498.00000", "2018-03-31": "9481.00000", "2017-12-31": "9295.00000", "2017-09-30": "9210.00000", "2017-06-30": "9378.00000", "2017-03-31": "9349.00000", "2016-12-31": "9446.00000", "2016-09-30": "9449.00000", "2016-06-30": "9426.00000", "2016-03-31": "9383.00000", "2015-12-31": "9422.00000", "2015-09-30": "9317.35800", "2015-06-30": "8986.31200", "2015-03-31": "8996.23800", "2014-12-31": "8854.42200", "2014-09-30": "8640.54800", "2014-06-30": "8707.66900", "2014-03-31": "8749.30300", "2013-12-31": "8904.14700", "2013-09-30": "8699.70000", "2013-06-30": "8754.76500", "2013-03-31": "8501.82300", "2012-12-31": "8623.90000", "2012-09-30": "8390.81600", "2012-06-30": "8283.73100", "2012-03-31": "8172.66800", "2011-12-31": "8201.00500", "2011-09-30": "8162.56000", "2011-06-30": "7920.90800", "2011-03-31": "8071.30100", "2010-12-31": "7696.11700", "2010-09-30": "7693.83100", "2010-06-30": "7610.42800", "2010-03-31": "7601.77100", "2009-12-31": "7612.31300", "2009-09-30": "7733.17500", "2009-06-30": "7657.73200", "2009-03-31": "7654.17900", "2008-12-31": "7652.41600", "2008-09-30": "8158.34600", "2008-06-30": "8281.48600", "2008-03-31": "9238.41300", "2007-12-31": "9894.14300", "2007-09-30": "9887.90800", "2007-06-30": "10608.70000", "2007-03-31": "10419.94000", "2006-12-31": "10599.51000", "2006-09-30": "10330.45000", "2006-06-30": "10470.82000", "2006-03-31": "10377.16000", "2005-12-31": "10204.78000", "2005-09-30": "10412.12000", "2005-06-30": "10448.73000", "2005-03-31": "10692.12000"}}, "cash flow statement": {"Net Income/Loss": {"2019-12-31": "147.00000", "2018-12-31": "175.00000", "2017-12-31": "157.00000", "2016-12-31": "52.00000", "2015-12-31": "263.00000", "2014-12-31": "-147.00000", "2013-12-31": "166.82100", "2012-12-31": "122.65300", "2011-12-31": "250.24200", "2010-12-31": "190.58600", "2009-12-31": "249.94900", "2008-12-31": "117.89500", "2007-12-31": "459.22300", "2006-12-31": "161.75900", "2005-12-31": "647.74000"}, "Total Depreciation And Amortization - Cash Flow": {"2019-12-31": "932.00000", "2018-12-31": "883.00000", "2017-12-31": "1106.00000", "2016-12-31": "850.00000", "2015-12-31": "844.00000", "2014-12-31": "837.00000", "2013-12-31": "1018.07700", "2012-12-31": "813.62600", "2011-12-31": "765.77600", "2010-12-31": "755.64900", "2009-12-31": "744.24700", "2008-12-31": "749.96700", "2007-12-31": "748.13600", "2006-12-31": "717.89100", "2005-12-31": "658.46400"}, "Other Non-Cash Items": {"2019-12-31": "210.00000", "2018-12-31": "172.00000", "2017-12-31": "-231.00000", "2016-12-31": "126.00000", "2015-12-31": "-115.00000", "2014-12-31": "184.00000", "2013-12-31": "-473.34600", "2012-12-31": "211.83100", "2011-12-31": "311.62400", "2010-12-31": "218.88400", "2009-12-31": "222.51400", "2008-12-31": "86.36000", "2007-12-31": "-253.76300", "2006-12-31": "120.46700", "2005-12-31": "-379.39700"}, "Total Non-Cash Items": {"2019-12-31": "1142.00000", "2018-12-31": "1055.00000", "2017-12-31": "875.00000", "2016-12-31": "976.00000", "2015-12-31": "729.00000", "2014-12-31": "1021.00000", "2013-12-31": "544.73110", "2012-12-31": "1025.45700", "2011-12-31": "1077.40000", "2010-12-31": "974.53300", "2009-12-31": "966.76100", "2008-12-31": "836.32690", "2007-12-31": "494.37300", "2006-12-31": "838.35800", "2005-12-31": "279.06700"}, "Change In Accounts Receivable": {"2019-12-31": "-49.00000", "2018-12-31": "-39.00000", "2017-12-31": "-61.00000", "2016-12-31": "-23.00000", "2015-12-31": "-120.00000", "2014-12-31": "18.00000", "2013-12-31": "-293.72900", "2012-12-31": "-81.10700", "2011-12-31": "-95.42600", "2010-12-31": "-79.18200", "2009-12-31": "-115.08700", "2008-12-31": "-80.40500", "2007-12-31": "-88.88900", "2006-12-31": "-89.61200", "2005-12-31": "-94.34600"}, "Change In Inventories": {"2019-12-31": "-19.00000", "2018-12-31": "-5.00000", "2017-12-31": "6.00000", "2016-12-31": "4.00000", "2015-12-31": "115.00000", "2014-12-31": "-29.00000", "2013-12-31": "-83.53600", "2012-12-31": "-29.91700", "2011-12-31": "-13.38200", "2010-12-31": "40.65700", "2009-12-31": "-34.56600", "2008-12-31": "-17.12300", "2007-12-31": "16.84800", "2006-12-31": "-25.28700", "2005-12-31": "-15.46000"}, "Change In Accounts Payable": {"2019-12-31": "-60.00000", "2018-12-31": "2.00000", "2017-12-31": "-7.00000", "2016-12-31": "36.00000", "2015-12-31": "7.00000", "2014-12-31": "-117.00000", "2013-12-31": "86.02800", "2012-12-31": "-12.33200", "2011-12-31": "29.29100", "2010-12-31": "-47.75900", "2009-12-31": "23.09800", "2008-12-31": "6.80400", "2007-12-31": "13.90500", "2006-12-31": "-11.31900", "2005-12-31": "33.21400"}, "Change In Assets/Liabilities": {"2019-12-31": "-132.00000", "2018-12-31": "-146.00000", "2017-12-31": "-234.00000", "2016-12-31": "-322.00000", "2015-12-31": "-245.00000", "2014-12-31": "-228.00000", "2013-12-31": "55.91500", "2012-12-31": "2.45800", "2011-12-31": "31.03900", "2010-12-31": "99.95300", "2009-12-31": "-52.35100", "2008-12-31": "-5.53100", "2007-12-31": "1.30300", "2006-12-31": "33.30900", "2005-12-31": "20.67900"}, "Total Change In Assets/Liabilities": {"2019-12-31": "-277.00000", "2018-12-31": "-217.00000", "2017-12-31": "-259.00000", "2016-12-31": "-245.00000", "2015-12-31": "-201.00000", "2014-12-31": "-478.00000", "2013-12-31": "-217.55400", "2012-12-31": "-44.33100", "2011-12-31": "-72.99800", "2010-12-31": "-89.29500", "2009-12-31": "-119.28500", "2008-12-31": "-103.49900", "2007-12-31": "-8.88100", "2006-12-31": "-119.56600", "2005-12-31": "-58.59500"}, "Cash Flow From Operating Activities": {"2019-12-31": "1016.00000", "2018-12-31": "1017.00000", "2017-12-31": "776.00000", "2016-12-31": "782.00000", "2015-12-31": "790.00000", "2014-12-31": "395.00000", "2013-12-31": "494.61000", "2012-12-31": "1105.17200", "2011-12-31": "1255.71100", "2010-12-31": "1076.20700", "2009-12-31": "1097.35400", "2008-12-31": "848.89200", "2007-12-31": "941.03200", "2006-12-31": "892.24600", "2005-12-31": "868.21200"}, "Net Change In Property, Plant, And Equipment": {"2019-12-31": "-957.00000", "2018-12-31": "-776.00000", "2017-12-31": "-685.00000", "2016-12-31": "-636.00000", "2015-12-31": "-801.00000", "2014-12-31": "-799.00000", "2013-12-31": "-883.79700", "2012-12-31": "-995.51700", "2011-12-31": "-971.75900", "2010-12-31": "-739.22200", "2009-12-31": "-657.81700", "2008-12-31": "-734.92300", "2007-12-31": "-699.56600", "2006-12-31": "-722.45800", "2005-12-31": "-710.50700"}, "Net Change In Intangible Assets": {"2019-12-31": "", "2018-12-31": "", "2017-12-31": "", "2016-12-31": "", "2015-12-31": "", "2014-12-31": "", "2013-12-31": "", "2012-12-31": "", "2011-12-31": "", "2010-12-31": "", "2009-12-31": "", "2008-12-31": "", "2007-12-31": "", "2006-12-31": "", "2005-12-31": ""}, "Net Acquisitions/Divestitures": {"2019-12-31": "-305.00000", "2018-12-31": "13.00000", "2017-12-31": "-197.00000", "2016-12-31": "-32.00000", "2015-12-31": "56.00000", "2014-12-31": "-107.00000", "2013-12-31": "496.55000", "2012-12-31": "-113.20000", "2011-12-31": "-105.50800", "2010-12-31": "-81.69100", "2009-12-31": "-29.27600", "2008-12-31": "-382.35100", "2007-12-31": "-19.48700", "2006-12-31": "-43.37500", "2005-12-31": "-190.87000"}, "Net Change In Short-term Investments": {"2019-12-31": "18.00000", "2018-12-31": "83.00000", "2017-12-31": "-100.00000", "2016-12-31": "", "2015-12-31": "0.00000", "2014-12-31": "", "2013-12-31": "115.00000", "2012-12-31": "123.44400", "2011-12-31": "212.32600", "2010-12-31": "-387.49500", "2009-12-31": "-85.57000", "2008-12-31": "-27.44600", "2007-12-31": "", "2006-12-31": "", "2005-12-31": ""}, "Net Change In Long-Term Investments": {"2019-12-31": "", "2018-12-31": "", "2017-12-31": "", "2016-12-31": "", "2015-12-31": "", "2014-12-31": "50.00000", "2013-12-31": "", "2012-12-31": "", "2011-12-31": "", "2010-12-31": "", "2009-12-31": "", "2008-12-31": "259.01700", "2007-12-31": "92.00200", "2006-12-31": "102.54900", "2005-12-31": ""}, "Net Change In Investments - Total": {"2019-12-31": "18.00000", "2018-12-31": "83.00000", "2017-12-31": "-100.00000", "2016-12-31": "", "2015-12-31": "", "2014-12-31": "50.00000", "2013-12-31": "115.00000", "2012-12-31": "123.44400", "2011-12-31": "212.32600", "2010-12-31": "-387.49500", "2009-12-31": "-85.57000", "2008-12-31": "231.57100", "2007-12-31": "92.00200", "2006-12-31": "102.54900", "2005-12-31": ""}, "Investing Activities - Other": {"2019-12-31": "-5.00000", "2018-12-31": "", "2017-12-31": "1.00000", "2016-12-31": "-140.00000", "2015-12-31": "2.00000", "2014-12-31": "-54.00000", "2013-12-31": "11.59400", "2012-12-31": "-12.79600", "2011-12-31": "-1.14800", "2010-12-31": "0.37000", "2009-12-31": "4.56500", "2008-12-31": "-17.04900", "2007-12-31": "-0.80400", "2006-12-31": "32.54400", "2005-12-31": "-1.04000"}, "Cash Flow From Investing Activities": {"2019-12-31": "-1249.00000", "2018-12-31": "-680.00000", "2017-12-31": "-981.00000", "2016-12-31": "-808.00000", "2015-12-31": "-743.00000", "2014-12-31": "-910.00000", "2013-12-31": "-260.65300", "2012-12-31": "-998.06900", "2011-12-31": "-866.08900", "2010-12-31": "-1208.03800", "2009-12-31": "-768.09800", "2008-12-31": "-902.75200", "2007-12-31": "-627.85500", "2006-12-31": "-630.74000", "2005-12-31": "-902.41700"}, "Net Long-Term Debt": {"2019-12-31": "-118.00000", "2018-12-31": "-20.00000", "2017-12-31": "-17.00000", "2016-12-31": "-10.00000", "2015-12-31": "524.00000", "2014-12-31": "274.00000", "2013-12-31": "-1.54400", "2012-12-31": "195.35800", "2011-12-31": "29.06100", "2010-12-31": "5.39900", "2009-12-31": "-143.07800", "2008-12-31": "-9.44800", "2007-12-31": "-35.69500", "2006-12-31": "-300.69700", "2005-12-31": "-24.02900"}, "Net Current Debt": {"2019-12-31": "", "2018-12-31": "", "2017-12-31": "", "2016-12-31": "", "2015-12-31": "", "2014-12-31": "", "2013-12-31": "", "2012-12-31": "", "2011-12-31": "-32.67100", "2010-12-31": "", "2009-12-31": "", "2008-12-31": "", "2007-12-31": "", "2006-12-31": "-35.00000", "2005-12-31": "-17.20000"}, "Debt Issuance/Retirement Net - Total": {"2019-12-31": "-118.00000", "2018-12-31": "-20.00000", "2017-12-31": "-17.00000", "2016-12-31": "-10.00000", "2015-12-31": "524.00000", "2014-12-31": "274.00000", "2013-12-31": "-1.54400", "2012-12-31": "195.35800", "2011-12-31": "-3.61000", "2010-12-31": "5.39900", "2009-12-31": "-143.07800", "2008-12-31": "-9.44800", "2007-12-31": "-35.69500", "2006-12-31": "-335.69700", "2005-12-31": "-41.22900"}, "Net Common Equity Issued/Repurchased": {"2019-12-31": "-36.00000", "2018-12-31": "60.00000", "2017-12-31": "5.00000", "2016-12-31": "7.00000", "2015-12-31": "9.00000", "2014-12-31": "-59.00000", "2013-12-31": "-12.79800", "2012-12-31": "-43.39500", "2011-12-31": "-81.82700", "2010-12-31": "-120.06200", "2009-12-31": "-211.38400", "2008-12-31": "-226.91700", "2007-12-31": "-90.89200", "2006-12-31": "40.74000", "2005-12-31": "43.57200"}, "Net Total Equity Issued/Repurchased": {"2019-12-31": "-36.00000", "2018-12-31": "60.00000", "2017-12-31": "5.00000", "2016-12-31": "7.00000", "2015-12-31": "9.00000", "2014-12-31": "-59.00000", "2013-12-31": "-12.79800", "2012-12-31": "-43.39500", "2011-12-31": "-81.82700", "2010-12-31": "-120.06200", "2009-12-31": "-211.38400", "2008-12-31": "-226.91700", "2007-12-31": "-90.89200", "2006-12-31": "40.74000", "2005-12-31": "43.57200"}, "Total Common And Preferred Stock Dividends Paid": {"2019-12-31": "-75.00000", "2018-12-31": "-72.00000", "2017-12-31": "-69.00000", "2016-12-31": "-65.00000", "2015-12-31": "-61.00000", "2014-12-31": "-58.00000", "2013-12-31": "-130.52800", "2012-12-31": "-53.16500", "2011-12-31": "-48.67000", "2010-12-31": "-47.20200", "2009-12-31": "-46.79800", "2008-12-31": "-47.32000", "2007-12-31": "-45.83000", "2006-12-31": "-43.04000", "2005-12-31": "-40.57600"}, "Financial Activities - Other": {"2019-12-31": "9.00000", "2018-12-31": "", "2017-12-31": "4.00000", "2016-12-31": "9.00000", "2015-12-31": "-11.00000", "2014-12-31": "", "2013-12-31": "0.44600", "2012-12-31": "-28.69500", "2011-12-31": "-33.92300", "2010-12-31": "-39.09000", "2009-12-31": "-26.20500", "2008-12-31": "-59.59200", "2007-12-31": "20.36100", "2006-12-31": "-5.97500", "2005-12-31": "-2.87600"}, "Cash Flow From Financial Activities": {"2019-12-31": "-220.00000", "2018-12-31": "-32.00000", "2017-12-31": "-77.00000", "2016-12-31": "-59.00000", "2015-12-31": "461.00000", "2014-12-31": "157.00000", "2013-12-31": "-144.42400", "2012-12-31": "70.10300", "2011-12-31": "-168.03000", "2010-12-31": "-200.95500", "2009-12-31": "-427.46500", "2008-12-31": "-343.27700", "2007-12-31": "-152.05600", "2006-12-31": "-343.97200", "2005-12-31": "-41.10900"}, "Net Cash Flow": {"2019-12-31": "-453.00000", "2018-12-31": "305.00000", "2017-12-31": "-282.00000", "2016-12-31": "-85.00000", "2015-12-31": "508.00000", "2014-12-31": "-358.00000", "2013-12-31": "89.53300", "2012-12-31": "177.20600", "2011-12-31": "221.59200", "2010-12-31": "-332.78600", "2009-12-31": "-98.20900", "2008-12-31": "-397.13700", "2007-12-31": "161.12100", "2006-12-31": "-82.46600", "2005-12-31": "-75.31400"}, "Stock-Based Compensation": {"2019-12-31": "59.00000", "2018-12-31": "54.00000", "2017-12-31": "46.00000", "2016-12-31": "42.00000", "2015-12-31": "40.00000", "2014-12-31": "36.00000", "2013-12-31": "30.33800", "2012-12-31": "41.87100", "2011-12-31": "36.83700", "2010-12-31": "35.12800", "2009-12-31": "32.48600", "2008-12-31": "22.69300", "2007-12-31": "31.89100", "2006-12-31": "43.40600", "2005-12-31": "8.06900"}, "Common Stock Dividends Paid": {"2019-12-31": "-75.00000", "2018-12-31": "-72.00000", "2017-12-31": "-69.00000", "2016-12-31": "-65.00000", "2015-12-31": "-61.00000", "2014-12-31": "-58.00000", "2013-12-31": "-130.52800", "2012-12-31": "-53.16500", "2011-12-31": "-48.67000", "2010-12-31": "-47.20200", "2009-12-31": "-46.79800", "2008-12-31": "-47.32000", "2007-12-31": "-45.83000", "2006-12-31": "-43.04000", "2005-12-31": "-40.57600"}}, "cash flow statement, quarterly": {"Net Income/Loss": {"2020-09-30": 93, "2020-06-30": 78, "2020-03-31": "83.00000", "2019-12-31": 15, "2019-09-30": 23, "2019-06-30": 39, "2019-03-31": "70.00000", "2018-12-31": 20, "2018-09-30": 54, "2018-06-30": 44, "2018-03-31": "57.00000", "2017-12-31": 333, "2017-09-30": -231, "2017-06-30": 12, "2017-03-31": "43.00000", "2016-12-31": -6, "2016-09-30": 16, "2016-06-30": 32, "2016-03-31": "10.00000", "2015-12-31": -2, "2015-09-30": 63, "2015-06-30": 26, "2015-03-31": "176.00000", "2014-12-31": -20.369, "2014-09-30": -121.199, "2014-06-30": -25.726, "2014-03-31": "20.29400", "2013-12-31": -7.511, "2013-09-30": -11.054, "2013-06-30": 178.397, "2013-03-31": "6.98900", "2012-12-31": -41.01, "2012-09-30": 40.158, "2012-06-30": 55.939, "2012-03-31": "67.56600", "2011-12-31": -2.013, "2011-09-30": 88.218, "2011-06-30": 109.74, "2011-03-31": "54.29700", "2010-12-31": 20.508, "2010-09-30": 55.42, "2010-06-30": 52.389, "2010-03-31": "62.26900", "2009-12-31": 19.52, "2009-09-30": 48.159, "2009-06-30": 86.46, "2009-03-31": "95.81000", "2008-12-31": -201.87, "2008-09-30": 122.994, "2008-06-30": 106.266, "2008-03-31": "90.50500", "2007-12-31": 16.788, "2007-09-30": 231.737, "2007-06-30": -8.627, "2007-03-31": "219.32500", "2006-12-31": -116.236, "2006-09-30": 75.239, "2006-06-30": 166.759, "2006-03-31": "35.99700", "2005-12-31": 191.585, "2005-09-30": 336.05, "2005-06-30": 97.056, "2005-03-31": "23.04900"}, "Total Depreciation And Amortization - Cash Flow": {"2020-09-30": 215, "2020-06-30": 235, "2020-03-31": "235.00000", "2019-12-31": 235, "2019-09-30": 237, "2019-06-30": 233, "2019-03-31": "227.00000", "2018-12-31": 221, "2018-09-30": 221, "2018-06-30": 220, "2018-03-31": "221.00000", "2017-12-31": 212, "2017-09-30": 472, "2017-06-30": 211, "2017-03-31": "211.00000", "2016-12-31": 214, "2016-09-30": 214, "2016-06-30": 210, "2016-03-31": "212.00000", "2015-12-31": 216, "2015-09-30": 210, "2015-06-30": 211, "2015-03-31": "207.00000", "2014-12-31": 201.985, "2014-09-30": 205.529, "2014-06-30": 204.567, "2014-03-31": "224.91900", "2013-12-31": 266.502, "2013-09-30": 255.295, "2013-06-30": 254.203, "2013-03-31": "242.07700", "2012-12-31": 221.464, "2012-09-30": 196.219, "2012-06-30": 198.509, "2012-03-31": "197.43400", "2011-12-31": 191.879, "2011-09-30": 190.039, "2011-06-30": 193.045, "2011-03-31": "190.81300", "2010-12-31": 189.604, "2010-09-30": 186.398, "2010-06-30": 190.258, "2010-03-31": "189.38900", "2009-12-31": 187.029, "2009-09-30": 190.713, "2009-06-30": 183.512, "2009-03-31": "182.99300", "2008-12-31": 187.808, "2008-09-30": 187.975, "2008-06-30": 188.026, "2008-03-31": "186.15800", "2007-12-31": 182.502, "2007-09-30": 189.933, "2007-06-30": 187.696, "2007-03-31": "188.00500", "2006-12-31": 167.193, "2006-09-30": 187.279, "2006-06-30": 180.453, "2006-03-31": "182.96600", "2005-12-31": 151.169, "2005-09-30": 168.972, "2005-06-30": 168.575, "2005-03-31": "169.74800"}, "Other Non-Cash Items": {"2020-09-30": 71, "2020-06-30": 128, "2020-03-31": "104.00000", "2019-12-31": 85, "2019-09-30": 15, "2019-06-30": 81, "2019-03-31": "29.00000", "2018-12-31": 75, "2018-09-30": 26, "2018-06-30": 40, "2018-03-31": "31.00000", "2017-12-31": -292, "2017-09-30": 20, "2017-06-30": 40, "2017-03-31": "1.00000", "2016-12-31": 63, "2016-09-30": 28, "2016-06-30": 16, "2016-03-31": "19.00000", "2015-12-31": 138, "2015-09-30": -1, "2015-06-30": 20, "2015-03-31": "-272.00000", "2014-12-31": 140.958, "2014-09-30": 99.738, "2014-06-30": 49.413, "2014-03-31": "-106.10900", "2013-12-31": -178.167, "2013-09-30": -11.274, "2013-06-30": -306.417, "2013-03-31": "22.51200", "2012-12-31": 80.174, "2012-09-30": 82.084, "2012-06-30": 39.635, "2012-03-31": "9.93800", "2011-12-31": 99.041, "2011-09-30": 70.575, "2011-06-30": 79.354, "2011-03-31": "62.65400", "2010-12-31": 77.265, "2010-09-30": 106.924, "2010-06-30": 33.109, "2010-03-31": "1.58600", "2009-12-31": 94.797, "2009-09-30": 74.95, "2009-06-30": 36.443, "2009-03-31": "16.32400", "2008-12-31": 332.532, "2008-09-30": 6.122, "2008-06-30": -170.175, "2008-03-31": "-82.11900", "2007-12-31": 100.294, "2007-09-30": -339.452, "2007-06-30": 138.761, "2007-03-31": "-153.36600", "2006-12-31": 196.925, "2006-09-30": -28.769, "2006-06-30": -53.703, "2006-03-31": "6.01400", "2005-12-31": -127.741, "2005-09-30": -299.894, "2005-06-30": 38.4, "2005-03-31": "9.83800"}, "Total Non-Cash Items": {"2020-09-30": 286, "2020-06-30": 363, "2020-03-31": "339.00000", "2019-12-31": 320, "2019-09-30": 252, "2019-06-30": 314, "2019-03-31": "256.00000", "2018-12-31": 296, "2018-09-30": 247, "2018-06-30": 260, "2018-03-31": "252.00000", "2017-12-31": -80, "2017-09-30": 492, "2017-06-30": 251, "2017-03-31": "212.00000", "2016-12-31": 277, "2016-09-30": 242, "2016-06-30": 226, "2016-03-31": "231.00000", "2015-12-31": 354, "2015-09-30": 209, "2015-06-30": 231, "2015-03-31": "-65.00000", "2014-12-31": 342.9429, "2014-09-30": 305.2671, "2014-06-30": 253.98, "2014-03-31": "118.81000", "2013-12-31": 88.335, "2013-09-30": 244.0211, "2013-06-30": -52.214, "2013-03-31": "264.58900", "2012-12-31": 301.638, "2012-09-30": 278.303, "2012-06-30": 238.144, "2012-03-31": "207.37200", "2011-12-31": 290.92, "2011-09-30": 260.614, "2011-06-30": 272.399, "2011-03-31": "253.46700", "2010-12-31": 266.8691, "2010-09-30": 293.3219, "2010-06-30": 223.367, "2010-03-31": "190.97500", "2009-12-31": 281.826, "2009-09-30": 265.663, "2009-06-30": 219.955, "2009-03-31": "199.31700", "2008-12-31": 520.3399, "2008-09-30": 194.097, "2008-06-30": 17.851, "2008-03-31": "104.03900", "2007-12-31": 282.796, "2007-09-30": -149.519, "2007-06-30": 326.457, "2007-03-31": "34.63900", "2006-12-31": 364.1179, "2006-09-30": 158.5101, "2006-06-30": 126.75, "2006-03-31": "188.98000", "2005-12-31": 23.428, "2005-09-30": -130.922, "2005-06-30": 206.975, "2005-03-31": "179.58600"}, "Change In Accounts Receivable": {"2020-09-30": 5, "2020-06-30": -22, "2020-03-31": "43.00000", "2019-12-31": -7, "2019-09-30": -40, "2019-06-30": -30, "2019-03-31": "28.00000", "2018-12-31": -34, "2018-09-30": -56, "2018-06-30": -26, "2018-03-31": "77.00000", "2017-12-31": -55, "2017-09-30": -11, "2017-06-30": -23, "2017-03-31": "28.00000", "2016-12-31": -14, "2016-09-30": -3, "2016-06-30": -26, "2016-03-31": "20.00000", "2015-12-31": -26, "2015-09-30": -76, "2015-06-30": -39, "2015-03-31": "21.00000", "2014-12-31": -52.653, "2014-09-30": 3.517, "2014-06-30": -23.419, "2014-03-31": "90.55500", "2013-12-31": -77.029, "2013-09-30": -210.919, "2013-06-30": -39.819, "2013-03-31": "34.03800", "2012-12-31": -11.629, "2012-09-30": -59.281, "2012-06-30": -49.138, "2012-03-31": "38.94100", "2011-12-31": -25.736, "2011-09-30": -31.871, "2011-06-30": -46.257, "2011-03-31": "8.43800", "2010-12-31": -30.291, "2010-09-30": -27.906, "2010-06-30": -30.633, "2010-03-31": "9.64800", "2009-12-31": -7.833, "2009-09-30": -38.971, "2009-06-30": -57.347, "2009-03-31": "-10.93600", "2008-12-31": 2.452, "2008-09-30": -23.417, "2008-06-30": -49.284, "2008-03-31": "-10.15600", "2007-12-31": -9.318, "2007-09-30": -35.687, "2007-06-30": -64.146, "2007-03-31": "20.26200", "2006-12-31": -22.463, "2006-09-30": -25.512, "2006-06-30": -50.801, "2006-03-31": "9.16400", "2005-12-31": -47.908, "2005-09-30": -17.28, "2005-06-30": -38.778, "2005-03-31": "9.62000"}, "Change In Inventories": {"2020-09-30": -13, "2020-06-30": 67, "2020-03-31": "-52.00000", "2019-12-31": -22, "2019-09-30": 7, "2019-06-30": 11, "2019-03-31": "-15.00000", "2018-12-31": -18, "2018-09-30": 21, "2018-06-30": 0, "2018-03-31": "-8.00000", "2017-12-31": -38, "2017-09-30": 42, "2017-06-30": 2, "2017-03-31": "", "2016-12-31": 1, "2016-09-30": 29, "2016-06-30": -25, "2016-03-31": "-1.00000", "2015-12-31": 25, "2015-09-30": -37, "2015-06-30": 32, "2015-03-31": "95.00000", "2014-12-31": -81.078, "2014-09-30": 13.404, "2014-06-30": 19.018, "2014-03-31": "19.65600", "2013-12-31": -94.65, "2013-09-30": 19.219, "2013-06-30": -24.965, "2013-03-31": "16.86000", "2012-12-31": 41.001, "2012-09-30": -12.451, "2012-06-30": -53.625, "2012-03-31": "-4.84200", "2011-12-31": 23.005, "2011-09-30": 12.439, "2011-06-30": -51.804, "2011-03-31": "2.97800", "2010-12-31": 8.086, "2010-09-30": 0.394, "2010-06-30": 33.124, "2010-03-31": "-0.94700", "2009-12-31": -30.971, "2009-09-30": 6.333, "2009-06-30": -17.648, "2009-03-31": "7.72000", "2008-12-31": -4.194, "2008-09-30": 7.901, "2008-06-30": -5.345, "2008-03-31": "-15.48500", "2007-12-31": 13.536, "2007-09-30": 4.525, "2007-06-30": -16.998, "2007-03-31": "15.78500", "2006-12-31": -40.718, "2006-09-30": 4.928, "2006-06-30": 2.957, "2006-03-31": "7.54600", "2005-12-31": -37.614, "2005-09-30": 0.134, "2005-06-30": 14.538, "2005-03-31": "7.48200"}, "Change In Accounts Payable": {"2020-09-30": 46, "2020-06-30": -38, "2020-03-31": "87.00000", "2019-12-31": -56, "2019-09-30": 5, "2019-06-30": -55, "2019-03-31": "46.00000", "2018-12-31": -11, "2018-09-30": 63, "2018-06-30": -18, "2018-03-31": "-32.00000", "2017-12-31": 52, "2017-09-30": 0, "2017-06-30": 16, "2017-03-31": "-75.00000", "2016-12-31": -11, "2016-09-30": 15, "2016-06-30": -7, "2016-03-31": "39.00000", "2015-12-31": -118, "2015-09-30": 95, "2015-06-30": 44, "2015-03-31": "-14.00000", "2014-12-31": -128.034, "2014-09-30": 54.166, "2014-06-30": 10.271, "2014-03-31": "-53.40300", "2013-12-31": 52.716, "2013-09-30": -24.892, "2013-06-30": 61.407, "2013-03-31": "-3.20300", "2012-12-31": 25.396, "2012-09-30": -14.392, "2012-06-30": 2.036, "2012-03-31": "-25.37200", "2011-12-31": -8.078, "2011-09-30": 12.691, "2011-06-30": -31.511, "2011-03-31": "56.18900", "2010-12-31": 1.275, "2010-09-30": -13.462, "2010-06-30": 5.104, "2010-03-31": "-40.67600", "2009-12-31": 52.499, "2009-09-30": 34.562, "2009-06-30": -15.692, "2009-03-31": "-48.27100", "2008-12-31": -0.336, "2008-09-30": 11.311, "2008-06-30": 10.358, "2008-03-31": "-14.52900", "2007-12-31": 16.344, "2007-09-30": 3.353, "2007-06-30": 21.256, "2007-03-31": "-27.04800", "2006-12-31": 40.117, "2006-09-30": -3.48, "2006-06-30": 5.449, "2006-03-31": "-53.40500", "2005-12-31": 82.576, "2005-09-30": -3.01, "2005-06-30": 18.441, "2005-03-31": "-64.79300"}, "Change In Assets/Liabilities": {"2020-09-30": -30, "2020-06-30": 40, "2020-03-31": "-68.00000", "2019-12-31": -45, "2019-09-30": -8, "2019-06-30": 0, "2019-03-31": "-79.00000", "2018-12-31": -15, "2018-09-30": 7, "2018-06-30": -19, "2018-03-31": "-119.00000", "2017-12-31": -45, "2017-09-30": -28, "2017-06-30": -48, "2017-03-31": "-113.00000", "2016-12-31": -81, "2016-09-30": -70, "2016-06-30": -46, "2016-03-31": "-125.00000", "2015-12-31": 11, "2015-09-30": -96, "2015-06-30": -41, "2015-03-31": "-119.00000", "2014-12-31": -15.595, "2014-09-30": -96.937, "2014-06-30": -16.944, "2014-03-31": "-98.52400", "2013-12-31": 128.333, "2013-09-30": 1.271, "2013-06-30": 14.076, "2013-03-31": "-87.76500", "2012-12-31": 69.92, "2012-09-30": -8.731, "2012-06-30": 34.672, "2012-03-31": "-93.40300", "2011-12-31": 76.025, "2011-09-30": 22.705, "2011-06-30": 9.699, "2011-03-31": "-77.39000", "2010-12-31": 114.563, "2010-09-30": 12.641, "2010-06-30": 30.016, "2010-03-31": "-57.26700", "2009-12-31": 22.917, "2009-09-30": 3.183, "2009-06-30": -13.758, "2009-03-31": "-64.69300", "2008-12-31": 22.593, "2008-09-30": 9.005, "2008-06-30": 3.591, "2008-03-31": "-40.72000", "2007-12-31": 7.086, "2007-09-30": 19.532, "2007-06-30": 11.938, "2007-03-31": "-37.25300", "2006-12-31": 46.028, "2006-09-30": 14.686, "2006-06-30": -0.089, "2006-03-31": "-27.31600", "2005-12-31": 26.109, "2005-09-30": 6.272, "2005-06-30": 18.922, "2005-03-31": "-30.62400"}, "Total Change In Assets/Liabilities": {"2020-09-30": -19, "2020-06-30": -3, "2020-03-31": "-55.00000", "2019-12-31": -193, "2019-09-30": 6, "2019-06-30": -90, "2019-03-31": "", "2018-12-31": -115, "2018-09-30": 48, "2018-06-30": -55, "2018-03-31": "-95.00000", "2017-12-31": -101, "2017-09-30": 2, "2017-06-30": -42, "2017-03-31": "-118.00000", "2016-12-31": -129, "2016-09-30": -20, "2016-06-30": -101, "2016-03-31": "5.00000", "2015-12-31": -289, "2015-09-30": -82, "2015-06-30": -74, "2015-03-31": "244.00000", "2014-12-31": -422.772, "2014-09-30": -3.509, "2014-06-30": -17.505, "2014-03-31": "-34.21400", "2013-12-31": -24.151, "2013-09-30": -316.629, "2013-06-30": 148.708, "2013-03-31": "-25.48200", "2012-12-31": 84.265, "2012-09-30": -65.475, "2012-06-30": -69.576, "2012-03-31": "6.45500", "2011-12-31": 28.166, "2011-09-30": 27.598, "2011-06-30": -152.881, "2011-03-31": "24.11900", "2010-12-31": 24.169, "2010-09-30": -86.144, "2010-06-30": 16.212, "2010-03-31": "-43.53200", "2009-12-31": -1.758, "2009-09-30": 42.179, "2009-06-30": -87.777, "2009-03-31": "-71.92900", "2008-12-31": -101.526, "2008-09-30": -180.854, "2008-06-30": 104.615, "2008-03-31": "74.26600", "2007-12-31": -133.922, "2007-09-30": 73.285, "2007-06-30": 19.252, "2007-03-31": "32.50400", "2006-12-31": -35.169, "2006-09-30": -45.401, "2006-06-30": -27.255, "2006-03-31": "-11.74100", "2005-12-31": -22.949, "2005-09-30": -47.332, "2005-06-30": 64.162, "2005-03-31": "-52.47600"}, "Cash Flow From Operating Activities": {"2020-09-30": 360, "2020-06-30": 439, "2020-03-31": "367.00000", "2019-12-31": 142, "2019-09-30": 282, "2019-06-30": 265, "2019-03-31": "327.00000", "2018-12-31": 205, "2018-09-30": 349, "2018-06-30": 249, "2018-03-31": "214.00000", "2017-12-31": 155, "2017-09-30": 263, "2017-06-30": 221, "2017-03-31": "137.00000", "2016-12-31": 144, "2016-09-30": 238, "2016-06-30": 154, "2016-03-31": "246.00000", "2015-12-31": 63, "2015-09-30": 189, "2015-06-30": 183, "2015-03-31": "355.00000", "2014-12-31": -101.211, "2014-09-30": 180.569, "2014-06-30": 210.705, "2014-03-31": "104.93700", "2013-12-31": 56.71, "2013-09-30": -83.592, "2013-06-30": 275.14, "2013-03-31": "246.35200", "2012-12-31": 344.636, "2012-09-30": 253.626, "2012-06-30": 224.665, "2012-03-31": "282.24500", "2011-12-31": 316.51, "2011-09-30": 376.99, "2011-06-30": 229.169, "2011-03-31": "333.04200", "2010-12-31": 311.427, "2010-09-30": 262.434, "2010-06-30": 291.686, "2010-03-31": "210.66000", "2009-12-31": 297.403, "2009-09-30": 355.99, "2009-06-30": 220.711, "2009-03-31": "223.25000", "2008-12-31": 217.068, "2008-09-30": 136.385, "2008-06-30": 226.44, "2008-03-31": "268.99900", "2007-12-31": 165.285, "2007-09-30": 157.197, "2007-06-30": 332.082, "2007-03-31": "286.46800", "2006-12-31": 221.246, "2006-09-30": 191.51, "2006-06-30": 266.254, "2006-03-31": "213.23600", "2005-12-31": 192.064, "2005-09-30": 157.796, "2005-06-30": 368.193, "2005-03-31": "150.15900"}, "Net Change In Property, Plant, And Equipment": {"2020-09-30": -304, "2020-06-30": -233, "2020-03-31": "-377.00000", "2019-12-31": -326, "2019-09-30": -238, "2019-06-30": -238, "2019-03-31": "-155.00000", "2018-12-31": -329, "2018-09-30": -172, "2018-06-30": -144, "2018-03-31": "-131.00000", "2017-12-31": -287, "2017-09-30": -156, "2017-06-30": -115, "2017-03-31": "-127.00000", "2016-12-31": -210, "2016-09-30": -145, "2016-06-30": -122, "2016-03-31": "-159.00000", "2015-12-31": -243, "2015-09-30": -199, "2015-06-30": -193, "2015-03-31": "-166.00000", "2014-12-31": -245.282, "2014-09-30": -213.811, "2014-06-30": -189.017, "2014-03-31": "-150.89000", "2013-12-31": -252.427, "2013-09-30": -247.089, "2013-06-30": -207.963, "2013-03-31": "-176.31800", "2012-12-31": -264.62, "2012-09-30": -229.686, "2012-06-30": -258.6, "2012-03-31": "-242.61100", "2011-12-31": -369.999, "2011-09-30": -250.904, "2011-06-30": -192.959, "2011-03-31": "-157.89700", "2010-12-31": -253.084, "2010-09-30": -168.188, "2010-06-30": -171.328, "2010-03-31": "-146.62200", "2009-12-31": -207.223, "2009-09-30": -159.773, "2009-06-30": -125.585, "2009-03-31": "-165.23600", "2008-12-31": -249.895, "2008-09-30": -185.967, "2008-06-30": -166.596, "2008-03-31": "-132.46500", "2007-12-31": -236.547, "2007-09-30": -158.46, "2007-06-30": -173.842, "2007-03-31": "-130.71700", "2006-12-31": -205.848, "2006-09-30": -186.316, "2006-06-30": -186.518, "2006-03-31": "-143.77600", "2005-12-31": -245.549, "2005-09-30": -157.553, "2005-06-30": -172.618, "2005-03-31": "-134.78700"}, "Net Change In Intangible Assets": {"2020-09-30": -25, "2020-06-30": -118, "2020-03-31": "-26.00000", "2019-12-31": 257, "2019-09-30": -2, "2019-06-30": -254, "2019-03-31": "-1.00000", "2018-12-31": 0, "2018-09-30": 0, "2018-06-30": 0, "2018-03-31": "", "2017-12-31": 0, "2017-09-30": 0, "2017-06-30": 0, "2017-03-31": "", "2016-12-31": 0, "2016-09-30": 0, "2016-06-30": 0, "2016-03-31": "", "2015-12-31": 0, "2015-09-30": 0, "2015-06-30": 0, "2015-03-31": "", "2014-12-31": 0, "2014-09-30": 0, "2014-06-30": 0, "2014-03-31": "", "2013-12-31": 0, "2013-09-30": 0, "2013-06-30": 0, "2013-03-31": "", "2012-12-31": 0, "2012-09-30": 0, "2012-06-30": 0, "2012-03-31": "", "2011-12-31": 0, "2011-09-30": 0, "2011-06-30": 0, "2011-03-31": "", "2010-12-31": 0, "2010-09-30": 0, "2010-06-30": 0, "2010-03-31": "", "2009-12-31": 0, "2009-09-30": 0, "2009-06-30": 0, "2009-03-31": "", "2008-12-31": 0, "2008-09-30": 0, "2008-06-30": 0, "2008-03-31": "", "2007-12-31": 0, "2007-09-30": 0, "2007-06-30": 0, "2007-03-31": "", "2006-12-31": 0, "2006-09-30": 0, "2006-06-30": 0, "2006-03-31": "", "2005-12-31": 0, "2005-09-30": 0, "2005-06-30": 0, "2005-03-31": ""}, "Net Acquisitions/Divestitures": {"2020-09-30": 0, "2020-06-30": 0, "2020-03-31": "", "2019-12-31": -305, "2019-09-30": 0, "2019-06-30": 0, "2019-03-31": "", "2018-12-31": -5, "2018-09-30": 7, "2018-06-30": 16, "2018-03-31": "-5.00000", "2017-12-31": -16, "2017-09-30": 2, "2017-06-30": -185, "2017-03-31": "2.00000", "2016-12-31": -6, "2016-09-30": 3, "2016-06-30": -31, "2016-03-31": "2.00000", "2015-12-31": 18, "2015-09-30": 27, "2015-06-30": 18, "2015-03-31": "-7.00000", "2014-12-31": 25.72, "2014-09-30": -239.944, "2014-06-30": 12.436, "2014-03-31": "94.78800", "2013-12-31": 292.633, "2013-09-30": -261.933, "2013-06-30": 480, "2013-03-31": "-14.15000", "2012-12-31": -65.859, "2012-09-30": -45.164, "2012-06-30": -41.117, "2012-03-31": "38.94000", "2011-12-31": -0.324, "2011-09-30": -83.017, "2011-06-30": -22.167, "2011-03-31": "", "2010-12-31": -53.427, "2010-09-30": 0, "2010-06-30": -7.146, "2010-03-31": "-21.11800", "2009-12-31": -14.034, "2009-09-30": -0.2, "2009-06-30": -0.46, "2009-03-31": "-14.58200", "2008-12-31": -52.93, "2008-09-30": -1.909, "2008-06-30": -219.827, "2008-03-31": "-107.68500", "2007-12-31": -3.195, "2007-09-30": 0, "2007-06-30": 1.666, "2007-03-31": "-17.95800", "2006-12-31": 54.256, "2006-09-30": -79.807, "2006-06-30": -17.824, "2006-03-31": "", "2005-12-31": -65.21, "2005-09-30": -0.127, "2005-06-30": -4.609, "2005-03-31": "-120.92400"}, "Net Change In Short-term Investments": {"2020-09-30": 0, "2020-06-30": 0, "2020-03-31": "", "2019-12-31": 18, "2019-09-30": 0, "2019-06-30": 0, "2019-03-31": "", "2018-12-31": -17, "2018-09-30": 100, "2018-06-30": -100, "2018-03-31": "100.00000", "2017-12-31": 0, "2017-09-30": -100, "2017-06-30": 0, "2017-03-31": "0.00000", "2016-12-31": 0, "2016-09-30": 0, "2016-06-30": 0, "2016-03-31": "", "2015-12-31": 0, "2015-09-30": 0, "2015-06-30": 0, "2015-03-31": "", "2014-12-31": -10, "2014-09-30": 0, "2014-06-30": 0, "2014-03-31": "10.00000", "2013-12-31": 35, "2013-09-30": 65, "2013-06-30": 15, "2013-03-31": "0.00000", "2012-12-31": 25, "2012-09-30": 15, "2012-06-30": 73.195, "2012-03-31": "10.24900", "2011-12-31": 44.64, "2011-09-30": 25.656, "2011-06-30": 19.245, "2011-03-31": "122.78500", "2010-12-31": 46.255, "2010-09-30": -433.75, "2010-06-30": 34.439, "2010-03-31": "-34.43900", "2009-12-31": -85.57, "2009-09-30": 0, "2009-06-30": 0, "2009-03-31": "", "2008-12-31": -27.446, "2008-09-30": 0, "2008-06-30": 0, "2008-03-31": "", "2007-12-31": 0, "2007-09-30": 0, "2007-06-30": 0, "2007-03-31": "", "2006-12-31": 0, "2006-09-30": 0, "2006-06-30": 0, "2006-03-31": "", "2005-12-31": 0, "2005-09-30": 0, "2005-06-30": 0, "2005-03-31": ""}, "Net Change In Long-Term Investments": {"2020-09-30": 0, "2020-06-30": 1, "2020-03-31": "-1.00000", "2019-12-31": -18, "2019-09-30": 18, "2019-06-30": -1, "2019-03-31": "1.00000", "2018-12-31": 0, "2018-09-30": -100, "2018-06-30": 100, "2018-03-31": "", "2017-12-31": 0, "2017-09-30": 0, "2017-06-30": 0, "2017-03-31": "", "2016-12-31": 0, "2016-09-30": 0, "2016-06-30": 0, "2016-03-31": "", "2015-12-31": 0, "2015-09-30": 0, "2015-06-30": 0, "2015-03-31": "", "2014-12-31": 50, "2014-09-30": 0, "2014-06-30": 0, "2014-03-31": "", "2013-12-31": 0, "2013-09-30": 0, "2013-06-30": 0, "2013-03-31": "", "2012-12-31": 0, "2012-09-30": 0, "2012-06-30": 0, "2012-03-31": "", "2011-12-31": 0, "2011-09-30": 0, "2011-06-30": 0, "2011-03-31": "", "2010-12-31": -40.765, "2010-09-30": 410.104, "2010-06-30": -369.339, "2010-03-31": "", "2009-12-31": 109.055, "2009-09-30": 0, "2009-06-30": -82.807, "2009-03-31": "-26.24800", "2008-12-31": 0, "2008-09-30": 32.373, "2008-06-30": 178.025, "2008-03-31": "48.61900", "2007-12-31": 0.262, "2007-09-30": 81.193, "2007-06-30": 10.547, "2007-03-31": "", "2006-12-31": 0, "2006-09-30": 0, "2006-06-30": 102.549, "2006-03-31": "", "2005-12-31": 0, "2005-09-30": 0, "2005-06-30": 0, "2005-03-31": ""}, "Net Change In Investments - Total": {"2020-09-30": 0, "2020-06-30": 1, "2020-03-31": "-1.00000", "2019-12-31": 0, "2019-09-30": 18, "2019-06-30": -1, "2019-03-31": "1.00000", "2018-12-31": -17, "2018-09-30": 0, "2018-06-30": 0, "2018-03-31": "100.00000", "2017-12-31": 0, "2017-09-30": -100, "2017-06-30": 0, "2017-03-31": "", "2016-12-31": 0, "2016-09-30": 0, "2016-06-30": 0, "2016-03-31": "", "2015-12-31": 0, "2015-09-30": 0, "2015-06-30": 0, "2015-03-31": "", "2014-12-31": 40, "2014-09-30": 0, "2014-06-30": 0, "2014-03-31": "10.00000", "2013-12-31": 35, "2013-09-30": 65, "2013-06-30": 15, "2013-03-31": "", "2012-12-31": 25, "2012-09-30": 15, "2012-06-30": 73.195, "2012-03-31": "10.24900", "2011-12-31": 44.64, "2011-09-30": 25.656, "2011-06-30": 19.245, "2011-03-31": "122.78500", "2010-12-31": 5.49, "2010-09-30": -23.646, "2010-06-30": -334.9, "2010-03-31": "-34.43900", "2009-12-31": 23.485, "2009-09-30": 0, "2009-06-30": -82.807, "2009-03-31": "-26.24800", "2008-12-31": -27.446, "2008-09-30": 32.373, "2008-06-30": 178.025, "2008-03-31": "48.61900", "2007-12-31": 0.262, "2007-09-30": 81.193, "2007-06-30": 10.547, "2007-03-31": "", "2006-12-31": 0, "2006-09-30": 0, "2006-06-30": 102.549, "2006-03-31": "", "2005-12-31": 0, "2005-09-30": 0, "2005-06-30": 0, "2005-03-31": ""}, "Investing Activities - Other": {"2020-09-30": 20, "2020-06-30": -15, "2020-03-31": "", "2019-12-31": -38, "2019-09-30": 1, "2019-06-30": 136, "2019-03-31": "-104.00000", "2018-12-31": -4, "2018-09-30": 1, "2018-06-30": 3, "2018-03-31": "", "2017-12-31": 0, "2017-09-30": 0, "2017-06-30": 1, "2017-03-31": "", "2016-12-31": 2, "2016-09-30": 0, "2016-06-30": -142, "2016-03-31": "", "2015-12-31": -4, "2015-09-30": 4, "2015-06-30": -1, "2015-03-31": "3.00000", "2014-12-31": -59.598, "2014-09-30": 1.878, "2014-06-30": 2.097, "2014-03-31": "1.62300", "2013-12-31": -2.266, "2013-09-30": -0.267, "2013-06-30": 7.763, "2013-03-31": "6.36400", "2012-12-31": 0.325, "2012-09-30": -4.205, "2012-06-30": -8.48, "2012-03-31": "-0.43600", "2011-12-31": 2.555, "2011-09-30": -2.887, "2011-06-30": 283.187, "2011-03-31": "-284.00300", "2010-12-31": -1.311, "2010-09-30": 0.202, "2010-06-30": 1.04, "2010-03-31": "0.43900", "2009-12-31": 1.23, "2009-09-30": 1.295, "2009-06-30": 1.03, "2009-03-31": "1.01000", "2008-12-31": 1.187, "2008-09-30": 0.102, "2008-06-30": -25.547, "2008-03-31": "7.20900", "2007-12-31": 0.541, "2007-09-30": -1.103, "2007-06-30": -2.488, "2007-03-31": "2.24600", "2006-12-31": 2.51, "2006-09-30": 32.921, "2006-06-30": -1.42, "2006-03-31": "-1.46700", "2005-12-31": 3.62, "2005-09-30": -3.389, "2005-06-30": -0.707, "2005-03-31": "-0.56400"}, "Cash Flow From Investing Activities": {"2020-09-30": -309, "2020-06-30": -365, "2020-03-31": "-404.00000", "2019-12-31": -412, "2019-09-30": -221, "2019-06-30": -357, "2019-03-31": "-259.00000", "2018-12-31": -355, "2018-09-30": -164, "2018-06-30": -125, "2018-03-31": "-36.00000", "2017-12-31": -303, "2017-09-30": -254, "2017-06-30": -299, "2017-03-31": "-125.00000", "2016-12-31": -214, "2016-09-30": -142, "2016-06-30": -295, "2016-03-31": "-157.00000", "2015-12-31": -229, "2015-09-30": -168, "2015-06-30": -176, "2015-03-31": "-170.00000", "2014-12-31": -239.16, "2014-09-30": -451.877, "2014-06-30": -174.484, "2014-03-31": "-44.47900", "2013-12-31": 72.94, "2013-09-30": -444.289, "2013-06-30": 294.8, "2013-03-31": "-184.10400", "2012-12-31": -305.154, "2012-09-30": -264.055, "2012-06-30": -235.002, "2012-03-31": "-193.85800", "2011-12-31": -323.128, "2011-09-30": -311.152, "2011-06-30": 87.306, "2011-03-31": "-319.11500", "2010-12-31": -302.332, "2010-09-30": -191.632, "2010-06-30": -512.334, "2010-03-31": "-201.74000", "2009-12-31": -196.542, "2009-09-30": -158.678, "2009-06-30": -207.822, "2009-03-31": "-205.05600", "2008-12-31": -329.084, "2008-09-30": -155.401, "2008-06-30": -233.945, "2008-03-31": "-184.32200", "2007-12-31": -238.939, "2007-09-30": -78.37, "2007-06-30": -164.117, "2007-03-31": "-146.42900", "2006-12-31": -149.082, "2006-09-30": -233.202, "2006-06-30": -103.213, "2006-03-31": "-145.24300", "2005-12-31": -307.139, "2005-09-30": -161.069, "2005-06-30": -177.934, "2005-03-31": "-256.27500"}, "Net Long-Term Debt": {"2020-09-30": 497, "2020-06-30": 122, "2020-03-31": "48.00000", "2019-12-31": -102, "2019-09-30": -5, "2019-06-30": -6, "2019-03-31": "-5.00000", "2018-12-31": -5, "2018-09-30": -5, "2018-06-30": -5, "2018-03-31": "-5.00000", "2017-12-31": -8, "2017-09-30": -3, "2017-06-30": -3, "2017-03-31": "-3.00000", "2016-12-31": -3, "2016-09-30": -3, "2016-06-30": -1, "2016-03-31": "-3.00000", "2015-12-31": 300, "2015-09-30": 224, "2015-06-30": 0, "2015-03-31": "", "2014-12-31": 274.819, "2014-09-30": -0.23, "2014-06-30": -0.197, "2014-03-31": "-0.39200", "2013-12-31": -0.348, "2013-09-30": -0.591, "2013-06-30": -0.277, "2013-03-31": "-0.32800", "2012-12-31": 197.435, "2012-09-30": -1.483, "2012-06-30": -0.459, "2012-03-31": "-0.13500", "2011-12-31": -0.706, "2011-09-30": -0.546, "2011-06-30": -269.285, "2011-03-31": "299.59800", "2010-12-31": 7.581, "2010-09-30": 20.521, "2010-06-30": -22.006, "2010-03-31": "-0.69700", "2009-12-31": -140.571, "2009-09-30": -0.852, "2009-06-30": -0.662, "2009-03-31": "-0.99300", "2008-12-31": -1.152, "2008-09-30": 48.146, "2008-06-30": -55.514, "2008-03-31": "-0.92800", "2007-12-31": -1.092, "2007-09-30": -0.781, "2007-06-30": -58.428, "2007-03-31": "24.60600", "2006-12-31": -113.886, "2006-09-30": -155.785, "2006-06-30": 19.162, "2006-03-31": "-50.18800", "2005-12-31": 484.583, "2005-09-30": -90.741, "2005-06-30": -359.949, "2005-03-31": "-57.92200"}, "Net Current Debt": {"2020-09-30": 0, "2020-06-30": 0, "2020-03-31": "", "2019-12-31": 0, "2019-09-30": 0, "2019-06-30": 0, "2019-03-31": "", "2018-12-31": 0, "2018-09-30": 0, "2018-06-30": 0, "2018-03-31": "", "2017-12-31": 0, "2017-09-30": 0, "2017-06-30": 0, "2017-03-31": "", "2016-12-31": 0, "2016-09-30": 0, "2016-06-30": 0, "2016-03-31": "", "2015-12-31": 0, "2015-09-30": 0, "2015-06-30": 0, "2015-03-31": "", "2014-12-31": 0, "2014-09-30": 0, "2014-06-30": 0, "2014-03-31": "", "2013-12-31": 0, "2013-09-30": 0, "2013-06-30": 0, "2013-03-31": "", "2012-12-31": 0, "2012-09-30": 0, "2012-06-30": 0, "2012-03-31": "", "2011-12-31": 0, "2011-09-30": -32.671, "2011-06-30": 0, "2011-03-31": "", "2010-12-31": 0, "2010-09-30": 0, "2010-06-30": 0, "2010-03-31": "", "2009-12-31": 0, "2009-09-30": 0, "2009-06-30": 0, "2009-03-31": "", "2008-12-31": 0, "2008-09-30": -100, "2008-06-30": 100, "2008-03-31": "", "2007-12-31": 0, "2007-09-30": 0, "2007-06-30": 0, "2007-03-31": "", "2006-12-31": 0, "2006-09-30": 0, "2006-06-30": 0, "2006-03-31": "-35.00000", "2005-12-31": -350, "2005-09-30": 40, "2005-06-30": 145, "2005-03-31": "147.80000"}, "Debt Issuance/Retirement Net - Total": {"2020-09-30": 497, "2020-06-30": 122, "2020-03-31": "48.00000", "2019-12-31": -102, "2019-09-30": -5, "2019-06-30": -6, "2019-03-31": "-5.00000", "2018-12-31": -5, "2018-09-30": -5, "2018-06-30": -5, "2018-03-31": "-5.00000", "2017-12-31": -8, "2017-09-30": -3, "2017-06-30": -3, "2017-03-31": "-3.00000", "2016-12-31": -3, "2016-09-30": -3, "2016-06-30": -1, "2016-03-31": "-3.00000", "2015-12-31": 300, "2015-09-30": 224, "2015-06-30": 0, "2015-03-31": "", "2014-12-31": 274.819, "2014-09-30": -0.23, "2014-06-30": -0.197, "2014-03-31": "-0.39200", "2013-12-31": -0.348, "2013-09-30": -0.591, "2013-06-30": -0.277, "2013-03-31": "-0.32800", "2012-12-31": 197.435, "2012-09-30": -1.483, "2012-06-30": -0.459, "2012-03-31": "-0.13500", "2011-12-31": -0.706, "2011-09-30": -33.217, "2011-06-30": -269.285, "2011-03-31": "299.59800", "2010-12-31": 7.581, "2010-09-30": 20.521, "2010-06-30": -22.006, "2010-03-31": "-0.69700", "2009-12-31": -140.571, "2009-09-30": -0.852, "2009-06-30": -0.662, "2009-03-31": "-0.99300", "2008-12-31": -1.152, "2008-09-30": -51.854, "2008-06-30": 44.486, "2008-03-31": "-0.92800", "2007-12-31": -1.092, "2007-09-30": -0.781, "2007-06-30": -58.428, "2007-03-31": "24.60600", "2006-12-31": -113.886, "2006-09-30": -155.785, "2006-06-30": 19.162, "2006-03-31": "-85.18800", "2005-12-31": 134.583, "2005-09-30": -50.741, "2005-06-30": -214.949, "2005-03-31": "89.87800"}, "Net Common Equity Issued/Repurchased": {"2020-09-30": -3, "2020-06-30": -20, "2020-03-31": "-28.00000", "2019-12-31": -1, "2019-09-30": -21, "2019-06-30": -10, "2019-03-31": "-4.00000", "2018-12-31": 26, "2018-09-30": 27, "2018-06-30": -4, "2018-03-31": "11.00000", "2017-12-31": 6, "2017-09-30": 0, "2017-06-30": -5, "2017-03-31": "4.00000", "2016-12-31": 1, "2016-09-30": 8, "2016-06-30": 2, "2016-03-31": "-4.00000", "2015-12-31": 3, "2015-09-30": 0, "2015-06-30": 8, "2015-03-31": "-2.00000", "2014-12-31": -14.645, "2014-09-30": -17.198, "2014-06-30": -21.765, "2014-03-31": "-5.39200", "2013-12-31": 1.182, "2013-09-30": 5.875, "2013-06-30": -1.693, "2013-03-31": "-18.16200", "2012-12-31": -41.073, "2012-09-30": 0.182, "2012-06-30": -2.828, "2012-03-31": "0.32400", "2011-12-31": -1.19, "2011-09-30": 0.852, "2011-06-30": -54.421, "2011-03-31": "-27.06800", "2010-12-31": -30.92, "2010-09-30": -59.039, "2010-06-30": -11.056, "2010-03-31": "-19.04700", "2009-12-31": -35.36, "2009-09-30": -70.465, "2009-06-30": -80.77, "2009-03-31": "-24.78900", "2008-12-31": -92.632, "2008-09-30": -36.372, "2008-06-30": -49.705, "2008-03-31": "-48.20800", "2007-12-31": -62.129, "2007-09-30": -56.232, "2007-06-30": 14.871, "2007-03-31": "12.59800", "2006-12-31": 33.837, "2006-09-30": -0.407, "2006-06-30": 0.372, "2006-03-31": "6.93800", "2005-12-31": 3.194, "2005-09-30": 13.703, "2005-06-30": 13.155, "2005-03-31": "13.52000"}, "Net Total Equity Issued/Repurchased": {"2020-09-30": -3, "2020-06-30": -20, "2020-03-31": "-28.00000", "2019-12-31": -1, "2019-09-30": -21, "2019-06-30": -10, "2019-03-31": "-4.00000", "2018-12-31": 26, "2018-09-30": 27, "2018-06-30": -4, "2018-03-31": "11.00000", "2017-12-31": 7, "2017-09-30": 0, "2017-06-30": -6, "2017-03-31": "4.00000", "2016-12-31": 1, "2016-09-30": 8, "2016-06-30": 2, "2016-03-31": "-4.00000", "2015-12-31": 3, "2015-09-30": 0, "2015-06-30": 8, "2015-03-31": "-2.00000", "2014-12-31": -14.645, "2014-09-30": -17.198, "2014-06-30": -21.765, "2014-03-31": "-5.39200", "2013-12-31": 1.182, "2013-09-30": 5.875, "2013-06-30": -1.693, "2013-03-31": "-18.16200", "2012-12-31": -41.073, "2012-09-30": 0.182, "2012-06-30": -2.828, "2012-03-31": "0.32400", "2011-12-31": -1.19, "2011-09-30": 0.852, "2011-06-30": -54.421, "2011-03-31": "-27.06800", "2010-12-31": -30.92, "2010-09-30": -59.039, "2010-06-30": -11.056, "2010-03-31": "-19.04700", "2009-12-31": -35.36, "2009-09-30": -70.465, "2009-06-30": -80.77, "2009-03-31": "-24.78900", "2008-12-31": -92.632, "2008-09-30": -36.372, "2008-06-30": -49.705, "2008-03-31": "-48.20800", "2007-12-31": -62.129, "2007-09-30": -56.232, "2007-06-30": 14.871, "2007-03-31": "12.59800", "2006-12-31": 33.837, "2006-09-30": -0.407, "2006-06-30": 0.372, "2006-03-31": "6.93800", "2005-12-31": 3.194, "2005-09-30": 13.703, "2005-06-30": 13.155, "2005-03-31": "13.52000"}, "Total Common And Preferred Stock Dividends Paid": {"2020-09-30": -19, "2020-06-30": -20, "2020-03-31": "-19.00000", "2019-12-31": -18, "2019-09-30": -19, "2019-06-30": -19, "2019-03-31": "-19.00000", "2018-12-31": -18, "2018-09-30": -18, "2018-06-30": -18, "2018-03-31": "-18.00000", "2017-12-31": -18, "2017-09-30": -17, "2017-06-30": -17, "2017-03-31": "-17.00000", "2016-12-31": -16, "2016-09-30": -17, "2016-06-30": -16, "2016-03-31": "-16.00000", "2015-12-31": -15, "2015-09-30": -15, "2015-06-30": -16, "2015-03-31": "-15.00000", "2014-12-31": -14.425, "2014-09-30": -14.468, "2014-06-30": -14.841, "2014-03-31": "-14.26600", "2013-12-31": -13.863, "2013-09-30": -13.832, "2013-06-30": -89.041, "2013-03-31": "-13.79200", "2012-12-31": -13.235, "2012-09-30": -13.32, "2012-06-30": -13.309, "2012-03-31": "-13.30100", "2011-12-31": -12.174, "2011-09-30": -12.153, "2011-06-30": -12.146, "2011-03-31": "-12.19700", "2010-12-31": -11.7, "2010-09-30": -11.77, "2010-06-30": -11.841, "2010-03-31": "-11.89100", "2009-12-31": -11.409, "2009-09-30": -11.575, "2009-06-30": -11.757, "2009-03-31": "-12.05700", "2008-12-31": -11.537, "2008-09-30": -11.861, "2008-06-30": -23.909, "2008-03-31": "-0.01300", "2007-12-31": -11.493, "2007-09-30": -11.539, "2007-06-30": -11.399, "2007-03-31": "-11.39900", "2006-12-31": -10.793, "2006-09-30": -10.749, "2006-06-30": -10.749, "2006-03-31": "-10.74900", "2005-12-31": -10.161, "2005-09-30": -10.156, "2005-06-30": -10.137, "2005-03-31": "-10.12200"}, "Financial Activities - Other": {"2020-09-30": -16, "2020-06-30": -4, "2020-03-31": "-4.00000", "2019-12-31": 4, "2019-09-30": 4, "2019-06-30": 2, "2019-03-31": "-1.00000", "2018-12-31": 7, "2018-09-30": 1, "2018-06-30": -3, "2018-03-31": "-5.00000", "2017-12-31": 1, "2017-09-30": 4, "2017-06-30": -1, "2017-03-31": "", "2016-12-31": 3, "2016-09-30": 2, "2016-06-30": 1, "2016-03-31": "3.00000", "2015-12-31": -7, "2015-09-30": 3, "2015-06-30": -2, "2015-03-31": "-5.00000", "2014-12-31": -6.431, "2014-09-30": 1.411, "2014-06-30": 2.532, "2014-03-31": "2.48800", "2013-12-31": 2.304, "2013-09-30": 1.103, "2013-06-30": 0.786, "2013-03-31": "-3.74700", "2012-12-31": -31.412, "2012-09-30": 0.57, "2012-06-30": 1.567, "2012-03-31": "0.58000", "2011-12-31": -7.94, "2011-09-30": -5.492, "2011-06-30": -10.925, "2011-03-31": "-9.56600", "2010-12-31": -25.858, "2010-09-30": -8.983, "2010-06-30": -1.438, "2010-03-31": "-2.81100", "2009-12-31": -12.58, "2009-09-30": -1.018, "2009-06-30": -11.21, "2009-03-31": "-1.39700", "2008-12-31": -11.437, "2008-09-30": 0.023, "2008-06-30": -47.99, "2008-03-31": "-0.18800", "2007-12-31": 2.836, "2007-09-30": 6.472, "2007-06-30": 13.819, "2007-03-31": "-2.76600", "2006-12-31": 2.247, "2006-09-30": -0.952, "2006-06-30": -4.331, "2006-03-31": "-2.93900", "2005-12-31": -1.29, "2005-09-30": -0.77, "2005-06-30": -0.947, "2005-03-31": "0.13100"}, "Cash Flow From Financial Activities": {"2020-09-30": 459, "2020-06-30": 78, "2020-03-31": "-3.00000", "2019-12-31": -117, "2019-09-30": -41, "2019-06-30": -33, "2019-03-31": "-29.00000", "2018-12-31": 10, "2018-09-30": 5, "2018-06-30": -30, "2018-03-31": "-17.00000", "2017-12-31": -18, "2017-09-30": -16, "2017-06-30": -27, "2017-03-31": "-16.00000", "2016-12-31": -15, "2016-09-30": -10, "2016-06-30": -14, "2016-03-31": "-20.00000", "2015-12-31": 281, "2015-09-30": 212, "2015-06-30": -10, "2015-03-31": "-22.00000", "2014-12-31": 239.318, "2014-09-30": -30.485, "2014-06-30": -34.271, "2014-03-31": "-17.56200", "2013-12-31": -10.725, "2013-09-30": -7.445, "2013-06-30": -90.225, "2013-03-31": "-36.02900", "2012-12-31": 111.715, "2012-09-30": -14.051, "2012-06-30": -15.029, "2012-03-31": "-12.53200", "2011-12-31": -22.01, "2011-09-30": -50.01, "2011-06-30": -346.777, "2011-03-31": "250.76700", "2010-12-31": -60.897, "2010-09-30": -59.271, "2010-06-30": -46.341, "2010-03-31": "-34.44600", "2009-12-31": -199.92, "2009-09-30": -83.91, "2009-06-30": -104.399, "2009-03-31": "-39.23600", "2008-12-31": -116.758, "2008-09-30": -100.064, "2008-06-30": -77.118, "2008-03-31": "-49.33700", "2007-12-31": -71.878, "2007-09-30": -62.08, "2007-06-30": -41.137, "2007-03-31": "23.03900", "2006-12-31": -88.595, "2006-09-30": -167.893, "2006-06-30": 4.454, "2006-03-31": "-91.93800", "2005-12-31": 126.326, "2005-09-30": -47.964, "2005-06-30": -212.878, "2005-03-31": "93.40700"}, "Net Cash Flow": {"2020-09-30": 510, "2020-06-30": 152, "2020-03-31": "-40.00000", "2019-12-31": -387, "2019-09-30": 20, "2019-06-30": -125, "2019-03-31": "39.00000", "2018-12-31": -140, "2018-09-30": 190, "2018-06-30": 94, "2018-03-31": "161.00000", "2017-12-31": -166, "2017-09-30": -7, "2017-06-30": -105, "2017-03-31": "-4.00000", "2016-12-31": -85, "2016-09-30": 86, "2016-06-30": -155, "2016-03-31": "69.00000", "2015-12-31": 115, "2015-09-30": 233, "2015-06-30": -3, "2015-03-31": "163.00000", "2014-12-31": -101.053, "2014-09-30": -301.793, "2014-06-30": 1.95, "2014-03-31": "42.89600", "2013-12-31": 118.925, "2013-09-30": -535.326, "2013-06-30": 479.715, "2013-03-31": "26.21900", "2012-12-31": 151.197, "2012-09-30": -24.48, "2012-06-30": -25.366, "2012-03-31": "75.85500", "2011-12-31": -17.391, "2011-09-30": 10.278, "2011-06-30": -35.989, "2011-03-31": "264.69400", "2010-12-31": -51.802, "2010-09-30": 11.531, "2010-06-30": -266.989, "2010-03-31": "-25.52600", "2009-12-31": -99.059, "2009-09-30": 113.402, "2009-06-30": -91.51, "2009-03-31": "-21.04200", "2008-12-31": -228.774, "2008-09-30": -119.08, "2008-06-30": -84.623, "2008-03-31": "35.34000", "2007-12-31": -145.532, "2007-09-30": 16.747, "2007-06-30": 126.828, "2007-03-31": "163.07800", "2006-12-31": -16.431, "2006-09-30": -209.585, "2006-06-30": 167.495, "2006-03-31": "-23.94500", "2005-12-31": 11.251, "2005-09-30": -51.237, "2005-06-30": -22.619, "2005-03-31": "-12.70900"}, "Stock-Based Compensation": {"2020-09-30": 14, "2020-06-30": 14, "2020-03-31": "11.00000", "2019-12-31": 12, "2019-09-30": 14, "2019-06-30": 20, "2019-03-31": "13.00000", "2018-12-31": 17, "2018-09-30": 14, "2018-06-30": 13, "2018-03-31": "10.00000", "2017-12-31": 12, "2017-09-30": 12, "2017-06-30": 11, "2017-03-31": "11.00000", "2016-12-31": 13, "2016-09-30": 11, "2016-06-30": 9, "2016-03-31": "9.00000", "2015-12-31": 11, "2015-09-30": 11, "2015-06-30": 10, "2015-03-31": "8.00000", "2014-12-31": 10.285, "2014-09-30": 10.227, "2014-06-30": 8.729, "2014-03-31": "6.75900", "2013-12-31": 8.471, "2013-09-30": 8.965, "2013-06-30": 5.317, "2013-03-31": "7.58500", "2012-12-31": 10.147, "2012-09-30": 10.769, "2012-06-30": 10.625, "2012-03-31": "10.33000", "2011-12-31": 9.045, "2011-09-30": 8.879, "2011-06-30": 9.454, "2011-03-31": "9.45900", "2010-12-31": 9.073, "2010-09-30": 9.312, "2010-06-30": 9.299, "2010-03-31": "7.44400", "2009-12-31": 7.963, "2009-09-30": 10.129, "2009-06-30": 8.838, "2009-03-31": "5.55600", "2008-12-31": 6.732, "2008-09-30": 6.939, "2008-06-30": 5.906, "2008-03-31": "3.11600", "2007-12-31": 8.945, "2007-09-30": 12.067, "2007-06-30": 6.228, "2007-03-31": "4.65100", "2006-12-31": 15.756, "2006-09-30": 12.997, "2006-06-30": 6.015, "2006-03-31": "8.63800", "2005-12-31": 1.091, "2005-09-30": 2.892, "2005-06-30": 2.915, "2005-03-31": "1.17100"}, "Common Stock Dividends Paid": {"2020-09-30": -19, "2020-06-30": -20, "2020-03-31": "-19.00000", "2019-12-31": -18, "2019-09-30": -19, "2019-06-30": -19, "2019-03-31": "-19.00000", "2018-12-31": -18, "2018-09-30": -18, "2018-06-30": -18, "2018-03-31": "-18.00000", "2017-12-31": -18, "2017-09-30": -17, "2017-06-30": -17, "2017-03-31": "-17.00000", "2016-12-31": -16, "2016-09-30": -17, "2016-06-30": -16, "2016-03-31": "-16.00000", "2015-12-31": -15, "2015-09-30": -15, "2015-06-30": -16, "2015-03-31": "-15.00000", "2014-12-31": -14.425, "2014-09-30": -14.468, "2014-06-30": -14.841, "2014-03-31": "-14.26600", "2013-12-31": -13.863, "2013-09-30": -13.832, "2013-06-30": -89.041, "2013-03-31": "-13.79200", "2012-12-31": -13.235, "2012-09-30": -13.32, "2012-06-30": -13.309, "2012-03-31": "-13.30100", "2011-12-31": -12.174, "2011-09-30": -12.153, "2011-06-30": -12.146, "2011-03-31": "-12.19700", "2010-12-31": -11.7, "2010-09-30": -11.77, "2010-06-30": -11.841, "2010-03-31": "-11.89100", "2009-12-31": -11.409, "2009-09-30": -11.575, "2009-06-30": -11.757, "2009-03-31": "-12.05700", "2008-12-31": -11.537, "2008-09-30": -11.861, "2008-06-30": -23.909, "2008-03-31": "-0.01300", "2007-12-31": -11.493, "2007-09-30": -11.539, "2007-06-30": -11.399, "2007-03-31": "-11.39900", "2006-12-31": -10.793, "2006-09-30": -10.749, "2006-06-30": -10.749, "2006-03-31": "-10.74900", "2005-12-31": -10.161, "2005-09-30": -10.156, "2005-06-30": -10.137, "2005-03-31": "-10.12200"}}, "financial ratios": {"Current Ratio": {"2019-12-31": "1.99690", "2018-12-31": "2.65070", "2017-12-31": "2.14160", "2016-12-31": "2.32130", "2015-12-31": "2.28600", "2014-12-31": "1.66180", "2013-12-31": "1.75150", "2012-12-31": "1.90720", "2011-12-31": "1.95130", "2010-12-31": "1.99830", "2009-12-31": "2.06030", "2008-12-31": "2.10650", "2007-12-31": "1.38440", "2006-12-31": "1.42610", "2005-12-31": "1.66940"}, "Long-term Debt / Capital": {"2019-12-31": "0.30000", "2018-12-31": "0.31360", "2017-12-31": "0.33250", "2016-12-31": "0.33870", "2015-12-31": "0.34150", "2014-12-31": "0.30350", "2013-12-31": "0.26920", "2012-12-31": "0.26990", "2011-12-31": "0.24950", "2010-12-31": "0.25140", "2009-12-31": "0.25220", "2008-12-31": "0.26850", "2007-12-31": "0.29360", "2006-12-31": "0.31390", "2005-12-31": "0.33680"}, "Debt/Equity Ratio": {"2019-12-31": "0.43040", "2018-12-31": "0.46080", "2017-12-31": "0.50220", "2016-12-31": "0.51470", "2015-12-31": "0.52170", "2014-12-31": "0.43590", "2013-12-31": "0.36870", "2012-12-31": "0.37000", "2011-12-31": "0.33270", "2010-12-31": "0.33620", "2009-12-31": "0.33780", "2008-12-31": "0.37050", "2007-12-31": "0.41670", "2006-12-31": "0.46810", "2005-12-31": "0.62370"}, "Gross Margin": {"2019-12-31": "54.84930", "2018-12-31": "54.27680", "2017-12-31": "53.23160", "2016-12-31": "52.88070", "2015-12-31": "53.64680", "2014-12-31": "49.87020", "2013-12-31": "54.59680", "2012-12-31": "57.48450", "2011-12-31": "60.41590", "2010-12-31": "61.40110", "2009-12-31": "62.73540", "2008-12-31": "63.61120", "2007-12-31": "64.92990", "2006-12-31": "64.68020", "2005-12-31": "63.73060"}, "Operating Margin": {"2019-12-31": "3.45830", "2018-12-31": "4.01250", "2017-12-31": "-2.14120", "2016-12-31": "2.09510", "2015-12-31": "8.27260", "2014-12-31": "-3.79320", "2013-12-31": "4.80200", "2012-12-31": "3.43970", "2011-12-31": "6.99750", "2010-12-31": "5.93750", "2009-12-31": "8.12450", "2008-12-31": "2.52870", "2007-12-31": "10.93190", "2006-12-31": "9.45760", "2005-12-31": "9.63070"}, "EBIT Margin": {"2019-12-31": "3.45830", "2018-12-31": "4.01250", "2017-12-31": "-2.14120", "2016-12-31": "2.09510", "2015-12-31": "8.27260", "2014-12-31": "-3.79320", "2013-12-31": "4.80200", "2012-12-31": "3.43970", "2011-12-31": "6.99750", "2010-12-31": "5.93750", "2009-12-31": "8.12450", "2008-12-31": "2.52870", "2007-12-31": "10.93190", "2006-12-31": "9.45760", "2005-12-31": "9.63070"}, "EBITDA Margin": {"2019-12-31": "21.46450", "2018-12-31": "21.29580", "2017-12-31": "19.78590", "2016-12-31": "18.58390", "2015-12-31": "24.47220", "2014-12-31": "12.91680", "2013-12-31": "25.57390", "2012-12-31": "18.66110", "2011-12-31": "21.77950", "2010-12-31": "21.09040", "2009-12-31": "22.95030", "2008-12-31": "17.25880", "2007-12-31": "26.42450", "2006-12-31": "25.90590", "2005-12-31": "26.28810"}, "Pre-Tax Profit Margin": {"2019-12-31": "4.07650", "2018-12-31": "4.32570", "2017-12-31": "-2.41870", "2016-12-31": "1.78470", "2015-12-31": "8.34930", "2014-12-31": "-3.03450", "2013-12-31": "5.97530", "2012-12-31": "3.67120", "2011-12-31": "7.02150", "2010-12-31": "5.73060", "2009-12-31": "7.67910", "2008-12-31": "2.98920", "2007-12-31": "14.19450", "2006-12-31": "7.40830", "2005-12-31": "28.00760"}, "Net Profit Margin": {"2019-12-31": "2.33770", "2018-12-31": "2.64240", "2017-12-31": "3.03330", "2016-12-31": "0.83410", "2015-12-31": "4.20350", "2014-12-31": "-2.71510", "2013-12-31": "2.89470", "2012-12-31": "1.53050", "2011-12-31": "3.87060", "2010-12-31": "2.90360", "2009-12-31": "3.81070", "2008-12-31": "1.73710", "2007-12-31": "7.99460", "2006-12-31": "3.70240", "2005-12-31": "16.38100"}, "Asset Turnover": {"2019-12-31": "0.48010", "2018-12-31": "0.52220", "2017-12-31": "0.54270", "2016-12-31": "0.54570", "2015-12-31": "0.55300", "2014-12-31": "0.56570", "2013-12-31": "0.55040", "2012-12-31": "0.61980", "2011-12-31": "0.63170", "2010-12-31": "0.64800", "2009-12-31": "0.65950", "2008-12-31": "0.66530", "2007-12-31": "0.48810", "2006-12-31": "0.41180", "2005-12-31": "0.38740"}, "Inventory Turnover Ratio": {"2019-12-31": "13.82840", "2018-12-31": "15.57330", "2017-12-31": "16.26900", "2016-12-31": "16.08610", "2015-12-31": "15.28480", "2014-12-31": "9.17400", "2013-12-31": "9.09930", "2012-12-31": "14.14240", "2011-12-31": "15.76890", "2010-12-31": "16.54660", "2009-12-31": "11.91600", "2008-12-31": "15.13920", "2007-12-31": "14.62240", "2006-12-31": "11.95170", "2005-12-31": "13.89120"}, "Receiveable Turnover": {"2019-12-31": "4.46210", "2018-12-31": "4.59860", "2017-12-31": "5.23780", "2016-12-31": "5.98720", "2015-12-31": "5.96790", "2014-12-31": "7.32650", "2013-12-31": "6.70380", "2012-12-31": "9.30700", "2011-12-31": "9.54790", "2010-12-31": "8.62880", "2009-12-31": "9.73910", "2008-12-31": "9.85080", "2007-12-31": "9.10410", "2006-12-31": "8.39060", "2005-12-31": "8.07620"}, "Days Sales In Receivables": {"2019-12-31": "81.80060", "2018-12-31": "79.37270", "2017-12-31": "69.68580", "2016-12-31": "60.96310", "2015-12-31": "61.16030", "2014-12-31": "49.81900", "2013-12-31": "54.44680", "2012-12-31": "39.21780", "2011-12-31": "38.22830", "2010-12-31": "42.30040", "2009-12-31": "37.47790", "2008-12-31": "37.05270", "2007-12-31": "40.09200", "2006-12-31": "43.50100", "2005-12-31": "45.19450"}, "ROE - Return On Equity": {"2019-12-31": "2.72020", "2018-12-31": "3.30630", "2017-12-31": "3.20930", "2016-12-31": "1.09500", "2015-12-31": "5.59220", "2014-12-31": "-3.30030", "2013-12-31": "3.57270", "2012-12-31": "2.63460", "2011-12-31": "5.43790", "2010-12-31": "4.26850", "2009-12-31": "5.64660", "2008-12-31": "2.66940", "2007-12-31": "10.60520", "2006-12-31": "4.53050", "2005-12-31": "20.10270"}, "Return On Tangible Equity": {"2019-12-31": "6.87560", "2018-12-31": "7.49140", "2017-12-31": "8.38680", "2016-12-31": "2.86980", "2015-12-31": "12.84810", "2014-12-31": "-6.78800", "2013-12-31": "7.13510", "2012-12-31": "5.28550", "2011-12-31": "11.06850", "2010-12-31": "8.48430", "2009-12-31": "11.10940", "2008-12-31": "5.19610", "2007-12-31": "24.06110", "2006-12-31": "11.53640", "2005-12-31": "54.56750"}, "ROA - Return On Assets": {"2019-12-31": "1.36350", "2018-12-31": "1.78880", "2017-12-31": "1.68910", "2016-12-31": "0.55050", "2015-12-31": "2.79130", "2014-12-31": "-1.66020", "2013-12-31": "1.87350", "2012-12-31": "1.42220", "2011-12-31": "3.05140", "2010-12-31": "2.47640", "2009-12-31": "3.28350", "2008-12-31": "1.54060", "2007-12-31": "4.20850", "2006-12-31": "1.52610", "2005-12-31": "6.33760"}, "ROI - Return On Investment": {"2019-12-31": "1.90410", "2018-12-31": "2.26950", "2017-12-31": "2.14220", "2016-12-31": "0.72390", "2015-12-31": "3.68140", "2014-12-31": "-2.29830", "2013-12-31": "2.61060", "2012-12-31": "1.92310", "2011-12-31": "4.08060", "2010-12-31": "3.19480", "2009-12-31": "4.22190", "2008-12-31": "1.95230", "2007-12-31": "7.49110", "2006-12-31": "3.10850", "2005-12-31": "13.33290"}, "Book Value Per Share": {"2019-12-31": "46.99130", "2018-12-31": "46.42980", "2017-12-31": "44.07210", "2016-12-31": "43.18180", "2015-12-31": "43.15600", "2014-12-31": "41.28870", "2013-12-31": "42.94070", "2012-12-31": "43.10180", "2011-12-31": "42.43820", "2010-12-31": "42.96620", "2009-12-31": "38.41650", "2008-12-31": "33.59010", "2007-12-31": "30.65660", "2006-12-31": "28.17220", "2005-12-31": "25.61270"}, "Operating Cash Flow Per Share": {"2019-12-31": -0.1625, "2018-12-31": 1.9925, "2017-12-31": -0.1164, "2016-12-31": -0.1368, "2015-12-31": 3.5244, "2014-12-31": -0.8748, "2013-12-31": -5.6129, "2012-12-31": -1.3648, "2011-12-31": 1.7694, "2010-12-31": 0.1626, "2009-12-31": 2.8603, "2008-12-31": -0.5496, "2007-12-31": 0.2422, "2006-12-31": 0.1443, "2005-12-31": 6.8807}, "Free Cash Flow Per Share": {"2019-12-31": -1.6054, "2018-12-31": 1.3015, "2017-12-31": -0.5028, "2016-12-31": 1.4153, "2015-12-31": 3.6407, "2014-12-31": -0.1745, "2013-12-31": -4.5728, "2012-12-31": -1.5961, "2011-12-31": -0.4473, "2010-12-31": -0.7863, "2009-12-31": 2.9344, "2008-12-31": -0.9628, "2007-12-31": 0.5279, "2006-12-31": 0.087, "2005-12-31": 1.2498}}, "financial ratios, quarterly": {"Current Ratio": {"2020-09-30": "2.76680", "2020-06-30": "2.36510", "2020-03-31": "2.16670", "2019-12-31": "1.99690", "2019-09-30": "2.24280", "2019-06-30": "2.40860", "2019-03-31": "2.41970", "2018-12-31": "2.65070", "2018-09-30": "2.80160", "2018-06-30": "2.96300", "2018-03-31": "2.72400", "2017-12-31": "2.14160", "2017-09-30": "2.41740", "2017-06-30": "2.44780", "2017-03-31": "2.74390", "2016-12-31": "2.32130", "2016-09-30": "2.37880", "2016-06-30": "2.29960", "2016-03-31": "2.44160", "2015-12-31": "2.28600", "2015-09-30": "1.91490", "2015-06-30": "1.67340", "2015-03-31": "1.60140", "2014-12-31": "1.66180", "2014-09-30": "1.46160", "2014-06-30": "1.84720", "2014-03-31": "1.94030", "2013-12-31": "1.75150", "2013-09-30": "1.77320", "2013-06-30": "2.12130", "2013-03-31": "2.09980", "2012-12-31": "1.90720", "2012-09-30": "2.08350", "2012-06-30": "2.09210", "2012-03-31": "2.17410", "2011-12-31": "1.95130", "2011-09-30": "1.99760", "2011-06-30": "2.30310", "2011-03-31": "1.88900", "2010-12-31": "1.99830", "2010-09-30": "2.16760", "2010-06-30": "2.08600", "2010-03-31": "2.16350", "2009-12-31": "2.06030", "2009-09-30": "2.29770", "2009-06-30": "2.43160", "2009-03-31": "2.24090", "2008-12-31": "2.10650", "2008-09-30": "2.17230", "2008-06-30": "1.87880", "2008-03-31": "1.40730", "2007-12-31": "1.38440", "2007-09-30": "1.38270", "2007-06-30": "1.31760", "2007-03-31": "1.37360", "2006-12-31": "1.42610", "2006-09-30": "1.38250", "2006-06-30": "1.69780", "2006-03-31": "1.82840", "2005-12-31": "1.66940", "2005-09-30": "2.01410", "2005-06-30": "2.36240", "2005-03-31": "2.34320"}, "Long-term Debt / Capital": {"2020-09-30": "0.34700", "2020-06-30": "0.31130", "2020-03-31": "0.30270", "2019-12-31": "0.30000", "2019-09-30": "0.30840", "2019-06-30": "0.30880", "2019-03-31": "0.31060", "2018-12-31": "0.31360", "2018-09-30": "0.31570", "2018-06-30": "0.31940", "2018-03-31": "0.32110", "2017-12-31": "0.33250", "2017-09-30": "0.34890", "2017-06-30": "0.33630", "2017-03-31": "0.33660", "2016-12-31": "0.33870", "2016-09-30": "0.33880", "2016-06-30": "0.33970", "2016-03-31": "0.34110", "2015-12-31": "0.34150", "2015-09-30": "0.31970", "2015-06-30": "0.30010", "2015-03-31": "0.30150", "2014-12-31": "0.30350", "2014-09-30": "0.27710", "2014-06-30": "0.27090", "2014-03-31": "0.26880", "2013-12-31": "0.26920", "2013-09-30": "0.26920", "2013-06-30": "0.26870", "2013-03-31": "0.27100", "2012-12-31": "0.26990", "2012-09-30": "0.24290", "2012-06-30": "0.24470", "2012-03-31": "0.24680", "2011-12-31": "0.24950", "2011-09-30": "0.24820", "2011-06-30": "0.25230", "2011-03-31": "0.25280", "2010-12-31": "0.25140", "2010-09-30": "0.24960", "2010-06-30": "0.24990", "2010-03-31": "0.25020", "2009-12-31": "0.25220", "2009-09-30": "0.26680", "2009-06-30": "0.26510", "2009-03-31": "0.26550", "2008-12-31": "0.26850", "2008-09-30": "0.28780", "2008-06-30": "0.29070", "2008-03-31": "0.29300", "2007-12-31": "0.29360", "2007-09-30": "0.29450", "2007-06-30": "0.29990", "2007-03-31": "0.30970", "2006-12-31": "0.31390", "2006-09-30": "0.31240", "2006-06-30": "0.31860", "2006-03-31": "0.32450", "2005-12-31": "0.33680", "2005-09-30": "0.33580", "2005-06-30": "0.36410", "2005-03-31": "0.38290"}, "Debt/Equity Ratio": {"2020-09-30": "0.53190", "2020-06-30": "0.45280", "2020-03-31": "0.43550", "2019-12-31": "0.43040", "2019-09-30": "0.44980", "2019-06-30": "0.45060", "2019-03-31": "0.45450", "2018-12-31": "0.46080", "2018-09-30": "0.46510", "2018-06-30": "0.47310", "2018-03-31": "0.47690", "2017-12-31": "0.50220", "2017-09-30": "0.54030", "2017-06-30": "0.50920", "2017-03-31": "0.50990", "2016-12-31": "0.51470", "2016-09-30": "0.51490", "2016-06-30": "0.51730", "2016-03-31": "0.52060", "2015-12-31": "0.52170", "2015-09-30": "0.47190", "2015-06-30": "0.42900", "2015-03-31": "0.43180", "2014-12-31": "0.43590", "2014-09-30": "0.38340", "2014-06-30": "0.37180", "2014-03-31": "0.36800", "2013-12-31": "0.36870", "2013-09-30": "0.36870", "2013-06-30": "0.36790", "2013-03-31": "0.37200", "2012-12-31": "0.37000", "2012-09-30": "0.32120", "2012-06-30": "0.32430", "2012-03-31": "0.32800", "2011-12-31": "0.33270", "2011-09-30": "0.33090", "2011-06-30": "0.33790", "2011-03-31": "0.40170", "2010-12-31": "0.33620", "2010-09-30": "0.33300", "2010-06-30": "0.33360", "2010-03-31": "0.33420", "2009-12-31": "0.33780", "2009-09-30": "0.36730", "2009-06-30": "0.36470", "2009-03-31": "0.36540", "2008-12-31": "0.37050", "2008-09-30": "0.40570", "2008-06-30": "0.42350", "2008-03-31": "0.41560", "2007-12-31": "0.41670", "2007-09-30": "0.41820", "2007-06-30": "0.42920", "2007-03-31": "0.46600", "2006-12-31": "0.46810", "2006-09-30": "0.49700", "2006-06-30": "0.55590", "2006-03-31": "0.56520", "2005-12-31": "0.62370", "2005-09-30": "0.56690", "2005-06-30": "0.58870", "2005-03-31": "0.66740"}, "Gross Margin": {"2020-09-30": "54.75830", "2020-06-30": "56.69040", "2020-03-31": "57.25620", "2019-12-31": "53.02920", "2019-09-30": "53.97430", "2019-06-30": "56.14590", "2019-03-31": "56.40410", "2018-12-31": "52.62760", "2018-09-30": "53.35390", "2018-06-30": "54.90040", "2018-03-31": "56.40820", "2017-12-31": "51.29970", "2017-09-30": "53.23740", "2017-06-30": "53.08740", "2017-03-31": "55.41200", "2016-12-31": "52.16720", "2016-09-30": "52.35920", "2016-06-30": "53.20460", "2016-03-31": "53.82780", "2015-12-31": "53.36390", "2015-09-30": "53.42070", "2015-06-30": "53.05640", "2015-03-31": "54.79230", "2014-12-31": "47.36300", "2014-09-30": "49.50150", "2014-06-30": "51.51220", "2014-03-31": "51.28570", "2013-12-31": "43.52360", "2013-09-30": "59.24700", "2013-06-30": "58.00800", "2013-03-31": "57.21360", "2012-12-31": "52.81340", "2012-09-30": "56.17430", "2012-06-30": "60.12070", "2012-03-31": "61.00360", "2011-12-31": "57.26940", "2011-09-30": "60.37990", "2011-06-30": "62.79280", "2011-03-31": "61.32890", "2010-12-31": "57.33920", "2010-09-30": "61.52050", "2010-06-30": "63.23410", "2010-03-31": "63.63550", "2009-12-31": "60.76200", "2009-09-30": "62.05340", "2009-06-30": "65.29810", "2009-03-31": "62.86620", "2008-12-31": "61.78400", "2008-09-30": "64.22580", "2008-06-30": "64.15460", "2008-03-31": "64.26300", "2007-12-31": "64.14320", "2007-09-30": "64.96070", "2007-06-30": "65.41790", "2007-03-31": "65.23880", "2006-12-31": "63.94600", "2006-09-30": "64.91390", "2006-06-30": "65.41940", "2006-03-31": "64.46850", "2005-12-31": "62.79110", "2005-09-30": "63.62000", "2005-06-30": "64.75470", "2005-03-31": "63.81400"}, "Operating Margin": {"2020-09-30": "6.57100", "2020-06-30": "6.17580", "2020-03-31": "5.70980", "2019-12-31": "0.59840", "2019-09-30": "2.19530", "2019-06-30": "3.80650", "2019-03-31": "7.47810", "2018-12-31": "0.97600", "2018-09-30": "3.93220", "2018-06-30": "4.86060", "2018-03-31": "6.53060", "2017-12-31": "1.29970", "2017-09-30": "-18.62510", "2017-06-30": "2.16520", "2017-03-31": "6.54280", "2016-12-31": "-0.30960", "2016-09-30": "2.51140", "2016-06-30": "4.09270", "2016-03-31": "2.07340", "2015-12-31": "1.75840", "2015-09-30": "6.76860", "2015-06-30": "2.50780", "2015-03-31": "22.60380", "2014-12-31": "-2.79030", "2014-09-30": "-9.79790", "2014-06-30": "-3.97040", "2014-03-31": "1.72960", "2013-12-31": "-1.76910", "2013-09-30": "-2.80150", "2013-06-30": "22.97950", "2013-03-31": "0.54670", "2012-12-31": "-4.18660", "2012-09-30": "4.05120", "2012-06-30": "6.88320", "2012-03-31": "7.17130", "2011-12-31": "1.46960", "2011-09-30": "9.57610", "2011-06-30": "9.95240", "2011-03-31": "7.06080", "2010-12-31": "1.81920", "2010-09-30": "6.68710", "2010-06-30": "7.01020", "2010-03-31": "8.34370", "2009-12-31": "2.73500", "2009-09-30": "6.32240", "2009-06-30": "12.35350", "2009-03-31": "11.15540", "2008-12-31": "-25.86350", "2008-09-30": "11.66180", "2008-06-30": "11.75050", "2008-03-31": "12.29760", "2007-12-31": "7.77790", "2007-09-30": "10.87320", "2007-06-30": "12.90670", "2007-03-31": "12.34670", "2006-12-31": "7.81630", "2006-09-30": "9.92520", "2006-06-30": "10.04120", "2006-03-31": "10.12050", "2005-12-31": "8.83300", "2005-09-30": "10.16440", "2005-06-30": "11.06630", "2005-03-31": "8.42540"}, "EBIT Margin": {"2020-09-30": "6.57100", "2020-06-30": "6.17580", "2020-03-31": "5.70980", "2019-12-31": "0.59840", "2019-09-30": "2.19530", "2019-06-30": "3.80650", "2019-03-31": "7.47810", "2018-12-31": "0.97600", "2018-09-30": "3.93220", "2018-06-30": "4.86060", "2018-03-31": "6.53060", "2017-12-31": "1.29970", "2017-09-30": "-18.62510", "2017-06-30": "2.16520", "2017-03-31": "6.54280", "2016-12-31": "-0.30960", "2016-09-30": "2.51140", "2016-06-30": "4.09270", "2016-03-31": "2.07340", "2015-12-31": "1.75840", "2015-09-30": "6.76860", "2015-06-30": "2.50780", "2015-03-31": "22.60380", "2014-12-31": "-2.79030", "2014-09-30": "-9.79790", "2014-06-30": "-3.97040", "2014-03-31": "1.72960", "2013-12-31": "-1.76900", "2013-09-30": "-2.80150", "2013-06-30": "22.97950", "2013-03-31": "0.54670", "2012-12-31": "-4.18670", "2012-09-30": "4.05120", "2012-06-30": "6.88320", "2012-03-31": "7.17130", "2011-12-31": "1.46960", "2011-09-30": "9.57610", "2011-06-30": "9.95240", "2011-03-31": "7.06080", "2010-12-31": "1.81920", "2010-09-30": "6.68710", "2010-06-30": "7.01020", "2010-03-31": "8.34370", "2009-12-31": "2.73500", "2009-09-30": "6.32240", "2009-06-30": "12.35350", "2009-03-31": "11.15540", "2008-12-31": "-25.86350", "2008-09-30": "11.66180", "2008-06-30": "11.75050", "2008-03-31": "12.29760", "2007-12-31": "7.77790", "2007-09-30": "10.87320", "2007-06-30": "12.90670", "2007-03-31": "12.34670", "2006-12-31": "7.81630", "2006-09-30": "9.92520", "2006-06-30": "10.04120", "2006-03-31": "10.12050", "2005-12-31": "8.83300", "2005-09-30": "10.16440", "2005-06-30": "11.06630", "2005-03-31": "8.42540"}, "EBITDA Margin": {"2020-09-30": "", "2020-06-30": "", "2020-03-31": "", "2019-12-31": "", "2019-09-30": "", "2019-06-30": "", "2019-03-31": "", "2018-12-31": "", "2018-09-30": "", "2018-06-30": "", "2018-03-31": "", "2017-12-31": "", "2017-09-30": "", "2017-06-30": "", "2017-03-31": "", "2016-12-31": "", "2016-09-30": "", "2016-06-30": "", "2016-03-31": "", "2015-12-31": "", "2015-09-30": "", "2015-06-30": "", "2015-03-31": "", "2014-12-31": "", "2014-09-30": "", "2014-06-30": "", "2014-03-31": "", "2013-12-31": "", "2013-09-30": "", "2013-06-30": "", "2013-03-31": "", "2012-12-31": "", "2012-09-30": "", "2012-06-30": "", "2012-03-31": "", "2011-12-31": "", "2011-09-30": "", "2011-06-30": "", "2011-03-31": "", "2010-12-31": "", "2010-09-30": "", "2010-06-30": "", "2010-03-31": "", "2009-12-31": "", "2009-09-30": "", "2009-06-30": "", "2009-03-31": "", "2008-12-31": "", "2008-09-30": "", "2008-06-30": "", "2008-03-31": "", "2007-12-31": "", "2007-09-30": "", "2007-06-30": "", "2007-03-31": "", "2006-12-31": "", "2006-09-30": "", "2006-06-30": "", "2006-03-31": "", "2005-12-31": "", "2005-09-30": "", "2005-06-30": "", "2005-03-31": ""}, "Pre-Tax Profit Margin": {"2020-09-30": "7.47730", "2020-06-30": "6.80920", "2020-03-31": "6.82000", "2019-12-31": "1.04710", "2019-09-30": "2.87660", "2019-06-30": "4.36160", "2019-03-31": "8.27370", "2018-12-31": "1.27630", "2018-09-30": "4.47190", "2018-06-30": "5.17930", "2018-03-31": "6.61220", "2017-12-31": "1.14680", "2017-09-30": "-18.86490", "2017-06-30": "1.76420", "2017-03-31": "6.21970", "2016-12-31": "-0.85140", "2016-09-30": "2.28310", "2016-06-30": "3.86100", "2016-03-31": "1.83410", "2015-12-31": "-0.68810", "2015-09-30": "7.86030", "2015-06-30": "3.44830", "2015-03-31": "23.32270", "2014-12-31": "-2.51770", "2014-09-30": "-8.74270", "2014-06-30": "-3.18640", "2014-03-31": "2.67160", "2013-12-31": "-0.97370", "2013-09-30": "-1.50600", "2013-06-30": "25.32260", "2013-03-31": "0.85350", "2012-12-31": "-3.94050", "2012-09-30": "4.56900", "2012-06-30": "6.93060", "2012-03-31": "7.27360", "2011-12-31": "1.23230", "2011-09-30": "10.69570", "2011-06-30": "9.47920", "2011-03-31": "6.70990", "2010-12-31": "1.48840", "2010-09-30": "6.54480", "2010-06-30": "6.80540", "2010-03-31": "8.19610", "2009-12-31": "2.29340", "2009-09-30": "6.08160", "2009-06-30": "11.44420", "2009-03-31": "10.95980", "2008-12-31": "-26.20890", "2008-09-30": "14.10530", "2008-06-30": "12.51830", "2008-03-31": "11.18850", "2007-12-31": "-4.97380", "2007-09-30": "25.90700", "2007-06-30": "4.04800", "2007-03-31": "32.72940", "2006-12-31": "-15.39850", "2006-09-30": "10.94470", "2006-06-30": "27.67560", "2006-03-31": "7.46340", "2005-12-31": "78.75490", "2005-09-30": "7.29040", "2005-06-30": "18.88640", "2005-03-31": "4.93780"}, "Net Profit Margin": {"2020-09-30": "5.89120", "2020-06-30": "5.14650", "2020-03-31": "5.47180", "2019-12-31": "0.82270", "2019-09-30": "1.36260", "2019-06-30": "2.61700", "2019-03-31": "4.69370", "2018-12-31": "1.27630", "2018-09-30": "3.54660", "2018-06-30": "2.62950", "2018-03-31": "3.18370", "2017-12-31": "21.94190", "2017-09-30": "-14.46840", "2017-06-30": "0.80190", "2017-03-31": "2.98870", "2016-12-31": "-0.46440", "2016-09-30": "0.98930", "2016-06-30": "2.16220", "2016-03-31": "0.63800", "2015-12-31": "-0.07650", "2015-09-30": "3.71180", "2015-06-30": "1.80250", "2015-03-31": "11.66130", "2014-12-31": "-1.24550", "2014-09-30": "-9.06560", "2014-06-30": "-1.78340", "2014-03-31": "1.52530", "2013-12-31": "-0.51290", "2013-09-30": "-0.80640", "2013-06-30": "12.70720", "2013-03-31": "0.10750", "2012-12-31": "-3.10950", "2012-09-30": "2.12430", "2012-06-30": "3.19880", "2012-03-31": "4.00080", "2011-12-31": "-0.47090", "2011-09-30": "5.37810", "2011-06-30": "7.18500", "2011-03-31": "3.45540", "2010-12-31": "1.16250", "2010-09-30": "3.26960", "2010-06-30": "3.26850", "2010-03-31": "3.95950", "2009-12-31": "1.08860", "2009-09-30": "2.92290", "2009-06-30": "5.34200", "2009-03-31": "5.91610", "2008-12-31": "-13.77180", "2008-09-30": "7.75790", "2008-06-30": "6.88540", "2008-03-31": "5.88220", "2007-12-31": "-4.53330", "2007-09-30": "18.73450", "2007-06-30": "-0.72430", "2007-03-31": "18.96250", "2006-12-31": "-10.33620", "2006-09-30": "6.76110", "2006-06-30": "15.59940", "2006-03-31": "3.39410", "2005-12-31": "47.96720", "2005-09-30": "3.75170", "2005-06-30": "10.00190", "2005-03-31": "2.45770"}, "Asset Turnover": {"2020-09-30": "0.11130", "2020-06-30": "0.11320", "2020-03-31": "0.11570", "2019-12-31": "0.12400", "2019-09-30": "0.12140", "2019-06-30": "0.11680", "2019-03-31": "0.11650", "2018-12-31": "0.13620", "2018-09-30": "0.13340", "2018-06-30": "0.13210", "2018-03-31": "0.12920", "2017-12-31": "0.14070", "2017-09-30": "0.13580", "2017-06-30": "0.13300", "2017-03-31": "0.13240", "2016-12-31": "0.13680", "2016-09-30": "0.13910", "2016-06-30": "0.13740", "2016-03-31": "0.13360", "2015-12-31": "0.13880", "2015-09-30": "0.14750", "2015-06-30": "0.14200", "2015-03-31": "0.13920", "2014-12-31": "0.14640", "2014-09-30": "0.14810", "2014-06-30": "0.14200", "2014-03-31": "0.13670", "2013-12-31": "0.13290", "2013-09-30": "0.13570", "2013-06-30": "0.14030", "2013-03-31": "0.15390", "2012-12-31": "0.15610", "2012-09-30": "0.16330", "2012-06-30": "0.15970", "2012-03-31": "0.15980", "2011-12-31": "0.16060", "2011-09-30": "0.16240", "2011-06-30": "0.16160", "2011-03-31": "0.15590", "2010-12-31": "0.16450", "2010-09-30": "0.16460", "2010-06-30": "0.16190", "2010-03-31": "0.16080", "2009-12-31": "0.16580", "2009-09-30": "0.16260", "2009-06-30": "0.16220", "2009-03-31": "0.16440", "2008-12-31": "0.16510", "2008-09-30": "0.15990", "2008-06-30": "0.15390", "2008-03-31": "0.13520", "2007-12-31": "0.12560", "2007-09-30": "0.12510", "2007-06-30": "0.11240", "2007-03-31": "0.11100", "2006-12-31": "0.10610", "2006-09-30": "0.10760", "2006-06-30": "0.10210", "2006-03-31": "0.10210", "2005-12-31": "0.09990", "2005-09-30": "0.09870", "2005-06-30": "0.09280", "2005-03-31": "0.08750"}, "Inventory Turnover Ratio": {"2020-09-30": "3.65240", "2020-06-30": "3.59870", "2020-03-31": "2.47250", "2019-12-31": "3.71600", "2019-09-30": "4.13610", "2019-06-30": "3.59090", "2019-03-31": "3.32120", "2018-12-31": "4.20670", "2018-09-30": "4.58330", "2018-06-30": "3.69930", "2018-03-31": "3.49020", "2017-12-31": "4.39310", "2017-09-30": "5.46730", "2017-06-30": "3.92620", "2017-03-31": "3.65560", "2016-12-31": "4.09270", "2016-09-30": "4.22970", "2016-06-30": "3.29350", "2016-03-31": "3.61880", "2015-12-31": "3.86080", "2015-09-30": "3.48050", "2015-06-30": "4.08360", "2015-03-31": "3.17420", "2014-12-31": "2.49360", "2014-09-30": "3.33720", "2014-06-30": "2.91180", "2014-03-31": "2.59050", "2013-12-31": "2.73310", "2013-09-30": "3.21950", "2013-06-30": "3.05710", "2013-03-31": "3.89270", "2012-12-31": "3.95310", "2012-09-30": "2.97710", "2012-06-30": "2.78830", "2012-03-31": "3.77390", "2011-12-31": "4.32660", "2011-09-30": "3.43050", "2011-06-30": "2.88280", "2011-03-31": "4.29410", "2010-12-31": "4.64180", "2010-09-30": "3.91680", "2010-06-30": "3.62980", "2010-03-31": "2.81470", "2009-12-31": "3.15370", "2009-09-30": "3.78760", "2009-06-30": "3.29120", "2009-03-31": "4.12130", "2008-12-31": "3.94520", "2008-09-30": "3.94900", "2008-06-30": "3.62300", "2008-03-31": "3.46650", "2007-12-31": "3.84740", "2007-09-30": "3.43060", "2007-06-30": "3.14960", "2007-03-31": "3.54290", "2006-12-31": "3.14380", "2006-09-30": "4.37090", "2006-06-30": "3.93470", "2006-03-31": "3.90530", "2005-12-31": "3.67500", "2005-09-30": "5.65490", "2005-06-30": "5.08800", "2005-03-31": "4.07880"}, "Receiveable Turnover": {"2020-09-30": "1.03280", "2020-06-30": "1.03190", "2020-03-31": "1.08430", "2019-12-31": "1.15260", "2019-09-30": "1.18050", "2019-06-30": "1.14740", "2019-03-31": "1.16930", "2018-12-31": "1.19890", "2018-09-30": "1.22240", "2018-06-30": "1.27020", "2018-03-31": "1.26940", "2017-12-31": "1.35830", "2017-09-30": "1.43300", "2017-06-30": "1.47230", "2017-03-31": "1.48800", "2016-12-31": "1.50060", "2016-09-30": "1.58310", "2016-06-30": "1.56020", "2016-03-31": "1.58330", "2015-12-31": "1.49830", "2015-09-30": "1.77170", "2015-06-30": "1.81280", "2015-03-31": "1.90020", "2014-12-31": "1.89650", "2014-09-30": "1.96180", "2014-06-30": "1.98060", "2014-03-31": "1.94460", "2013-12-31": "1.61880", "2013-09-30": "1.71950", "2013-06-30": "2.52920", "2013-03-31": "2.58250", "2012-12-31": "2.34400", "2012-09-30": "2.32300", "2012-06-30": "2.39910", "2012-03-31": "2.58710", "2011-12-31": "2.42680", "2011-09-30": "2.21980", "2011-06-30": "2.19460", "2011-03-31": "2.46180", "2010-12-31": "2.19020", "2010-09-30": "2.28060", "2010-06-30": "2.47260", "2010-03-31": "2.51130", "2009-12-31": "2.44790", "2009-09-30": "2.32390", "2009-06-30": "2.29490", "2009-03-31": "2.50230", "2008-12-31": "2.44430", "2008-09-30": "2.40180", "2008-06-30": "2.34830", "2008-03-31": "2.45220", "2007-12-31": "2.34290", "2007-09-30": "2.27070", "2007-06-30": "2.23730", "2007-03-31": "2.37120", "2006-12-31": "2.16220", "2006-09-30": "2.19170", "2006-06-30": "2.09410", "2006-03-31": "2.21450", "2005-12-31": "2.08270", "2005-09-30": "2.27350", "2005-06-30": "2.15700", "2005-03-31": "2.22170"}, "Days Sales In Receivables": {"2020-09-30": "87.14500", "2020-06-30": "87.22090", "2020-03-31": "83.00560", "2019-12-31": "78.08530", "2019-09-30": "76.23770", "2019-06-30": "78.43780", "2019-03-31": "76.96900", "2018-12-31": "75.06760", "2018-09-30": "73.62380", "2018-06-30": "70.85260", "2018-03-31": "70.89800", "2017-12-31": "66.26150", "2017-09-30": "62.80580", "2017-06-30": "61.13070", "2017-03-31": "60.48470", "2016-12-31": "59.97680", "2016-09-30": "56.84930", "2016-06-30": "57.68340", "2016-03-31": "56.84210", "2015-12-31": "60.06880", "2015-09-30": "50.79880", "2015-06-30": "49.64760", "2015-03-31": "47.36420", "2014-12-31": "47.45500", "2014-09-30": "45.87720", "2014-06-30": "45.44150", "2014-03-31": "46.28140", "2013-12-31": "55.59720", "2013-09-30": "52.34040", "2013-06-30": "35.58450", "2013-03-31": "34.85010", "2012-12-31": "38.39640", "2012-09-30": "38.74230", "2012-06-30": "37.51440", "2012-03-31": "34.78740", "2011-12-31": "37.08580", "2011-09-30": "40.54400", "2011-06-30": "41.00940", "2011-03-31": "36.55910", "2010-12-31": "41.09300", "2010-09-30": "39.46380", "2010-06-30": "36.39940", "2010-03-31": "35.83830", "2009-12-31": "36.76630", "2009-09-30": "38.72750", "2009-06-30": "39.21720", "2009-03-31": "35.96700", "2008-12-31": "36.82020", "2008-09-30": "37.47160", "2008-06-30": "38.32520", "2008-03-31": "36.70180", "2007-12-31": "38.41440", "2007-09-30": "39.63530", "2007-06-30": "40.22780", "2007-03-31": "37.95530", "2006-12-31": "41.62500", "2006-09-30": "41.06470", "2006-06-30": "42.97790", "2006-03-31": "40.64140", "2005-12-31": "43.21370", "2005-09-30": "39.58730", "2005-06-30": "41.72370", "2005-03-31": "40.51040"}, "ROE - Return On Equity": {"2020-09-30": "1.66400", "2020-06-30": "1.41740", "2020-03-31": "1.52320", "2019-12-31": "0.27760", "2019-09-30": "0.42650", "2019-06-30": "0.72320", "2019-03-31": "1.30670", "2018-12-31": "0.39680", "2018-09-30": "1.00950", "2018-06-30": "0.85070", "2018-03-31": "1.10920", "2017-12-31": "6.80700", "2017-09-30": "-5.06690", "2017-06-30": "0.25040", "2017-03-31": "0.89770", "2016-12-31": "-0.12630", "2016-09-30": "0.33660", "2016-06-30": "0.67580", "2016-03-31": "0.21240", "2015-12-31": "-0.02130", "2015-09-30": "1.31860", "2015-06-30": "0.55940", "2015-03-31": "3.81180", "2014-12-31": "-0.45730", "2014-09-30": "-2.70290", "2014-06-30": "-0.55630", "2014-03-31": "0.43390", "2013-12-31": "-0.16090", "2013-09-30": "-0.23660", "2013-06-30": "3.81070", "2013-03-31": "0.15090", "2012-12-31": "-0.88090", "2012-09-30": "0.84330", "2012-06-30": "1.18490", "2012-03-31": "1.44730", "2011-12-31": "-0.04370", "2011-09-30": "1.90590", "2011-06-30": "2.42050", "2011-03-31": "1.21120", "2010-12-31": "0.50160", "2010-09-30": "1.19350", "2010-06-30": "1.16960", "2010-03-31": "1.39250", "2009-12-31": "0.68810", "2009-09-30": "0.82570", "2009-06-30": "1.93670", "2009-03-31": "2.13910", "2008-12-31": "-4.57070", "2008-09-30": "3.04660", "2008-06-30": "2.66390", "2008-03-31": "2.29350", "2007-12-31": "0.42760", "2007-09-30": "4.82640", "2007-06-30": "-0.22610", "2007-03-31": "6.02690", "2006-12-31": "-3.25550", "2006-09-30": "2.09500", "2006-06-30": "4.77660", "2006-03-31": "1.05890", "2005-12-31": "15.17980", "2005-09-30": "1.15910", "2005-06-30": "2.97170", "2005-03-31": "0.71970"}, "Return On Tangible Equity": {"2020-09-30": "4.25430", "2020-06-30": "3.71430", "2020-03-31": "3.84440", "2019-12-31": "0.70160", "2019-09-30": "1.05550", "2019-06-30": "1.80140", "2019-03-31": "2.94240", "2018-12-31": "0.89900", "2018-09-30": "2.32150", "2018-06-30": "2.03990", "2018-03-31": "2.69250", "2017-12-31": "17.78850", "2017-09-30": "-14.93210", "2017-06-30": "0.68220", "2017-03-31": "2.06140", "2016-12-31": "-0.33110", "2016-09-30": "0.77070", "2016-06-30": "1.54810", "2016-03-31": "0.48050", "2015-12-31": "-0.04890", "2015-09-30": "3.03630", "2015-06-30": "1.31030", "2015-03-31": "9.02800", "2014-12-31": "-0.94060", "2014-09-30": "-5.43340", "2014-06-30": "-1.13390", "2014-03-31": "0.87230", "2013-12-31": "-0.32130", "2013-09-30": "-0.46630", "2013-06-30": "7.27840", "2013-03-31": "0.30600", "2012-12-31": "-1.76720", "2012-09-30": "1.72390", "2012-06-30": "2.39850", "2012-03-31": "2.91300", "2011-12-31": "-0.08900", "2011-09-30": "3.86200", "2011-06-30": "4.73650", "2011-03-31": "2.39590", "2010-12-31": "0.99710", "2010-09-30": "2.33980", "2010-06-30": "2.29840", "2010-03-31": "2.73000", "2009-12-31": "1.35390", "2009-09-30": "1.60360", "2009-06-30": "3.73520", "2009-03-31": "4.13410", "2008-12-31": "-8.89710", "2008-09-30": "8.14700", "2008-06-30": "7.25660", "2008-03-31": "6.29460", "2007-12-31": "0.97010", "2007-09-30": "11.05820", "2007-06-30": "-0.53330", "2007-03-31": "15.05180", "2006-12-31": "-8.28980", "2006-09-30": "5.99730", "2006-06-30": "13.37620", "2006-03-31": "3.09080", "2005-12-31": "41.20450", "2005-09-30": "3.41470", "2005-06-30": "8.98500", "2005-03-31": "2.25880"}, "ROA - Return On Assets": {"2020-09-30": "0.78180", "2020-06-30": "0.69890", "2020-03-31": "0.76180", "2019-12-31": "0.13910", "2019-09-30": "0.21140", "2019-06-30": "0.36130", "2019-03-31": "0.64890", "2018-12-31": "0.21470", "2018-09-30": "0.54530", "2018-06-30": "0.46330", "2018-03-31": "0.60120", "2017-12-31": "3.58260", "2017-09-30": "-2.50810", "2017-06-30": "0.12800", "2017-03-31": "0.45990", "2016-12-31": "-0.06350", "2016-09-30": "0.16930", "2016-06-30": "0.33950", "2016-03-31": "0.10660", "2015-12-31": "-0.01060", "2015-09-30": "0.66540", "2015-06-30": "0.28930", "2015-03-31": "1.95640", "2014-12-31": "-0.23000", "2014-09-30": "-1.40270", "2014-06-30": "-0.29540", "2014-03-31": "0.23190", "2013-12-31": "-0.08440", "2013-09-30": "-0.12710", "2013-06-30": "2.03770", "2013-03-31": "0.08220", "2012-12-31": "-0.47550", "2012-09-30": "0.47860", "2012-06-30": "0.67530", "2012-03-31": "0.82670", "2011-12-31": "-0.02450", "2011-09-30": "1.08080", "2011-06-30": "1.38540", "2011-03-31": "0.67270", "2010-12-31": "0.29100", "2010-09-30": "0.69580", "2010-06-30": "0.68840", "2010-03-31": "0.81910", "2009-12-31": "0.40020", "2009-09-30": "0.47550", "2009-06-30": "1.13480", "2009-03-31": "1.25170", "2008-12-31": "-2.63800", "2008-09-30": "1.50760", "2008-06-30": "1.28320", "2008-03-31": "0.97970", "2007-12-31": "0.16970", "2007-09-30": "1.91050", "2007-06-30": "-0.08130", "2007-03-31": "2.10490", "2006-12-31": "-1.09660", "2006-09-30": "0.72830", "2006-06-30": "1.59260", "2006-03-31": "0.34690", "2005-12-31": "4.78560", "2005-09-30": "0.36760", "2005-06-30": "0.92890", "2005-03-31": "0.21560"}, "ROI - Return On Investment": {"2020-09-30": "1.08660", "2020-06-30": "0.97620", "2020-03-31": "1.06220", "2019-12-31": "0.19430", "2019-09-30": "0.29490", "2019-06-30": "0.49990", "2019-03-31": "0.90080", "2018-12-31": "0.27230", "2018-09-30": "0.69080", "2018-06-30": "0.57900", "2018-03-31": "0.75300", "2017-12-31": "4.54360", "2017-09-30": "-3.29910", "2017-06-30": "0.16620", "2017-03-31": "0.59540", "2016-12-31": "-0.08350", "2016-09-30": "0.22250", "2016-06-30": "0.44620", "2016-03-31": "0.14000", "2015-12-31": "-0.01400", "2015-09-30": "0.89690", "2015-06-30": "0.39150", "2015-03-31": "2.66200", "2014-12-31": "-0.31850", "2014-09-30": "-1.95370", "2014-06-30": "-0.40550", "2014-03-31": "0.31720", "2013-12-31": "-0.11750", "2013-09-30": "-0.17290", "2013-06-30": "2.78620", "2013-03-31": "0.11000", "2012-12-31": "-0.64300", "2012-09-30": "0.63830", "2012-06-30": "0.89480", "2012-03-31": "1.08990", "2011-12-31": "-0.03280", "2011-09-30": "1.43260", "2011-06-30": "1.80940", "2011-03-31": "0.90480", "2010-12-31": "0.37550", "2010-09-30": "0.89550", "2010-06-30": "0.87710", "2010-03-31": "1.04390", "2009-12-31": "0.51450", "2009-09-30": "0.60530", "2009-06-30": "1.42290", "2009-03-31": "1.57100", "2008-12-31": "-3.34280", "2008-09-30": "2.16970", "2008-06-30": "1.88940", "2008-03-31": "1.62150", "2007-12-31": "0.30200", "2007-09-30": "3.40490", "2007-06-30": "-0.15830", "2007-03-31": "4.16010", "2006-12-31": "-2.23370", "2006-09-30": "1.44050", "2006-06-30": "3.25460", "2006-03-31": "0.71520", "2005-12-31": "10.06790", "2005-09-30": "0.76990", "2005-06-30": "1.88970", "2005-03-31": "0.44410"}, "Book Value Per Share": {"2020-09-30": "49.02630", "2020-06-30": "48.27190", "2020-03-31": "47.79820", "2019-12-31": "46.99130", "2019-09-30": "47.30700", "2019-06-30": "47.30700", "2019-03-31": "46.99120", "2018-12-31": "46.42980", "2018-09-30": "46.46020", "2018-06-30": "46.17860", "2018-03-31": "45.88390", "2017-12-31": "44.07210", "2017-09-30": "41.07210", "2017-06-30": "43.17120", "2017-03-31": "43.55460", "2016-12-31": "43.18180", "2016-09-30": "43.21820", "2016-06-30": "43.44950", "2016-03-31": "43.19270", "2015-12-31": "43.15600", "2015-09-30": "43.24040", "2015-06-30": "42.81770", "2015-03-31": "42.74400", "2014-12-31": "41.28870", "2014-09-30": "41.56290", "2014-06-30": "42.73990", "2014-03-31": "43.01970", "2013-12-31": "42.94070", "2013-09-30": "43.06640", "2013-06-30": "43.23940", "2013-03-31": "42.84890", "2012-12-31": "43.10180", "2012-09-30": "43.81790", "2012-06-30": "43.46500", "2012-03-31": "43.01740", "2011-12-31": "42.43820", "2011-09-30": "41.19360", "2011-06-30": "40.37510", "2011-03-31": "39.81190", "2010-12-31": "42.96620", "2010-09-30": "39.52530", "2010-06-30": "39.24430", "2010-03-31": "38.97290", "2009-12-31": "38.41650", "2009-09-30": "38.48340", "2009-06-30": "37.84820", "2009-03-31": "36.87590", "2008-12-31": "33.59010", "2008-09-30": "32.26400", "2008-06-30": "31.66520", "2008-03-31": "31.07000", "2007-12-31": "30.65660", "2007-09-30": "30.49600", "2007-06-30": "29.65880", "2007-03-31": "28.66700", "2006-12-31": "28.17220", "2006-09-30": "28.56560", "2006-06-30": "27.76870", "2006-03-31": "27.04090", "2005-12-31": "25.61270", "2005-09-30": "26.30540", "2005-06-30": "25.95070", "2005-03-31": "25.59570"}, "Operating Cash Flow Per Share": {"2020-09-30": 3.1304, "2020-06-30": 3.8449, "2020-03-31": "3.16380", "2019-12-31": 1.2241, "2019-09-30": 2.4311, "2019-06-30": 2.2844, "2019-03-31": "2.81900", "2018-12-31": 1.7983, "2018-09-30": 3.0255, "2018-06-30": 2.2035, "2018-03-31": "1.89380", "2017-12-31": 1.334, "2017-09-30": 2.3982, "2017-06-30": 1.9732, "2017-03-31": "1.22320", "2016-12-31": 1.2973, "2016-09-30": 2.1441, "2016-06-30": 1.3672, "2016-03-31": "2.23640", "2015-12-31": 0.5727, "2015-09-30": 1.7182, "2015-06-30": 1.634, "2015-03-31": "3.25690", "2014-12-31": -0.9265, "2014-09-30": 1.6806, "2014-06-30": 1.9465, "2014-03-31": "0.95680", "2013-12-31": 0.4989, "2013-09-30": -0.7549, "2013-06-30": 2.5217, "2013-03-31": "2.26650", "2012-12-31": 3.1834, "2012-09-30": 2.3121, "2012-06-30": 2.0625, "2012-03-31": "2.58710", "2011-12-31": 2.8721, "2011-09-30": 3.4862, "2011-06-30": 2.1161, "2011-03-31": "3.03550", "2010-12-31": 3.0588, "2010-09-30": 2.3181, "2010-06-30": 2.5396, "2010-03-31": "1.82400", "2009-12-31": 2.7992, "2009-09-30": 3.0982, "2009-06-30": 1.8537, "2009-03-31": "1.82680", "2008-12-31": 1.7151, "2008-09-30": 1.1007, "2008-06-30": 1.808, "2008-03-31": "2.09380", "2007-12-31": 1.3176, "2007-09-30": 1.0873, "2007-06-30": 2.6361, "2007-03-31": "2.22620", "2006-12-31": 1.7427, "2006-09-30": 1.5005, "2006-06-30": 2.0954, "2006-03-31": "1.68640", "2005-12-31": 1.5231, "2005-09-30": 1.2452, "2005-06-30": 2.9179, "2005-03-31": "1.19450"}, "Free Cash Flow Per Share": {"2020-09-30": 0.487, "2020-06-30": 1.7905, "2020-03-31": "-0.08620", "2019-12-31": -1.5862, "2019-09-30": 0.3793, "2019-06-30": 0.2327, "2019-03-31": "1.48280", "2018-12-31": -1.0878, "2018-09-30": 1.5381, "2018-06-30": 0.9292, "2018-03-31": "0.73450", "2017-12-31": -1.1965, "2017-09-30": 0.9733, "2017-06-30": 0.9464, "2017-03-31": "0.08930", "2016-12-31": -0.5946, "2016-09-30": 0.8378, "2016-06-30": 0.2812, "2016-03-31": "0.79090", "2015-12-31": -1.6364, "2015-09-30": -0.0909, "2015-06-30": -0.1066, "2015-03-31": "1.73390", "2014-12-31": -3.2095, "2014-09-30": -0.308, "2014-06-30": 0.1958, "2014-03-31": "-0.41900", "2013-12-31": -1.7842, "2013-09-30": -3.0418, "2013-06-30": 0.6155, "2013-03-31": "0.64430", "2012-12-31": 0.7353, "2012-09-30": 0.219, "2012-06-30": -0.311, "2012-03-31": "0.36330", "2011-12-31": -0.5007, "2011-09-30": 1.1667, "2011-06-30": 0.3403, "2011-03-31": "1.59640", "2010-12-31": 0.6156, "2010-09-30": 0.8326, "2010-06-30": 1.0473, "2010-03-31": "0.55450", "2009-12-31": 0.8759, "2009-09-30": 1.6909, "2009-06-30": 0.7948, "2009-03-31": "0.47470", "2008-12-31": -0.2604, "2008-09-30": -0.3843, "2008-06-30": 0.4839, "2008-03-31": "1.06270", "2007-12-31": -0.5338, "2007-09-30": -0.0697, "2007-06-30": 1.2578, "2007-03-31": "1.21040", "2006-12-31": 0.1214, "2006-09-30": 0.0387, "2006-06-30": 0.6274, "2006-03-31": "0.54930", "2005-12-31": -0.4236, "2005-09-30": -0.0002, "2005-06-30": 1.5513, "2005-03-31": "0.12230"}}, "revenue": {"Telephone And Data Systems Annual Revenue (Millions of US $)": {"2019": "$5,176", "2018": "$5,109", "2017": "$5,044", "2016": "$5,155", "2015": "$5,210", "2014": "$5,009", "2013": "$4,901", "2012": "$5,345", "2011": "$5,180", "2010": "$4,987", "2009": "$5,020", "2008": "$5,091", "2007": "$4,829", "2006": "$4,365", "2005": "$3,953"}, "Telephone And Data Systems Quarterly Revenue (Millions of US $)": {"2020-09-30": "$1,324", "2020-06-30": "$1,263", "2020-03-31": "$1,261", "2019-12-31": "$1,337", "2019-09-30": "$1,321", "2019-06-30": "$1,261", "2019-03-31": "$1,257", "2018-12-31": "$1,332", "2018-09-30": "$1,297", "2018-06-30": "$1,255", "2018-03-31": "$1,225", "2017-12-31": "$1,308", "2017-09-30": "$1,251", "2017-06-30": "$1,247", "2017-03-31": "$1,238", "2016-12-31": "$1,292", "2016-09-30": "$1,314", "2016-06-30": "$1,295", "2016-03-31": "$1,254", "2015-12-31": "$1,308", "2015-09-30": "$1,374", "2015-06-30": "$1,276", "2015-03-31": "$1,252", "2014-12-31": "$1,297", "2014-09-30": "$1,280", "2014-06-30": "$1,236", "2014-03-31": "$1,196", "2013-12-31": "$1,184", "2013-09-30": "$1,181", "2013-06-30": "$1,228", "2013-03-31": "$1,309", "2012-12-31": "$1,346", "2012-09-30": "$1,370", "2012-06-30": "$1,323", "2012-03-31": "$1,306", "2011-12-31": "$1,317", "2011-09-30": "$1,325", "2011-06-30": "$1,280", "2011-03-31": "$1,259", "2010-12-31": "$1,266", "2010-09-30": "$1,266", "2010-06-30": "$1,232", "2010-03-31": "$1,222", "2009-12-31": "$1,262", "2009-09-30": "$1,258", "2009-06-30": "$1,242", "2009-03-31": "$1,258", "2008-12-31": "$1,263", "2008-09-30": "$1,305", "2008-06-30": "$1,274", "2008-03-31": "$1,249", "2007-12-31": "$1,243", "2007-09-30": "$1,237", "2007-06-30": "$1,193", "2007-03-31": "$1,157", "2006-12-31": "$1,125", "2006-09-30": "$1,112", "2006-06-30": "$1,069", "2006-03-31": "$1,059", "2005-12-31": "$1,019", "2005-09-30": "$1,028", "2005-06-30": "$970", "2005-03-31": "$936"}}, "gross-profit": {"Telephone And Data Systems Annual Gross Profit (Millions of US $)": {"2019": "$2,839", "2018": "$2,773", "2017": "$2,685", "2016": "$2,726", "2015": "$2,795", "2014": "$2,498", "2013": "$2,676", "2012": "$3,073", "2011": "$3,130", "2010": "$3,062", "2009": "$3,149", "2008": "$3,239", "2007": "$3,135", "2006": "$2,823", "2005": "$2,519"}, "Telephone And Data Systems Quarterly Gross Profit (Millions of US $)": {"2020-09-30": "$725", "2020-06-30": "$716", "2020-03-31": "$722", "2019-12-31": "$709", "2019-09-30": "$713", "2019-06-30": "$708", "2019-03-31": "$709", "2018-12-31": "$701", "2018-09-30": "$692", "2018-06-30": "$689", "2018-03-31": "$691", "2017-12-31": "$671", "2017-09-30": "$666", "2017-06-30": "$662", "2017-03-31": "$686", "2016-12-31": "$674", "2016-09-30": "$688", "2016-06-30": "$689", "2016-03-31": "$675", "2015-12-31": "$698", "2015-09-30": "$734", "2015-06-30": "$677", "2015-03-31": "$686", "2014-12-31": "$614", "2014-09-30": "$634", "2014-06-30": "$637", "2014-03-31": "$613", "2013-12-31": "$515", "2013-09-30": "$700", "2013-06-30": "$712", "2013-03-31": "$749", "2012-12-31": "$711", "2012-09-30": "$770", "2012-06-30": "$795", "2012-03-31": "$797", "2011-12-31": "$754", "2011-09-30": "$800", "2011-06-30": "$804", "2011-03-31": "$772", "2010-12-31": "$726", "2010-09-30": "$779", "2010-06-30": "$779", "2010-03-31": "$778", "2009-12-31": "$767", "2009-09-30": "$780", "2009-06-30": "$811", "2009-03-31": "$791", "2008-12-31": "$781", "2008-09-30": "$838", "2008-06-30": "$818", "2008-03-31": "$803", "2007-12-31": "$797", "2007-09-30": "$803", "2007-06-30": "$780", "2007-03-31": "$755", "2006-12-31": "$719", "2006-09-30": "$722", "2006-06-30": "$699", "2006-03-31": "$683", "2005-12-31": "$640", "2005-09-30": "$654", "2005-06-30": "$628", "2005-03-31": "$597"}}, "operating-income": {"Telephone And Data Systems Annual Operating Income (Millions of US $)": {"2019": "$179", "2018": "$205", "2017": "$-108", "2016": "$108", "2015": "$431", "2014": "$-190", "2013": "$235", "2012": "$184", "2011": "$363", "2010": "$296", "2009": "$408", "2008": "$129", "2007": "$528", "2006": "$413", "2005": "$381"}, "Telephone And Data Systems Quarterly Operating Income (Millions of US $)": {"2020-09-30": "$87", "2020-06-30": "$78", "2020-03-31": "$72", "2019-12-31": "$8", "2019-09-30": "$29", "2019-06-30": "$48", "2019-03-31": "$94", "2018-12-31": "$13", "2018-09-30": "$51", "2018-06-30": "$61", "2018-03-31": "$80", "2017-12-31": "$17", "2017-09-30": "$-233", "2017-06-30": "$27", "2017-03-31": "$81", "2016-12-31": "$-4", "2016-09-30": "$33", "2016-06-30": "$53", "2016-03-31": "$26", "2015-12-31": "$23", "2015-09-30": "$93", "2015-06-30": "$32", "2015-03-31": "$283", "2014-12-31": "$-36", "2014-09-30": "$-125", "2014-06-30": "$-49", "2014-03-31": "$21", "2013-12-31": "$-21", "2013-09-30": "$-33", "2013-06-30": "$282", "2013-03-31": "$7", "2012-12-31": "$-56", "2012-09-30": "$56", "2012-06-30": "$91", "2012-03-31": "$94", "2011-12-31": "$19", "2011-09-30": "$127", "2011-06-30": "$127", "2011-03-31": "$89", "2010-12-31": "$23", "2010-09-30": "$85", "2010-06-30": "$86", "2010-03-31": "$102", "2009-12-31": "$35", "2009-09-30": "$80", "2009-06-30": "$153", "2009-03-31": "$140", "2008-12-31": "$-327", "2008-09-30": "$152", "2008-06-30": "$150", "2008-03-31": "$154", "2007-12-31": "$97", "2007-09-30": "$134", "2007-06-30": "$154", "2007-03-31": "$143", "2006-12-31": "$88", "2006-09-30": "$110", "2006-06-30": "$107", "2006-03-31": "$107", "2005-12-31": "$90", "2005-09-30": "$104", "2005-06-30": "$107", "2005-03-31": "$79"}}, "ebitda": {"Telephone And Data Systems Annual EBITDA (Millions of US $)": {"2019": "$1,111", "2018": "$1,088", "2017": "$998", "2016": "$958", "2015": "$1,275", "2014": "$647", "2013": "$1,253", "2012": "$997", "2011": "$1,128", "2010": "$1,052", "2009": "$1,152", "2008": "$879", "2007": "$1,276", "2006": "$1,131", "2005": "$1,039"}, "Telephone And Data Systems Quarterly EBITDA (Millions of US $)": {"2020-09-30": "$302", "2020-06-30": "$313", "2020-03-31": "$307", "2019-12-31": "$243", "2019-09-30": "$266", "2019-06-30": "$281", "2019-03-31": "$321", "2018-12-31": "$234", "2018-09-30": "$272", "2018-06-30": "$281", "2018-03-31": "$301", "2017-12-31": "$229", "2017-09-30": "$239", "2017-06-30": "$238", "2017-03-31": "$292", "2016-12-31": "$210", "2016-09-30": "$247", "2016-06-30": "$263", "2016-03-31": "$238", "2015-12-31": "$239", "2015-09-30": "$303", "2015-06-30": "$243", "2015-03-31": "$490", "2014-12-31": "$166", "2014-09-30": "$80", "2014-06-30": "$155", "2014-03-31": "$246", "2013-12-31": "$246", "2013-09-30": "$222", "2013-06-30": "$536", "2013-03-31": "$249", "2012-12-31": "$165", "2012-09-30": "$252", "2012-06-30": "$290", "2012-03-31": "$291", "2011-12-31": "$211", "2011-09-30": "$317", "2011-06-30": "$320", "2011-03-31": "$280", "2010-12-31": "$213", "2010-09-30": "$271", "2010-06-30": "$277", "2010-03-31": "$291", "2009-12-31": "$222", "2009-09-30": "$270", "2009-06-30": "$337", "2009-03-31": "$323", "2008-12-31": "$-139", "2008-09-30": "$340", "2008-06-30": "$338", "2008-03-31": "$340", "2007-12-31": "$279", "2007-09-30": "$324", "2007-06-30": "$342", "2007-03-31": "$331", "2006-12-31": "$255", "2006-09-30": "$298", "2006-06-30": "$288", "2006-03-31": "$290", "2005-12-31": "$241", "2005-09-30": "$273", "2005-06-30": "$276", "2005-03-31": "$249"}}, "net-income": {"Telephone And Data Systems Annual Net Income (Millions of US $)": {"2019": "$121", "2018": "$135", "2017": "$153", "2016": "$43", "2015": "$219", "2014": "$-136", "2013": "$142", "2012": "$82", "2011": "$201", "2010": "$145", "2009": "$191", "2008": "$88", "2007": "$386", "2006": "$162", "2005": "$648"}, "Telephone And Data Systems Quarterly Net Income (Millions of US $)": {"2020-09-30": "$78", "2020-06-30": "$65", "2020-03-31": "$69", "2019-12-31": "$11", "2019-09-30": "$18", "2019-06-30": "$33", "2019-03-31": "$59", "2018-12-31": "$17", "2018-09-30": "$46", "2018-06-30": "$33", "2018-03-31": "$39", "2017-12-31": "$287", "2017-09-30": "$-181", "2017-06-30": "$10", "2017-03-31": "$37", "2016-12-31": "$-6", "2016-09-30": "$13", "2016-06-30": "$28", "2016-03-31": "$8", "2015-12-31": "$-1", "2015-09-30": "$51", "2015-06-30": "$23", "2015-03-31": "$146", "2014-12-31": "$-16", "2014-09-30": "$-116", "2014-06-30": "$-22", "2014-03-31": "$18", "2013-12-31": "$-6", "2013-09-30": "$-10", "2013-06-30": "$156", "2013-03-31": "$1", "2012-12-31": "$-42", "2012-09-30": "$29", "2012-06-30": "$42", "2012-03-31": "$52", "2011-12-31": "$-6", "2011-09-30": "$71", "2011-06-30": "$92", "2011-03-31": "$43", "2010-12-31": "$15", "2010-09-30": "$41", "2010-06-30": "$40", "2010-03-31": "$48", "2009-12-31": "$14", "2009-09-30": "$37", "2009-06-30": "$66", "2009-03-31": "$74", "2008-12-31": "$-174", "2008-09-30": "$101", "2008-06-30": "$88", "2008-03-31": "$73", "2007-12-31": "$-56", "2007-09-30": "$232", "2007-06-30": "$-9", "2007-03-31": "$219", "2006-12-31": "$-116", "2006-09-30": "$75", "2006-06-30": "$167", "2006-03-31": "$36", "2005-12-31": "$489", "2005-09-30": "$39", "2005-06-30": "$97", "2005-03-31": "$23"}}, "eps-earnings-per-share-diluted": {"Telephone And Data Systems Annual EPS": {"2019": "$1.03", "2018": "$1.17", "2017": "$1.37", "2016": "$0.39", "2015": "$1.98", "2014": "$-1.26", "2013": "$1.29", "2012": "$0.75", "2011": "$1.83", "2010": "$1.31", "2009": "$1.67", "2008": "$0.70", "2007": "$2.96", "2006": "$1.26", "2005": "$5.12"}, "Telephone And Data Systems Quarterly EPS": {"2020-09-30": "$0.66", "2020-06-30": "$0.56", "2020-03-31": "$0.59", "2019-12-31": "$0.10", "2019-09-30": "$0.15", "2019-06-30": "$0.28", "2019-03-31": "$0.50", "2018-12-31": "$0.13", "2018-09-30": "$0.41", "2018-06-30": "$0.29", "2018-03-31": "$0.34", "2017-12-31": "$2.59", "2017-09-30": "$-1.64", "2017-06-30": "$0.09", "2017-03-31": "$0.33", "2016-12-31": "$-0.04", "2016-09-30": "$0.11", "2016-06-30": "$0.25", "2016-03-31": "$0.07", "2015-12-31": "$-0.02", "2015-09-30": "$0.46", "2015-06-30": "$0.21", "2015-03-31": "$1.33", "2014-12-31": "$-0.15", "2014-09-30": "$-1.07", "2014-06-30": "$-0.20", "2014-03-31": "$0.16", "2013-12-31": "$-0.05", "2013-09-30": "$-0.09", "2013-06-30": "$1.42", "2013-03-31": "$0.01", "2012-12-31": "$-0.38", "2012-09-30": "$0.26", "2012-06-30": "$0.39", "2012-03-31": "$0.48", "2011-12-31": "$-0.05", "2011-09-30": "$0.65", "2011-06-30": "$0.84", "2011-03-31": "$0.39", "2010-12-31": "$0.19", "2010-09-30": "$0.36", "2010-06-30": "$0.35", "2010-03-31": "$0.41", "2009-12-31": "$0.20", "2009-09-30": "$0.31", "2009-06-30": "$0.55", "2009-03-31": "$0.61", "2008-12-31": "$-1.36", "2008-09-30": "$0.80", "2008-06-30": "$0.69", "2008-03-31": "$0.57", "2007-12-31": "$-0.44", "2007-09-30": "$1.78", "2007-06-30": "$-0.07", "2007-03-31": "$1.70", "2006-12-31": "$-0.93", "2006-09-30": "$0.59", "2006-06-30": "$1.32", "2006-03-31": "$0.29", "2005-12-31": "$3.87", "2005-09-30": "$0.30", "2005-06-30": "$0.76", "2005-03-31": "$0.18"}}, "shares-outstanding": {"Telephone And Data Systems Annual Shares Outstanding (Millions of Shares)": {"2019": "116", "2018": "114", "2017": "112", "2016": "111", "2015": "110", "2014": "108", "2013": "109", "2012": "109", "2011": "109", "2010": "110", "2009": "115", "2008": "126", "2007": "129", "2006": "127", "2005": "126"}, "Telephone And Data Systems Quarterly Shares Outstanding (Millions of Shares)": {"2020-09-30": "115", "2020-06-30": "115", "2020-03-31": "116", "2019-12-31": "116", "2019-09-30": "116", "2019-06-30": "116", "2019-03-31": "116", "2018-12-31": "114", "2018-09-30": "114", "2018-06-30": "113", "2018-03-31": "113", "2017-12-31": "112", "2017-09-30": "111", "2017-06-30": "112", "2017-03-31": "112", "2016-12-31": "111", "2016-09-30": "111", "2016-06-30": "111", "2016-03-31": "110", "2015-12-31": "110", "2015-09-30": "110", "2015-06-30": "110", "2015-03-31": "109", "2014-12-31": "108", "2014-09-30": "108", "2014-06-30": "109", "2014-03-31": "110", "2013-12-31": "109", "2013-09-30": "109", "2013-06-30": "109", "2013-03-31": "109", "2012-12-31": "109", "2012-09-30": "109", "2012-06-30": "109", "2012-03-31": "109", "2011-12-31": "109", "2011-09-30": "109", "2011-06-30": "109", "2011-03-31": "110", "2010-12-31": "110", "2010-09-30": "114", "2010-06-30": "115", "2010-03-31": "115", "2009-12-31": "115", "2009-09-30": "118", "2009-06-30": "121", "2009-03-31": "122", "2008-12-31": "126", "2008-09-30": "126", "2008-06-30": "127", "2008-03-31": "128", "2007-12-31": "129", "2007-09-30": "130", "2007-06-30": "127", "2007-03-31": "129", "2006-12-31": "127", "2006-09-30": "127", "2006-06-30": "127", "2006-03-31": "126", "2005-12-31": "126", "2005-09-30": "126", "2005-06-30": "126", "2005-03-31": "126"}}, "total-assets": {"Telephone And Data Systems Annual Total Assets (Millions of US $)": {"2019": "$10,781", "2018": "$9,783", "2017": "$9,295", "2016": "$9,446", "2015": "$9,422", "2014": "$8,854", "2013": "$8,904", "2012": "$8,624", "2011": "$8,201", "2010": "$7,696", "2009": "$7,612", "2008": "$7,652", "2007": "$9,894", "2006": "$10,600", "2005": "$10,205"}, "Telephone And Data Systems Quarterly Total Assets (Millions of US $)": {"2020-09-30": "$11,895", "2020-06-30": "$11,161", "2020-03-31": "$10,895", "2019-12-31": "$10,781", "2019-09-30": "$10,881", "2019-06-30": "$10,795", "2019-03-31": "$10,787", "2018-12-31": "$9,783", "2018-09-30": "$9,719", "2018-06-30": "$9,498", "2018-03-31": "$9,481", "2017-12-31": "$9,295", "2017-09-30": "$9,210", "2017-06-30": "$9,378", "2017-03-31": "$9,349", "2016-12-31": "$9,446", "2016-09-30": "$9,449", "2016-06-30": "$9,426", "2016-03-31": "$9,383", "2015-12-31": "$9,422", "2015-09-30": "$9,317", "2015-06-30": "$8,986", "2015-03-31": "$8,996", "2014-12-31": "$8,854", "2014-09-30": "$8,641", "2014-06-30": "$8,708", "2014-03-31": "$8,749", "2013-12-31": "$8,904", "2013-09-30": "$8,700", "2013-06-30": "$8,755", "2013-03-31": "$8,502", "2012-12-31": "$8,624", "2012-09-30": "$8,391", "2012-06-30": "$8,284", "2012-03-31": "$8,173", "2011-12-31": "$8,201", "2011-09-30": "$8,163", "2011-06-30": "$7,921", "2011-03-31": "$8,071", "2010-12-31": "$7,696", "2010-09-30": "$7,694", "2010-06-30": "$7,610", "2010-03-31": "$7,602", "2009-12-31": "$7,612", "2009-09-30": "$7,733", "2009-06-30": "$7,658", "2009-03-31": "$7,654", "2008-12-31": "$7,652", "2008-09-30": "$8,158", "2008-06-30": "$8,281", "2008-03-31": "$9,238", "2007-12-31": "$9,894", "2007-09-30": "$9,888", "2007-06-30": "$10,609", "2007-03-31": "$10,420", "2006-12-31": "$10,600", "2006-09-30": "$10,330", "2006-06-30": "$10,471", "2006-03-31": "$10,377", "2005-12-31": "$10,205", "2005-09-30": "$10,412", "2005-06-30": "$10,449", "2005-03-31": "$10,692"}}, "cash-on-hand": {"Telephone And Data Systems Annual Cash on Hand (Millions of US $)": {"2019": "$465", "2018": "$938", "2017": "$719", "2016": "$900", "2015": "$985", "2014": "$472", "2013": "$880", "2012": "$856", "2011": "$810", "2010": "$745", "2009": "$784", "2008": "$805", "2007": "$3,092", "2006": "$2,219", "2005": "$1,096"}, "Telephone And Data Systems Quarterly Cash on Hand (Millions of US $)": {"2020-09-30": "$1,076", "2020-06-30": "$565", "2020-03-31": "$421", "2019-12-31": "$465", "2019-09-30": "$853", "2019-06-30": "$852", "2019-03-31": "$976", "2018-12-31": "$938", "2018-09-30": "$1,062", "2018-06-30": "$873", "2018-03-31": "$779", "2017-12-31": "$719", "2017-09-30": "$884", "2017-06-30": "$791", "2017-03-31": "$896", "2016-12-31": "$900", "2016-09-30": "$985", "2016-06-30": "$899", "2016-03-31": "$1,054", "2015-12-31": "$985", "2015-09-30": "$865", "2015-06-30": "$632", "2015-03-31": "$635", "2014-12-31": "$472", "2014-09-30": "$613", "2014-06-30": "$915", "2014-03-31": "$913", "2013-12-31": "$880", "2013-09-30": "$756", "2013-06-30": "$1,357", "2013-03-31": "$892", "2012-12-31": "$856", "2012-09-30": "$770", "2012-06-30": "$765", "2012-03-31": "$869", "2011-12-31": "$810", "2011-09-30": "$849", "2011-06-30": "$855", "2011-03-31": "$1,174", "2010-12-31": "$745", "2010-09-30": "$779", "2010-06-30": "$758", "2010-03-31": "$794", "2009-12-31": "$784", "2009-09-30": "$915", "2009-06-30": "$801", "2009-03-31": "$810", "2008-12-31": "$805", "2008-09-30": "$1,006", "2008-06-30": "$1,157", "2008-03-31": "$2,179", "2007-12-31": "$3,092", "2007-09-30": "$3,122", "2007-06-30": "$3,479", "2007-03-31": "$2,788", "2006-12-31": "$2,219", "2006-09-30": "$2,006", "2006-06-30": "$1,517", "2006-03-31": "$1,077", "2005-12-31": "$1,096", "2005-09-30": "$1,085", "2005-06-30": "$1,133", "2005-03-31": "$1,155"}}, "long-term-debt": {"Telephone And Data Systems Annual Long Term Debt (Millions of US $)": {"2019": "$2,316", "2018": "$2,418", "2017": "$2,437", "2016": "$2,433", "2015": "$2,440", "2014": "$1,941", "2013": "$1,720", "2012": "$1,722", "2011": "$1,530", "2010": "$1,500", "2009": "$1,493", "2008": "$1,621", "2007": "$1,632", "2006": "$1,633", "2005": "$1,634"}, "Telephone And Data Systems Quarterly Long Term Debt (Millions of US $)": {"2020-09-30": "$2,970", "2020-06-30": "$2,487", "2020-03-31": "$2,365", "2019-12-31": "$2,316", "2019-09-30": "$2,405", "2019-06-30": "$2,409", "2019-03-31": "$2,414", "2018-12-31": "$2,418", "2018-09-30": "$2,422", "2018-06-30": "$2,427", "2018-03-31": "$2,431", "2017-12-31": "$2,437", "2017-09-30": "$2,443", "2017-06-30": "$2,428", "2017-03-31": "$2,431", "2016-12-31": "$2,433", "2016-09-30": "$2,436", "2016-06-30": "$2,436", "2016-03-31": "$2,437", "2015-12-31": "$2,440", "2015-09-30": "$2,210", "2015-06-30": "$1,993", "2015-03-31": "$1,993", "2014-12-31": "$1,941", "2014-09-30": "$1,719", "2014-06-30": "$1,719", "2014-03-31": "$1,720", "2013-12-31": "$1,720", "2013-09-30": "$1,721", "2013-06-30": "$1,721", "2013-03-31": "$1,721", "2012-12-31": "$1,722", "2012-09-30": "$1,529", "2012-06-30": "$1,530", "2012-03-31": "$1,530", "2011-12-31": "$1,530", "2011-09-30": "$1,528", "2011-06-30": "$1,530", "2011-03-31": "$1,517", "2010-12-31": "$1,500", "2010-09-30": "$1,492", "2010-06-30": "$1,493", "2010-03-31": "$1,493", "2009-12-31": "$1,493", "2009-09-30": "$1,621", "2009-06-30": "$1,619", "2009-03-31": "$1,619", "2008-12-31": "$1,621", "2008-09-30": "$1,632", "2008-06-30": "$1,635", "2008-03-31": "$1,635", "2007-12-31": "$1,632", "2007-09-30": "$1,634", "2007-06-30": "$1,635", "2007-03-31": "$1,633", "2006-12-31": "$1,633", "2006-09-30": "$1,632", "2006-06-30": "$1,633", "2006-03-31": "$1,633", "2005-12-31": "$1,634", "2005-09-30": "$1,669", "2005-06-30": "$1,870", "2005-03-31": "$1,987"}}, "total-liabilities": {"Telephone And Data Systems Annual Total Liabilities (Millions of US $)": {"2019": "$5,377", "2018": "$4,490", "2017": "$4,403", "2016": "$4,696", "2015": "$4,718", "2014": "$4,399", "2013": "$4,234", "2012": "$3,968", "2011": "$3,598", "2010": "$3,230", "2009": "$3,185", "2008": "$3,235", "2007": "$5,968", "2006": "$7,029", "2005": "$6,988"}, "Telephone And Data Systems Quarterly Total Liabilities (Millions of US $)": {"2020-09-30": "$6,306", "2020-06-30": "$5,658", "2020-03-31": "$5,446", "2019-12-31": "$5,377", "2019-09-30": "$5,488", "2019-06-30": "$5,402", "2019-03-31": "$5,430", "2018-12-31": "$4,490", "2018-09-30": "$4,469", "2018-06-30": "$4,326", "2018-03-31": "$4,342", "2017-12-31": "$4,403", "2017-09-30": "$4,651", "2017-06-30": "$4,586", "2017-03-31": "$4,558", "2016-12-31": "$4,696", "2016-09-30": "$4,695", "2016-06-30": "$4,690", "2016-03-31": "$4,675", "2015-12-31": "$4,718", "2015-09-30": "$4,615", "2015-06-30": "$4,338", "2015-03-31": "$4,378", "2014-12-31": "$4,399", "2014-09-30": "$4,156", "2014-06-30": "$4,082", "2014-03-31": "$4,071", "2013-12-31": "$4,234", "2013-09-30": "$4,027", "2013-06-30": "$4,072", "2013-03-31": "$3,871", "2012-12-31": "$3,968", "2012-09-30": "$3,628", "2012-06-30": "$3,562", "2012-03-31": "$3,503", "2011-12-31": "$3,598", "2011-09-30": "$3,533", "2011-06-30": "$3,386", "2011-03-31": "$3,588", "2010-12-31": "$3,230", "2010-09-30": "$3,208", "2010-06-30": "$3,130", "2010-03-31": "$3,129", "2009-12-31": "$3,185", "2009-09-30": "$3,279", "2009-06-30": "$3,170", "2009-03-31": "$3,175", "2008-12-31": "$3,235", "2008-09-30": "$4,121", "2008-06-30": "$4,292", "2008-03-31": "$5,292", "2007-12-31": "$5,968", "2007-09-30": "$5,974", "2007-06-30": "$6,792", "2007-03-31": "$6,781", "2006-12-31": "$7,029", "2006-09-30": "$6,739", "2006-06-30": "$6,980", "2006-03-31": "$6,978", "2005-12-31": "$6,988", "2005-09-30": "$7,110", "2005-06-30": "$7,183", "2005-03-31": "$7,490"}}, "total-share-holder-equity": {"Telephone And Data Systems Annual Share Holder Equity (Millions of US $)": {"2019": "$5,404", "2018": "$5,293", "2017": "$4,892", "2016": "$4,750", "2015": "$4,704", "2014": "$4,455", "2013": "$4,670", "2012": "$4,656", "2011": "$4,603", "2010": "$4,466", "2009": "$4,427", "2008": "$4,417", "2007": "$3,926", "2006": "$3,570", "2005": "$3,217"}, "Telephone And Data Systems Quarterly Share Holder Equity (Millions of US $)": {"2020-09-30": "$5,589", "2020-06-30": "$5,503", "2020-03-31": "$5,449", "2019-12-31": "$5,404", "2019-09-30": "$5,393", "2019-06-30": "$5,393", "2019-03-31": "$5,357", "2018-12-31": "$5,293", "2018-09-30": "$5,250", "2018-06-30": "$5,172", "2018-03-31": "$5,139", "2017-12-31": "$4,892", "2017-09-30": "$4,559", "2017-06-30": "$4,792", "2017-03-31": "$4,791", "2016-12-31": "$4,750", "2016-09-30": "$4,754", "2016-06-30": "$4,736", "2016-03-31": "$4,708", "2015-12-31": "$4,704", "2015-09-30": "$4,703", "2015-06-30": "$4,648", "2015-03-31": "$4,618", "2014-12-31": "$4,455", "2014-09-30": "$4,485", "2014-06-30": "$4,625", "2014-03-31": "$4,678", "2013-12-31": "$4,670", "2013-09-30": "$4,672", "2013-06-30": "$4,682", "2013-03-31": "$4,631", "2012-12-31": "$4,656", "2012-09-30": "$4,763", "2012-06-30": "$4,722", "2012-03-31": "$4,669", "2011-12-31": "$4,603", "2011-09-30": "$4,629", "2011-06-30": "$4,535", "2011-03-31": "$4,484", "2010-12-31": "$4,466", "2010-09-30": "$4,486", "2010-06-30": "$4,480", "2010-03-31": "$4,473", "2009-12-31": "$4,427", "2009-09-30": "$4,455", "2009-06-30": "$4,488", "2009-03-31": "$4,479", "2008-12-31": "$4,417", "2008-09-30": "$4,037", "2008-06-30": "$3,989", "2008-03-31": "$3,946", "2007-12-31": "$3,926", "2007-09-30": "$3,914", "2007-06-30": "$3,816", "2007-03-31": "$3,639", "2006-12-31": "$3,570", "2006-09-30": "$3,591", "2006-06-30": "$3,491", "2006-03-31": "$3,400", "2005-12-31": "$3,217", "2005-09-30": "$3,302", "2005-06-30": "$3,266", "2005-03-31": "$3,202"}}, "profit-margins": {"current": "4.32%"}, "gross margin": {"2020-09-30": "55.39%", "2020-06-30": "55.19%", "2020-03-31": "55.06%", "2019-12-31": "54.85%", "2019-09-30": "54.75%", "2019-06-30": "54.59%", "2019-03-31": "54.29%", "2018-12-31": "54.28%", "2018-09-30": "53.94%", "2018-06-30": "53.92%", "2018-03-31": "53.47%", "2017-12-31": "53.23%", "2017-09-30": "53.46%", "2017-06-30": "53.23%", "2017-03-31": "53.26%", "2016-12-31": "52.88%", "2016-09-30": "53.18%", "2016-06-30": "53.45%", "2016-03-31": "53.42%", "2015-12-31": "53.65%", "2015-09-30": "52.14%", "2015-06-30": "51.15%", "2015-03-31": "50.76%", "2014-12-31": "49.87%", "2014-09-30": "49.00%", "2014-06-30": "51.39%", "2014-03-31": "53.04%", "2013-12-31": "54.59%", "2013-09-30": "56.71%", "2013-06-30": "56.01%", "2013-03-31": "56.56%", "2012-12-31": "57.49%", "2012-09-30": "58.62%", "2012-06-30": "59.69%", "2012-03-31": "60.35%", "2011-12-31": "60.41%", "2011-09-30": "60.47%", "2011-06-30": "60.76%", "2011-03-31": "60.84%", "2010-12-31": "61.41%", "2010-09-30": "62.28%", "2010-06-30": "62.40%", "2010-03-31": "62.92%", "2009-12-31": "62.73%", "2009-09-30": "63.00%", "2009-06-30": "63.56%", "2009-03-31": "63.29%", "2008-12-31": "63.64%", "2008-09-30": "64.21%", "2008-06-30": "64.38%", "2008-03-31": "64.67%", "2007-12-31": "64.91%", "2007-09-30": "64.88%", "2007-06-30": "64.88%", "2007-03-31": "64.87%", "2006-12-31": "64.67%", "2006-09-30": "64.43%", "2006-06-30": "64.10%", "2006-03-31": "63.91%", "2005-12-31": "63.72%"}, "operating margin": {"2020-09-30": "4.73%", "2020-06-30": "3.61%", "2020-03-31": "3.03%", "2019-12-31": "3.46%", "2019-09-30": "3.56%", "2019-06-30": "4.00%", "2019-03-31": "4.26%", "2018-12-31": "4.01%", "2018-09-30": "4.11%", "2018-06-30": "-1.49%", "2018-03-31": "-2.17%", "2017-12-31": "-2.14%", "2017-09-30": "-2.57%", "2017-06-30": "2.69%", "2017-03-31": "3.17%", "2016-12-31": "2.10%", "2016-09-30": "2.61%", "2016-06-30": "3.73%", "2016-03-31": "3.34%", "2015-12-31": "8.27%", "2015-09-30": "7.16%", "2015-06-30": "3.02%", "2015-03-31": "1.44%", "2014-12-31": "-3.77%", "2014-09-30": "-3.55%", "2014-06-30": "-1.71%", "2014-03-31": "5.20%", "2013-12-31": "4.79%", "2013-09-30": "3.95%", "2013-06-30": "5.50%", "2013-03-31": "1.83%", "2012-12-31": "3.46%", "2012-09-30": "4.89%", "2012-06-30": "6.28%", "2012-03-31": "7.02%", "2011-12-31": "6.99%", "2011-09-30": "7.13%", "2011-06-30": "6.39%", "2011-03-31": "5.63%", "2010-12-31": "5.94%", "2010-09-30": "6.18%", "2010-06-30": "6.09%", "2010-03-31": "7.42%", "2009-12-31": "8.13%", "2009-09-30": "0.92%", "2009-06-30": "2.33%", "2009-03-31": "2.25%", "2008-12-31": "2.53%", "2008-09-30": "10.91%", "2008-06-30": "10.69%", "2008-03-31": "10.95%", "2007-12-31": "10.93%", "2007-09-30": "11.01%", "2007-06-30": "10.79%", "2007-03-31": "10.04%", "2006-12-31": "9.44%", "2006-09-30": "9.72%", "2006-06-30": "9.77%", "2006-03-31": "10.01%", "2005-12-31": "9.61%"}, "ebitda margin": {"2020-09-30": "22.47%", "2020-06-30": "21.79%", "2020-03-31": "21.18%", "2019-12-31": "21.46%", "2019-09-30": "21.31%", "2019-06-30": "21.53%", "2019-03-31": "21.55%", "2018-12-31": "21.30%", "2018-09-30": "21.30%", "2018-06-30": "20.84%", "2018-03-31": "20.02%", "2017-12-31": "19.79%", "2017-09-30": "19.47%", "2017-06-30": "19.39%", "2017-03-31": "19.69%", "2016-12-31": "18.58%", "2016-09-30": "19.09%", "2016-06-30": "19.94%", "2016-03-31": "19.63%", "2015-12-31": "24.47%", "2015-09-30": "23.12%", "2015-06-30": "19.18%", "2015-03-31": "17.59%", "2014-12-31": "12.92%", "2014-09-30": "14.85%", "2014-06-30": "18.12%", "2014-03-31": "26.10%", "2013-12-31": "25.56%", "2013-09-30": "23.14%", "2013-06-30": "22.88%", "2013-03-31": "17.88%", "2012-12-31": "18.67%", "2012-09-30": "19.64%", "2012-06-30": "21.04%", "2012-03-31": "21.79%", "2011-12-31": "21.77%", "2011-09-30": "22.03%", "2011-06-30": "21.38%", "2011-03-31": "20.72%", "2010-12-31": "21.10%", "2010-09-30": "21.30%", "2010-06-30": "21.31%", "2010-03-31": "22.47%", "2009-12-31": "22.95%", "2009-09-30": "15.75%", "2009-06-30": "16.99%", "2009-03-31": "16.90%", "2008-12-31": "17.27%", "2008-09-30": "25.58%", "2008-06-30": "25.60%", "2008-03-31": "26.11%", "2007-12-31": "26.42%", "2007-09-30": "26.57%", "2007-06-30": "26.73%", "2007-03-31": "26.26%", "2006-12-31": "25.91%", "2006-09-30": "26.23%", "2006-06-30": "26.16%", "2006-03-31": "26.50%", "2005-12-31": "26.28%"}, "pre tax profit margin": {"2020-09-30": "5.50%", "2020-06-30": "4.32%", "2020-03-31": "3.73%", "2019-12-31": "4.08%", "2019-09-30": "4.14%", "2019-06-30": "4.55%", "2019-03-31": "4.75%", "2018-12-31": "4.33%", "2018-09-30": "4.31%", "2018-06-30": "-1.49%", "2018-03-31": "-2.35%", "2017-12-31": "-2.42%", "2017-09-30": "-2.94%", "2017-06-30": "2.32%", "2017-03-31": "2.84%", "2016-12-31": "1.78%", "2016-09-30": "1.82%", "2016-06-30": "3.29%", "2016-03-31": "3.18%", "2015-12-31": "8.35%", "2015-09-30": "7.91%", "2015-06-30": "3.74%", "2015-03-31": "2.13%", "2014-12-31": "-3.03%", "2014-09-30": "-2.68%", "2014-06-30": "-0.77%", "2014-03-31": "6.54%", "2013-12-31": "5.96%", "2013-09-30": "4.96%", "2013-06-30": "6.32%", "2013-03-31": "2.11%", "2012-12-31": "3.69%", "2012-09-30": "5.00%", "2012-06-30": "6.55%", "2012-03-31": "7.15%", "2011-12-31": "7.01%", "2011-09-30": "7.13%", "2011-06-30": "6.05%", "2011-03-31": "5.38%", "2010-12-31": "5.74%", "2010-09-30": "5.94%", "2010-06-30": "5.81%", "2010-03-31": "6.96%", "2009-12-31": "7.67%", "2009-09-30": "0.50%", "2009-06-30": "2.62%", "2009-03-31": "2.96%", "2008-12-31": "3.01%", "2008-09-30": "8.32%", "2008-06-30": "11.15%", "2008-03-31": "9.06%", "2007-12-31": "14.18%", "2007-09-30": "12.18%", "2007-06-30": "8.20%", "2007-03-31": "13.98%", "2006-12-31": "7.42%", "2006-09-30": "30.52%", "2006-06-30": "30.01%", "2006-03-31": "27.97%", "2005-12-31": "28.00%"}, "net profit margin": {"2020-09-30": "4.30%", "2020-06-30": "3.15%", "2020-03-31": "2.53%", "2019-12-31": "2.34%", "2019-09-30": "2.46%", "2019-06-30": "3.01%", "2019-03-31": "3.01%", "2018-12-31": "2.64%", "2018-09-30": "7.96%", "2018-06-30": "3.53%", "2018-03-31": "3.08%", "2017-12-31": "3.03%", "2017-09-30": "-2.78%", "2017-06-30": "1.06%", "2017-03-31": "1.40%", "2016-12-31": "0.83%", "2016-09-30": "0.93%", "2016-06-30": "1.64%", "2016-03-31": "1.55%", "2015-12-31": "4.20%", "2015-09-30": "3.92%", "2015-06-30": "0.72%", "2015-03-31": "-0.16%", "2014-12-31": "-2.72%", "2014-09-30": "-2.57%", "2014-06-30": "-0.42%", "2014-03-31": "3.30%", "2013-12-31": "2.88%", "2013-09-30": "2.07%", "2013-06-30": "2.74%", "2013-03-31": "0.56%", "2012-12-31": "1.52%", "2012-09-30": "2.20%", "2012-06-30": "3.02%", "2012-03-31": "4.00%", "2011-12-31": "3.86%", "2011-09-30": "4.31%", "2011-06-30": "3.77%", "2011-03-31": "2.77%", "2010-12-31": "2.89%", "2010-09-30": "2.87%", "2010-06-30": "2.79%", "2010-03-31": "3.31%", "2009-12-31": "3.80%", "2009-09-30": "0.06%", "2009-06-30": "1.32%", "2009-03-31": "1.75%", "2008-12-31": "1.73%", "2008-09-30": "4.06%", "2008-06-30": "6.74%", "2008-03-31": "4.88%", "2007-12-31": "7.99%", "2007-09-30": "6.92%", "2007-06-30": "3.68%", "2007-03-31": "7.73%", "2006-12-31": "3.71%", "2006-09-30": "18.01%", "2006-06-30": "17.51%", "2006-03-31": "16.22%", "2005-12-31": "16.39%"}, "pe ratio": {"current": "10.74", "2021-02-05": "10.74", "2020-09-30": "9.57", "2020-06-30": "13.96", "2020-03-31": "14.59", "2019-12-31": "23.82", "2019-09-30": "23.10", "2019-06-30": "21.93", "2019-03-31": "21.88", "2018-12-31": "26.20", "2018-09-30": "7.99", "2018-06-30": "16.72", "2018-03-31": "19.55", "2017-12-31": "19.42", "2017-09-30": "0.00", "2017-06-30": "52.70", "2017-03-31": "37.55", "2016-12-31": "68.47", "2016-09-30": "58.03", "2016-06-30": "34.35", "2016-03-31": "36.56", "2015-12-31": "11.48", "2015-09-30": "11.84", "2015-06-30": "80.19", "2015-03-31": "0.00", "2014-12-31": "0.00", "2014-09-30": "0.00", "2014-06-30": "0.00", "2014-03-31": "15.59", "2013-12-31": "17.03", "2013-09-30": "26.16", "2013-06-30": "15.76", "2013-03-31": "62.65", "2012-12-31": "24.44", "2012-09-30": "19.52", "2012-06-30": "12.15", "2012-03-31": "10.22", "2011-12-31": "11.14", "2011-09-30": "8.20", "2011-06-30": "13.94", "2011-03-31": "20.73", "2010-12-31": "21.41", "2010-09-30": "19.01", "2010-06-30": "18.22", "2010-03-31": "17.00", "2009-12-31": "15.24", "2009-09-30": "220.67", "2009-06-30": "33.98", "2009-03-31": "26.78", "2008-12-31": "32.78", "2008-09-30": "15.68", "2008-06-30": "12.91", "2008-03-31": "15.16", "2007-12-31": "14.90", "2007-09-30": "18.92", "2007-06-30": "33.90", "2007-03-31": "15.26", "2006-12-31": "28.14"}, "price sales": {"2021-02-05": "0.46", "2020-09-30": "0.41", "2020-06-30": "0.44", "2020-03-31": "0.37", "2019-12-31": "0.55", "2019-09-30": "0.55", "2019-06-30": "0.65", "2019-03-31": "0.65", "2018-12-31": "0.68", "2018-09-30": "0.63", "2018-06-30": "0.57", "2018-03-31": "0.58", "2017-12-31": "0.57", "2017-09-30": "0.57", "2017-06-30": "0.55", "2017-03-31": "0.52", "2016-12-31": "0.56", "2016-09-30": "0.52", "2016-06-30": "0.56", "2016-03-31": "0.56", "2015-12-31": "0.48", "2015-09-30": "0.46", "2015-06-30": "0.55", "2015-03-31": "0.46", "2014-12-31": "0.47", "2014-09-30": "0.46", "2014-06-30": "0.51", "2014-03-31": "0.51", "2013-12-31": "0.48", "2013-09-30": "0.53", "2013-06-30": "0.43", "2013-03-31": "0.36", "2012-12-31": "0.37", "2012-09-30": "0.43", "2012-06-30": "0.36", "2012-03-31": "0.39", "2011-12-31": "0.41", "2011-09-30": "0.34", "2011-06-30": "0.50", "2011-03-31": "0.55", "2010-12-31": "0.61", "2010-09-30": "0.55", "2010-06-30": "0.52", "2010-03-31": "0.58", "2009-12-31": "0.58", "2009-09-30": "0.54", "2009-06-30": "0.50", "2009-03-31": "0.47", "2008-12-31": "0.56", "2008-09-30": "0.64", "2008-06-30": "0.86", "2008-03-31": "0.73", "2007-12-31": "1.18", "2007-09-30": "1.28", "2007-06-30": "1.22", "2007-03-31": "1.19", "2006-12-31": "1.11"}, "price book": {"current": "0.79", "2021-02-05": "0.42", "2020-09-30": "0.37", "2020-06-30": "0.40", "2020-03-31": "0.34", "2019-12-31": "0.52", "2019-09-30": "0.52", "2019-06-30": "0.61", "2019-03-31": "0.62", "2018-12-31": "0.66", "2018-09-30": "0.61", "2018-06-30": "0.55", "2018-03-31": "0.57", "2017-12-31": "0.58", "2017-09-30": "0.62", "2017-06-30": "0.59", "2017-03-31": "0.55", "2016-12-31": "0.60", "2016-09-30": "0.56", "2016-06-30": "0.61", "2016-03-31": "0.62", "2015-12-31": "0.53", "2015-09-30": "0.51", "2015-06-30": "0.60", "2015-03-31": "0.51", "2014-12-31": "0.53", "2014-09-30": "0.50", "2014-06-30": "0.52", "2014-03-31": "0.52", "2013-12-31": "0.51", "2013-09-30": "0.58", "2013-06-30": "0.48", "2013-03-31": "0.41", "2012-12-31": "0.43", "2012-09-30": "0.48", "2012-06-30": "0.40", "2012-03-31": "0.44", "2011-12-31": "0.46", "2011-09-30": "0.38", "2011-06-30": "0.57", "2011-03-31": "0.62", "2010-12-31": "0.62", "2010-09-30": "0.61", "2010-06-30": "0.56", "2010-03-31": "0.63", "2009-12-31": "0.64", "2009-09-30": "0.58", "2009-06-30": "0.54", "2009-03-31": "0.51", "2008-12-31": "0.67", "2008-09-30": "0.79", "2008-06-30": "1.06", "2008-03-31": "0.89", "2007-12-31": "1.44", "2007-09-30": "1.54", "2007-06-30": "1.48", "2007-03-31": "1.46", "2006-12-31": "1.35", "2006-09-30": "1.03", "2006-06-30": "1.04", "2006-03-31": "1.02"}, "price fcf": {"2021-02-05": "", "2020-09-30": "$0.61", "2020-06-30": "$0.50", "2020-03-31": "$-1.06", "2019-12-31": "$0.51", "2019-09-30": "$1.01", "2019-06-30": "$2.17", "2019-03-31": "$2.86", "2018-12-31": "$2.11", "2018-09-30": "$2.01", "2018-06-30": "$1.44", "2018-03-31": "$1.46", "2017-12-31": "$0.81", "2017-09-30": "$1.41", "2017-06-30": "$1.28", "2017-03-31": "$0.61", "2016-12-31": "$1.32", "2016-09-30": "$0.27", "2016-06-30": "$-0.66", "2016-03-31": "$-1.04", "2015-12-31": "$-0.10", "2015-09-30": "$-1.67", "2015-06-30": "$-1.89", "2015-03-31": "$-1.59", "2014-12-31": "$-3.74", "2014-09-30": "$-2.32", "2014-06-30": "$-5.05", "2014-03-31": "$-4.63", "2013-12-31": "$-3.57", "2013-09-30": "$-1.05", "2013-06-30": "$2.21", "2013-03-31": "$1.29", "2012-12-31": "$1.01", "2012-09-30": "$-0.23", "2012-06-30": "$0.72", "2012-03-31": "$1.37", "2011-12-31": "$2.60", "2011-09-30": "$3.72", "2011-06-30": "$3.38", "2011-03-31": "$4.09", "2010-12-31": "$3.05", "2010-09-30": "$3.31", "2010-06-30": "$4.17", "2010-03-31": "$3.92", "2009-12-31": "$3.84", "2009-09-30": "$2.70", "2009-06-30": "$0.62", "2009-03-31": "$0.31", "2008-12-31": "$0.90", "2008-09-30": "$0.63", "2008-06-30": "$0.94", "2008-03-31": "$1.72", "2007-12-31": "$1.86", "2007-09-30": "$2.52", "2007-06-30": "$2.63", "2007-03-31": "$2.00", "2006-12-31": "$1.34"}, "net worth": {"value": "$4.39B"}, "current ratio": {"2020-09-30": "2.77", "2020-06-30": "2.37", "2020-03-31": "2.17", "2019-12-31": "2.00", "2019-09-30": "2.24", "2019-06-30": "2.41", "2019-03-31": "2.42", "2018-12-31": "2.65", "2018-09-30": "2.80", "2018-06-30": "2.96", "2018-03-31": "2.72", "2017-12-31": "2.14", "2017-09-30": "2.42", "2017-06-30": "2.45", "2017-03-31": "2.74", "2016-12-31": "2.32", "2016-09-30": "2.38", "2016-06-30": "2.30", "2016-03-31": "2.44", "2015-12-31": "2.29", "2015-09-30": "1.92", "2015-06-30": "1.67", "2015-03-31": "1.60", "2014-12-31": "1.66", "2014-09-30": "1.46", "2014-06-30": "1.85", "2014-03-31": "1.94", "2013-12-31": "1.75", "2013-09-30": "1.77", "2013-06-30": "2.12", "2013-03-31": "2.10", "2012-12-31": "1.91", "2012-09-30": "2.08", "2012-06-30": "2.09", "2012-03-31": "2.17", "2011-12-31": "1.95", "2011-09-30": "2.00", "2011-06-30": "2.30", "2011-03-31": "1.89", "2010-12-31": "2.00", "2010-09-30": "2.17", "2010-06-30": "2.09", "2010-03-31": "2.16", "2009-12-31": "2.06", "2009-09-30": "2.30", "2009-06-30": "2.43", "2009-03-31": "2.24", "2008-12-31": "2.11", "2008-09-30": "2.17", "2008-06-30": "1.88", "2008-03-31": "1.41", "2007-12-31": "1.38", "2007-09-30": "1.38", "2007-06-30": "1.32", "2007-03-31": "1.37", "2006-12-31": "1.43", "2006-09-30": "1.38", "2006-06-30": "1.70", "2006-03-31": "1.83", "2005-12-31": "1.67", "2005-09-30": "2.01", "2005-06-30": "2.36", "2005-03-31": "2.34"}, "quick ratio": {"2020-09-30": "2.60", "2020-06-30": "2.19", "2020-03-31": "1.92", "2019-12-31": "1.82", "2019-09-30": "2.10", "2019-06-30": "2.24", "2019-03-31": "2.25", "2018-12-31": "2.48", "2018-09-30": "2.65", "2018-06-30": "2.75", "2018-03-31": "2.52", "2017-12-31": "1.98", "2017-09-30": "2.29", "2017-06-30": "2.26", "2017-03-31": "2.54", "2016-12-31": "2.15", "2016-09-30": "2.21", "2016-06-30": "2.10", "2016-03-31": "2.26", "2015-12-31": "2.12", "2015-09-30": "1.75", "2015-06-30": "1.53", "2015-03-31": "1.43", "2014-12-31": "1.40", "2014-09-30": "1.29", "2014-06-30": "1.66", "2014-03-31": "1.72", "2013-12-31": "1.55", "2013-09-30": "1.63", "2013-06-30": "1.96", "2013-03-31": "1.92", "2012-12-31": "1.73", "2012-09-30": "1.84", "2012-06-30": "1.85", "2012-03-31": "2.00", "2011-12-31": "1.80", "2011-09-30": "1.82", "2011-06-30": "2.09", "2011-03-31": "1.78", "2010-12-31": "1.85", "2010-09-30": "2.00", "2010-06-30": "1.92", "2010-03-31": "1.96", "2009-12-31": "1.86", "2009-09-30": "2.14", "2009-06-30": "2.24", "2009-03-31": "2.08", "2008-12-31": "1.95", "2008-09-30": "2.03", "2008-06-30": "1.76", "2008-03-31": "1.35", "2007-12-31": "1.34", "2007-09-30": "1.34", "2007-06-30": "1.28", "2007-03-31": "1.33", "2006-12-31": "1.36", "2006-09-30": "1.34", "2006-06-30": "1.63", "2006-03-31": "1.73", "2005-12-31": "1.57", "2005-09-30": "1.94", "2005-06-30": "2.27", "2005-03-31": "2.23"}, "debt equity ratio": {"current": "0.53", "2020-09-30": "1.13", "2020-06-30": "1.03", "2020-03-31": "1.00", "2019-12-31": "1.00", "2019-09-30": "1.02", "2019-06-30": "1.00", "2019-03-31": "1.01", "2018-12-31": "0.85", "2018-09-30": "0.85", "2018-06-30": "0.84", "2018-03-31": "0.85", "2017-12-31": "0.90", "2017-09-30": "1.02", "2017-06-30": "0.96", "2017-03-31": "0.95", "2016-12-31": "0.99", "2016-09-30": "0.99", "2016-06-30": "0.99", "2016-03-31": "0.99", "2015-12-31": "1.00", "2015-09-30": "0.98", "2015-06-30": "0.93", "2015-03-31": "0.95", "2014-12-31": "0.99", "2014-09-30": "0.93", "2014-06-30": "0.88", "2014-03-31": "0.87", "2013-12-31": "0.91", "2013-09-30": "0.86", "2013-06-30": "0.87", "2013-03-31": "0.84", "2012-12-31": "0.85", "2012-09-30": "0.76", "2012-06-30": "0.75", "2012-03-31": "0.75", "2011-12-31": "0.78", "2011-09-30": "0.76", "2011-06-30": "0.75", "2011-03-31": "0.80", "2010-12-31": "0.72", "2010-09-30": "0.72", "2010-06-30": "0.70", "2010-03-31": "0.70", "2009-12-31": "0.72", "2009-09-30": "0.74", "2009-06-30": "0.71", "2009-03-31": "0.71", "2008-12-31": "0.73", "2008-09-30": "1.02", "2008-06-30": "1.08", "2008-03-31": "1.34", "2007-12-31": "1.52", "2007-09-30": "1.53", "2007-06-30": "1.78", "2007-03-31": "1.86", "2006-12-31": "1.97", "2006-09-30": "1.88", "2006-06-30": "2.00", "2006-03-31": "2.05", "2005-12-31": "2.17", "2005-09-30": "2.15", "2005-06-30": "2.20", "2005-03-31": "2.34"}, "return on equity": {"2020-09-30": "4.06%", "2020-06-30": "3.00%", "2020-03-31": "2.42%", "2019-12-31": "2.25%", "2019-09-30": "2.37%", "2019-06-30": "2.91%", "2019-03-31": "2.94%", "2018-12-31": "2.59%", "2018-09-30": "7.92%", "2018-06-30": "3.60%", "2018-03-31": "3.20%", "2017-12-31": "3.22%", "2017-09-30": "-2.96%", "2017-06-30": "1.13%", "2017-03-31": "1.51%", "2016-12-31": "0.91%", "2016-09-30": "1.02%", "2016-06-30": "1.82%", "2016-03-31": "1.73%", "2015-12-31": "4.69%", "2015-09-30": "4.43%", "2015-06-30": "0.81%", "2015-03-31": "-0.18%", "2014-12-31": "-2.98%", "2014-09-30": "-2.73%", "2014-06-30": "-0.43%", "2014-03-31": "3.38%", "2013-12-31": "3.02%", "2013-09-30": "2.25%", "2013-06-30": "3.07%", "2013-03-31": "0.64%", "2012-12-31": "1.72%", "2012-09-30": "2.50%", "2012-06-30": "3.42%", "2012-03-31": "4.53%", "2011-12-31": "4.38%", "2011-09-30": "4.88%", "2011-06-30": "4.25%", "2011-03-31": "3.10%", "2010-12-31": "3.22%", "2010-09-30": "3.20%", "2010-06-30": "3.12%", "2010-03-31": "3.70%", "2009-12-31": "4.28%", "2009-09-30": "0.07%", "2009-06-30": "1.54%", "2009-03-31": "2.10%", "2008-12-31": "2.15%", "2008-09-30": "5.18%", "2008-06-30": "8.55%", "2008-03-31": "6.15%", "2007-12-31": "10.09%", "2007-09-30": "8.73%", "2007-06-30": "4.63%", "2007-03-31": "9.66%", "2006-12-31": "4.61%", "2006-09-30": "22.40%", "2006-06-30": "21.80%", "2006-03-31": "20.05%", "2005-12-31": "19.96%"}, "return on assets": {"2020-09-30": "1.99%", "2020-06-30": "1.49%", "2020-03-31": "1.21%", "2019-12-31": "1.12%", "2019-09-30": "1.20%", "2019-06-30": "1.51%", "2019-03-31": "1.56%", "2018-12-31": "1.40%", "2018-09-30": "4.26%", "2018-06-30": "1.90%", "2018-03-31": "1.66%", "2017-12-31": "1.64%", "2017-09-30": "-1.50%", "2017-06-30": "0.57%", "2017-03-31": "0.76%", "2016-12-31": "0.46%", "2016-09-30": "0.51%", "2016-06-30": "0.92%", "2016-03-31": "0.87%", "2015-12-31": "2.39%", "2015-09-30": "2.26%", "2015-06-30": "0.42%", "2015-03-31": "-0.09%", "2014-12-31": "-1.56%", "2014-09-30": "-1.44%", "2014-06-30": "-0.23%", "2014-03-31": "1.80%", "2013-12-31": "1.62%", "2013-09-30": "1.21%", "2013-06-30": "1.68%", "2013-03-31": "0.36%", "2012-12-31": "0.97%", "2012-09-30": "1.42%", "2012-06-30": "1.94%", "2012-03-31": "2.58%", "2011-12-31": "2.47%", "2011-09-30": "2.78%", "2011-06-30": "2.43%", "2011-03-31": "1.79%", "2010-12-31": "1.88%", "2010-09-30": "1.87%", "2010-06-30": "1.82%", "2010-03-31": "2.16%", "2009-12-31": "2.49%", "2009-09-30": "0.04%", "2009-06-30": "0.86%", "2009-03-31": "1.12%", "2008-12-31": "1.06%", "2008-09-30": "2.32%", "2008-06-30": "3.61%", "2008-03-31": "2.42%", "2007-12-31": "3.78%", "2007-09-30": "3.14%", "2007-06-30": "1.61%", "2007-03-31": "3.30%", "2006-12-31": "1.55%", "2006-09-30": "7.41%", "2006-06-30": "7.05%", "2006-03-31": "6.38%", "2005-12-31": "6.21%"}, "return on investments": {"2020-09-30": "3.05%", "2020-06-30": "2.39%", "2020-03-31": "2.02%", "2019-12-31": "2.30%", "2019-09-30": "2.37%", "2019-06-30": "2.66%", "2019-03-31": "2.85%", "2018-12-31": "2.68%", "2018-09-30": "2.77%", "2018-06-30": "-1.02%", "2018-03-31": "-1.50%", "2017-12-31": "-1.50%", "2017-09-30": "-1.80%", "2017-06-30": "1.90%", "2017-03-31": "2.27%", "2016-12-31": "1.51%", "2016-09-30": "1.88%", "2016-06-30": "2.75%", "2016-03-31": "2.50%", "2015-12-31": "6.31%", "2015-09-30": "5.60%", "2015-06-30": "2.38%", "2015-03-31": "1.14%", "2014-12-31": "-2.98%", "2014-09-30": "-2.75%", "2014-06-30": "-1.29%", "2014-03-31": "3.89%", "2013-12-31": "3.68%", "2013-09-30": "3.13%", "2013-06-30": "4.55%", "2013-03-31": "1.55%", "2012-12-31": "2.95%", "2012-09-30": "4.18%", "2012-06-30": "5.35%", "2012-03-31": "5.98%", "2011-12-31": "5.94%", "2011-09-30": "6.05%", "2011-06-30": "5.40%", "2011-03-31": "4.73%", "2010-12-31": "4.96%", "2010-09-30": "5.17%", "2010-06-30": "5.06%", "2010-03-31": "6.15%", "2009-12-31": "6.74%", "2009-09-30": "0.76%", "2009-06-30": "1.97%", "2009-03-31": "1.96%", "2008-12-31": "2.25%", "2008-09-30": "9.86%", "2008-06-30": "9.59%", "2008-03-31": "9.74%", "2007-12-31": "9.67%", "2007-09-30": "9.67%", "2007-06-30": "9.36%", "2007-03-31": "8.61%", "2006-12-31": "8.01%", "2006-09-30": "8.19%", "2006-06-30": "8.17%", "2006-03-31": "8.16%", "2005-12-31": "7.54%"}, "return on tangible equity": {"2020-09-30": "10.39%", "2020-06-30": "7.60%", "2020-03-31": "6.06%", "2019-12-31": "5.46%", "2019-09-30": "5.61%", "2019-06-30": "6.77%", "2019-03-31": "6.77%", "2018-12-31": "6.07%", "2018-09-30": "19.22%", "2018-06-30": "9.26%", "2018-03-31": "8.50%", "2017-12-31": "8.43%", "2017-09-30": "-7.77%", "2017-06-30": "2.79%", "2017-03-31": "3.58%", "2016-12-31": "2.14%", "2016-09-30": "2.32%", "2016-06-30": "4.18%", "2016-03-31": "3.97%", "2015-12-31": "10.92%", "2015-09-30": "10.02%", "2015-06-30": "1.78%", "2015-03-31": "-0.37%", "2014-12-31": "-6.05%", "2014-09-30": "-5.50%", "2014-06-30": "-0.86%", "2014-03-31": "6.66%", "2013-12-31": "5.97%", "2013-09-30": "4.46%", "2013-06-30": "6.14%", "2013-03-31": "1.30%", "2012-12-31": "3.48%", "2012-09-30": "5.06%", "2012-06-30": "6.92%", "2012-03-31": "9.11%", "2011-12-31": "8.76%", "2011-09-30": "9.70%", "2011-06-30": "8.38%", "2011-03-31": "6.12%", "2010-12-31": "6.33%", "2010-09-30": "6.29%", "2010-06-30": "6.11%", "2010-03-31": "7.21%", "2009-12-31": "8.32%", "2009-09-30": "0.13%", "2009-06-30": "3.18%", "2009-03-31": "4.71%", "2008-12-31": "5.27%", "2008-09-30": "13.41%", "2008-06-30": "21.26%", "2008-03-31": "14.78%", "2007-12-31": "23.70%", "2007-09-30": "21.08%", "2007-06-30": "11.79%", "2007-03-31": "25.74%", "2006-12-31": "12.78%", "2006-09-30": "63.23%", "2006-06-30": "61.98%", "2006-03-31": "58.10%", "2005-12-31": "58.83%"}, "dividend yield history": {"last payout": "$0.68", "last yield": "3.32%"}}