{"ticker": "TPX", "price": {"title": "Tempur Sealy Historical Annual Stock Price Data", "value": 28.42, "historical": {"2020": {"Average Stock Price": "19.6251", "Year Open": "21.6850", "Year High": "28.0600", "Year Low": "6.0150", "Year Close": "27.0000", "Annual % Change": "24.05%"}, "2019": {"Average Stock Price": "17.4864", "Year Open": "10.4950", "Year High": "22.7375", "Year Low": "10.2675", "Year Close": "21.7650", "Annual % Change": "110.29%"}, "2018": {"Average Stock Price": "12.6976", "Year Open": "16.1475", "Year High": "16.1475", "Year Low": "9.8475", "Year Close": "10.3500", "Annual % Change": "-33.96%"}, "2017": {"Average Stock Price": "13.6689", "Year Open": "17.1500", "Year High": "17.3750", "Year Low": "10.1450", "Year Close": "15.6725", "Annual % Change": "-8.19%"}, "2016": {"Average Stock Price": "15.5926", "Year Open": "17.3225", "Year High": "20.5100", "Year Low": "12.7350", "Year Close": "17.0700", "Annual % Change": "-3.09%"}, "2015": {"Average Stock Price": "16.6547", "Year Open": "13.4650", "Year High": "20.4725", "Year Low": "12.2925", "Year Close": "17.6150", "Annual % Change": "28.32%"}, "2014": {"Average Stock Price": "13.5413", "Year Open": "13.5975", "Year High": "15.3350", "Year Low": "11.4100", "Year Close": "13.7275", "Annual % Change": "1.76%"}, "2013": {"Average Stock Price": "10.8134", "Year Open": "8.1725", "Year High": "13.5475", "Year Low": "8.1725", "Year Close": "13.4900", "Annual % Change": "71.36%"}, "2012": {"Average Stock Price": "11.3556", "Year Open": "13.7950", "Year High": "21.8150", "Year Low": "5.2550", "Year Close": "7.8725", "Annual % Change": "-40.05%"}, "2011": {"Average Stock Price": "14.2269", "Year Open": "10.1950", "Year High": "18.0600", "Year Low": "9.8500", "Year Close": "13.1325", "Annual % Change": "31.13%"}, "2010": {"Average Stock Price": "7.8535", "Year Open": "6.1075", "Year High": "10.1550", "Year Low": "6.1075", "Year Close": "10.0150", "Annual % Change": "69.53%"}, "2009": {"Average Stock Price": "3.4195", "Year Open": "1.8900", "Year High": "6.0700", "Year Low": "0.9825", "Year Close": "5.9075", "Annual % Change": "233.29%"}, "2008": {"Average Stock Price": "2.8805", "Year Open": "6.4875", "Year High": "6.4875", "Year Low": "1.3600", "Year Close": "1.7725", "Annual % Change": "-72.70%"}, "2007": {"Average Stock Price": "7.0800", "Year Open": "5.1275", "Year High": "9.3450", "Year Low": "5.0725", "Year Close": "6.4925", "Annual % Change": "26.93%"}, "2006": {"Average Stock Price": "3.8691", "Year Open": "2.9575", "Year High": "5.3525", "Year Low": "2.7975", "Year Close": "5.1150", "Annual % Change": "77.91%"}, "2005": {"Average Stock Price": "4.3387", "Year Open": "5.3525", "Year High": "6.1575", "Year Low": "2.4300", "Year Close": "2.8750", "Annual % Change": "-45.75%"}, "2004": {"Average Stock Price": "3.8869", "Year Open": "3.9375", "Year High": "5.3000", "Year Low": "2.8900", "Year Close": "5.3000", "Annual % Change": "36.77%"}, "2003": {"Average Stock Price": "3.7869", "Year Open": "3.8750", "Year High": "3.8750", "Year Low": "3.6850", "Year Close": "3.8750", "Annual % Change": "0.00%"}}}, "market cap": {"value": "$5.86B"}, "income statement": {"Revenue": {"2019-12-31": "3106.00000", "2018-12-31": "2702.90000", "2017-12-31": "2700.60000", "2016-12-31": "3079.70000", "2015-12-31": "3154.60000", "2014-12-31": "2989.80000", "2013-12-31": "2464.30000", "2012-12-31": "1402.90000", "2011-12-31": "1417.90000", "2010-12-31": "1105.40000", "2009-12-31": "831.15600", "2008-12-31": "927.81800", "2007-12-31": "1106.72200", "2006-12-31": "945.04500", "2005-12-31": "836.73200"}, "Cost Of Goods Sold": {"2019-12-31": "1763.80000", "2018-12-31": "1582.20000", "2017-12-31": "1579.60000", "2016-12-31": "1790.20000", "2015-12-31": "1905.40000", "2014-12-31": "1839.40000", "2013-12-31": "1449.40000", "2012-12-31": "688.30000", "2011-12-31": "674.80000", "2010-12-31": "550.00000", "2009-12-31": "437.41400", "2008-12-31": "526.86100", "2007-12-31": "571.89600", "2006-12-31": "484.50700", "2005-12-31": "412.79000"}, "Gross Profit": {"2019-12-31": "1342.20000", "2018-12-31": "1120.70000", "2017-12-31": "1121.00000", "2016-12-31": "1289.50000", "2015-12-31": "1249.20000", "2014-12-31": "1150.40000", "2013-12-31": "1014.90000", "2012-12-31": "714.60000", "2011-12-31": "743.10000", "2010-12-31": "555.40000", "2009-12-31": "393.74200", "2008-12-31": "400.95700", "2007-12-31": "534.82600", "2006-12-31": "460.53800", "2005-12-31": "423.94200"}, "Research And Development Expenses": {"2019-12-31": "", "2018-12-31": "", "2017-12-31": "", "2016-12-31": "", "2015-12-31": "", "2014-12-31": "", "2013-12-31": "", "2012-12-31": "", "2011-12-31": "", "2010-12-31": "", "2009-12-31": "", "2008-12-31": "", "2007-12-31": "", "2006-12-31": "", "2005-12-31": "2.69600"}, "SG&A Expenses": {"2019-12-31": "981.60000", "2018-12-31": "860.80000", "2017-12-31": "847.50000", "2016-12-31": "908.90000", "2015-12-31": "972.90000", "2014-12-31": "900.50000", "2013-12-31": "789.20000", "2012-12-31": "466.30000", "2011-12-31": "402.60000", "2010-12-31": "309.50000", "2009-12-31": "248.79700", "2008-12-31": "267.09300", "2007-12-31": "290.71200", "2006-12-31": "251.23300", "2005-12-31": "230.63100"}, "Other Operating Income Or Expenses": {"2019-12-31": "-13.90000", "2018-12-31": "-3.60000", "2017-12-31": "22.00000", "2016-12-31": "32.80000", "2015-12-31": "30.20000", "2014-12-31": "26.40000", "2013-12-31": "18.10000", "2012-12-31": "0.00000", "2011-12-31": "0.00000", "2010-12-31": "", "2009-12-31": "", "2008-12-31": "", "2007-12-31": "", "2006-12-31": "", "2005-12-31": ""}, "Operating Expenses": {"2019-12-31": "2759.30000", "2018-12-31": "2446.60000", "2017-12-31": "2405.10000", "2016-12-31": "2666.30000", "2015-12-31": "2848.10000", "2014-12-31": "2713.50000", "2013-12-31": "2220.50000", "2012-12-31": "1154.60000", "2011-12-31": "1077.40000", "2010-12-31": "859.50000", "2009-12-31": "686.21100", "2008-12-31": "793.95400", "2007-12-31": "862.60800", "2006-12-31": "735.74000", "2005-12-31": "646.11700"}, "Operating Income": {"2019-12-31": "346.70020", "2018-12-31": "256.29980", "2017-12-31": "295.50000", "2016-12-31": "413.39990", "2015-12-31": "306.50000", "2014-12-31": "276.30000", "2013-12-31": "243.80000", "2012-12-31": "248.30000", "2011-12-31": "340.50000", "2010-12-31": "245.90000", "2009-12-31": "144.94500", "2008-12-31": "133.86400", "2007-12-31": "244.11400", "2006-12-31": "209.30500", "2005-12-31": "190.61500"}, "Total Non-Operating Income/Expense": {"2019-12-31": "-81.20000", "2018-12-31": "-91.30000", "2017-12-31": "-80.10000", "2016-12-31": "-129.80000", "2015-12-31": "-115.40000", "2014-12-31": "-101.40000", "2013-12-31": "-115.80000", "2012-12-31": "-19.10000", "2011-12-31": "-12.10000", "2010-12-31": "-15.00000", "2009-12-31": "-16.90800", "2008-12-31": "-26.44200", "2007-12-31": "-31.24000", "2006-12-31": "-34.54000", "2005-12-31": "-24.14300"}, "Pre-Tax Income": {"2019-12-31": "265.50000", "2018-12-31": "165.00000", "2017-12-31": "215.40000", "2016-12-31": "283.60000", "2015-12-31": "191.10000", "2014-12-31": "174.90000", "2013-12-31": "128.00000", "2012-12-31": "229.20000", "2011-12-31": "328.40000", "2010-12-31": "230.90000", "2009-12-31": "128.03700", "2008-12-31": "107.42200", "2007-12-31": "212.87400", "2006-12-31": "174.76500", "2005-12-31": "166.47200"}, "Income Taxes": {"2019-12-31": "74.70000", "2018-12-31": "49.60000", "2017-12-31": "43.80000", "2016-12-31": "86.30000", "2015-12-31": "125.40000", "2014-12-31": "64.90000", "2013-12-31": "49.10000", "2012-12-31": "122.40000", "2011-12-31": "108.80000", "2010-12-31": "73.70000", "2009-12-31": "43.04400", "2008-12-31": "48.55400", "2007-12-31": "71.41500", "2006-12-31": "62.44300", "2005-12-31": "67.14300"}, "Income After Taxes": {"2019-12-31": "190.80000", "2018-12-31": "115.40000", "2017-12-31": "171.60000", "2016-12-31": "197.30000", "2015-12-31": "65.70000", "2014-12-31": "110.00000", "2013-12-31": "78.90000", "2012-12-31": "106.80000", "2011-12-31": "219.60000", "2010-12-31": "157.20000", "2009-12-31": "84.99300", "2008-12-31": "58.86800", "2007-12-31": "141.45900", "2006-12-31": "112.32200", "2005-12-31": "99.32900"}, "Other Income": {"2019-12-31": "", "2018-12-31": "", "2017-12-31": "", "2016-12-31": "", "2015-12-31": "", "2014-12-31": "", "2013-12-31": "", "2012-12-31": "", "2011-12-31": "", "2010-12-31": "", "2009-12-31": "", "2008-12-31": "", "2007-12-31": "", "2006-12-31": "", "2005-12-31": ""}, "Income From Continuous Operations": {"2019-12-31": "190.80000", "2018-12-31": "115.40000", "2017-12-31": "171.60000", "2016-12-31": "197.30000", "2015-12-31": "65.70000", "2014-12-31": "110.00000", "2013-12-31": "78.90000", "2012-12-31": "106.80000", "2011-12-31": "219.60000", "2010-12-31": "157.20000", "2009-12-31": "84.99300", "2008-12-31": "58.86800", "2007-12-31": "141.45900", "2006-12-31": "112.32200", "2005-12-31": "99.32900"}, "Income From Discontinued Operations": {"2019-12-31": "-1.40000", "2018-12-31": "-17.80000", "2017-12-31": "-30.90000", "2016-12-31": "-12.30000", "2015-12-31": "", "2014-12-31": "", "2013-12-31": "", "2012-12-31": "", "2011-12-31": "", "2010-12-31": "", "2009-12-31": "", "2008-12-31": "", "2007-12-31": "", "2006-12-31": "", "2005-12-31": ""}, "Net Income": {"2019-12-31": "189.50000", "2018-12-31": "100.50000", "2017-12-31": "151.40000", "2016-12-31": "190.60000", "2015-12-31": "64.50000", "2014-12-31": "108.90000", "2013-12-31": "78.60000", "2012-12-31": "106.80000", "2011-12-31": "219.60000", "2010-12-31": "157.20000", "2009-12-31": "84.99300", "2008-12-31": "58.86800", "2007-12-31": "141.45900", "2006-12-31": "112.32200", "2005-12-31": "99.32900"}, "EBITDA": {"2019-12-31": "465.60020", "2018-12-31": "370.49980", "2017-12-31": "391.70000", "2016-12-31": "505.49990", "2015-12-31": "420.70000", "2014-12-31": "378.50010", "2013-12-31": "342.70000", "2012-12-31": "291.70000", "2011-12-31": "392.50000", "2010-12-31": "290.60000", "2009-12-31": "185.85000", "2008-12-31": "175.72100", "2007-12-31": "285.28500", "2006-12-31": "239.84900", "2005-12-31": "220.65000"}, "EBIT": {"2019-12-31": "346.70020", "2018-12-31": "256.29980", "2017-12-31": "295.50000", "2016-12-31": "413.39990", "2015-12-31": "306.50000", "2014-12-31": "276.30000", "2013-12-31": "243.80000", "2012-12-31": "248.30000", "2011-12-31": "340.50000", "2010-12-31": "245.90000", "2009-12-31": "144.94500", "2008-12-31": "133.86400", "2007-12-31": "244.11400", "2006-12-31": "209.30500", "2005-12-31": "190.61500"}, "Basic Shares Outstanding": {"2019-12-31": "218.00000", "2018-12-31": "217.60000", "2017-12-31": "216.00000", "2016-12-31": "236.00000", "2015-12-31": "246.80000", "2014-12-31": "243.20000", "2013-12-31": "241.20000", "2012-12-31": "246.00000", "2011-12-31": "268.40000", "2010-12-31": "281.20000", "2009-12-31": "299.73600", "2008-12-31": "298.94800", "2007-12-31": "319.32400", "2006-12-31": "339.68800", "2005-12-31": "392.04800"}, "Shares Outstanding": {"2019-12-31": "221.60000", "2018-12-31": "220.40000", "2017-12-31": "218.80000", "2016-12-31": "239.20000", "2015-12-31": "250.40000", "2014-12-31": "248.40000", "2013-12-31": "246.40000", "2012-12-31": "251.60000", "2011-12-31": "276.40000", "2010-12-31": "291.20000", "2009-12-31": "304.19200", "2008-12-31": "299.63600", "2007-12-31": "325.02400", "2006-12-31": "350.12000", "2005-12-31": "408.57600"}, "Basic EPS": {"2019-12-31": "0.87000", "2018-12-31": "0.46250", "2017-12-31": "0.70000", "2016-12-31": "0.80750", "2015-12-31": "0.26250", "2014-12-31": "0.44750", "2013-12-31": "0.32500", "2012-12-31": "0.43500", "2011-12-31": "0.81750", "2010-12-31": "0.55750", "2009-12-31": "0.28250", "2008-12-31": "0.19750", "2007-12-31": "0.44250", "2006-12-31": "0.33000", "2005-12-31": "0.25250"}, "EPS - Earnings Per Share": {"2019-12-31": "0.85500", "2018-12-31": "0.45500", "2017-12-31": "0.69250", "2016-12-31": "0.79750", "2015-12-31": "0.25750", "2014-12-31": "0.43750", "2013-12-31": "0.32000", "2012-12-31": "0.42500", "2011-12-31": "0.79500", "2010-12-31": "0.54000", "2009-12-31": "0.28000", "2008-12-31": "0.19750", "2007-12-31": "0.43500", "2006-12-31": "0.32000", "2005-12-31": "0.24250"}}, "income statement, quarterly": {"Revenue": {"2020-09-30": "1132.30000", "2020-06-30": "665.20000", "2020-03-31": "822.40000", "2019-12-31": "871.29990", "2019-09-30": "821.00000", "2019-06-30": "722.80000", "2019-03-31": "690.90000", "2018-12-31": "676.09990", "2018-09-30": "729.50000", "2018-06-30": "659.90000", "2018-03-31": "637.40000", "2017-12-31": "607.70010", "2017-09-30": "711.50000", "2017-06-30": "659.30000", "2017-03-31": "722.10000", "2016-12-31": "721.89980", "2016-09-30": "832.40000", "2016-06-30": "804.40000", "2016-03-31": "721.00000", "2015-12-31": "770.70010", "2015-09-30": "880.00000", "2015-06-30": "764.40000", "2015-03-31": "739.50000", "2014-12-31": "745.49990", "2014-09-30": "827.40000", "2014-06-30": "715.00000", "2014-03-31": "701.90000", "2013-12-31": "678.10010", "2013-09-30": "735.50000", "2013-06-30": "660.60000", "2013-03-31": "390.10000", "2012-12-31": "341.10000", "2012-09-30": "347.90000", "2012-06-30": "329.50000", "2012-03-31": "384.40000", "2011-12-31": "366.76500", "2011-09-30": "383.08500", "2011-06-30": "342.21200", "2011-03-31": "325.83800", "2010-12-31": "292.68200", "2010-09-30": "295.78500", "2010-06-30": "263.04400", "2010-03-31": "253.88900", "2009-12-31": "244.79400", "2009-09-30": "224.08200", "2009-06-30": "185.17600", "2009-03-31": "177.10400", "2008-12-31": "189.12100", "2008-09-30": "252.81400", "2008-06-30": "238.66100", "2008-03-31": "247.22200", "2007-12-31": "288.95410", "2007-09-30": "294.09400", "2007-06-30": "257.64200", "2007-03-31": "266.03200", "2006-12-31": "256.58000", "2006-09-30": "240.91700", "2006-06-30": "218.96200", "2006-03-31": "228.58600", "2005-12-31": "215.64300", "2005-09-30": "206.09500", "2005-06-30": "192.61500", "2005-03-31": "222.37900"}, "Cost Of Goods Sold": {"2020-09-30": "602.10000", "2020-06-30": "399.30000", "2020-03-31": "465.30000", "2019-12-31": "484.90000", "2019-09-30": "460.40000", "2019-06-30": "409.40000", "2019-03-31": "409.10000", "2018-12-31": "392.90000", "2018-09-30": "429.50000", "2018-06-30": "387.10000", "2018-03-31": "372.70000", "2017-12-31": "348.90000", "2017-09-30": "404.50000", "2017-06-30": "390.70000", "2017-03-31": "435.50000", "2016-12-31": "422.39990", "2016-09-30": "470.30000", "2016-06-30": "467.50000", "2016-03-31": "430.00000", "2015-12-31": "457.30000", "2015-09-30": "520.40000", "2015-06-30": "466.90000", "2015-03-31": "460.80000", "2014-12-31": "451.40000", "2014-09-30": "508.90000", "2014-06-30": "446.70000", "2014-03-31": "432.40000", "2013-12-31": "405.20000", "2013-09-30": "436.80000", "2013-06-30": "405.70000", "2013-03-31": "201.70000", "2012-12-31": "170.50000", "2012-09-30": "176.80000", "2012-06-30": "162.60000", "2012-03-31": "178.40000", "2011-12-31": "175.58700", "2011-09-30": "182.49100", "2011-06-30": "161.19400", "2011-03-31": "155.52800", "2010-12-31": "140.88600", "2010-09-30": "145.03100", "2010-06-30": "135.00300", "2010-03-31": "129.08000", "2009-12-31": "125.95300", "2009-09-30": "117.37300", "2009-06-30": "98.84500", "2009-03-31": "95.24300", "2008-12-31": "107.75200", "2008-09-30": "147.32300", "2008-06-30": "132.64500", "2008-03-31": "139.14100", "2007-12-31": "147.96600", "2007-09-30": "152.48400", "2007-06-30": "133.07300", "2007-03-31": "138.37300", "2006-12-31": "129.83500", "2006-09-30": "124.89400", "2006-06-30": "112.44600", "2006-03-31": "117.33200", "2005-12-31": "106.99700", "2005-09-30": "103.57700", "2005-06-30": "94.08000", "2005-03-31": "108.13600"}, "Gross Profit": {"2020-09-30": "530.20010", "2020-06-30": "265.90000", "2020-03-31": "357.10000", "2019-12-31": "386.39990", "2019-09-30": "360.60000", "2019-06-30": "313.40000", "2019-03-31": "281.80000", "2018-12-31": "283.19990", "2018-09-30": "300.00000", "2018-06-30": "272.80000", "2018-03-31": "264.70000", "2017-12-31": "258.80010", "2017-09-30": "307.00000", "2017-06-30": "268.60000", "2017-03-31": "286.60000", "2016-12-31": "299.49990", "2016-09-30": "362.10000", "2016-06-30": "336.90000", "2016-03-31": "291.00000", "2015-12-31": "313.40010", "2015-09-30": "359.60000", "2015-06-30": "297.50000", "2015-03-31": "278.70000", "2014-12-31": "294.09990", "2014-09-30": "318.50000", "2014-06-30": "268.30000", "2014-03-31": "269.50000", "2013-12-31": "272.90010", "2013-09-30": "298.70000", "2013-06-30": "254.90000", "2013-03-31": "188.40000", "2012-12-31": "170.60000", "2012-09-30": "171.10000", "2012-06-30": "166.90000", "2012-03-31": "206.00000", "2011-12-31": "191.17800", "2011-09-30": "200.59400", "2011-06-30": "181.01800", "2011-03-31": "170.31000", "2010-12-31": "151.79600", "2010-09-30": "150.75400", "2010-06-30": "128.04100", "2010-03-31": "124.80900", "2009-12-31": "118.84100", "2009-09-30": "106.70900", "2009-06-30": "86.33100", "2009-03-31": "81.86100", "2008-12-31": "81.36900", "2008-09-30": "105.49100", "2008-06-30": "106.01600", "2008-03-31": "108.08100", "2007-12-31": "140.98810", "2007-09-30": "141.61000", "2007-06-30": "124.56900", "2007-03-31": "127.65900", "2006-12-31": "126.74500", "2006-09-30": "116.02300", "2006-06-30": "106.51600", "2006-03-31": "111.25400", "2005-12-31": "108.64600", "2005-09-30": "102.51800", "2005-06-30": "98.53500", "2005-03-31": "114.24300"}, "Research And Development Expenses": {"2020-09-30": "", "2020-06-30": "", "2020-03-31": "", "2019-12-31": "", "2019-09-30": "", "2019-06-30": "", "2019-03-31": "", "2018-12-31": "", "2018-09-30": "", "2018-06-30": "", "2018-03-31": "", "2017-12-31": "", "2017-09-30": "", "2017-06-30": "", "2017-03-31": "", "2016-12-31": "", "2016-09-30": "", "2016-06-30": "", "2016-03-31": "", "2015-12-31": "", "2015-09-30": "", "2015-06-30": "", "2015-03-31": "", "2014-12-31": "", "2014-09-30": "", "2014-06-30": "", "2014-03-31": "", "2013-12-31": "", "2013-09-30": "", "2013-06-30": "", "2013-03-31": "", "2012-12-31": "", "2012-09-30": "", "2012-06-30": "", "2012-03-31": "", "2011-12-31": "", "2011-09-30": "", "2011-06-30": "", "2011-03-31": "", "2010-12-31": "", "2010-09-30": "", "2010-06-30": "", "2010-03-31": "", "2009-12-31": "", "2009-09-30": "", "2009-06-30": "", "2009-03-31": "", "2008-12-31": "", "2008-09-30": "", "2008-06-30": "", "2008-03-31": "", "2007-12-31": "", "2007-09-30": "", "2007-06-30": "", "2007-03-31": "", "2006-12-31": "", "2006-09-30": "1.24000", "2006-06-30": "0.95100", "2006-03-31": "0.84000", "2005-12-31": "0.75200", "2005-09-30": "0.62700", "2005-06-30": "0.51300", "2005-03-31": "0.80400"}, "SG&A Expenses": {"2020-09-30": "354.80000", "2020-06-30": "217.50000", "2020-03-31": "251.60000", "2019-12-31": "277.49990", "2019-09-30": "243.90000", "2019-06-30": "236.00000", "2019-03-31": "224.20000", "2018-12-31": "210.20000", "2018-09-30": "219.10000", "2018-06-30": "218.60000", "2018-03-31": "212.90000", "2017-12-31": "187.50000", "2017-09-30": "218.50000", "2017-06-30": "221.30000", "2017-03-31": "220.20000", "2016-12-31": "203.20000", "2016-09-30": "239.20000", "2016-06-30": "244.70000", "2016-03-31": "221.80000", "2015-12-31": "232.30000", "2015-09-30": "255.40000", "2015-06-30": "253.70000", "2015-03-31": "231.50000", "2014-12-31": "224.90000", "2014-09-30": "237.60000", "2014-06-30": "224.70000", "2014-03-31": "213.30000", "2013-12-31": "205.20000", "2013-09-30": "222.80000", "2013-06-30": "216.10000", "2013-03-31": "145.10000", "2012-12-31": "119.30000", "2012-09-30": "107.70000", "2012-06-30": "119.40000", "2012-03-31": "119.90000", "2011-12-31": "105.39500", "2011-09-30": "103.98700", "2011-06-30": "98.18800", "2011-03-31": "95.03000", "2010-12-31": "80.19000", "2010-09-30": "82.60000", "2010-06-30": "74.19100", "2010-03-31": "72.51900", "2009-12-31": "71.61500", "2009-09-30": "64.03300", "2009-06-30": "57.16900", "2009-03-31": "55.98000", "2008-12-31": "56.04800", "2008-09-30": "62.60000", "2008-06-30": "69.69700", "2008-03-31": "78.74800", "2007-12-31": "73.30700", "2007-09-30": "74.06100", "2007-06-30": "69.43900", "2007-03-31": "73.90500", "2006-12-31": "68.48200", "2006-09-30": "61.06200", "2006-06-30": "58.34000", "2006-03-31": "63.34900", "2005-12-31": "54.07400", "2005-09-30": "59.07300", "2005-06-30": "53.42500", "2005-03-31": "64.05900"}, "Other Operating Income Or Expenses": {"2020-09-30": "4.80000", "2020-06-30": "5.00000", "2020-03-31": "-0.20000", "2019-12-31": "-24.30000", "2019-09-30": "3.90000", "2019-06-30": "3.60000", "2019-03-31": "2.90000", "2018-12-31": "-15.10000", "2018-09-30": "3.80000", "2018-06-30": "3.80000", "2018-03-31": "3.90000", "2017-12-31": "10.80000", "2017-09-30": "8.80000", "2017-06-30": "9.30000", "2017-03-31": "-6.90000", "2016-12-31": "9.10000", "2016-09-30": "8.20000", "2016-06-30": "8.00000", "2016-03-31": "7.50000", "2015-12-31": "8.10000", "2015-09-30": "6.70000", "2015-06-30": "8.20000", "2015-03-31": "7.20000", "2014-12-31": "7.30000", "2014-09-30": "6.20000", "2014-06-30": "6.70000", "2014-03-31": "6.20000", "2013-12-31": "6.40000", "2013-09-30": "5.30000", "2013-06-30": "5.20000", "2013-03-31": "1.20000", "2012-12-31": "", "2012-09-30": "0.00000", "2012-06-30": "0.00000", "2012-03-31": "0.00000", "2011-12-31": "", "2011-09-30": "", "2011-06-30": "", "2011-03-31": "", "2010-12-31": "", "2010-09-30": "", "2010-06-30": "", "2010-03-31": "", "2009-12-31": "", "2009-09-30": "", "2009-06-30": "", "2009-03-31": "", "2008-12-31": "", "2008-09-30": "", "2008-06-30": "", "2008-03-31": "", "2007-12-31": "", "2007-09-30": "", "2007-06-30": "", "2007-03-31": "", "2006-12-31": "", "2006-09-30": "", "2006-06-30": "", "2006-03-31": "", "2005-12-31": "", "2005-09-30": "", "2005-06-30": "", "2005-03-31": ""}, "Operating Expenses": {"2020-09-30": "952.10000", "2020-06-30": "611.80000", "2020-03-31": "717.10000", "2019-12-31": "786.69990", "2019-09-30": "700.40000", "2019-06-30": "641.80000", "2019-03-31": "630.40000", "2018-12-31": "618.20010", "2018-09-30": "644.80000", "2018-06-30": "601.90000", "2018-03-31": "581.70000", "2017-12-31": "525.60020", "2017-09-30": "614.20000", "2017-06-30": "602.70000", "2017-03-31": "662.60000", "2016-12-31": "616.50010", "2016-09-30": "701.30000", "2016-06-30": "704.20000", "2016-03-31": "644.30000", "2015-12-31": "681.50010", "2015-09-30": "769.10000", "2015-06-30": "712.40000", "2015-03-31": "685.10000", "2014-12-31": "669.00000", "2014-09-30": "740.30000", "2014-06-30": "664.70000", "2014-03-31": "639.50000", "2013-12-31": "603.99990", "2013-09-30": "654.30000", "2013-06-30": "616.60000", "2013-03-31": "345.60000", "2012-12-31": "289.80000", "2012-09-30": "284.50000", "2012-06-30": "282.00000", "2012-03-31": "298.30000", "2011-12-31": "280.98200", "2011-09-30": "286.47800", "2011-06-30": "259.38200", "2011-03-31": "250.55800", "2010-12-31": "221.07600", "2010-09-30": "227.63100", "2010-06-30": "209.19400", "2010-03-31": "201.59900", "2009-12-31": "197.56800", "2009-09-30": "181.40600", "2009-06-30": "156.01400", "2009-03-31": "151.22300", "2008-12-31": "163.80000", "2008-09-30": "209.92300", "2008-06-30": "202.34200", "2008-03-31": "217.88900", "2007-12-31": "221.27310", "2007-09-30": "226.54500", "2007-06-30": "202.51200", "2007-03-31": "212.27800", "2006-12-31": "195.28600", "2006-09-30": "187.19600", "2006-06-30": "171.73700", "2006-03-31": "181.52100", "2005-12-31": "161.82300", "2005-09-30": "163.27700", "2005-06-30": "148.01800", "2005-03-31": "172.99900"}, "Operating Income": {"2020-09-30": "180.20010", "2020-06-30": "53.40000", "2020-03-31": "105.30000", "2019-12-31": "84.60000", "2019-09-30": "120.60000", "2019-06-30": "80.99990", "2019-03-31": "60.50010", "2018-12-31": "57.89980", "2018-09-30": "84.70000", "2018-06-30": "58.00000", "2018-03-31": "55.70010", "2017-12-31": "82.09990", "2017-09-30": "97.30000", "2017-06-30": "56.60000", "2017-03-31": "59.49990", "2016-12-31": "105.39970", "2016-09-30": "131.10000", "2016-06-30": "100.20000", "2016-03-31": "76.70000", "2015-12-31": "89.20000", "2015-09-30": "110.90000", "2015-06-30": "52.00010", "2015-03-31": "54.40000", "2014-12-31": "76.49990", "2014-09-30": "87.10000", "2014-06-30": "50.30000", "2014-03-31": "62.40000", "2013-12-31": "74.10020", "2013-09-30": "81.20000", "2013-06-30": "43.99990", "2013-03-31": "44.50000", "2012-12-31": "51.30000", "2012-09-30": "63.40000", "2012-06-30": "47.50000", "2012-03-31": "86.10000", "2011-12-31": "85.78300", "2011-09-30": "96.60700", "2011-06-30": "82.83000", "2011-03-31": "75.28000", "2010-12-31": "71.60600", "2010-09-30": "68.15400", "2010-06-30": "53.85000", "2010-03-31": "52.29000", "2009-12-31": "47.22600", "2009-09-30": "42.67600", "2009-06-30": "29.16200", "2009-03-31": "25.88100", "2008-12-31": "25.32100", "2008-09-30": "42.89100", "2008-06-30": "36.31900", "2008-03-31": "29.33300", "2007-12-31": "67.68100", "2007-09-30": "67.54900", "2007-06-30": "55.13000", "2007-03-31": "53.75400", "2006-12-31": "61.29400", "2006-09-30": "53.72100", "2006-06-30": "47.22500", "2006-03-31": "47.06500", "2005-12-31": "53.82000", "2005-09-30": "42.81800", "2005-06-30": "44.59700", "2005-03-31": "49.38000"}, "Total Non-Operating Income/Expense": {"2020-09-30": "-20.50000", "2020-06-30": "-20.90000", "2020-03-31": "-20.80000", "2019-12-31": "-22.00000", "2019-09-30": "-22.10000", "2019-06-30": "-22.50000", "2019-03-31": "-14.60000", "2018-12-31": "-23.60000", "2018-09-30": "-25.00000", "2018-06-30": "-22.60000", "2018-03-31": "-20.10000", "2017-12-31": "-22.30000", "2017-09-30": "-23.10000", "2017-06-30": "-21.80000", "2017-03-31": "-12.90000", "2016-12-31": "-17.60000", "2016-09-30": "-20.80000", "2016-06-30": "-71.00000", "2016-03-31": "-20.40000", "2015-12-31": "-28.60000", "2015-09-30": "-45.00000", "2015-06-30": "-22.70000", "2015-03-31": "-19.10000", "2014-12-31": "-8.10000", "2014-09-30": "-27.20000", "2014-06-30": "-42.90000", "2014-03-31": "-23.20000", "2013-12-31": "-23.60000", "2013-09-30": "-25.50000", "2013-06-30": "-37.30000", "2013-03-31": "-29.40000", "2012-12-31": "-6.50000", "2012-09-30": "-4.40000", "2012-06-30": "-3.60000", "2012-03-31": "-4.60000", "2011-12-31": "-2.70000", "2011-09-30": "-3.49400", "2011-06-30": "-2.76400", "2011-03-31": "-3.14200", "2010-12-31": "-3.38800", "2010-09-30": "-4.63200", "2010-06-30": "-3.85900", "2010-03-31": "-3.12100", "2009-12-31": "-3.95300", "2009-09-30": "-4.52500", "2009-06-30": "-4.20700", "2009-03-31": "-4.22300", "2008-12-31": "-5.81700", "2008-09-30": "-6.19800", "2008-06-30": "-5.71700", "2008-03-31": "-8.71000", "2007-12-31": "-9.31000", "2007-09-30": "-8.29400", "2007-06-30": "-6.48600", "2007-03-31": "-7.15000", "2006-12-31": "-16.99600", "2006-09-30": "-6.91100", "2006-06-30": "-6.23500", "2006-03-31": "-4.39800", "2005-12-31": "-8.28700", "2005-09-30": "-5.23900", "2005-06-30": "-4.45200", "2005-03-31": "-6.16500"}, "Pre-Tax Income": {"2020-09-30": "159.70000", "2020-06-30": "32.50000", "2020-03-31": "84.50000", "2019-12-31": "62.60000", "2019-09-30": "98.50000", "2019-06-30": "58.50000", "2019-03-31": "45.90000", "2018-12-31": "34.30000", "2018-09-30": "59.70000", "2018-06-30": "35.40000", "2018-03-31": "35.60000", "2017-12-31": "59.80000", "2017-09-30": "74.20000", "2017-06-30": "34.80000", "2017-03-31": "46.60000", "2016-12-31": "87.80000", "2016-09-30": "110.30000", "2016-06-30": "29.20000", "2016-03-31": "56.30000", "2015-12-31": "60.60000", "2015-09-30": "65.90000", "2015-06-30": "29.30000", "2015-03-31": "35.30000", "2014-12-31": "68.40000", "2014-09-30": "59.90000", "2014-06-30": "7.40000", "2014-03-31": "39.20000", "2013-12-31": "50.50000", "2013-09-30": "55.70000", "2013-06-30": "6.70000", "2013-03-31": "15.10000", "2012-12-31": "44.80000", "2012-09-30": "59.00000", "2012-06-30": "43.90000", "2012-03-31": "81.50000", "2011-12-31": "83.08300", "2011-09-30": "93.11300", "2011-06-30": "80.06600", "2011-03-31": "72.13800", "2010-12-31": "68.21800", "2010-09-30": "63.52200", "2010-06-30": "49.99100", "2010-03-31": "49.16900", "2009-12-31": "43.27300", "2009-09-30": "38.15100", "2009-06-30": "24.95500", "2009-03-31": "21.65800", "2008-12-31": "19.50400", "2008-09-30": "36.69300", "2008-06-30": "30.60200", "2008-03-31": "20.62300", "2007-12-31": "58.37100", "2007-09-30": "59.25500", "2007-06-30": "48.64400", "2007-03-31": "46.60400", "2006-12-31": "44.29800", "2006-09-30": "46.81000", "2006-06-30": "40.99000", "2006-03-31": "42.66700", "2005-12-31": "45.53300", "2005-09-30": "37.57900", "2005-06-30": "40.14500", "2005-03-31": "43.21500"}, "Income Taxes": {"2020-09-30": "40.30000", "2020-06-30": "9.40000", "2020-03-31": "23.50000", "2019-12-31": "15.90000", "2019-09-30": "26.10000", "2019-06-30": "15.80000", "2019-03-31": "16.90000", "2018-12-31": "15.20000", "2018-09-30": "15.60000", "2018-06-30": "8.80000", "2018-03-31": "10.00000", "2017-12-31": "-4.90000", "2017-09-30": "21.00000", "2017-06-30": "13.10000", "2017-03-31": "14.60000", "2016-12-31": "26.10000", "2016-09-30": "33.70000", "2016-06-30": "9.20000", "2016-03-31": "17.30000", "2015-12-31": "81.80000", "2015-09-30": "25.00000", "2015-06-30": "8.30000", "2015-03-31": "10.30000", "2014-12-31": "21.20000", "2014-09-30": "22.40000", "2014-06-30": "9.80000", "2014-03-31": "11.50000", "2013-12-31": "22.20000", "2013-09-30": "15.50000", "2013-06-30": "8.80000", "2013-03-31": "2.60000", "2012-12-31": "21.30000", "2012-09-30": "61.00000", "2012-06-30": "14.80000", "2012-03-31": "25.30000", "2011-12-31": "26.77600", "2011-09-30": "31.16400", "2011-06-30": "26.98200", "2011-03-31": "23.87800", "2010-12-31": "21.87000", "2010-09-30": "19.32400", "2010-06-30": "16.48500", "2010-03-31": "16.02100", "2009-12-31": "14.15900", "2009-09-30": "12.46700", "2009-06-30": "8.09800", "2009-03-31": "8.32000", "2008-12-31": "18.44900", "2008-09-30": "12.62200", "2008-06-30": "10.37400", "2008-03-31": "7.10900", "2007-12-31": "18.44100", "2007-09-30": "20.43700", "2007-06-30": "15.71300", "2007-03-31": "16.82400", "2006-12-31": "13.84400", "2006-09-30": "17.94700", "2006-06-30": "14.87800", "2006-03-31": "15.77400", "2005-12-31": "15.17200", "2005-09-30": "20.21100", "2005-06-30": "15.29500", "2005-03-31": "16.46500"}, "Income After Taxes": {"2020-09-30": "119.40000", "2020-06-30": "23.10000", "2020-03-31": "61.00000", "2019-12-31": "46.70000", "2019-09-30": "72.40000", "2019-06-30": "42.70000", "2019-03-31": "29.00000", "2018-12-31": "19.10000", "2018-09-30": "44.10000", "2018-06-30": "26.60000", "2018-03-31": "25.60000", "2017-12-31": "64.70000", "2017-09-30": "53.20000", "2017-06-30": "21.70000", "2017-03-31": "32.00000", "2016-12-31": "61.70000", "2016-09-30": "76.60000", "2016-06-30": "20.00000", "2016-03-31": "39.00000", "2015-12-31": "-21.20000", "2015-09-30": "40.90000", "2015-06-30": "21.00000", "2015-03-31": "25.00000", "2014-12-31": "47.20000", "2014-09-30": "37.50000", "2014-06-30": "-2.40000", "2014-03-31": "27.70000", "2013-12-31": "28.30000", "2013-09-30": "40.20000", "2013-06-30": "-2.10000", "2013-03-31": "12.50000", "2012-12-31": "23.50000", "2012-09-30": "-2.00000", "2012-06-30": "29.10000", "2012-03-31": "56.20000", "2011-12-31": "56.30700", "2011-09-30": "61.94900", "2011-06-30": "53.08400", "2011-03-31": "48.26000", "2010-12-31": "46.34800", "2010-09-30": "44.19800", "2010-06-30": "33.50600", "2010-03-31": "33.14800", "2009-12-31": "29.11400", "2009-09-30": "25.68400", "2009-06-30": "16.85700", "2009-03-31": "13.33800", "2008-12-31": "1.05500", "2008-09-30": "24.07100", "2008-06-30": "20.22800", "2008-03-31": "13.51400", "2007-12-31": "39.93000", "2007-09-30": "38.81800", "2007-06-30": "32.93100", "2007-03-31": "29.78000", "2006-12-31": "30.45400", "2006-09-30": "28.86300", "2006-06-30": "26.11200", "2006-03-31": "26.89300", "2005-12-31": "30.36100", "2005-09-30": "17.36800", "2005-06-30": "24.85000", "2005-03-31": "26.75000"}, "Other Income": {"2020-09-30": "", "2020-06-30": "", "2020-03-31": "", "2019-12-31": "", "2019-09-30": "", "2019-06-30": "", "2019-03-31": "", "2018-12-31": "", "2018-09-30": "", "2018-06-30": "", "2018-03-31": "", "2017-12-31": "", "2017-09-30": "", "2017-06-30": "", "2017-03-31": "", "2016-12-31": "", "2016-09-30": "", "2016-06-30": "", "2016-03-31": "", "2015-12-31": "", "2015-09-30": "", "2015-06-30": "", "2015-03-31": "", "2014-12-31": "", "2014-09-30": "", "2014-06-30": "", "2014-03-31": "", "2013-12-31": "", "2013-09-30": "", "2013-06-30": "", "2013-03-31": "", "2012-12-31": "", "2012-09-30": "", "2012-06-30": "", "2012-03-31": "", "2011-12-31": "", "2011-09-30": "", "2011-06-30": "", "2011-03-31": "", "2010-12-31": "", "2010-09-30": "", "2010-06-30": "", "2010-03-31": "", "2009-12-31": "", "2009-09-30": "", "2009-06-30": "", "2009-03-31": "", "2008-12-31": "", "2008-09-30": "", "2008-06-30": "", "2008-03-31": "", "2007-12-31": "", "2007-09-30": "", "2007-06-30": "", "2007-03-31": "", "2006-12-31": "", "2006-09-30": "", "2006-06-30": "", "2006-03-31": "", "2005-12-31": "", "2005-09-30": "", "2005-06-30": "", "2005-03-31": ""}, "Income From Continuous Operations": {"2020-09-30": "119.40000", "2020-06-30": "23.10000", "2020-03-31": "61.00000", "2019-12-31": "46.70000", "2019-09-30": "72.40000", "2019-06-30": "42.70000", "2019-03-31": "29.00000", "2018-12-31": "19.10000", "2018-09-30": "44.10000", "2018-06-30": "26.60000", "2018-03-31": "25.60000", "2017-12-31": "64.70000", "2017-09-30": "53.20000", "2017-06-30": "21.70000", "2017-03-31": "32.00000", "2016-12-31": "61.70000", "2016-09-30": "76.60000", "2016-06-30": "20.00000", "2016-03-31": "39.00000", "2015-12-31": "-21.20000", "2015-09-30": "40.90000", "2015-06-30": "21.00000", "2015-03-31": "25.00000", "2014-12-31": "47.20000", "2014-09-30": "37.50000", "2014-06-30": "-2.40000", "2014-03-31": "27.70000", "2013-12-31": "28.30000", "2013-09-30": "40.20000", "2013-06-30": "-2.10000", "2013-03-31": "12.50000", "2012-12-31": "23.50000", "2012-09-30": "-2.00000", "2012-06-30": "29.10000", "2012-03-31": "56.20000", "2011-12-31": "56.30700", "2011-09-30": "61.94900", "2011-06-30": "53.08400", "2011-03-31": "48.26000", "2010-12-31": "46.34800", "2010-09-30": "44.19800", "2010-06-30": "33.50600", "2010-03-31": "33.14800", "2009-12-31": "29.11400", "2009-09-30": "25.68400", "2009-06-30": "16.85700", "2009-03-31": "13.33800", "2008-12-31": "1.05500", "2008-09-30": "24.07100", "2008-06-30": "20.22800", "2008-03-31": "13.51400", "2007-12-31": "39.93000", "2007-09-30": "38.81800", "2007-06-30": "32.93100", "2007-03-31": "29.78000", "2006-12-31": "30.45400", "2006-09-30": "28.86300", "2006-06-30": "26.11200", "2006-03-31": "26.89300", "2005-12-31": "30.36100", "2005-09-30": "17.36800", "2005-06-30": "24.85000", "2005-03-31": "26.75000"}, "Income From Discontinued Operations": {"2020-09-30": "2.40000", "2020-06-30": "0.10000", "2020-03-31": "-1.20000", "2019-12-31": "-0.60000", "2019-09-30": "0.80000", "2019-06-30": "-1.20000", "2019-03-31": "-0.40000", "2018-12-31": "-6.90000", "2018-09-30": "-2.70000", "2018-06-30": "-5.40000", "2018-03-31": "-2.80000", "2017-12-31": "-18.90000", "2017-09-30": "-12.00000", "2017-06-30": "", "2017-03-31": "", "2016-12-31": "", "2016-09-30": "", "2016-06-30": "", "2016-03-31": "", "2015-12-31": "", "2015-09-30": "", "2015-06-30": "", "2015-03-31": "", "2014-12-31": "", "2014-09-30": "", "2014-06-30": "", "2014-03-31": "", "2013-12-31": "", "2013-09-30": "", "2013-06-30": "", "2013-03-31": "", "2012-12-31": "", "2012-09-30": "", "2012-06-30": "", "2012-03-31": "", "2011-12-31": "", "2011-09-30": "", "2011-06-30": "", "2011-03-31": "", "2010-12-31": "", "2010-09-30": "", "2010-06-30": "", "2010-03-31": "", "2009-12-31": "", "2009-09-30": "", "2009-06-30": "", "2009-03-31": "", "2008-12-31": "", "2008-09-30": "", "2008-06-30": "", "2008-03-31": "", "2007-12-31": "", "2007-09-30": "", "2007-06-30": "", "2007-03-31": "", "2006-12-31": "", "2006-09-30": "", "2006-06-30": "", "2006-03-31": "", "2005-12-31": "", "2005-09-30": "", "2005-06-30": "", "2005-03-31": ""}, "Net Income": {"2020-09-30": "121.40000", "2020-06-30": "23.00000", "2020-03-31": "59.70000", "2019-12-31": "46.20000", "2019-09-30": "73.30000", "2019-06-30": "41.60000", "2019-03-31": "28.40000", "2018-12-31": "12.30000", "2018-09-30": "42.30000", "2018-06-30": "22.80000", "2018-03-31": "23.10000", "2017-12-31": "48.40000", "2017-09-30": "44.60000", "2017-06-30": "24.50000", "2017-03-31": "33.90000", "2016-12-31": "51.90000", "2016-09-30": "77.80000", "2016-06-30": "21.30000", "2016-03-31": "39.60000", "2015-12-31": "-20.30000", "2015-09-30": "40.20000", "2015-06-30": "21.20000", "2015-03-31": "23.40000", "2014-12-31": "46.60000", "2014-09-30": "37.10000", "2014-06-30": "-2.20000", "2014-03-31": "27.40000", "2013-12-31": "27.50000", "2013-09-30": "40.20000", "2013-06-30": "-1.60000", "2013-03-31": "12.50000", "2012-12-31": "23.50000", "2012-09-30": "-2.00000", "2012-06-30": "29.10000", "2012-03-31": "56.20000", "2011-12-31": "56.30700", "2011-09-30": "61.94900", "2011-06-30": "53.08400", "2011-03-31": "48.26000", "2010-12-31": "46.34800", "2010-09-30": "44.19800", "2010-06-30": "33.50600", "2010-03-31": "33.14800", "2009-12-31": "29.11400", "2009-09-30": "25.68400", "2009-06-30": "16.85700", "2009-03-31": "13.33800", "2008-12-31": "1.05500", "2008-09-30": "24.07100", "2008-06-30": "20.22800", "2008-03-31": "13.51400", "2007-12-31": "39.93000", "2007-09-30": "38.81800", "2007-06-30": "32.93100", "2007-03-31": "29.78000", "2006-12-31": "30.45400", "2006-09-30": "28.86300", "2006-06-30": "26.11200", "2006-03-31": "26.89300", "2005-12-31": "30.36100", "2005-09-30": "17.36800", "2005-06-30": "24.85000", "2005-03-31": "26.75000"}, "EBITDA": {"2020-09-30": "277.90010", "2020-06-30": "86.20000", "2020-03-31": "136.50000", "2019-12-31": "115.10000", "2019-09-30": "151.10000", "2019-06-30": "110.19990", "2019-03-31": "89.20010", "2018-12-31": "85.49980", "2018-09-30": "115.20000", "2018-06-30": "86.40000", "2018-03-31": "83.40010", "2017-12-31": "108.09990", "2017-09-30": "124.10000", "2017-06-30": "83.30000", "2017-03-31": "76.19990", "2016-12-31": "124.89970", "2016-09-30": "154.60000", "2016-06-30": "123.80000", "2016-03-31": "102.20000", "2015-12-31": "113.39990", "2015-09-30": "148.10000", "2015-06-30": "80.80010", "2015-03-31": "78.40000", "2014-12-31": "101.39990", "2014-09-30": "114.30000", "2014-06-30": "74.10000", "2014-03-31": "88.70000", "2013-12-31": "101.70010", "2013-09-30": "110.20000", "2013-06-30": "71.19990", "2013-03-31": "59.60000", "2012-12-31": "63.10000", "2012-09-30": "69.30000", "2012-06-30": "59.70000", "2012-03-31": "99.60000", "2011-12-31": "100.61900", "2011-09-30": "109.11600", "2011-06-30": "96.24200", "2011-03-31": "86.52300", "2010-12-31": "83.96600", "2010-09-30": "79.10400", "2010-06-30": "65.07100", "2010-03-31": "62.45900", "2009-12-31": "57.63900", "2009-09-30": "53.21600", "2009-06-30": "39.31200", "2009-03-31": "35.68300", "2008-12-31": "35.34200", "2008-09-30": "53.28700", "2008-06-30": "47.26100", "2008-03-31": "39.83100", "2007-12-31": "77.60000", "2007-09-30": "77.88400", "2007-06-30": "65.32400", "2007-03-31": "64.47700", "2006-12-31": "69.04700", "2006-09-30": "61.81500", "2006-06-30": "54.62500", "2006-03-31": "54.36200", "2005-12-31": "60.92400", "2005-09-30": "50.20700", "2005-06-30": "51.93200", "2005-03-31": "57.58700"}, "EBIT": {"2020-09-30": "180.20010", "2020-06-30": "53.40000", "2020-03-31": "105.30000", "2019-12-31": "84.60020", "2019-09-30": "120.60000", "2019-06-30": "80.99990", "2019-03-31": "60.50010", "2018-12-31": "57.89970", "2018-09-30": "84.70000", "2018-06-30": "58.00000", "2018-03-31": "55.70010", "2017-12-31": "82.10010", "2017-09-30": "97.30000", "2017-06-30": "56.60000", "2017-03-31": "59.49990", "2016-12-31": "105.39980", "2016-09-30": "131.10000", "2016-06-30": "100.20000", "2016-03-31": "76.70000", "2015-12-31": "89.20000", "2015-09-30": "110.90000", "2015-06-30": "52.00010", "2015-03-31": "54.40000", "2014-12-31": "76.50000", "2014-09-30": "87.10000", "2014-06-30": "50.30000", "2014-03-31": "62.40000", "2013-12-31": "74.10010", "2013-09-30": "81.20000", "2013-06-30": "43.99990", "2013-03-31": "44.50000", "2012-12-31": "51.30010", "2012-09-30": "63.40000", "2012-06-30": "47.50000", "2012-03-31": "86.10000", "2011-12-31": "85.78300", "2011-09-30": "96.60700", "2011-06-30": "82.83000", "2011-03-31": "75.28000", "2010-12-31": "71.60600", "2010-09-30": "68.15400", "2010-06-30": "53.85000", "2010-03-31": "52.29000", "2009-12-31": "47.22600", "2009-09-30": "42.67600", "2009-06-30": "29.16200", "2009-03-31": "25.88100", "2008-12-31": "25.32100", "2008-09-30": "42.89100", "2008-06-30": "36.31900", "2008-03-31": "29.33300", "2007-12-31": "67.68100", "2007-09-30": "67.54900", "2007-06-30": "55.13000", "2007-03-31": "53.75400", "2006-12-31": "61.29400", "2006-09-30": "53.72100", "2006-06-30": "47.22500", "2006-03-31": "47.06500", "2005-12-31": "53.82000", "2005-09-30": "42.81800", "2005-06-30": "44.59700", "2005-03-31": "49.38000"}, "Basic Shares Outstanding": {"2020-09-30": "206.40000", "2020-06-30": "206.40000", "2020-03-31": "213.60000", "2019-12-31": "218.00000", "2019-09-30": "218.40000", "2019-06-30": "218.80000", "2019-03-31": "218.80000", "2018-12-31": "217.60000", "2018-09-30": "218.00000", "2018-06-30": "217.60000", "2018-03-31": "217.20000", "2017-12-31": "216.00000", "2017-09-30": "216.00000", "2017-06-30": "215.60000", "2017-03-31": "215.60000", "2016-12-31": "236.00000", "2016-09-30": "232.80000", "2016-06-30": "240.80000", "2016-03-31": "248.00000", "2015-12-31": "246.80000", "2015-09-30": "248.40000", "2015-06-30": "245.20000", "2015-03-31": "243.60000", "2014-12-31": "243.20000", "2014-09-30": "243.60000", "2014-06-30": "243.20000", "2014-03-31": "242.80000", "2013-12-31": "241.20000", "2013-09-30": "242.00000", "2013-06-30": "241.60000", "2013-03-31": "240.00000", "2012-12-31": "246.00000", "2012-09-30": "238.40000", "2012-06-30": "251.60000", "2012-03-31": "255.60000", "2011-12-31": "268.40000", "2011-09-30": "266.62000", "2011-06-30": "271.83600", "2011-03-31": "274.26000", "2010-12-31": "281.20000", "2010-09-30": "276.79600", "2010-06-30": "282.92000", "2010-03-31": "293.25200", "2009-12-31": "299.73600", "2009-09-30": "299.75200", "2009-06-30": "299.57600", "2009-03-31": "299.49600", "2008-12-31": "298.94800", "2008-09-30": "299.26000", "2008-06-30": "298.96000", "2008-03-31": "298.36400", "2007-12-31": "319.32400", "2007-09-30": "310.90000", "2007-06-30": "331.85200", "2007-03-31": "335.78800", "2006-12-31": "339.68800", "2006-09-30": "331.78400", "2006-06-30": "337.50800", "2006-03-31": "357.38400", "2005-12-31": "392.04800", "2005-09-30": "396.36000", "2005-06-30": "395.16800", "2005-03-31": "393.68000"}, "Shares Outstanding": {"2020-09-30": "211.60000", "2020-06-30": "208.00000", "2020-03-31": "216.00000", "2019-12-31": "221.60000", "2019-09-30": "223.20000", "2019-06-30": "224.00000", "2019-03-31": "222.80000", "2018-12-31": "220.40000", "2018-09-30": "220.40000", "2018-06-30": "219.60000", "2018-03-31": "219.60000", "2017-12-31": "218.80000", "2017-09-30": "219.60000", "2017-06-30": "218.00000", "2017-03-31": "218.40000", "2016-12-31": "239.20000", "2016-09-30": "235.20000", "2016-06-30": "243.20000", "2016-03-31": "250.40000", "2015-12-31": "250.40000", "2015-09-30": "251.60000", "2015-06-30": "249.60000", "2015-03-31": "248.80000", "2014-12-31": "248.40000", "2014-09-30": "248.40000", "2014-06-30": "243.20000", "2014-03-31": "247.60000", "2013-12-31": "246.40000", "2013-09-30": "246.40000", "2013-06-30": "241.60000", "2013-03-31": "244.80000", "2012-12-31": "251.60000", "2012-09-30": "238.40000", "2012-06-30": "257.20000", "2012-03-31": "262.80000", "2011-12-31": "276.40000", "2011-09-30": "274.28400", "2011-06-30": "280.07200", "2011-03-31": "283.48400", "2010-12-31": "291.20000", "2010-09-30": "285.73200", "2010-06-30": "292.60800", "2010-03-31": "302.71200", "2009-12-31": "304.19200", "2009-09-30": "304.66400", "2009-06-30": "301.97200", "2009-03-31": "299.83600", "2008-12-31": "299.63600", "2008-09-30": "299.96800", "2008-06-30": "299.72400", "2008-03-31": "300.75200", "2007-12-31": "325.02400", "2007-09-30": "316.69200", "2007-06-30": "336.88800", "2007-03-31": "343.10000", "2006-12-31": "350.12000", "2006-09-30": "342.72400", "2006-06-30": "349.84000", "2006-03-31": "372.35600", "2005-12-31": "408.57600", "2005-09-30": "413.38400", "2005-06-30": "413.72400", "2005-03-31": "413.56800"}, "Basic EPS": {"2020-09-30": "0.58750", "2020-06-30": "0.11000", "2020-03-31": "0.28000", "2019-12-31": "0.21500", "2019-09-30": "0.33500", "2019-06-30": "0.19000", "2019-03-31": "0.13000", "2018-12-31": "0.05500", "2018-09-30": "0.19500", "2018-06-30": "0.10500", "2018-03-31": "0.10750", "2017-12-31": "0.22250", "2017-09-30": "0.20750", "2017-06-30": "0.11250", "2017-03-31": "0.15750", "2016-12-31": "0.22500", "2016-09-30": "0.33500", "2016-06-30": "0.08750", "2016-03-31": "0.16000", "2015-12-31": "-0.08250", "2015-09-30": "0.16250", "2015-06-30": "0.08750", "2015-03-31": "0.09500", "2014-12-31": "0.19250", "2014-09-30": "0.15250", "2014-06-30": "-0.01000", "2014-03-31": "0.11250", "2013-12-31": "0.11500", "2013-09-30": "0.16500", "2013-06-30": "-0.00750", "2013-03-31": "0.05250", "2012-12-31": "0.10750", "2012-09-30": "-0.00750", "2012-06-30": "0.11500", "2012-03-31": "0.22000", "2011-12-31": "0.21500", "2011-09-30": "0.23250", "2011-06-30": "0.19500", "2011-03-31": "0.17500", "2010-12-31": "0.16750", "2010-09-30": "0.16000", "2010-06-30": "0.11750", "2010-03-31": "0.11250", "2009-12-31": "0.09500", "2009-09-30": "0.08500", "2009-06-30": "0.05750", "2009-03-31": "0.04500", "2008-12-31": "0.00500", "2008-09-30": "0.08000", "2008-06-30": "0.06750", "2008-03-31": "0.04500", "2007-12-31": "0.13000", "2007-09-30": "0.12500", "2007-06-30": "0.10000", "2007-03-31": "0.08750", "2006-12-31": "0.09000", "2006-09-30": "0.08750", "2006-06-30": "0.07750", "2006-03-31": "0.07500", "2005-12-31": "0.07750", "2005-09-30": "0.04500", "2005-06-30": "0.06250", "2005-03-31": "0.06750"}, "EPS - Earnings Per Share": {"2020-09-30": "0.57250", "2020-06-30": "0.11000", "2020-03-31": "0.27750", "2019-12-31": "0.21500", "2019-09-30": "0.32750", "2019-06-30": "0.18500", "2019-03-31": "0.12750", "2018-12-31": "0.05250", "2018-09-30": "0.19250", "2018-06-30": "0.10500", "2018-03-31": "0.10500", "2017-12-31": "0.22250", "2017-09-30": "0.20250", "2017-06-30": "0.11250", "2017-03-31": "0.15500", "2016-12-31": "0.22250", "2016-09-30": "0.33000", "2016-06-30": "0.08750", "2016-03-31": "0.15750", "2015-12-31": "-0.08250", "2015-09-30": "0.16000", "2015-06-30": "0.08500", "2015-03-31": "0.09500", "2014-12-31": "0.18750", "2014-09-30": "0.15000", "2014-06-30": "-0.01000", "2014-03-31": "0.11000", "2013-12-31": "0.11500", "2013-09-30": "0.16250", "2013-06-30": "-0.00750", "2013-03-31": "0.05000", "2012-12-31": "0.10500", "2012-09-30": "-0.00750", "2012-06-30": "0.11250", "2012-03-31": "0.21500", "2011-12-31": "0.21000", "2011-09-30": "0.22500", "2011-06-30": "0.19000", "2011-03-31": "0.17000", "2010-12-31": "0.16000", "2010-09-30": "0.15500", "2010-06-30": "0.11500", "2010-03-31": "0.11000", "2009-12-31": "0.09500", "2009-09-30": "0.08500", "2009-06-30": "0.05500", "2009-03-31": "0.04500", "2008-12-31": "0.00500", "2008-09-30": "0.08000", "2008-06-30": "0.06750", "2008-03-31": "0.04500", "2007-12-31": "0.12750", "2007-09-30": "0.12250", "2007-06-30": "0.09750", "2007-03-31": "0.08750", "2006-12-31": "0.08750", "2006-09-30": "0.08500", "2006-06-30": "0.07500", "2006-03-31": "0.07250", "2005-12-31": "0.07500", "2005-09-30": "0.04250", "2005-06-30": "0.06000", "2005-03-31": "0.06500"}}, "balance sheet": {"Cash On Hand": {"2019-12-31": "64.90000", "2018-12-31": "45.80000", "2017-12-31": "41.10000", "2016-12-31": "65.70000", "2015-12-31": "153.90000", "2014-12-31": "62.50000", "2013-12-31": "81.00000", "2012-12-31": "179.30000", "2011-12-31": "111.40000", "2010-12-31": "53.62300", "2009-12-31": "14.04200", "2008-12-31": "15.38500", "2007-12-31": "33.31500", "2006-12-31": "15.78800", "2005-12-31": "17.85500"}, "Receivables": {"2019-12-31": "372.00000", "2018-12-31": "321.50000", "2017-12-31": "310.80000", "2016-12-31": "341.60000", "2015-12-31": "379.40000", "2014-12-31": "385.80000", "2013-12-31": "349.20000", "2012-12-31": "511.30000", "2011-12-31": "142.40000", "2010-12-31": "115.63000", "2009-12-31": "105.57600", "2008-12-31": "99.81100", "2007-12-31": "163.73000", "2006-12-31": "142.64700", "2005-12-31": "111.74500"}, "Inventory": {"2019-12-31": "260.50000", "2018-12-31": "222.30000", "2017-12-31": "179.10000", "2016-12-31": "196.50000", "2015-12-31": "199.20000", "2014-12-31": "217.20000", "2013-12-31": "199.20000", "2012-12-31": "93.00000", "2011-12-31": "91.20000", "2010-12-31": "69.85600", "2009-12-31": "57.68600", "2008-12-31": "60.49700", "2007-12-31": "106.53300", "2006-12-31": "61.73600", "2005-12-31": "81.06400"}, "Pre-Paid Expenses": {"2019-12-31": "202.80000", "2018-12-31": "215.80000", "2017-12-31": "63.40000", "2016-12-31": "63.90000", "2015-12-31": "76.60000", "2014-12-31": "56.50000", "2013-12-31": "53.70000", "2012-12-31": "41.40000", "2011-12-31": "20.10000", "2010-12-31": "18.64600", "2009-12-31": "11.26800", "2008-12-31": "9.23300", "2007-12-31": "11.13300", "2006-12-31": "8.00200", "2005-12-31": "11.07200"}, "Other Current Assets": {"2019-12-31": "", "2018-12-31": "", "2017-12-31": "", "2016-12-31": "", "2015-12-31": "", "2014-12-31": "", "2013-12-31": "", "2012-12-31": "", "2011-12-31": "", "2010-12-31": "", "2009-12-31": "", "2008-12-31": "", "2007-12-31": "", "2006-12-31": "", "2005-12-31": ""}, "Total Current Assets": {"2019-12-31": "900.20000", "2018-12-31": "805.40000", "2017-12-31": "607.40000", "2016-12-31": "667.70000", "2015-12-31": "809.10000", "2014-12-31": "722.00000", "2013-12-31": "727.50000", "2012-12-31": "827.60000", "2011-12-31": "379.80000", "2010-12-31": "271.48000", "2009-12-31": "208.98300", "2008-12-31": "196.81400", "2007-12-31": "326.63500", "2006-12-31": "237.55600", "2005-12-31": "228.26800"}, "Property, Plant, And Equipment": {"2019-12-31": "435.80000", "2018-12-31": "420.80000", "2017-12-31": "433.50000", "2016-12-31": "422.20000", "2015-12-31": "361.70000", "2014-12-31": "355.60000", "2013-12-31": "411.60000", "2012-12-31": "186.00000", "2011-12-31": "160.50000", "2010-12-31": "159.80700", "2009-12-31": "172.49700", "2008-12-31": "185.84300", "2007-12-31": "208.37000", "2006-12-31": "215.42800", "2005-12-31": "193.22400"}, "Long-Term Investments": {"2019-12-31": "", "2018-12-31": "", "2017-12-31": "", "2016-12-31": "", "2015-12-31": "", "2014-12-31": "", "2013-12-31": "", "2012-12-31": "", "2011-12-31": "", "2010-12-31": "", "2009-12-31": "", "2008-12-31": "", "2007-12-31": "", "2006-12-31": "", "2005-12-31": ""}, "Goodwill And Intangible Assets": {"2019-12-31": "1373.70000", "2018-12-31": "1372.30000", "2017-12-31": "1399.80000", "2016-12-31": "1401.20000", "2015-12-31": "1404.80000", "2014-12-31": "1463.60000", "2013-12-31": "1509.70000", "2012-12-31": "279.20000", "2011-12-31": "279.80000", "2010-12-31": "281.21300", "2009-12-31": "258.10800", "2008-12-31": "259.39200", "2007-12-31": "267.04100", "2006-12-31": "269.03300", "2005-12-31": "273.87000"}, "Other Long-Term Assets": {"2019-12-31": "92.60000", "2018-12-31": "94.30000", "2017-12-31": "227.30000", "2016-12-31": "185.20000", "2015-12-31": "67.70000", "2014-12-31": "30.80000", "2013-12-31": "70.20000", "2012-12-31": "16.30000", "2011-12-31": "9.00000", "2010-12-31": "3.50300", "2009-12-31": "3.79100", "2008-12-31": "4.48200", "2007-12-31": "", "2006-12-31": "", "2005-12-31": ""}, "Total Long-Term Assets": {"2019-12-31": "2161.60000", "2018-12-31": "1910.00000", "2017-12-31": "2086.60000", "2016-12-31": "2031.10000", "2015-12-31": "1846.40000", "2014-12-31": "1860.70000", "2013-12-31": "2002.40000", "2012-12-31": "491.90000", "2011-12-31": "458.40000", "2010-12-31": "444.52300", "2009-12-31": "434.39600", "2008-12-31": "449.71700", "2007-12-31": "479.79700", "2006-12-31": "488.11000", "2005-12-31": "474.04300"}, "Total Assets": {"2019-12-31": "3061.80000", "2018-12-31": "2715.40000", "2017-12-31": "2694.00000", "2016-12-31": "2698.80000", "2015-12-31": "2655.50000", "2014-12-31": "2582.70000", "2013-12-31": "2729.90000", "2012-12-31": "1319.50000", "2011-12-31": "838.20000", "2010-12-31": "716.00300", "2009-12-31": "643.37900", "2008-12-31": "646.53100", "2007-12-31": "806.43200", "2006-12-31": "725.66600", "2005-12-31": "702.31100"}, "Total Current Liabilities": {"2019-12-31": "773.30000", "2018-12-31": "669.00000", "2017-12-31": "576.90000", "2016-12-31": "561.10000", "2015-12-31": "713.00000", "2014-12-31": "538.10000", "2013-12-31": "441.50000", "2012-12-31": "215.70000", "2011-12-31": "167.60000", "2010-12-31": "146.23400", "2009-12-31": "136.52500", "2008-12-31": "114.45400", "2007-12-31": "126.63400", "2006-12-31": "131.76700", "2005-12-31": "120.97900"}, "Long Term Debt": {"2019-12-31": "1502.60000", "2018-12-31": "1599.10000", "2017-12-31": "1680.70000", "2016-12-31": "1817.80000", "2015-12-31": "1273.30000", "2014-12-31": "1498.30000", "2013-12-31": "1796.90000", "2012-12-31": "1025.00000", "2011-12-31": "585.00000", "2010-12-31": "407.00000", "2009-12-31": "297.47000", "2008-12-31": "419.34100", "2007-12-31": "601.75600", "2006-12-31": "341.63500", "2005-12-31": "313.71100"}, "Other Non-Current Liabilities": {"2019-12-31": "118.00000", "2018-12-31": "112.30000", "2017-12-31": "206.10000", "2016-12-31": "179.60000", "2015-12-31": "171.20000", "2014-12-31": "114.30000", "2013-12-31": "75.30000", "2012-12-31": "25.10000", "2011-12-31": "21.50000", "2010-12-31": "4.42100", "2009-12-31": "7.22600", "2008-12-31": "11.92200", "2007-12-31": "0.25900", "2006-12-31": "0.38000", "2005-12-31": "0.90600"}, "Total Long Term Liabilities": {"2019-12-31": "1928.10000", "2018-12-31": "1828.90000", "2017-12-31": "2004.60000", "2016-12-31": "2179.60000", "2015-12-31": "1652.30000", "2014-12-31": "1841.90000", "2013-12-31": "2169.80000", "2012-12-31": "1081.50000", "2011-12-31": "639.80000", "2010-12-31": "443.73600", "2009-12-31": "334.56100", "2008-12-31": "459.63400", "2007-12-31": "631.66000", "2006-12-31": "380.55100", "2005-12-31": "355.00300"}, "Total Liabilities": {"2019-12-31": "2701.40000", "2018-12-31": "2497.90000", "2017-12-31": "2581.50000", "2016-12-31": "2740.70000", "2015-12-31": "2365.30000", "2014-12-31": "2380.00000", "2013-12-31": "2611.30000", "2012-12-31": "1297.20000", "2011-12-31": "807.40000", "2010-12-31": "589.97000", "2009-12-31": "471.08600", "2008-12-31": "574.08800", "2007-12-31": "758.29400", "2006-12-31": "512.31800", "2005-12-31": "475.98200"}, "Common Stock Net": {"2019-12-31": "1.00000", "2018-12-31": "1.00000", "2017-12-31": "1.00000", "2016-12-31": "1.00000", "2015-12-31": "1.00000", "2014-12-31": "1.00000", "2013-12-31": "1.00000", "2012-12-31": "1.00000", "2011-12-31": "1.00000", "2010-12-31": "0.99200", "2009-12-31": "0.99200", "2008-12-31": "0.99200", "2007-12-31": "0.99200", "2006-12-31": "0.99200", "2005-12-31": "0.99200"}, "Retained Earnings (Accumulated Deficit)": {"2019-12-31": "1703.30000", "2018-12-31": "1513.80000", "2017-12-31": "1416.20000", "2016-12-31": "1264.80000", "2015-12-31": "1110.30000", "2014-12-31": "1036.80000", "2013-12-31": "927.90000", "2012-12-31": "849.30000", "2011-12-31": "742.50000", "2010-12-31": "522.87200", "2009-12-31": "365.72700", "2008-12-31": "281.42200", "2007-12-31": "241.81200", "2006-12-31": "140.60800", "2005-12-31": "46.24500"}, "Comprehensive Income": {"2019-12-31": "-87.70000", "2018-12-31": "-95.30000", "2017-12-31": "-75.50000", "2016-12-31": "-103.50000", "2015-12-31": "-110.10000", "2014-12-31": "-55.70000", "2013-12-31": "-13.70000", "2012-12-31": "-7.60000", "2011-12-31": "-14.70000", "2010-12-31": "-6.18800", "2009-12-31": "-8.00400", "2008-12-31": "-12.59000", "2007-12-31": "13.55000", "2006-12-31": "3.99200", "2005-12-31": "1.13700"}, "Other Share Holders Equity": {"2019-12-31": "", "2018-12-31": "", "2017-12-31": "", "2016-12-31": "", "2015-12-31": "", "2014-12-31": "", "2013-12-31": "", "2012-12-31": "", "2011-12-31": "", "2010-12-31": "", "2009-12-31": "", "2008-12-31": "", "2007-12-31": "", "2006-12-31": "", "2005-12-31": ""}, "Share Holder Equity": {"2019-12-31": "360.40000", "2018-12-31": "217.50000", "2017-12-31": "112.50000", "2016-12-31": "-41.90000", "2015-12-31": "290.20000", "2014-12-31": "202.70000", "2013-12-31": "118.60000", "2012-12-31": "22.30000", "2011-12-31": "30.80000", "2010-12-31": "126.03300", "2009-12-31": "172.29300", "2008-12-31": "72.44300", "2007-12-31": "48.13800", "2006-12-31": "213.34800", "2005-12-31": "226.32900"}, "Total Liabilities And Share Holders Equity": {"2019-12-31": "3061.80000", "2018-12-31": "2715.40000", "2017-12-31": "2694.00000", "2016-12-31": "2698.80000", "2015-12-31": "2655.50000", "2014-12-31": "2582.70000", "2013-12-31": "2729.90000", "2012-12-31": "1319.50000", "2011-12-31": "838.20000", "2010-12-31": "716.00300", "2009-12-31": "643.37900", "2008-12-31": "646.53100", "2007-12-31": "806.43200", "2006-12-31": "725.66600", "2005-12-31": "702.31100"}}, "balance sheet, quarterly": {"Cash On Hand": {"2020-09-30": "229.20000", "2020-06-30": "146.80000", "2020-03-31": "197.00000", "2019-12-31": "64.90000", "2019-09-30": "52.90000", "2019-06-30": "38.30000", "2019-03-31": "39.60000", "2018-12-31": "45.80000", "2018-09-30": "32.10000", "2018-06-30": "32.60000", "2018-03-31": "34.50000", "2017-12-31": "41.10000", "2017-09-30": "41.80000", "2017-06-30": "38.50000", "2017-03-31": "42.50000", "2016-12-31": "65.70000", "2016-09-30": "89.00000", "2016-06-30": "137.90000", "2016-03-31": "37.10000", "2015-12-31": "153.90000", "2015-09-30": "71.80000", "2015-06-30": "35.40000", "2015-03-31": "45.00000", "2014-12-31": "62.50000", "2014-09-30": "81.80000", "2014-06-30": "121.50000", "2014-03-31": "79.70000", "2013-12-31": "81.00000", "2013-09-30": "126.60000", "2013-06-30": "101.40000", "2013-03-31": "91.50000", "2012-12-31": "179.30000", "2012-09-30": "151.74300", "2012-06-30": "134.19800", "2012-03-31": "134.01600", "2011-12-31": "111.40000", "2011-09-30": "103.01500", "2011-06-30": "86.73900", "2011-03-31": "59.36000", "2010-12-31": "53.62300", "2010-09-30": "38.04800", "2010-06-30": "15.36700", "2010-03-31": "38.42200", "2009-12-31": "14.04200", "2009-09-30": "20.00300", "2009-06-30": "24.97400", "2009-03-31": "21.12700", "2008-12-31": "15.38500", "2008-09-30": "87.67700", "2008-06-30": "68.35300", "2008-03-31": "46.56700", "2007-12-31": "33.31500", "2007-09-30": "23.58000", "2007-06-30": "24.83200", "2007-03-31": "16.77400", "2006-12-31": "15.78800", "2006-09-30": "15.25300", "2006-06-30": "15.81200", "2006-03-31": "13.18100", "2005-12-31": "17.85500", "2005-09-30": "52.40100", "2005-06-30": "28.16800", "2005-03-31": "12.99500"}, "Receivables": {"2020-09-30": "440.80000", "2020-06-30": "341.80000", "2020-03-31": "372.80000", "2019-12-31": "372.00000", "2019-09-30": "431.20000", "2019-06-30": "386.30000", "2019-03-31": "356.40000", "2018-12-31": "321.50000", "2018-09-30": "374.10000", "2018-06-30": "359.40000", "2018-03-31": "339.40000", "2017-12-31": "310.80000", "2017-09-30": "363.60000", "2017-06-30": "356.20000", "2017-03-31": "344.10000", "2016-12-31": "341.60000", "2016-09-30": "404.30000", "2016-06-30": "414.00000", "2016-03-31": "384.70000", "2015-12-31": "379.40000", "2015-09-30": "454.70000", "2015-06-30": "433.30000", "2015-03-31": "390.10000", "2014-12-31": "385.80000", "2014-09-30": "402.40000", "2014-06-30": "376.20000", "2014-03-31": "368.40000", "2013-12-31": "349.20000", "2013-09-30": "349.30000", "2013-06-30": "331.60000", "2013-03-31": "417.70000", "2012-12-31": "511.30000", "2012-09-30": "161.52100", "2012-06-30": "131.19200", "2012-03-31": "152.96100", "2011-12-31": "142.40000", "2011-09-30": "151.41900", "2011-06-30": "140.41300", "2011-03-31": "134.40700", "2010-12-31": "115.63000", "2010-09-30": "127.45300", "2010-06-30": "112.33800", "2010-03-31": "118.99700", "2009-12-31": "105.57600", "2009-09-30": "105.39700", "2009-06-30": "91.00200", "2009-03-31": "90.50000", "2008-12-31": "99.81100", "2008-09-30": "137.11200", "2008-06-30": "132.55500", "2008-03-31": "152.58100", "2007-12-31": "163.73000", "2007-09-30": "165.73500", "2007-06-30": "141.80000", "2007-03-31": "146.20600", "2006-12-31": "142.64700", "2006-09-30": "136.23600", "2006-06-30": "123.91600", "2006-03-31": "122.64400", "2005-12-31": "111.74500", "2005-09-30": "116.40800", "2005-06-30": "96.70100", "2005-03-31": "98.87200"}, "Inventory": {"2020-09-30": "275.60000", "2020-06-30": "258.80000", "2020-03-31": "273.40000", "2019-12-31": "260.50000", "2019-09-30": "270.80000", "2019-06-30": "243.10000", "2019-03-31": "239.70000", "2018-12-31": "222.30000", "2018-09-30": "220.50000", "2018-06-30": "224.40000", "2018-03-31": "214.70000", "2017-12-31": "179.10000", "2017-09-30": "188.80000", "2017-06-30": "194.50000", "2017-03-31": "192.20000", "2016-12-31": "196.50000", "2016-09-30": "214.30000", "2016-06-30": "225.60000", "2016-03-31": "214.40000", "2015-12-31": "199.20000", "2015-09-30": "213.10000", "2015-06-30": "231.80000", "2015-03-31": "226.90000", "2014-12-31": "217.20000", "2014-09-30": "207.30000", "2014-06-30": "220.00000", "2014-03-31": "222.70000", "2013-12-31": "199.20000", "2013-09-30": "182.80000", "2013-06-30": "179.60000", "2013-03-31": "170.90000", "2012-12-31": "93.00000", "2012-09-30": "87.12300", "2012-06-30": "106.05600", "2012-03-31": "97.67000", "2011-12-31": "91.20000", "2011-09-30": "91.04600", "2011-06-30": "86.27900", "2011-03-31": "71.71600", "2010-12-31": "69.85600", "2010-09-30": "68.17500", "2010-06-30": "65.31000", "2010-03-31": "68.11100", "2009-12-31": "57.68600", "2009-09-30": "48.45600", "2009-06-30": "51.57000", "2009-03-31": "60.79100", "2008-12-31": "60.49700", "2008-09-30": "69.70300", "2008-06-30": "93.52000", "2008-03-31": "112.00100", "2007-12-31": "106.53300", "2007-09-30": "82.06500", "2007-06-30": "77.43400", "2007-03-31": "74.25700", "2006-12-31": "61.73600", "2006-09-30": "63.75400", "2006-06-30": "71.77300", "2006-03-31": "78.24800", "2005-12-31": "81.06400", "2005-09-30": "87.15900", "2005-06-30": "81.62500", "2005-03-31": "73.68200"}, "Pre-Paid Expenses": {"2020-09-30": "202.50000", "2020-06-30": "198.10000", "2020-03-31": "203.20000", "2019-12-31": "202.80000", "2019-09-30": "205.60000", "2019-06-30": "224.00000", "2019-03-31": "217.30000", "2018-12-31": "215.80000", "2018-09-30": "243.30000", "2018-06-30": "69.80000", "2018-03-31": "71.20000", "2017-12-31": "63.40000", "2017-09-30": "63.10000", "2017-06-30": "58.40000", "2017-03-31": "62.00000", "2016-12-31": "63.90000", "2016-09-30": "61.70000", "2016-06-30": "71.40000", "2016-03-31": "72.70000", "2015-12-31": "76.60000", "2015-09-30": "63.50000", "2015-06-30": "61.90000", "2015-03-31": "55.90000", "2014-12-31": "56.50000", "2014-09-30": "53.10000", "2014-06-30": "54.90000", "2014-03-31": "59.40000", "2013-12-31": "53.70000", "2013-09-30": "52.70000", "2013-06-30": "50.80000", "2013-03-31": "46.90000", "2012-12-31": "41.40000", "2012-09-30": "26.14300", "2012-06-30": "24.14800", "2012-03-31": "25.42300", "2011-12-31": "20.10000", "2011-09-30": "23.45600", "2011-06-30": "24.33300", "2011-03-31": "22.93200", "2010-12-31": "18.64600", "2010-09-30": "15.02700", "2010-06-30": "14.17400", "2010-03-31": "15.88800", "2009-12-31": "11.26800", "2009-09-30": "11.45600", "2009-06-30": "11.67500", "2009-03-31": "12.28400", "2008-12-31": "9.23300", "2008-09-30": "10.92200", "2008-06-30": "14.32000", "2008-03-31": "15.11600", "2007-12-31": "11.13300", "2007-09-30": "13.05300", "2007-06-30": "13.09800", "2007-03-31": "19.80100", "2006-12-31": "8.00200", "2006-09-30": "10.47800", "2006-06-30": "11.33600", "2006-03-31": "10.94400", "2005-12-31": "11.07200", "2005-09-30": "9.98200", "2005-06-30": "10.73400", "2005-03-31": "10.94200"}, "Other Current Assets": {"2020-09-30": "", "2020-06-30": "", "2020-03-31": "", "2019-12-31": "", "2019-09-30": "", "2019-06-30": "", "2019-03-31": "", "2018-12-31": "", "2018-09-30": "", "2018-06-30": "", "2018-03-31": "", "2017-12-31": "", "2017-09-30": "", "2017-06-30": "", "2017-03-31": "", "2016-12-31": "", "2016-09-30": "", "2016-06-30": "", "2016-03-31": "", "2015-12-31": "", "2015-09-30": "", "2015-06-30": "", "2015-03-31": "", "2014-12-31": "", "2014-09-30": "", "2014-06-30": "", "2014-03-31": "", "2013-12-31": "", "2013-09-30": "", "2013-06-30": "", "2013-03-31": "", "2012-12-31": "", "2012-09-30": "", "2012-06-30": "", "2012-03-31": "", "2011-12-31": "", "2011-09-30": "", "2011-06-30": "", "2011-03-31": "", "2010-12-31": "", "2010-09-30": "", "2010-06-30": "", "2010-03-31": "", "2009-12-31": "", "2009-09-30": "", "2009-06-30": "", "2009-03-31": "", "2008-12-31": "", "2008-09-30": "", "2008-06-30": "", "2008-03-31": "", "2007-12-31": "", "2007-09-30": "", "2007-06-30": "", "2007-03-31": "", "2006-12-31": "", "2006-09-30": "", "2006-06-30": "", "2006-03-31": "", "2005-12-31": "", "2005-09-30": "", "2005-06-30": "", "2005-03-31": ""}, "Total Current Assets": {"2020-09-30": "1148.10000", "2020-06-30": "945.50000", "2020-03-31": "1046.40000", "2019-12-31": "900.20000", "2019-09-30": "960.50000", "2019-06-30": "891.70000", "2019-03-31": "853.00000", "2018-12-31": "805.40000", "2018-09-30": "877.60000", "2018-06-30": "686.20000", "2018-03-31": "659.80000", "2017-12-31": "607.40000", "2017-09-30": "657.30000", "2017-06-30": "647.60000", "2017-03-31": "640.80000", "2016-12-31": "667.70000", "2016-09-30": "769.30000", "2016-06-30": "848.90000", "2016-03-31": "708.90000", "2015-12-31": "809.10000", "2015-09-30": "854.30000", "2015-06-30": "813.60000", "2015-03-31": "771.70000", "2014-12-31": "722.00000", "2014-09-30": "791.80000", "2014-06-30": "818.00000", "2014-03-31": "773.20000", "2013-12-31": "727.50000", "2013-09-30": "750.60000", "2013-06-30": "699.20000", "2013-03-31": "760.30000", "2012-12-31": "827.60000", "2012-09-30": "441.21200", "2012-06-30": "412.75500", "2012-03-31": "425.90400", "2011-12-31": "379.80000", "2011-09-30": "380.45800", "2011-06-30": "349.96300", "2011-03-31": "301.31800", "2010-12-31": "271.48000", "2010-09-30": "267.85800", "2010-06-30": "227.65100", "2010-03-31": "261.69400", "2009-12-31": "208.98300", "2009-09-30": "205.15100", "2009-06-30": "197.26400", "2009-03-31": "201.17700", "2008-12-31": "196.81400", "2008-09-30": "320.13900", "2008-06-30": "322.72600", "2008-03-31": "340.18700", "2007-12-31": "326.63500", "2007-09-30": "293.99900", "2007-06-30": "266.88500", "2007-03-31": "267.07100", "2006-12-31": "237.55600", "2006-09-30": "234.00900", "2006-06-30": "230.65600", "2006-03-31": "232.11500", "2005-12-31": "228.26800", "2005-09-30": "275.09000", "2005-06-30": "227.07000", "2005-03-31": "206.35500"}, "Property, Plant, And Equipment": {"2020-09-30": "485.80000", "2020-06-30": "462.80000", "2020-03-31": "460.30000", "2019-12-31": "435.80000", "2019-09-30": "431.50000", "2019-06-30": "430.00000", "2019-03-31": "418.50000", "2018-12-31": "420.80000", "2018-09-30": "421.00000", "2018-06-30": "433.10000", "2018-03-31": "436.80000", "2017-12-31": "433.50000", "2017-09-30": "424.10000", "2017-06-30": "424.80000", "2017-03-31": "420.10000", "2016-12-31": "422.20000", "2016-09-30": "365.10000", "2016-06-30": "362.20000", "2016-03-31": "364.90000", "2015-12-31": "361.70000", "2015-09-30": "360.50000", "2015-06-30": "358.60000", "2015-03-31": "353.10000", "2014-12-31": "355.60000", "2014-09-30": "358.10000", "2014-06-30": "366.40000", "2014-03-31": "402.40000", "2013-12-31": "411.60000", "2013-09-30": "411.60000", "2013-06-30": "415.10000", "2013-03-31": "433.50000", "2012-12-31": "186.00000", "2012-09-30": "176.80700", "2012-06-30": "166.31000", "2012-03-31": "161.00000", "2011-12-31": "160.50000", "2011-09-30": "158.56700", "2011-06-30": "162.08100", "2011-03-31": "161.07600", "2010-12-31": "159.80700", "2010-09-30": "162.91000", "2010-06-30": "159.52800", "2010-03-31": "165.88000", "2009-12-31": "172.49700", "2009-09-30": "175.81700", "2009-06-30": "176.86700", "2009-03-31": "178.01600", "2008-12-31": "185.84300", "2008-09-30": "190.71400", "2008-06-30": "203.70900", "2008-03-31": "208.70300", "2007-12-31": "208.37000", "2007-09-30": "208.14000", "2007-06-30": "207.23900", "2007-03-31": "211.68000", "2006-12-31": "215.42800", "2006-09-30": "206.54100", "2006-06-30": "206.51900", "2006-03-31": "199.85800", "2005-12-31": "193.22400", "2005-09-30": "182.85100", "2005-06-30": "168.08600", "2005-03-31": "147.51800"}, "Long-Term Investments": {"2020-09-30": "", "2020-06-30": "", "2020-03-31": "", "2019-12-31": "", "2019-09-30": "", "2019-06-30": "", "2019-03-31": "", "2018-12-31": "", "2018-09-30": "", "2018-06-30": "", "2018-03-31": "", "2017-12-31": "", "2017-09-30": "", "2017-06-30": "", "2017-03-31": "", "2016-12-31": "", "2016-09-30": "", "2016-06-30": "", "2016-03-31": "", "2015-12-31": "", "2015-09-30": "", "2015-06-30": "", "2015-03-31": "", "2014-12-31": "", "2014-09-30": "", "2014-06-30": "", "2014-03-31": "", "2013-12-31": "", "2013-09-30": "", "2013-06-30": "", "2013-03-31": "", "2012-12-31": "", "2012-09-30": "", "2012-06-30": "", "2012-03-31": "", "2011-12-31": "", "2011-09-30": "", "2011-06-30": "", "2011-03-31": "", "2010-12-31": "", "2010-09-30": "", "2010-06-30": "", "2010-03-31": "", "2009-12-31": "", "2009-09-30": "", "2009-06-30": "", "2009-03-31": "", "2008-12-31": "", "2008-09-30": "", "2008-06-30": "", "2008-03-31": "", "2007-12-31": "", "2007-09-30": "", "2007-06-30": "", "2007-03-31": "", "2006-12-31": "", "2006-09-30": "", "2006-06-30": "", "2006-03-31": "", "2005-12-31": "", "2005-09-30": "", "2005-06-30": "", "2005-03-31": ""}, "Goodwill And Intangible Assets": {"2020-09-30": "1392.00000", "2020-06-30": "1391.00000", "2020-03-31": "1388.80000", "2019-12-31": "1373.70000", "2019-09-30": "1374.40000", "2019-06-30": "1382.90000", "2019-03-31": "1372.40000", "2018-12-31": "1372.30000", "2018-09-30": "1383.50000", "2018-06-30": "1386.50000", "2018-03-31": "1392.80000", "2017-12-31": "1399.80000", "2017-09-30": "1404.80000", "2017-06-30": "1400.50000", "2017-03-31": "1399.60000", "2016-12-31": "1401.20000", "2016-09-30": "1406.00000", "2016-06-30": "1411.50000", "2016-03-31": "1413.80000", "2015-12-31": "1404.80000", "2015-09-30": "1415.00000", "2015-06-30": "1434.30000", "2015-03-31": "1433.90000", "2014-12-31": "1463.60000", "2014-09-30": "1474.60000", "2014-06-30": "1485.00000", "2014-03-31": "1508.10000", "2013-12-31": "1509.70000", "2013-09-30": "1514.60000", "2013-06-30": "1511.90000", "2013-03-31": "1535.30000", "2012-12-31": "279.20000", "2012-09-30": "279.94600", "2012-06-30": "278.10900", "2012-03-31": "279.08500", "2011-12-31": "279.80000", "2011-09-30": "280.48300", "2011-06-30": "280.54200", "2011-03-31": "280.94900", "2010-12-31": "281.21300", "2010-09-30": "280.90200", "2010-06-30": "280.46000", "2010-03-31": "257.22200", "2009-12-31": "258.10800", "2009-09-30": "258.77400", "2009-06-30": "258.81800", "2009-03-31": "258.66700", "2008-12-31": "259.39200", "2008-09-30": "266.68000", "2008-06-30": "266.65100", "2008-03-31": "266.40000", "2007-12-31": "267.04100", "2007-09-30": "267.63700", "2007-06-30": "268.11600", "2007-03-31": "269.11000", "2006-12-31": "269.03300", "2006-09-30": "270.85600", "2006-06-30": "272.45900", "2006-03-31": "272.97700", "2005-12-31": "273.87000", "2005-09-30": "275.65200", "2005-06-30": "276.58100", "2005-03-31": "276.61600"}, "Other Long-Term Assets": {"2020-09-30": "108.30000", "2020-06-30": "107.40000", "2020-03-31": "114.50000", "2019-12-31": "92.60000", "2019-09-30": "95.90000", "2019-06-30": "101.50000", "2019-03-31": "108.00000", "2018-12-31": "94.30000", "2018-09-30": "102.30000", "2018-06-30": "236.20000", "2018-03-31": "235.50000", "2017-12-31": "227.30000", "2017-09-30": "221.80000", "2017-06-30": "212.80000", "2017-03-31": "195.80000", "2016-12-31": "185.20000", "2016-09-30": "180.40000", "2016-06-30": "84.30000", "2016-03-31": "76.20000", "2015-12-31": "67.70000", "2015-09-30": "100.30000", "2015-06-30": "101.20000", "2015-03-31": "87.70000", "2014-12-31": "30.80000", "2014-09-30": "64.60000", "2014-06-30": "71.50000", "2014-03-31": "76.90000", "2013-12-31": "70.20000", "2013-09-30": "75.00000", "2013-06-30": "80.30000", "2013-03-31": "87.90000", "2012-12-31": "16.30000", "2012-09-30": "15.55500", "2012-06-30": "8.36600", "2012-03-31": "8.47100", "2011-12-31": "9.00000", "2011-09-30": "9.12800", "2011-06-30": "9.43900", "2011-03-31": "3.16900", "2010-12-31": "3.50300", "2010-09-30": "4.28000", "2010-06-30": "4.29800", "2010-03-31": "4.39200", "2009-12-31": "3.79100", "2009-09-30": "2.91900", "2009-06-30": "", "2009-03-31": "", "2008-12-31": "4.48200", "2008-09-30": "", "2008-06-30": "", "2008-03-31": "", "2007-12-31": "", "2007-09-30": "", "2007-06-30": "", "2007-03-31": "", "2006-12-31": "", "2006-09-30": "", "2006-06-30": "", "2006-03-31": "", "2005-12-31": "", "2005-09-30": "", "2005-06-30": "", "2005-03-31": ""}, "Total Long-Term Assets": {"2020-09-30": "2307.30000", "2020-06-30": "2256.40000", "2020-03-31": "2259.80000", "2019-12-31": "2161.60000", "2019-09-30": "2142.60000", "2019-06-30": "2155.00000", "2019-03-31": "2112.70000", "2018-12-31": "1910.00000", "2018-09-30": "1931.10000", "2018-06-30": "2079.40000", "2018-03-31": "2090.20000", "2017-12-31": "2086.60000", "2017-09-30": "2078.00000", "2017-06-30": "2063.60000", "2017-03-31": "2039.50000", "2016-12-31": "2031.10000", "2016-09-30": "1976.90000", "2016-06-30": "1870.50000", "2016-03-31": "1867.90000", "2015-12-31": "1846.40000", "2015-09-30": "1885.10000", "2015-06-30": "1903.30000", "2015-03-31": "1883.40000", "2014-12-31": "1860.70000", "2014-09-30": "1907.90000", "2014-06-30": "1933.90000", "2014-03-31": "1998.20000", "2013-12-31": "2002.40000", "2013-09-30": "2010.90000", "2013-06-30": "2017.10000", "2013-03-31": "2066.60000", "2012-12-31": "491.90000", "2012-09-30": "472.30800", "2012-06-30": "452.78500", "2012-03-31": "448.55600", "2011-12-31": "458.40000", "2011-09-30": "448.17800", "2011-06-30": "452.06200", "2011-03-31": "445.19400", "2010-12-31": "444.52300", "2010-09-30": "448.09200", "2010-06-30": "444.28600", "2010-03-31": "427.49400", "2009-12-31": "434.39600", "2009-09-30": "437.51000", "2009-06-30": "439.44300", "2009-03-31": "440.74100", "2008-12-31": "449.71700", "2008-09-30": "462.17900", "2008-06-30": "475.46400", "2008-03-31": "480.44800", "2007-12-31": "479.79700", "2007-09-30": "479.82100", "2007-06-30": "479.33700", "2007-03-31": "484.07400", "2006-12-31": "488.11000", "2006-09-30": "483.85900", "2006-06-30": "485.94700", "2006-03-31": "480.07300", "2005-12-31": "474.04300", "2005-09-30": "467.46300", "2005-06-30": "452.91400", "2005-03-31": "432.90500"}, "Total Assets": {"2020-09-30": "3455.40000", "2020-06-30": "3201.90000", "2020-03-31": "3306.20000", "2019-12-31": "3061.80000", "2019-09-30": "3103.10000", "2019-06-30": "3046.70000", "2019-03-31": "2965.70000", "2018-12-31": "2715.40000", "2018-09-30": "2808.70000", "2018-06-30": "2765.60000", "2018-03-31": "2750.00000", "2017-12-31": "2694.00000", "2017-09-30": "2735.30000", "2017-06-30": "2711.20000", "2017-03-31": "2680.30000", "2016-12-31": "2698.80000", "2016-09-30": "2746.20000", "2016-06-30": "2719.40000", "2016-03-31": "2576.80000", "2015-12-31": "2655.50000", "2015-09-30": "2739.40000", "2015-06-30": "2716.90000", "2015-03-31": "2655.10000", "2014-12-31": "2582.70000", "2014-09-30": "2699.70000", "2014-06-30": "2751.90000", "2014-03-31": "2771.40000", "2013-12-31": "2729.90000", "2013-09-30": "2761.50000", "2013-06-30": "2716.30000", "2013-03-31": "2826.90000", "2012-12-31": "1319.50000", "2012-09-30": "913.52000", "2012-06-30": "865.54000", "2012-03-31": "874.46000", "2011-12-31": "838.20000", "2011-09-30": "828.63600", "2011-06-30": "802.02500", "2011-03-31": "746.51200", "2010-12-31": "716.00300", "2010-09-30": "715.95000", "2010-06-30": "671.93700", "2010-03-31": "689.18800", "2009-12-31": "643.37900", "2009-09-30": "642.66100", "2009-06-30": "636.70700", "2009-03-31": "641.91800", "2008-12-31": "646.53100", "2008-09-30": "782.31800", "2008-06-30": "798.19000", "2008-03-31": "820.63500", "2007-12-31": "806.43200", "2007-09-30": "773.82000", "2007-06-30": "746.22200", "2007-03-31": "751.14500", "2006-12-31": "725.66600", "2006-09-30": "717.86800", "2006-06-30": "716.60300", "2006-03-31": "712.18800", "2005-12-31": "702.31100", "2005-09-30": "742.55300", "2005-06-30": "679.98400", "2005-03-31": "639.26000"}, "Total Current Liabilities": {"2020-09-30": "1026.70000", "2020-06-30": "1001.70000", "2020-03-31": "750.40000", "2019-12-31": "773.30000", "2019-09-30": "848.00000", "2019-06-30": "738.70000", "2019-03-31": "725.50000", "2018-12-31": "669.00000", "2018-09-30": "733.70000", "2018-06-30": "581.10000", "2018-03-31": "569.50000", "2017-12-31": "576.90000", "2017-09-30": "610.60000", "2017-06-30": "537.60000", "2017-03-31": "550.70000", "2016-12-31": "561.10000", "2016-09-30": "612.20000", "2016-06-30": "668.50000", "2016-03-31": "655.10000", "2015-12-31": "713.00000", "2015-09-30": "755.30000", "2015-06-30": "575.20000", "2015-03-31": "536.10000", "2014-12-31": "538.10000", "2014-09-30": "562.90000", "2014-06-30": "511.20000", "2014-03-31": "446.50000", "2013-12-31": "441.50000", "2013-09-30": "475.30000", "2013-06-30": "401.10000", "2013-03-31": "412.90000", "2012-12-31": "215.70000", "2012-09-30": "234.24000", "2012-06-30": "153.82000", "2012-03-31": "166.59400", "2011-12-31": "167.60000", "2011-09-30": "186.04000", "2011-06-30": "167.76300", "2011-03-31": "169.03000", "2010-12-31": "146.23400", "2010-09-30": "177.10500", "2010-06-30": "142.72900", "2010-03-31": "148.26500", "2009-12-31": "136.52500", "2009-09-30": "148.98200", "2009-06-30": "119.92200", "2009-03-31": "116.38600", "2008-12-31": "114.45400", "2008-09-30": "146.34000", "2008-06-30": "124.48500", "2008-03-31": "123.06100", "2007-12-31": "126.63400", "2007-09-30": "155.27700", "2007-06-30": "122.06700", "2007-03-31": "147.10100", "2006-12-31": "131.76700", "2006-09-30": "146.32700", "2006-06-30": "135.94900", "2006-03-31": "143.72300", "2005-12-31": "120.97900", "2005-09-30": "121.60500", "2005-06-30": "125.76200", "2005-03-31": "107.46800"}, "Long Term Debt": {"2020-09-30": "1494.60000", "2020-06-30": "1497.20000", "2020-03-31": "1885.50000", "2019-12-31": "1502.60000", "2019-09-30": "1509.50000", "2019-06-30": "1585.50000", "2019-03-31": "1604.10000", "2018-12-31": "1599.10000", "2018-09-30": "1616.00000", "2018-06-30": "1706.80000", "2018-03-31": "1707.60000", "2017-12-31": "1680.70000", "2017-09-30": "1686.70000", "2017-06-30": "1793.20000", "2017-03-31": "1789.80000", "2016-12-31": "1817.80000", "2016-09-30": "1619.00000", "2016-06-30": "1526.60000", "2016-03-31": "1293.70000", "2015-12-31": "1273.30000", "2015-09-30": "1312.50000", "2015-06-30": "1510.00000", "2015-03-31": "1532.50000", "2014-12-31": "1498.30000", "2014-09-30": "1586.60000", "2014-06-30": "1723.20000", "2014-03-31": "1799.70000", "2013-12-31": "1796.90000", "2013-09-30": "1820.40000", "2013-06-30": "1903.30000", "2013-03-31": "1961.70000", "2012-12-31": "1025.00000", "2012-09-30": "649.50000", "2012-06-30": "681.50000", "2012-03-31": "565.00000", "2011-12-31": "585.00000", "2011-09-30": "508.50000", "2011-06-30": "475.00000", "2011-03-31": "395.00000", "2010-12-31": "407.00000", "2010-09-30": "436.00000", "2010-06-30": "435.00000", "2010-03-31": "392.69500", "2009-12-31": "297.47000", "2009-09-30": "315.00000", "2009-06-30": "369.00000", "2009-03-31": "400.00000", "2008-12-31": "419.34100", "2008-09-30": "518.75000", "2008-06-30": "556.50000", "2008-03-31": "596.79200", "2007-12-31": "601.75600", "2007-09-30": "555.80500", "2007-06-30": "401.36500", "2007-03-31": "349.93300", "2006-12-31": "341.63500", "2006-09-30": "354.42500", "2006-06-30": "394.46100", "2006-03-31": "371.79300", "2005-12-31": "313.71100", "2005-09-30": "304.13600", "2005-06-30": "254.43400", "2005-03-31": "250.33000"}, "Other Non-Current Liabilities": {"2020-09-30": "124.40000", "2020-06-30": "121.00000", "2020-03-31": "118.80000", "2019-12-31": "118.00000", "2019-09-30": "112.80000", "2019-06-30": "112.90000", "2019-03-31": "109.90000", "2018-12-31": "112.30000", "2018-09-30": "126.70000", "2018-06-30": "209.00000", "2018-03-31": "214.90000", "2017-12-31": "206.10000", "2017-09-30": "190.00000", "2017-06-30": "190.00000", "2017-03-31": "180.90000", "2016-12-31": "179.60000", "2016-09-30": "162.20000", "2016-06-30": "161.70000", "2016-03-31": "169.70000", "2015-12-31": "171.20000", "2015-09-30": "115.60000", "2015-06-30": "115.10000", "2015-03-31": "117.30000", "2014-12-31": "114.30000", "2014-09-30": "102.70000", "2014-06-30": "81.60000", "2014-03-31": "82.00000", "2013-12-31": "75.30000", "2013-09-30": "85.20000", "2013-06-30": "82.40000", "2013-03-31": "93.80000", "2012-12-31": "25.10000", "2012-09-30": "23.87300", "2012-06-30": "22.79200", "2012-03-31": "22.35000", "2011-12-31": "21.50000", "2011-09-30": "5.29100", "2011-06-30": "4.51200", "2011-03-31": "4.43400", "2010-12-31": "4.42100", "2010-09-30": "4.25400", "2010-06-30": "8.21100", "2010-03-31": "6.22200", "2009-12-31": "7.22600", "2009-09-30": "8.95200", "2009-06-30": "9.71100", "2009-03-31": "12.55000", "2008-12-31": "11.92200", "2008-09-30": "2.41000", "2008-06-30": "1.43600", "2008-03-31": "0.29400", "2007-12-31": "0.25900", "2007-09-30": "0.33000", "2007-06-30": "0.31800", "2007-03-31": "0.34300", "2006-12-31": "0.38000", "2006-09-30": "0.41500", "2006-06-30": "0.72000", "2006-03-31": "0.47100", "2005-12-31": "0.90600", "2005-09-30": "1.82300", "2005-06-30": "1.97400", "2005-03-31": "2.15300"}, "Total Long Term Liabilities": {"2020-09-30": "1981.40000", "2020-06-30": "1950.50000", "2020-03-31": "2347.40000", "2019-12-31": "1928.10000", "2019-09-30": "1918.60000", "2019-06-30": "2002.10000", "2019-03-31": "1986.70000", "2018-12-31": "1828.90000", "2018-09-30": "1865.50000", "2018-06-30": "2026.50000", "2018-03-31": "2037.90000", "2017-12-31": "2004.60000", "2017-09-30": "2040.50000", "2017-06-30": "2151.80000", "2017-03-31": "2147.40000", "2016-12-31": "2179.60000", "2016-09-30": "1982.70000", "2016-06-30": "1893.40000", "2016-03-31": "1669.30000", "2015-12-31": "1652.30000", "2015-09-30": "1684.80000", "2015-06-30": "1889.00000", "2015-03-31": "1924.50000", "2014-12-31": "1841.90000", "2014-09-30": "1963.20000", "2014-06-30": "2084.80000", "2014-03-31": "2173.40000", "2013-12-31": "2169.80000", "2013-09-30": "2203.70000", "2013-06-30": "2288.40000", "2013-03-31": "2386.60000", "2012-12-31": "1081.50000", "2012-09-30": "691.73300", "2012-06-30": "723.86000", "2012-03-31": "607.45500", "2011-12-31": "639.80000", "2011-09-30": "543.15900", "2011-06-30": "510.29900", "2011-03-31": "430.30000", "2010-12-31": "443.73600", "2010-09-30": "470.98600", "2010-06-30": "473.90000", "2010-03-31": "427.74400", "2009-12-31": "334.56100", "2009-09-30": "353.09400", "2009-06-30": "407.59900", "2009-03-31": "441.21700", "2008-12-31": "459.63400", "2008-09-30": "551.56400", "2008-06-30": "587.99500", "2008-03-31": "627.33400", "2007-12-31": "631.66000", "2007-09-30": "590.42900", "2007-06-30": "439.26200", "2007-03-31": "387.53700", "2006-12-31": "380.55100", "2006-09-30": "394.37200", "2006-06-30": "434.44300", "2006-03-31": "412.57100", "2005-12-31": "355.00300", "2005-09-30": "349.10800", "2005-06-30": "299.60700", "2005-03-31": "295.88100"}, "Total Liabilities": {"2020-09-30": "3008.10000", "2020-06-30": "2952.20000", "2020-03-31": "3097.80000", "2019-12-31": "2701.40000", "2019-09-30": "2766.60000", "2019-06-30": "2740.80000", "2019-03-31": "2712.20000", "2018-12-31": "2497.90000", "2018-09-30": "2599.20000", "2018-06-30": "2607.60000", "2018-03-31": "2607.40000", "2017-12-31": "2581.50000", "2017-09-30": "2651.10000", "2017-06-30": "2689.40000", "2017-03-31": "2698.10000", "2016-12-31": "2740.70000", "2016-09-30": "2594.90000", "2016-06-30": "2561.90000", "2016-03-31": "2324.40000", "2015-12-31": "2365.30000", "2015-09-30": "2440.10000", "2015-06-30": "2464.20000", "2015-03-31": "2460.60000", "2014-12-31": "2380.00000", "2014-09-30": "2526.10000", "2014-06-30": "2596.00000", "2014-03-31": "2619.90000", "2013-12-31": "2611.30000", "2013-09-30": "2679.00000", "2013-06-30": "2689.50000", "2013-03-31": "2799.50000", "2012-12-31": "1297.20000", "2012-09-30": "925.97300", "2012-06-30": "877.68000", "2012-03-31": "774.04900", "2011-12-31": "807.40000", "2011-09-30": "729.19900", "2011-06-30": "678.06200", "2011-03-31": "599.33000", "2010-12-31": "589.97000", "2010-09-30": "648.09100", "2010-06-30": "616.62900", "2010-03-31": "576.00900", "2009-12-31": "471.08600", "2009-09-30": "502.07600", "2009-06-30": "527.52100", "2009-03-31": "557.60300", "2008-12-31": "574.08800", "2008-09-30": "697.90400", "2008-06-30": "712.48000", "2008-03-31": "750.39500", "2007-12-31": "758.29400", "2007-09-30": "745.70600", "2007-06-30": "561.32900", "2007-03-31": "534.63800", "2006-12-31": "512.31800", "2006-09-30": "540.69900", "2006-06-30": "570.39200", "2006-03-31": "556.29400", "2005-12-31": "475.98200", "2005-09-30": "470.71300", "2005-06-30": "425.36900", "2005-03-31": "403.34900"}, "Common Stock Net": {"2020-09-30": "1.00000", "2020-06-30": "1.00000", "2020-03-31": "1.00000", "2019-12-31": "1.00000", "2019-09-30": "1.00000", "2019-06-30": "1.00000", "2019-03-31": "1.00000", "2018-12-31": "1.00000", "2018-09-30": "", "2018-06-30": "", "2018-03-31": "", "2017-12-31": "1.00000", "2017-09-30": "", "2017-06-30": "", "2017-03-31": "", "2016-12-31": "1.00000", "2016-09-30": "", "2016-06-30": "", "2016-03-31": "", "2015-12-31": "1.00000", "2015-09-30": "", "2015-06-30": "", "2015-03-31": "", "2014-12-31": "1.00000", "2014-09-30": "", "2014-06-30": "", "2014-03-31": "", "2013-12-31": "1.00000", "2013-09-30": "", "2013-06-30": "", "2013-03-31": "", "2012-12-31": "1.00000", "2012-09-30": "", "2012-06-30": "", "2012-03-31": "", "2011-12-31": "1.00000", "2011-09-30": "", "2011-06-30": "", "2011-03-31": "147.18200", "2010-12-31": "0.99200", "2010-09-30": "66.59000", "2010-06-30": "53.97900", "2010-03-31": "111.85900", "2009-12-31": "0.99200", "2009-09-30": "", "2009-06-30": "", "2009-03-31": "", "2008-12-31": "0.99200", "2008-09-30": "0.99200", "2008-06-30": "0.99200", "2008-03-31": "0.99200", "2007-12-31": "0.99200", "2007-09-30": "0.99200", "2007-06-30": "0.99200", "2007-03-31": "0.99200", "2006-12-31": "0.99200", "2006-09-30": "0.99200", "2006-06-30": "0.99200", "2006-03-31": "0.99200", "2005-12-31": "0.99200", "2005-09-30": "0.99200", "2005-06-30": "0.99000", "2005-03-31": "0.98600"}, "Retained Earnings (Accumulated Deficit)": {"2020-09-30": "1900.90000", "2020-06-30": "1779.50000", "2020-03-31": "1756.50000", "2019-12-31": "1703.30000", "2019-09-30": "1657.10000", "2019-06-30": "1583.80000", "2019-03-31": "1542.20000", "2018-12-31": "1513.80000", "2018-09-30": "", "2018-06-30": "", "2018-03-31": "", "2017-12-31": "1416.20000", "2017-09-30": "", "2017-06-30": "", "2017-03-31": "", "2016-12-31": "1264.80000", "2016-09-30": "", "2016-06-30": "", "2016-03-31": "", "2015-12-31": "1110.30000", "2015-09-30": "", "2015-06-30": "", "2015-03-31": "", "2014-12-31": "1036.80000", "2014-09-30": "", "2014-06-30": "", "2014-03-31": "", "2013-12-31": "927.90000", "2013-09-30": "", "2013-06-30": "", "2013-03-31": "", "2012-12-31": "849.30000", "2012-09-30": "", "2012-06-30": "", "2012-03-31": "", "2011-12-31": "742.50000", "2011-09-30": "", "2011-06-30": "", "2011-03-31": "", "2010-12-31": "522.87200", "2010-09-30": "", "2010-06-30": "", "2010-03-31": "", "2009-12-31": "365.72700", "2009-09-30": "", "2009-06-30": "", "2009-03-31": "", "2008-12-31": "281.42200", "2008-09-30": "280.36700", "2008-06-30": "262.28300", "2008-03-31": "249.31300", "2007-12-31": "241.81200", "2007-09-30": "207.79700", "2007-06-30": "175.27100", "2007-03-31": "149.15400", "2006-12-31": "140.60800", "2006-09-30": "111.70500", "2006-06-30": "84.17900", "2006-03-31": "72.23700", "2005-12-31": "46.24500", "2005-09-30": "16.34500", "2005-06-30": "-1.02300", "2005-03-31": "-25.87300"}, "Comprehensive Income": {"2020-09-30": "-87.90000", "2020-06-30": "-100.00000", "2020-03-31": "-110.70000", "2019-12-31": "-87.70000", "2019-09-30": "-95.00000", "2019-06-30": "-88.30000", "2019-03-31": "-91.30000", "2018-12-31": "-95.30000", "2018-09-30": "", "2018-06-30": "", "2018-03-31": "", "2017-12-31": "-75.50000", "2017-09-30": "", "2017-06-30": "", "2017-03-31": "", "2016-12-31": "-103.50000", "2016-09-30": "", "2016-06-30": "", "2016-03-31": "", "2015-12-31": "-110.10000", "2015-09-30": "", "2015-06-30": "", "2015-03-31": "", "2014-12-31": "-55.70000", "2014-09-30": "", "2014-06-30": "", "2014-03-31": "", "2013-12-31": "-13.70000", "2013-09-30": "", "2013-06-30": "", "2013-03-31": "", "2012-12-31": "-7.60000", "2012-09-30": "", "2012-06-30": "", "2012-03-31": "", "2011-12-31": "-14.70000", "2011-09-30": "", "2011-06-30": "", "2011-03-31": "", "2010-12-31": "-6.18800", "2010-09-30": "", "2010-06-30": "", "2010-03-31": "", "2009-12-31": "-8.00400", "2009-09-30": "", "2009-06-30": "", "2009-03-31": "", "2008-12-31": "-12.59000", "2008-09-30": "2.44300", "2008-06-30": "24.29400", "2008-03-31": "25.34100", "2007-12-31": "13.55000", "2007-09-30": "11.58600", "2007-06-30": "5.90700", "2007-03-31": "5.43900", "2006-12-31": "3.99200", "2006-09-30": "1.90800", "2006-06-30": "2.29300", "2006-03-31": "0.99800", "2005-12-31": "1.13700", "2005-09-30": "1.94200", "2005-06-30": "3.25500", "2005-03-31": "11.17300"}, "Other Share Holders Equity": {"2020-09-30": "", "2020-06-30": "", "2020-03-31": "", "2019-12-31": "", "2019-09-30": "", "2019-06-30": "", "2019-03-31": "", "2018-12-31": "", "2018-09-30": "", "2018-06-30": "", "2018-03-31": "", "2017-12-31": "", "2017-09-30": "", "2017-06-30": "", "2017-03-31": "", "2016-12-31": "", "2016-09-30": "", "2016-06-30": "", "2016-03-31": "", "2015-12-31": "", "2015-09-30": "", "2015-06-30": "", "2015-03-31": "", "2014-12-31": "", "2014-09-30": "", "2014-06-30": "", "2014-03-31": "", "2013-12-31": "", "2013-09-30": "", "2013-06-30": "", "2013-03-31": "", "2012-12-31": "", "2012-09-30": "", "2012-06-30": "", "2012-03-31": "", "2011-12-31": "", "2011-09-30": "", "2011-06-30": "", "2011-03-31": "", "2010-12-31": "", "2010-09-30": "", "2010-06-30": "", "2010-03-31": "", "2009-12-31": "", "2009-09-30": "", "2009-06-30": "", "2009-03-31": "", "2008-12-31": "", "2008-09-30": "", "2008-06-30": "", "2008-03-31": "", "2007-12-31": "", "2007-09-30": "", "2007-06-30": "", "2007-03-31": "", "2006-12-31": "", "2006-09-30": "", "2006-06-30": "", "2006-03-31": "", "2005-12-31": "", "2005-09-30": "", "2005-06-30": "", "2005-03-31": ""}, "Share Holder Equity": {"2020-09-30": "447.30000", "2020-06-30": "249.70000", "2020-03-31": "208.40000", "2019-12-31": "360.40000", "2019-09-30": "336.50000", "2019-06-30": "305.90000", "2019-03-31": "253.50000", "2018-12-31": "217.50000", "2018-09-30": "209.50000", "2018-06-30": "158.00000", "2018-03-31": "142.60000", "2017-12-31": "112.50000", "2017-09-30": "84.20000", "2017-06-30": "21.80000", "2017-03-31": "-17.80000", "2016-12-31": "-41.90000", "2016-09-30": "151.30000", "2016-06-30": "157.50000", "2016-03-31": "252.40000", "2015-12-31": "290.20000", "2015-09-30": "299.30000", "2015-06-30": "252.70000", "2015-03-31": "194.50000", "2014-12-31": "202.70000", "2014-09-30": "173.60000", "2014-06-30": "155.90000", "2014-03-31": "151.50000", "2013-12-31": "118.60000", "2013-09-30": "82.50000", "2013-06-30": "26.80000", "2013-03-31": "27.40000", "2012-12-31": "22.30000", "2012-09-30": "-12.45300", "2012-06-30": "-12.14000", "2012-03-31": "100.41100", "2011-12-31": "30.80000", "2011-09-30": "99.43700", "2011-06-30": "123.96300", "2011-03-31": "147.18200", "2010-12-31": "126.03300", "2010-09-30": "67.85900", "2010-06-30": "55.30800", "2010-03-31": "113.17900", "2009-12-31": "172.29300", "2009-09-30": "140.58500", "2009-06-30": "109.18600", "2009-03-31": "84.31500", "2008-12-31": "72.44300", "2008-09-30": "84.41400", "2008-06-30": "85.71000", "2008-03-31": "70.24000", "2007-12-31": "48.13800", "2007-09-30": "28.11400", "2007-06-30": "184.89300", "2007-03-31": "216.50700", "2006-12-31": "213.34800", "2006-09-30": "177.16900", "2006-06-30": "146.21100", "2006-03-31": "155.89400", "2005-12-31": "226.32900", "2005-09-30": "271.84000", "2005-06-30": "254.61500", "2005-03-31": "235.91100"}, "Total Liabilities And Share Holders Equity": {"2020-09-30": "3455.40000", "2020-06-30": "3201.90000", "2020-03-31": "3306.20000", "2019-12-31": "3061.80000", "2019-09-30": "3103.10000", "2019-06-30": "3046.70000", "2019-03-31": "2965.70000", "2018-12-31": "2715.40000", "2018-09-30": "2808.70000", "2018-06-30": "2765.60000", "2018-03-31": "2750.00000", "2017-12-31": "2694.00000", "2017-09-30": "2735.30000", "2017-06-30": "2711.20000", "2017-03-31": "2680.30000", "2016-12-31": "2698.80000", "2016-09-30": "2746.20000", "2016-06-30": "2719.40000", "2016-03-31": "2576.80000", "2015-12-31": "2655.50000", "2015-09-30": "2739.40000", "2015-06-30": "2716.90000", "2015-03-31": "2655.10000", "2014-12-31": "2582.70000", "2014-09-30": "2699.70000", "2014-06-30": "2751.90000", "2014-03-31": "2771.40000", "2013-12-31": "2729.90000", "2013-09-30": "2761.50000", "2013-06-30": "2716.30000", "2013-03-31": "2826.90000", "2012-12-31": "1319.50000", "2012-09-30": "913.52000", "2012-06-30": "865.54000", "2012-03-31": "874.46000", "2011-12-31": "838.20000", "2011-09-30": "828.63600", "2011-06-30": "802.02500", "2011-03-31": "746.51200", "2010-12-31": "716.00300", "2010-09-30": "715.95000", "2010-06-30": "671.93700", "2010-03-31": "689.18800", "2009-12-31": "643.37900", "2009-09-30": "642.66100", "2009-06-30": "636.70700", "2009-03-31": "641.91800", "2008-12-31": "646.53100", "2008-09-30": "782.31800", "2008-06-30": "798.19000", "2008-03-31": "820.63500", "2007-12-31": "806.43200", "2007-09-30": "773.82000", "2007-06-30": "746.22200", "2007-03-31": "751.14500", "2006-12-31": "725.66600", "2006-09-30": "717.86800", "2006-06-30": "716.60300", "2006-03-31": "712.18800", "2005-12-31": "702.31100", "2005-09-30": "742.55300", "2005-06-30": "679.98400", "2005-03-31": "639.26000"}}, "cash flow statement": {"Net Income/Loss": {"2019-12-31": "189.40000", "2018-12-31": "97.60000", "2017-12-31": "140.70000", "2016-12-31": "185.00000", "2015-12-31": "65.70000", "2014-12-31": "110.00000", "2013-12-31": "78.90000", "2012-12-31": "106.80000", "2011-12-31": "219.60000", "2010-12-31": "157.20000", "2009-12-31": "84.99300", "2008-12-31": "58.86800", "2007-12-31": "141.45900", "2006-12-31": "112.32200", "2005-12-31": "99.32900"}, "Total Depreciation And Amortization - Cash Flow": {"2019-12-31": "118.90000", "2018-12-31": "114.20000", "2017-12-31": "96.20000", "2016-12-31": "92.10000", "2015-12-31": "114.20000", "2014-12-31": "102.20000", "2013-12-31": "98.90000", "2012-12-31": "43.40000", "2011-12-31": "52.00000", "2010-12-31": "44.70000", "2009-12-31": "40.90500", "2008-12-31": "41.85700", "2007-12-31": "41.17100", "2006-12-31": "30.54400", "2005-12-31": "30.03500"}, "Other Non-Cash Items": {"2019-12-31": "25.80000", "2018-12-31": "53.50000", "2017-12-31": "-25.40000", "2016-12-31": "34.80000", "2015-12-31": "-3.90000", "2014-12-31": "5.40000", "2013-12-31": "-40.40000", "2012-12-31": "43.00000", "2011-12-31": "-5.70000", "2010-12-31": "4.90000", "2009-12-31": "-0.89100", "2008-12-31": "10.01600", "2007-12-31": "-2.21700", "2006-12-31": "10.88600", "2005-12-31": "13.34100"}, "Total Non-Cash Items": {"2019-12-31": "144.70000", "2018-12-31": "167.70000", "2017-12-31": "70.80000", "2016-12-31": "126.90000", "2015-12-31": "110.30000", "2014-12-31": "107.60000", "2013-12-31": "58.50000", "2012-12-31": "86.40000", "2011-12-31": "46.30000", "2010-12-31": "49.60000", "2009-12-31": "40.01400", "2008-12-31": "51.87300", "2007-12-31": "38.95400", "2006-12-31": "41.43000", "2005-12-31": "43.37600"}, "Change In Accounts Receivable": {"2019-12-31": "-76.00000", "2018-12-31": "-46.30000", "2017-12-31": "21.00000", "2016-12-31": "21.50000", "2015-12-31": "-38.40000", "2014-12-31": "-58.80000", "2013-12-31": "-30.10000", "2012-12-31": "5.30000", "2011-12-31": "-30.20000", "2010-12-31": "-12.80000", "2009-12-31": "-10.54200", "2008-12-31": "51.23100", "2007-12-31": "-20.53600", "2006-12-31": "-27.60800", "2005-12-31": "-27.27300"}, "Change In Inventories": {"2019-12-31": "-28.20000", "2018-12-31": "-44.60000", "2017-12-31": "16.30000", "2016-12-31": "0.70000", "2015-12-31": "10.70000", "2014-12-31": "-34.00000", "2013-12-31": "-34.50000", "2012-12-31": "0.10000", "2011-12-31": "-18.50000", "2010-12-31": "-6.70000", "2009-12-31": "3.73800", "2008-12-31": "45.75800", "2007-12-31": "-38.21600", "2006-12-31": "21.28400", "2005-12-31": "-18.44800"}, "Change In Accounts Payable": {"2019-12-31": "-4.80000", "2018-12-31": "28.70000", "2017-12-31": "3.80000", "2016-12-31": "-48.30000", "2015-12-31": "52.80000", "2014-12-31": "47.80000", "2013-12-31": "28.10000", "2012-12-31": "14.30000", "2011-12-31": "21.70000", "2010-12-31": "-1.10000", "2009-12-31": "7.80800", "2008-12-31": "-15.67600", "2007-12-31": "1.86100", "2006-12-31": "12.25300", "2005-12-31": "3.58700"}, "Change In Assets/Liabilities": {"2019-12-31": "19.90000", "2018-12-31": "-14.40000", "2017-12-31": "-15.20000", "2016-12-31": "-124.10000", "2015-12-31": "-58.70000", "2014-12-31": "-14.90000", "2013-12-31": "27.90000", "2012-12-31": "-29.40000", "2011-12-31": "-2.80000", "2010-12-31": "-6.50000", "2009-12-31": "-4.41800", "2008-12-31": "1.69500", "2007-12-31": "-3.22600", "2006-12-31": "3.32700", "2005-12-31": "0.25800"}, "Total Change In Assets/Liabilities": {"2019-12-31": "-19.30000", "2018-12-31": "-57.80000", "2017-12-31": "45.00000", "2016-12-31": "-143.80000", "2015-12-31": "58.20000", "2014-12-31": "7.60000", "2013-12-31": "-38.90000", "2012-12-31": "-3.30000", "2011-12-31": "-17.20000", "2010-12-31": "-22.70000", "2009-12-31": "9.97900", "2008-12-31": "87.65300", "2007-12-31": "-54.05200", "2006-12-31": "12.06300", "2005-12-31": "-40.45600"}, "Cash Flow From Operating Activities": {"2019-12-31": "314.80000", "2018-12-31": "207.50000", "2017-12-31": "256.50000", "2016-12-31": "168.10000", "2015-12-31": "234.20000", "2014-12-31": "225.20000", "2013-12-31": "98.50000", "2012-12-31": "189.90000", "2011-12-31": "248.70000", "2010-12-31": "184.10000", "2009-12-31": "134.98600", "2008-12-31": "198.39400", "2007-12-31": "126.36100", "2006-12-31": "165.81500", "2005-12-31": "102.24900"}, "Net Change In Property, Plant, And Equipment": {"2019-12-31": "-88.20000", "2018-12-31": "-73.60000", "2017-12-31": "-66.60000", "2016-12-31": "-61.90000", "2015-12-31": "-65.90000", "2014-12-31": "-47.50000", "2013-12-31": "-40.00000", "2012-12-31": "-50.50000", "2011-12-31": "-29.50000", "2010-12-31": "-18.10000", "2009-12-31": "-14.30300", "2008-12-31": "-10.49400", "2007-12-31": "-16.14900", "2006-12-31": "-36.92500", "2005-12-31": "-84.57000"}, "Net Change In Intangible Assets": {"2019-12-31": "", "2018-12-31": "", "2017-12-31": "", "2016-12-31": "", "2015-12-31": "", "2014-12-31": "", "2013-12-31": "", "2012-12-31": "", "2011-12-31": "", "2010-12-31": "", "2009-12-31": "0.00000", "2008-12-31": "", "2007-12-31": "", "2006-12-31": "-0.93600", "2005-12-31": "-2.01400"}, "Net Acquisitions/Divestitures": {"2019-12-31": "-17.10000", "2018-12-31": "", "2017-12-31": "", "2016-12-31": "", "2015-12-31": "7.20000", "2014-12-31": "35.00000", "2013-12-31": "-1172.90000", "2012-12-31": "-4.50000", "2011-12-31": "-4.60000", "2010-12-31": "-18.70000", "2009-12-31": "", "2008-12-31": "-1.52900", "2007-12-31": "-5.80500", "2006-12-31": "", "2005-12-31": ""}, "Net Change In Short-term Investments": {"2019-12-31": "", "2018-12-31": "", "2017-12-31": "", "2016-12-31": "", "2015-12-31": "", "2014-12-31": "", "2013-12-31": "", "2012-12-31": "", "2011-12-31": "", "2010-12-31": "", "2009-12-31": "", "2008-12-31": "", "2007-12-31": "", "2006-12-31": "", "2005-12-31": ""}, "Net Change In Long-Term Investments": {"2019-12-31": "", "2018-12-31": "", "2017-12-31": "", "2016-12-31": "", "2015-12-31": "", "2014-12-31": "", "2013-12-31": "", "2012-12-31": "", "2011-12-31": "", "2010-12-31": "", "2009-12-31": "", "2008-12-31": "", "2007-12-31": "", "2006-12-31": "", "2005-12-31": ""}, "Net Change In Investments - Total": {"2019-12-31": "", "2018-12-31": "", "2017-12-31": "", "2016-12-31": "", "2015-12-31": "", "2014-12-31": "", "2013-12-31": "", "2012-12-31": "", "2011-12-31": "", "2010-12-31": "", "2009-12-31": "", "2008-12-31": "", "2007-12-31": "", "2006-12-31": "", "2005-12-31": ""}, "Investing Activities - Other": {"2019-12-31": "15.10000", "2018-12-31": "2.40000", "2017-12-31": "0.90000", "2016-12-31": "", "2015-12-31": "-1.00000", "2014-12-31": "2.10000", "2013-12-31": "-0.10000", "2012-12-31": "", "2011-12-31": "-2.00000", "2010-12-31": "-0.70000", "2009-12-31": "", "2008-12-31": "6.65500", "2007-12-31": "-0.91700", "2006-12-31": "", "2005-12-31": ""}, "Cash Flow From Investing Activities": {"2019-12-31": "-90.20000", "2018-12-31": "-71.20000", "2017-12-31": "-65.70000", "2016-12-31": "-61.90000", "2015-12-31": "-59.70000", "2014-12-31": "-10.40000", "2013-12-31": "-1213.00000", "2012-12-31": "-55.00000", "2011-12-31": "-36.10000", "2010-12-31": "-37.50000", "2009-12-31": "-14.30300", "2008-12-31": "-5.36800", "2007-12-31": "-22.87100", "2006-12-31": "-37.86100", "2005-12-31": "-86.58400"}, "Net Long-Term Debt": {"2019-12-31": "-112.10000", "2018-12-31": "-107.00000", "2017-12-31": "-142.60000", "2016-12-31": "365.60010", "2015-12-31": "-124.80000", "2014-12-31": "-239.40000", "2013-12-31": "1059.30000", "2012-12-31": "65.00000", "2011-12-31": "178.00000", "2010-12-31": "111.00000", "2009-12-31": "-120.70300", "2008-12-31": "-183.29700", "2007-12-31": "238.38600", "2006-12-31": "1.06300", "2005-12-31": "56.09500"}, "Net Current Debt": {"2019-12-31": "", "2018-12-31": "", "2017-12-31": "", "2016-12-31": "", "2015-12-31": "", "2014-12-31": "", "2013-12-31": "", "2012-12-31": "", "2011-12-31": "", "2010-12-31": "", "2009-12-31": "", "2008-12-31": "", "2007-12-31": "", "2006-12-31": "", "2005-12-31": ""}, "Debt Issuance/Retirement Net - Total": {"2019-12-31": "-112.10000", "2018-12-31": "-107.00000", "2017-12-31": "-142.60000", "2016-12-31": "365.60010", "2015-12-31": "-124.80000", "2014-12-31": "-239.40000", "2013-12-31": "1059.30000", "2012-12-31": "65.00000", "2011-12-31": "178.00000", "2010-12-31": "111.00000", "2009-12-31": "-120.70300", "2008-12-31": "-183.29700", "2007-12-31": "238.38600", "2006-12-31": "1.06300", "2005-12-31": "56.09500"}, "Net Common Equity Issued/Repurchased": {"2019-12-31": "-87.90000", "2018-12-31": "", "2017-12-31": "-32.10000", "2016-12-31": "-519.30000", "2015-12-31": "24.10000", "2014-12-31": "2.10000", "2013-12-31": "1.70000", "2012-12-31": "-141.20000", "2011-12-31": "-339.60000", "2010-12-31": "-221.40000", "2009-12-31": "1.62300", "2008-12-31": "0.69500", "2007-12-31": "-311.70900", "2006-12-31": "-139.95500", "2005-12-31": "-73.44900"}, "Net Total Equity Issued/Repurchased": {"2019-12-31": "-87.90000", "2018-12-31": "", "2017-12-31": "-32.10000", "2016-12-31": "-519.30000", "2015-12-31": "24.10000", "2014-12-31": "2.10000", "2013-12-31": "1.70000", "2012-12-31": "-141.20000", "2011-12-31": "-339.60000", "2010-12-31": "-221.40000", "2009-12-31": "1.62300", "2008-12-31": "0.69500", "2007-12-31": "-311.70900", "2006-12-31": "-139.95500", "2005-12-31": "-73.44900"}, "Total Common And Preferred Stock Dividends Paid": {"2019-12-31": "", "2018-12-31": "", "2017-12-31": "", "2016-12-31": "", "2015-12-31": "", "2014-12-31": "", "2013-12-31": "", "2012-12-31": "", "2011-12-31": "", "2010-12-31": "", "2009-12-31": "", "2008-12-31": "-17.93300", "2007-12-31": "-23.81100", "2006-12-31": "", "2005-12-31": ""}, "Financial Activities - Other": {"2019-12-31": "-3.20000", "2018-12-31": "", "2017-12-31": "-0.50000", "2016-12-31": "-31.40000", "2015-12-31": "10.00000", "2014-12-31": "-0.80000", "2013-12-31": "-47.60000", "2012-12-31": "5.40000", "2011-12-31": "12.70000", "2010-12-31": "4.00000", "2009-12-31": "0.35900", "2008-12-31": "0.38500", "2007-12-31": "9.49200", "2006-12-31": "6.41600", "2005-12-31": "-2.60100"}, "Cash Flow From Financial Activities": {"2019-12-31": "-203.20000", "2018-12-31": "-107.00000", "2017-12-31": "-175.20000", "2016-12-31": "-185.10000", "2015-12-31": "-90.70000", "2014-12-31": "-238.10000", "2013-12-31": "1013.40000", "2012-12-31": "-70.80000", "2011-12-31": "-148.90000", "2010-12-31": "-106.40000", "2009-12-31": "-118.72100", "2008-12-31": "-200.15000", "2007-12-31": "-87.64200", "2006-12-31": "-132.47600", "2005-12-31": "-19.95500"}, "Net Cash Flow": {"2019-12-31": "19.10000", "2018-12-31": "3.90000", "2017-12-31": "-23.80000", "2016-12-31": "-88.20000", "2015-12-31": "91.40000", "2014-12-31": "-18.50000", "2013-12-31": "-98.30000", "2012-12-31": "67.90000", "2011-12-31": "57.80000", "2010-12-31": "39.60000", "2009-12-31": "-1.34300", "2008-12-31": "-17.93000", "2007-12-31": "17.52700", "2006-12-31": "-2.06700", "2005-12-31": "-10.51300"}, "Stock-Based Compensation": {"2019-12-31": "", "2018-12-31": "", "2017-12-31": "", "2016-12-31": "", "2015-12-31": "", "2014-12-31": "", "2013-12-31": "", "2012-12-31": "", "2011-12-31": "", "2010-12-31": "", "2009-12-31": "", "2008-12-31": "", "2007-12-31": "", "2006-12-31": "", "2005-12-31": "2.88300"}, "Common Stock Dividends Paid": {"2019-12-31": "", "2018-12-31": "", "2017-12-31": "", "2016-12-31": "", "2015-12-31": "", "2014-12-31": "", "2013-12-31": "", "2012-12-31": "", "2011-12-31": "", "2010-12-31": "", "2009-12-31": "", "2008-12-31": "-17.93300", "2007-12-31": "-23.81100", "2006-12-31": "", "2005-12-31": ""}}, "cash flow statement, quarterly": {"Net Income/Loss": {"2020-09-30": 121.8, "2020-06-30": 23.2, "2020-03-31": "59.80000", "2019-12-31": 46.1, "2019-09-30": 73.2, "2019-06-30": 41.5, "2019-03-31": "28.60000", "2018-12-31": 12.2, "2018-09-30": 41.4, "2018-06-30": 21.2, "2018-03-31": "22.80000", "2017-12-31": 45.8, "2017-09-30": 41.2, "2017-06-30": 21.7, "2017-03-31": "32.00000", "2016-12-31": 49.4, "2016-09-30": 76.6, "2016-06-30": 20, "2016-03-31": "39.00000", "2015-12-31": -21.2, "2015-09-30": 40.9, "2015-06-30": 21, "2015-03-31": "25.00000", "2014-12-31": 47.2, "2014-09-30": 37.5, "2014-06-30": -2.4, "2014-03-31": "27.70000", "2013-12-31": 28.3, "2013-09-30": 39.7, "2013-06-30": -1.6, "2013-03-31": "12.50000", "2012-12-31": 23.5, "2012-09-30": -2, "2012-06-30": 29.1, "2012-03-31": "56.20000", "2011-12-31": 56.307, "2011-09-30": 61.949, "2011-06-30": 53.084, "2011-03-31": "48.26000", "2010-12-31": 46.348, "2010-09-30": 44.198, "2010-06-30": 33.506, "2010-03-31": "33.14800", "2009-12-31": 29.114, "2009-09-30": 25.684, "2009-06-30": 16.857, "2009-03-31": "13.33800", "2008-12-31": 1.055, "2008-09-30": 24.071, "2008-06-30": 20.228, "2008-03-31": "13.51400", "2007-12-31": 39.93, "2007-09-30": 38.818, "2007-06-30": 32.931, "2007-03-31": "29.78000", "2006-12-31": 30.454, "2006-09-30": 28.863, "2006-06-30": 26.112, "2006-03-31": "26.89300", "2005-12-31": 30.361, "2005-09-30": 17.368, "2005-06-30": 24.85, "2005-03-31": "26.75000"}, "Total Depreciation And Amortization - Cash Flow": {"2020-09-30": 97.7, "2020-06-30": 32.8, "2020-03-31": "31.20000", "2019-12-31": 30.5, "2019-09-30": 30.5, "2019-06-30": 29.2, "2019-03-31": "28.70000", "2018-12-31": 27.6, "2018-09-30": 30.5, "2018-06-30": 28.4, "2018-03-31": "27.70000", "2017-12-31": 26, "2017-09-30": 26.8, "2017-06-30": 26.7, "2017-03-31": "16.70000", "2016-12-31": 19.5, "2016-09-30": 23.5, "2016-06-30": 23.6, "2016-03-31": "25.50000", "2015-12-31": 24.2, "2015-09-30": 37.2, "2015-06-30": 28.8, "2015-03-31": "24.00000", "2014-12-31": 24.9, "2014-09-30": 27.2, "2014-06-30": 23.8, "2014-03-31": "26.30000", "2013-12-31": 27.6, "2013-09-30": 29, "2013-06-30": 27.2, "2013-03-31": "15.10000", "2012-12-31": 11.8, "2012-09-30": 5.9, "2012-06-30": 12.2, "2012-03-31": "13.50000", "2011-12-31": 14.836, "2011-09-30": 12.509, "2011-06-30": 13.412, "2011-03-31": "11.24300", "2010-12-31": 12.36, "2010-09-30": 10.95, "2010-06-30": 11.221, "2010-03-31": "10.16900", "2009-12-31": 10.413, "2009-09-30": 10.54, "2009-06-30": 10.15, "2009-03-31": "9.80200", "2008-12-31": 10.021, "2008-09-30": 10.396, "2008-06-30": 10.942, "2008-03-31": "10.49800", "2007-12-31": 9.919, "2007-09-30": 10.335, "2007-06-30": 10.194, "2007-03-31": "10.72300", "2006-12-31": 7.753, "2006-09-30": 8.094, "2006-06-30": 7.4, "2006-03-31": "7.29700", "2005-12-31": 7.104, "2005-09-30": 7.389, "2005-06-30": 7.335, "2005-03-31": "8.20700"}, "Other Non-Cash Items": {"2020-09-30": -3.1, "2020-06-30": -2, "2020-03-31": "20.70000", "2019-12-31": 20.3, "2019-09-30": 1, "2019-06-30": 12.4, "2019-03-31": "-7.90000", "2018-12-31": 22.4, "2018-09-30": 30.5, "2018-06-30": 2.4, "2018-03-31": "-1.80000", "2017-12-31": -28, "2017-09-30": 14.2, "2017-06-30": -7.5, "2017-03-31": "-4.10000", "2016-12-31": -1.9, "2016-09-30": -11.7, "2016-06-30": 48.9, "2016-03-31": "-0.50000", "2015-12-31": 8.1, "2015-09-30": -1.6, "2015-06-30": -5.2, "2015-03-31": "-5.20000", "2014-12-31": 1.6, "2014-09-30": -2.3, "2014-06-30": 6.3, "2014-03-31": "-0.20000", "2013-12-31": 10.5, "2013-09-30": -4.4, "2013-06-30": -9.9, "2013-03-31": "-36.60000", "2012-12-31": 3.1, "2012-09-30": 45, "2012-06-30": -0.6, "2012-03-31": "-4.50000", "2011-12-31": -7.416, "2011-09-30": 0.886, "2011-06-30": 1.564, "2011-03-31": "-0.73400", "2010-12-31": 0.647, "2010-09-30": 3.85, "2010-06-30": -1.105, "2010-03-31": "1.50800", "2009-12-31": 2.422, "2009-09-30": -1.177, "2009-06-30": 0.684, "2009-03-31": "-2.82000", "2008-12-31": 5.038, "2008-09-30": 1.628, "2008-06-30": 2.326, "2008-03-31": "1.02400", "2007-12-31": -4.419, "2007-09-30": -0.378, "2007-06-30": 11.424, "2007-03-31": "-8.84400", "2006-12-31": 19.104, "2006-09-30": -2.72, "2006-06-30": -6.104, "2006-03-31": "0.60600", "2005-12-31": 10.067, "2005-09-30": 2.039, "2005-06-30": -0.196, "2005-03-31": "1.43100"}, "Total Non-Cash Items": {"2020-09-30": 94.6, "2020-06-30": 30.8, "2020-03-31": "51.90000", "2019-12-31": 50.8, "2019-09-30": 31.5, "2019-06-30": 41.6, "2019-03-31": "20.80000", "2018-12-31": 50, "2018-09-30": 61, "2018-06-30": 30.8, "2018-03-31": "25.90000", "2017-12-31": -2, "2017-09-30": 41, "2017-06-30": 19.2, "2017-03-31": "12.60000", "2016-12-31": 17.6, "2016-09-30": 11.8, "2016-06-30": 72.5, "2016-03-31": "25.00000", "2015-12-31": 32.3, "2015-09-30": 35.6, "2015-06-30": 23.6, "2015-03-31": "18.80000", "2014-12-31": 26.5, "2014-09-30": 24.9, "2014-06-30": 30.1, "2014-03-31": "26.10000", "2013-12-31": 38.1, "2013-09-30": 24.6, "2013-06-30": 17.3, "2013-03-31": "-21.50000", "2012-12-31": 14.9, "2012-09-30": 50.9, "2012-06-30": 11.6, "2012-03-31": "9.00000", "2011-12-31": 7.42, "2011-09-30": 13.395, "2011-06-30": 14.976, "2011-03-31": "10.50900", "2010-12-31": 13.007, "2010-09-30": 14.8, "2010-06-30": 10.116, "2010-03-31": "11.67700", "2009-12-31": 12.835, "2009-09-30": 9.363, "2009-06-30": 10.834, "2009-03-31": "6.98200", "2008-12-31": 15.059, "2008-09-30": 12.024, "2008-06-30": 13.268, "2008-03-31": "11.52200", "2007-12-31": 5.5, "2007-09-30": 9.957, "2007-06-30": 21.618, "2007-03-31": "1.87900", "2006-12-31": 26.857, "2006-09-30": 5.374, "2006-06-30": 1.296, "2006-03-31": "7.90300", "2005-12-31": 17.171, "2005-09-30": 9.428, "2005-06-30": 7.139, "2005-03-31": "9.63800"}, "Change In Accounts Receivable": {"2020-09-30": 0, "2020-06-30": 0, "2020-03-31": "", "2019-12-31": -76, "2019-09-30": 0, "2019-06-30": 0, "2019-03-31": "", "2018-12-31": -46.3, "2018-09-30": 0, "2018-06-30": 0, "2018-03-31": "", "2017-12-31": 21, "2017-09-30": 0, "2017-06-30": 0, "2017-03-31": "", "2016-12-31": 21.5, "2016-09-30": 0, "2016-06-30": 0, "2016-03-31": "", "2015-12-31": -38.4, "2015-09-30": 0, "2015-06-30": 0, "2015-03-31": "", "2014-12-31": -58.8, "2014-09-30": 0, "2014-06-30": 0, "2014-03-31": "", "2013-12-31": -30.1, "2013-09-30": 0, "2013-06-30": 0, "2013-03-31": "", "2012-12-31": 5.3, "2012-09-30": 0, "2012-06-30": 0, "2012-03-31": "", "2011-12-31": -30.2, "2011-09-30": 0, "2011-06-30": 0, "2011-03-31": "", "2010-12-31": -12.8, "2010-09-30": 0, "2010-06-30": 0, "2010-03-31": "", "2009-12-31": -10.542, "2009-09-30": 0, "2009-06-30": 0, "2009-03-31": "", "2008-12-31": 51.231, "2008-09-30": 0, "2008-06-30": 0, "2008-03-31": "", "2007-12-31": 2.049, "2007-09-30": -21.287, "2007-06-30": 3.604, "2007-03-31": "-4.90200", "2006-12-31": -3.912, "2006-09-30": -14.18, "2006-06-30": 1.287, "2006-03-31": "-10.80300", "2005-12-31": 3.204, "2005-09-30": -21.363, "2005-06-30": -0.928, "2005-03-31": "-8.18600"}, "Change In Inventories": {"2020-09-30": 0, "2020-06-30": 0, "2020-03-31": "", "2019-12-31": -28.2, "2019-09-30": 0, "2019-06-30": 0, "2019-03-31": "", "2018-12-31": -44.6, "2018-09-30": 0, "2018-06-30": 0, "2018-03-31": "", "2017-12-31": 16.3, "2017-09-30": 0, "2017-06-30": 0, "2017-03-31": "", "2016-12-31": 0.7, "2016-09-30": 0, "2016-06-30": 0, "2016-03-31": "", "2015-12-31": 10.7, "2015-09-30": 0, "2015-06-30": 0, "2015-03-31": "", "2014-12-31": -34, "2014-09-30": 0, "2014-06-30": 0, "2014-03-31": "", "2013-12-31": -34.5, "2013-09-30": 0, "2013-06-30": 0, "2013-03-31": "", "2012-12-31": 0.1, "2012-09-30": 0, "2012-06-30": 0, "2012-03-31": "", "2011-12-31": -18.5, "2011-09-30": 0, "2011-06-30": 0, "2011-03-31": "", "2010-12-31": -6.7, "2010-09-30": 0, "2010-06-30": 0, "2010-03-31": "", "2009-12-31": 3.738, "2009-09-30": 0, "2009-06-30": 0, "2009-03-31": "", "2008-12-31": 45.758, "2008-09-30": 0, "2008-06-30": 0, "2008-03-31": "", "2007-12-31": -23.988, "2007-09-30": 0.281, "2007-06-30": -3.223, "2007-03-31": "-11.28600", "2006-12-31": 2.739, "2006-09-30": 7.674, "2006-06-30": 7.793, "2006-03-31": "3.07800", "2005-12-31": 5.469, "2005-09-30": -5.86, "2005-06-30": -9.183, "2005-03-31": "-8.87400"}, "Change In Accounts Payable": {"2020-09-30": 0, "2020-06-30": 0, "2020-03-31": "", "2019-12-31": -4.8, "2019-09-30": 0, "2019-06-30": 0, "2019-03-31": "", "2018-12-31": 28.7, "2018-09-30": 0, "2018-06-30": 0, "2018-03-31": "", "2017-12-31": 3.8, "2017-09-30": 0, "2017-06-30": 0, "2017-03-31": "", "2016-12-31": -48.3, "2016-09-30": 0, "2016-06-30": 0, "2016-03-31": "", "2015-12-31": 52.8, "2015-09-30": 0, "2015-06-30": 0, "2015-03-31": "", "2014-12-31": 47.8, "2014-09-30": 0, "2014-06-30": 0, "2014-03-31": "", "2013-12-31": 28.1, "2013-09-30": 0, "2013-06-30": 0, "2013-03-31": "", "2012-12-31": 14.3, "2012-09-30": 0, "2012-06-30": 0, "2012-03-31": "", "2011-12-31": 21.7, "2011-09-30": 0, "2011-06-30": 0, "2011-03-31": "", "2010-12-31": -1.1, "2010-09-30": 0, "2010-06-30": 0, "2010-03-31": "", "2009-12-31": 7.808, "2009-09-30": 0, "2009-06-30": 0, "2009-03-31": "", "2008-12-31": -15.676, "2008-09-30": 0, "2008-06-30": 0, "2008-03-31": "", "2007-12-31": -8.389, "2007-09-30": 13.695, "2007-06-30": -12.1, "2007-03-31": "8.65500", "2006-12-31": 6.902, "2006-09-30": 0.128, "2006-06-30": 0.806, "2006-03-31": "4.41700", "2005-12-31": -2.688, "2005-09-30": 7.872, "2005-06-30": -1.85, "2005-03-31": "0.25300"}, "Change In Assets/Liabilities": {"2020-09-30": 111.1, "2020-06-30": 101.4, "2020-03-31": "-96.70000", "2019-12-31": 55.4, "2019-09-30": 51.1, "2019-06-30": -41.8, "2019-03-31": "-44.80000", "2018-12-31": 58.1, "2018-09-30": 10.8, "2018-06-30": -35.5, "2018-03-31": "-47.80000", "2017-12-31": -64.1, "2017-09-30": 59.2, "2017-06-30": -32.9, "2017-03-31": "22.60000", "2016-12-31": 11, "2016-09-30": -30.5, "2016-06-30": -21.8, "2016-03-31": "-82.80000", "2015-12-31": -27, "2015-09-30": 55.6, "2015-06-30": -37.1, "2015-03-31": "-50.20000", "2014-12-31": -51.9, "2014-09-30": 46.1, "2014-06-30": 46.3, "2014-03-31": "-55.40000", "2013-12-31": -5.9, "2013-09-30": 52, "2013-06-30": -32.4, "2013-03-31": "14.20000", "2012-12-31": -28.2, "2012-09-30": 18.2, "2012-06-30": 1.2, "2012-03-31": "-20.60000", "2011-12-31": 20.394, "2011-09-30": -0.315, "2011-06-30": -19.835, "2011-03-31": "-3.04400", "2010-12-31": 1.231, "2010-09-30": 12.894, "2010-06-30": 0.88, "2010-03-31": "-21.50500", "2009-12-31": -41.763, "2009-09-30": 19.906, "2009-06-30": 11.76, "2009-03-31": "5.67900", "2008-12-31": -72.592, "2008-09-30": 36.511, "2008-06-30": 38.227, "2008-03-31": "-0.45100", "2007-12-31": 1.809, "2007-09-30": -0.453, "2007-06-30": 6.757, "2007-03-31": "-11.33900", "2006-12-31": 2.602, "2006-09-30": 0.653, "2006-06-30": -0.313, "2006-03-31": "0.38500", "2005-12-31": -1.311, "2005-09-30": 0.436, "2005-06-30": 0.152, "2005-03-31": "0.98100"}, "Total Change In Assets/Liabilities": {"2020-09-30": 111.1, "2020-06-30": 101.4, "2020-03-31": "-96.70000", "2019-12-31": 16.2, "2019-09-30": 51.1, "2019-06-30": -41.8, "2019-03-31": "-44.80000", "2018-12-31": 14.7, "2018-09-30": 10.8, "2018-06-30": -35.5, "2018-03-31": "-47.80000", "2017-12-31": -3.9, "2017-09-30": 59.2, "2017-06-30": -32.9, "2017-03-31": "22.60000", "2016-12-31": -8.7, "2016-09-30": -30.5, "2016-06-30": -21.8, "2016-03-31": "-82.80000", "2015-12-31": 89.9, "2015-09-30": 55.6, "2015-06-30": -37.1, "2015-03-31": "-50.20000", "2014-12-31": -29.4, "2014-09-30": 46.1, "2014-06-30": 46.3, "2014-03-31": "-55.40000", "2013-12-31": -72.7, "2013-09-30": 52, "2013-06-30": -32.4, "2013-03-31": "14.20000", "2012-12-31": -2.1, "2012-09-30": 18.2, "2012-06-30": 1.2, "2012-03-31": "-20.60000", "2011-12-31": 5.994, "2011-09-30": -0.315, "2011-06-30": -19.835, "2011-03-31": "-3.04400", "2010-12-31": -14.969, "2010-09-30": 12.894, "2010-06-30": 0.88, "2010-03-31": "-21.50500", "2009-12-31": -27.366, "2009-09-30": 19.906, "2009-06-30": 11.76, "2009-03-31": "5.67900", "2008-12-31": 13.366, "2008-09-30": 36.511, "2008-06-30": 38.227, "2008-03-31": "-0.45100", "2007-12-31": -48.929, "2007-09-30": 6.901, "2007-06-30": -8.94, "2007-03-31": "-3.08400", "2006-12-31": -21.774, "2006-09-30": 9.531, "2006-06-30": 7.547, "2006-03-31": "16.75900", "2005-12-31": -24.359, "2005-09-30": 3.156, "2005-06-30": -16.958, "2005-03-31": "-2.29500"}, "Cash Flow From Operating Activities": {"2020-09-30": 327.5, "2020-06-30": 155.4, "2020-03-31": "15.00000", "2019-12-31": 113.1, "2019-09-30": 155.8, "2019-06-30": 41.3, "2019-03-31": "4.60000", "2018-12-31": 76.9, "2018-09-30": 113.2, "2018-06-30": 16.5, "2018-03-31": "0.90000", "2017-12-31": 39.9, "2017-09-30": 141.4, "2017-06-30": 8, "2017-03-31": "67.20000", "2016-12-31": 58.3, "2016-09-30": 57.9, "2016-06-30": 70.7, "2016-03-31": "-18.80000", "2015-12-31": 101, "2015-09-30": 132.1, "2015-06-30": 7.5, "2015-03-31": "-6.40000", "2014-12-31": 44.3, "2014-09-30": 108.5, "2014-06-30": 74, "2014-03-31": "-1.60000", "2013-12-31": -6.3, "2013-09-30": 116.3, "2013-06-30": -16.7, "2013-03-31": "5.20000", "2012-12-31": 36.3, "2012-09-30": 67.1, "2012-06-30": 41.9, "2012-03-31": "44.60000", "2011-12-31": 69.721, "2011-09-30": 75.029, "2011-06-30": 48.225, "2011-03-31": "55.72500", "2010-12-31": 44.386, "2010-09-30": 71.892, "2010-06-30": 44.502, "2010-03-31": "23.32000", "2009-12-31": 14.583, "2009-09-30": 54.953, "2009-06-30": 39.451, "2009-03-31": "25.99900", "2008-12-31": 29.48, "2008-09-30": 72.606, "2008-06-30": 71.723, "2008-03-31": "24.58500", "2007-12-31": -3.499, "2007-09-30": 55.676, "2007-06-30": 45.609, "2007-03-31": "28.57500", "2006-12-31": 32.724, "2006-09-30": 46.581, "2006-06-30": 34.955, "2006-03-31": "51.55500", "2005-12-31": 23.173, "2005-09-30": 29.952, "2005-06-30": 15.031, "2005-03-31": "34.09300"}, "Net Change In Property, Plant, And Equipment": {"2020-09-30": -24.2, "2020-06-30": -23.2, "2020-03-31": "-26.20000", "2019-12-31": -26.3, "2019-09-30": -22, "2019-06-30": -20.8, "2019-03-31": "-19.10000", "2018-12-31": -17.8, "2018-09-30": -15.3, "2018-06-30": -18.7, "2018-03-31": "-21.80000", "2017-12-31": -23.5, "2017-09-30": -17.2, "2017-06-30": -13, "2017-03-31": "-12.90000", "2016-12-31": -20, "2016-09-30": -17.6, "2016-06-30": -11.7, "2016-03-31": "-12.60000", "2015-12-31": -14.8, "2015-09-30": -24.2, "2015-06-30": -11.5, "2015-03-31": "-15.40000", "2014-12-31": -17.2, "2014-09-30": -13.4, "2014-06-30": -9.1, "2014-03-31": "-7.80000", "2013-12-31": -11.6, "2013-09-30": -9.1, "2013-06-30": -13.7, "2013-03-31": "-5.60000", "2012-12-31": -12.1, "2012-09-30": -17.8, "2012-06-30": -14, "2012-03-31": "-6.60000", "2011-12-31": -10.659, "2011-09-30": -6.743, "2011-06-30": -6.883, "2011-03-31": "-5.21500", "2010-12-31": -5.77, "2010-09-30": -5.632, "2010-06-30": -3.94, "2010-03-31": "-2.75800", "2009-12-31": -5.342, "2009-09-30": -4.233, "2009-06-30": -3.305, "2009-03-31": "-1.42300", "2008-12-31": -2.65, "2008-09-30": -1.516, "2008-06-30": -3.535, "2008-03-31": "-2.79300", "2007-12-31": -8.103, "2007-09-30": -3.265, "2007-06-30": -2.375, "2007-03-31": "-2.40600", "2006-12-31": -12.849, "2006-09-30": -5.546, "2006-06-30": -9.278, "2006-03-31": "-9.25200", "2005-12-31": -16.758, "2005-09-30": -19.268, "2005-06-30": -29.889, "2005-03-31": "-18.65500"}, "Net Change In Intangible Assets": {"2020-09-30": 0, "2020-06-30": 0, "2020-03-31": "", "2019-12-31": 0, "2019-09-30": 0, "2019-06-30": 0, "2019-03-31": "", "2018-12-31": 0, "2018-09-30": 0, "2018-06-30": 0, "2018-03-31": "", "2017-12-31": 0, "2017-09-30": 0, "2017-06-30": 0, "2017-03-31": "", "2016-12-31": 0, "2016-09-30": 0, "2016-06-30": 0, "2016-03-31": "", "2015-12-31": 0, "2015-09-30": 0, "2015-06-30": 0, "2015-03-31": "", "2014-12-31": 0, "2014-09-30": 0, "2014-06-30": 0, "2014-03-31": "", "2013-12-31": 0, "2013-09-30": 0, "2013-06-30": 0, "2013-03-31": "", "2012-12-31": 0, "2012-09-30": 0, "2012-06-30": 0, "2012-03-31": "", "2011-12-31": 0, "2011-09-30": 0, "2011-06-30": 0, "2011-03-31": "", "2010-12-31": 0, "2010-09-30": 0, "2010-06-30": 0, "2010-03-31": "", "2009-12-31": 0.087, "2009-09-30": -0.087, "2009-06-30": 0.218, "2009-03-31": "-0.21800", "2008-12-31": 0, "2008-09-30": 0, "2008-06-30": 0.145, "2008-03-31": "-0.14500", "2007-12-31": 0.636, "2007-09-30": -0.175, "2007-06-30": -0.203, "2007-03-31": "-0.25800", "2006-12-31": -0.237, "2006-09-30": -0.196, "2006-06-30": -0.301, "2006-03-31": "-0.20200", "2005-12-31": -0.494, "2005-09-30": -0.382, "2005-06-30": -0.664, "2005-03-31": "-0.47400"}, "Net Acquisitions/Divestitures": {"2020-09-30": 0, "2020-06-30": 0, "2020-03-31": "-37.90000", "2019-12-31": 0, "2019-09-30": 0, "2019-06-30": -17.1, "2019-03-31": "", "2018-12-31": 0, "2018-09-30": 0, "2018-06-30": 0, "2018-03-31": "", "2017-12-31": 0, "2017-09-30": 0, "2017-06-30": 0, "2017-03-31": "", "2016-12-31": 0, "2016-09-30": 0, "2016-06-30": 0, "2016-03-31": "", "2015-12-31": 0.3, "2015-09-30": 6.9, "2015-06-30": 0, "2015-03-31": "", "2014-12-31": 0, "2014-09-30": -11.3, "2014-06-30": 46.3, "2014-03-31": "", "2013-12-31": 0, "2013-09-30": 0, "2013-06-30": 92.6, "2013-03-31": "-1265.50000", "2012-12-31": -0.6, "2012-09-30": -2.2, "2012-06-30": -1.7, "2012-03-31": "", "2011-12-31": -0.034, "2011-09-30": -4.566, "2011-06-30": 0, "2011-03-31": "", "2010-12-31": -0.008, "2010-09-30": 0, "2010-06-30": -18.692, "2010-03-31": "", "2009-12-31": 0, "2009-09-30": 0, "2009-06-30": 0, "2009-03-31": "", "2008-12-31": 0, "2008-09-30": -0.007, "2008-06-30": -0.024, "2008-03-31": "-1.49800", "2007-12-31": -0.049, "2007-09-30": -4.787, "2007-06-30": 0.036, "2007-03-31": "-1.00500", "2006-12-31": 0, "2006-09-30": 0, "2006-06-30": 0, "2006-03-31": "", "2005-12-31": 0, "2005-09-30": 0, "2005-06-30": 0, "2005-03-31": ""}, "Net Change In Short-term Investments": {"2020-09-30": 0, "2020-06-30": 0, "2020-03-31": "", "2019-12-31": 0, "2019-09-30": 0, "2019-06-30": 0, "2019-03-31": "", "2018-12-31": 0, "2018-09-30": 0, "2018-06-30": 0, "2018-03-31": "", "2017-12-31": 0, "2017-09-30": 0, "2017-06-30": 0, "2017-03-31": "", "2016-12-31": 0, "2016-09-30": 0, "2016-06-30": 0, "2016-03-31": "", "2015-12-31": 0, "2015-09-30": 0, "2015-06-30": 0, "2015-03-31": "", "2014-12-31": 0, "2014-09-30": 0, "2014-06-30": 0, "2014-03-31": "", "2013-12-31": 0, "2013-09-30": 0, "2013-06-30": 0, "2013-03-31": "", "2012-12-31": 0, "2012-09-30": 0, "2012-06-30": 0, "2012-03-31": "", "2011-12-31": 0, "2011-09-30": 0, "2011-06-30": 0, "2011-03-31": "", "2010-12-31": 0, "2010-09-30": 0, "2010-06-30": 0, "2010-03-31": "", "2009-12-31": 0, "2009-09-30": 0, "2009-06-30": 0, "2009-03-31": "", "2008-12-31": 0, "2008-09-30": 0, "2008-06-30": 0, "2008-03-31": "", "2007-12-31": 0, "2007-09-30": 0, "2007-06-30": 0, "2007-03-31": "", "2006-12-31": 0, "2006-09-30": 0, "2006-06-30": 0, "2006-03-31": "", "2005-12-31": 0, "2005-09-30": 0, "2005-06-30": 0, "2005-03-31": ""}, "Net Change In Long-Term Investments": {"2020-09-30": 0, "2020-06-30": 0, "2020-03-31": "", "2019-12-31": 0, "2019-09-30": 0, "2019-06-30": 0, "2019-03-31": "", "2018-12-31": 0, "2018-09-30": 0, "2018-06-30": 0, "2018-03-31": "", "2017-12-31": 0, "2017-09-30": 0, "2017-06-30": 0, "2017-03-31": "", "2016-12-31": 0, "2016-09-30": 0, "2016-06-30": 0, "2016-03-31": "", "2015-12-31": 0, "2015-09-30": 0, "2015-06-30": 0, "2015-03-31": "", "2014-12-31": 0, "2014-09-30": 0, "2014-06-30": 0, "2014-03-31": "", "2013-12-31": 0, "2013-09-30": 0, "2013-06-30": 0, "2013-03-31": "", "2012-12-31": 0, "2012-09-30": 0, "2012-06-30": 0, "2012-03-31": "", "2011-12-31": 0, "2011-09-30": 0, "2011-06-30": 0, "2011-03-31": "", "2010-12-31": 0, "2010-09-30": 0, "2010-06-30": 0, "2010-03-31": "", "2009-12-31": 0, "2009-09-30": 0, "2009-06-30": 0, "2009-03-31": "", "2008-12-31": 0, "2008-09-30": 0, "2008-06-30": 0, "2008-03-31": "", "2007-12-31": 0, "2007-09-30": 0, "2007-06-30": 0, "2007-03-31": "", "2006-12-31": 0, "2006-09-30": 0, "2006-06-30": 0, "2006-03-31": "", "2005-12-31": 0, "2005-09-30": 0, "2005-06-30": 0, "2005-03-31": ""}, "Net Change In Investments - Total": {"2020-09-30": 0, "2020-06-30": 0, "2020-03-31": "", "2019-12-31": 0, "2019-09-30": 0, "2019-06-30": 0, "2019-03-31": "", "2018-12-31": 0, "2018-09-30": 0, "2018-06-30": 0, "2018-03-31": "", "2017-12-31": 0, "2017-09-30": 0, "2017-06-30": 0, "2017-03-31": "", "2016-12-31": 0, "2016-09-30": 0, "2016-06-30": 0, "2016-03-31": "", "2015-12-31": 0, "2015-09-30": 0, "2015-06-30": 0, "2015-03-31": "", "2014-12-31": 0, "2014-09-30": 0, "2014-06-30": 0, "2014-03-31": "", "2013-12-31": 0, "2013-09-30": 0, "2013-06-30": 0, "2013-03-31": "", "2012-12-31": 0, "2012-09-30": 0, "2012-06-30": 0, "2012-03-31": "", "2011-12-31": 0, "2011-09-30": 0, "2011-06-30": 0, "2011-03-31": "", "2010-12-31": 0, "2010-09-30": 0, "2010-06-30": 0, "2010-03-31": "", "2009-12-31": 0, "2009-09-30": 0, "2009-06-30": 0, "2009-03-31": "", "2008-12-31": 0, "2008-09-30": 0, "2008-06-30": 0, "2008-03-31": "", "2007-12-31": 0, "2007-09-30": 0, "2007-06-30": 0, "2007-03-31": "", "2006-12-31": 0, "2006-09-30": 0, "2006-06-30": 0, "2006-03-31": "", "2005-12-31": 0, "2005-09-30": 0, "2005-06-30": 0, "2005-03-31": ""}, "Investing Activities - Other": {"2020-09-30": 0, "2020-06-30": 0, "2020-03-31": "0.10000", "2019-12-31": 0.1, "2019-09-30": 4.7, "2019-06-30": 11.5, "2019-03-31": "-1.20000", "2018-12-31": 2.1, "2018-09-30": -0.3, "2018-06-30": -3.6, "2018-03-31": "4.20000", "2017-12-31": 0, "2017-09-30": 0, "2017-06-30": 0, "2017-03-31": "0.90000", "2016-12-31": 0, "2016-09-30": 0, "2016-06-30": 0.2, "2016-03-31": "-0.20000", "2015-12-31": -1, "2015-09-30": 0, "2015-06-30": 0, "2015-03-31": "", "2014-12-31": 0.1, "2014-09-30": 4.1, "2014-06-30": -1.3, "2014-03-31": "-0.80000", "2013-12-31": -1, "2013-09-30": -1.2, "2013-06-30": 2, "2013-03-31": "0.10000", "2012-12-31": 0, "2012-09-30": 0, "2012-06-30": 0, "2012-03-31": "", "2011-12-31": -0.02, "2011-09-30": -0.01, "2011-06-30": -2.141, "2011-03-31": "0.17100", "2010-12-31": -0.548, "2010-09-30": 0.032, "2010-06-30": -0.184, "2010-03-31": "", "2009-12-31": 0, "2009-09-30": 0.155, "2009-06-30": -0.155, "2009-03-31": "", "2008-12-31": 7.083, "2008-09-30": -0.017, "2008-06-30": -0.411, "2008-03-31": "", "2007-12-31": -0.917, "2007-09-30": 0, "2007-06-30": 0, "2007-03-31": "", "2006-12-31": 0, "2006-09-30": 0, "2006-06-30": 0, "2006-03-31": "", "2005-12-31": 0, "2005-09-30": 0, "2005-06-30": 0, "2005-03-31": ""}, "Cash Flow From Investing Activities": {"2020-09-30": -24.2, "2020-06-30": -23.2, "2020-03-31": "-64.00000", "2019-12-31": -26.2, "2019-09-30": -17.3, "2019-06-30": -26.4, "2019-03-31": "-20.30000", "2018-12-31": -15.7, "2018-09-30": -15.6, "2018-06-30": -22.3, "2018-03-31": "-17.60000", "2017-12-31": -23.5, "2017-09-30": -17.2, "2017-06-30": -13, "2017-03-31": "-12.00000", "2016-12-31": -20, "2016-09-30": -17.6, "2016-06-30": -11.5, "2016-03-31": "-12.80000", "2015-12-31": -15.5, "2015-09-30": -17.3, "2015-06-30": -11.5, "2015-03-31": "-15.40000", "2014-12-31": -17.1, "2014-09-30": -20.6, "2014-06-30": 35.9, "2014-03-31": "-8.60000", "2013-12-31": -12.6, "2013-09-30": -10.3, "2013-06-30": 80.9, "2013-03-31": "-1271.00000", "2012-12-31": -12.7, "2012-09-30": -20, "2012-06-30": -15.7, "2012-03-31": "-6.60000", "2011-12-31": -10.713, "2011-09-30": -11.319, "2011-06-30": -9.024, "2011-03-31": "-5.04400", "2010-12-31": -6.326, "2010-09-30": -5.6, "2010-06-30": -22.816, "2010-03-31": "-2.75800", "2009-12-31": -5.255, "2009-09-30": -4.165, "2009-06-30": -3.242, "2009-03-31": "-1.64100", "2008-12-31": 4.433, "2008-09-30": -1.54, "2008-06-30": -3.825, "2008-03-31": "-4.43600", "2007-12-31": -8.433, "2007-09-30": -8.227, "2007-06-30": -2.542, "2007-03-31": "-3.66900", "2006-12-31": -13.086, "2006-09-30": -5.742, "2006-06-30": -9.579, "2006-03-31": "-9.45400", "2005-12-31": -17.252, "2005-09-30": -19.65, "2005-06-30": -30.553, "2005-03-31": "-19.12900"}, "Net Long-Term Debt": {"2020-09-30": -230.9, "2020-06-30": -185.1, "2020-03-31": "386.10000", "2019-12-31": -30.1, "2019-09-30": -78.1, "2019-06-30": -16.2, "2019-03-31": "12.30000", "2018-12-31": -47.3, "2018-09-30": -94.1, "2018-06-30": 12.1, "2018-03-31": "22.30000", "2017-12-31": -3.8001, "2017-09-30": -111.7999, "2017-06-30": 1.9, "2017-03-31": "-28.90000", "2016-12-31": 153.4001, "2016-09-30": 7.3, "2016-06-30": 190.4, "2016-03-31": "14.50000", "2015-12-31": -5.8, "2015-09-30": -90.5, "2015-06-30": -27.6, "2015-03-31": "-0.90000", "2014-12-31": -46.2, "2014-09-30": -130.6, "2014-06-30": -70.6, "2014-03-31": "8.00000", "2013-12-31": -24.2, "2013-09-30": -83.7, "2013-06-30": -58.7, "2013-03-31": "1225.90000", "2012-12-31": 0.5, "2012-09-30": -32, "2012-06-30": 116.5, "2012-03-31": "-20.00000", "2011-12-31": 76.5, "2011-09-30": 33.5, "2011-06-30": 80, "2011-03-31": "-12.00000", "2010-12-31": -29.023, "2010-09-30": 1, "2010-06-30": 43.436, "2010-03-31": "95.58700", "2009-12-31": -17.464, "2009-09-30": -54, "2009-06-30": -31.018, "2009-03-31": "-18.22100", "2008-12-31": -99.891, "2008-09-30": -37.75, "2008-06-30": -40.567, "2008-03-31": "-5.08900", "2007-12-31": 45.928, "2007-09-30": 154.259, "2007-06-30": 32.97, "2007-03-31": "5.22900", "2006-12-31": -21.475, "2006-09-30": -43.169, "2006-06-30": 14.33, "2006-03-31": "51.37700", "2005-12-31": 38.087, "2005-09-30": 14.284, "2005-06-30": 32.569, "2005-03-31": "-28.84500"}, "Net Current Debt": {"2020-09-30": 0, "2020-06-30": 0, "2020-03-31": "", "2019-12-31": 0, "2019-09-30": 0, "2019-06-30": 0, "2019-03-31": "", "2018-12-31": 0, "2018-09-30": 0, "2018-06-30": 0, "2018-03-31": "", "2017-12-31": 0, "2017-09-30": 0, "2017-06-30": 0, "2017-03-31": "", "2016-12-31": 0, "2016-09-30": 0, "2016-06-30": 0, "2016-03-31": "", "2015-12-31": 0, "2015-09-30": 0, "2015-06-30": 0, "2015-03-31": "", "2014-12-31": 0, "2014-09-30": 0, "2014-06-30": 0, "2014-03-31": "", "2013-12-31": 0, "2013-09-30": 0, "2013-06-30": 0, "2013-03-31": "", "2012-12-31": 0, "2012-09-30": 0, "2012-06-30": 0, "2012-03-31": "", "2011-12-31": 0, "2011-09-30": 0, "2011-06-30": 0, "2011-03-31": "", "2010-12-31": 0, "2010-09-30": 0, "2010-06-30": 0, "2010-03-31": "", "2009-12-31": 0, "2009-09-30": 0, "2009-06-30": 0, "2009-03-31": "", "2008-12-31": 0, "2008-09-30": 0, "2008-06-30": 0, "2008-03-31": "", "2007-12-31": 0, "2007-09-30": 0, "2007-06-30": 0, "2007-03-31": "", "2006-12-31": 0, "2006-09-30": 0, "2006-06-30": 0, "2006-03-31": "", "2005-12-31": 0, "2005-09-30": 0, "2005-06-30": 0, "2005-03-31": ""}, "Debt Issuance/Retirement Net - Total": {"2020-09-30": -230.9, "2020-06-30": -185.1, "2020-03-31": "386.10000", "2019-12-31": -30.1, "2019-09-30": -78.1, "2019-06-30": -16.2, "2019-03-31": "12.30000", "2018-12-31": -47.3, "2018-09-30": -94.1, "2018-06-30": 12.1, "2018-03-31": "22.30000", "2017-12-31": -3.8001, "2017-09-30": -111.7999, "2017-06-30": 1.9, "2017-03-31": "-28.90000", "2016-12-31": 153.4001, "2016-09-30": 7.3, "2016-06-30": 190.4, "2016-03-31": "14.50000", "2015-12-31": -5.8, "2015-09-30": -90.5, "2015-06-30": -27.6, "2015-03-31": "-0.90000", "2014-12-31": -46.2, "2014-09-30": -130.6, "2014-06-30": -70.6, "2014-03-31": "8.00000", "2013-12-31": -24.2, "2013-09-30": -83.7, "2013-06-30": -58.7, "2013-03-31": "1225.90000", "2012-12-31": 0.5, "2012-09-30": -32, "2012-06-30": 116.5, "2012-03-31": "-20.00000", "2011-12-31": 76.5, "2011-09-30": 33.5, "2011-06-30": 80, "2011-03-31": "-12.00000", "2010-12-31": -29.023, "2010-09-30": 1, "2010-06-30": 43.436, "2010-03-31": "95.58700", "2009-12-31": -17.464, "2009-09-30": -54, "2009-06-30": -31.018, "2009-03-31": "-18.22100", "2008-12-31": -99.891, "2008-09-30": -37.75, "2008-06-30": -40.567, "2008-03-31": "-5.08900", "2007-12-31": 45.928, "2007-09-30": 154.259, "2007-06-30": 32.97, "2007-03-31": "5.22900", "2006-12-31": -21.475, "2006-09-30": -43.169, "2006-06-30": 14.33, "2006-03-31": "51.37700", "2005-12-31": 38.087, "2005-09-30": 14.284, "2005-06-30": 32.569, "2005-03-31": "-28.84500"}, "Net Common Equity Issued/Repurchased": {"2020-09-30": 0.8, "2020-06-30": 0, "2020-03-31": "-198.00000", "2019-12-31": -45.2, "2019-09-30": -42.7, "2019-06-30": 1.3, "2019-03-31": "-1.30000", "2018-12-31": -0.7, "2018-09-30": 1.1, "2018-06-30": 0.6, "2018-03-31": "-1.00000", "2017-12-31": 6.3, "2017-09-30": 3.8, "2017-06-30": 1.5, "2017-03-31": "-43.70000", "2016-12-31": -214.8, "2016-09-30": -93.2, "2016-06-30": -112.3, "2016-03-31": "-99.00000", "2015-12-31": 3.7, "2015-09-30": 11.1, "2015-06-30": 8.8, "2015-03-31": "0.50000", "2014-12-31": 0.4, "2014-09-30": 0.4, "2014-06-30": 1.8, "2014-03-31": "-0.50000", "2013-12-31": -4.3, "2013-09-30": 0.5, "2013-06-30": 1.3, "2013-03-31": "4.20000", "2012-12-31": 0.8, "2012-09-30": 0.5, "2012-06-30": -134.9, "2012-03-31": "-7.60000", "2011-12-31": -124.019, "2011-09-30": -77.957, "2011-06-30": -93.234, "2011-03-31": "-44.39000", "2010-12-31": 6.585, "2010-09-30": -47.455, "2010-06-30": -88.838, "2010-03-31": "-91.69200", "2009-12-31": 1.494, "2009-09-30": 0.129, "2009-06-30": 0, "2009-03-31": "", "2008-12-31": 0, "2008-09-30": 0, "2008-06-30": 0.197, "2008-03-31": "0.49800", "2007-12-31": -19.789, "2007-09-30": -197.493, "2007-06-30": -60.54, "2007-03-31": "-33.88700", "2006-12-31": 0.644, "2006-09-30": 0.55, "2006-06-30": -43.186, "2006-03-31": "-97.96300", "2005-12-31": -75.653, "2005-09-30": 0.507, "2005-06-30": 1.007, "2005-03-31": "0.69000"}, "Net Total Equity Issued/Repurchased": {"2020-09-30": 0.8, "2020-06-30": 0, "2020-03-31": "-198.00000", "2019-12-31": -45.2, "2019-09-30": -42.7, "2019-06-30": 1.3, "2019-03-31": "-1.30000", "2018-12-31": -0.7, "2018-09-30": 1.1, "2018-06-30": 0.6, "2018-03-31": "-1.00000", "2017-12-31": 6.3, "2017-09-30": 3.8, "2017-06-30": 1.5, "2017-03-31": "-43.70000", "2016-12-31": -214.8, "2016-09-30": -93.2, "2016-06-30": -112.3, "2016-03-31": "-99.00000", "2015-12-31": 3.7, "2015-09-30": 11.1, "2015-06-30": 8.8, "2015-03-31": "0.50000", "2014-12-31": 0.4, "2014-09-30": 0.4, "2014-06-30": 1.8, "2014-03-31": "-0.50000", "2013-12-31": -4.3, "2013-09-30": 0.5, "2013-06-30": 1.3, "2013-03-31": "4.20000", "2012-12-31": 0.8, "2012-09-30": 0.5, "2012-06-30": -134.9, "2012-03-31": "-7.60000", "2011-12-31": -124.019, "2011-09-30": -77.957, "2011-06-30": -93.234, "2011-03-31": "-44.39000", "2010-12-31": 6.585, "2010-09-30": -47.455, "2010-06-30": -88.838, "2010-03-31": "-91.69200", "2009-12-31": 1.494, "2009-09-30": 0.129, "2009-06-30": 0, "2009-03-31": "", "2008-12-31": 0, "2008-09-30": 0, "2008-06-30": 0.197, "2008-03-31": "0.49800", "2007-12-31": -19.789, "2007-09-30": -197.493, "2007-06-30": -60.54, "2007-03-31": "-33.88700", "2006-12-31": 0.644, "2006-09-30": 0.55, "2006-06-30": -43.186, "2006-03-31": "-97.96300", "2005-12-31": -75.653, "2005-09-30": 0.507, "2005-06-30": 1.007, "2005-03-31": "0.69000"}, "Total Common And Preferred Stock Dividends Paid": {"2020-09-30": 0, "2020-06-30": 0, "2020-03-31": "", "2019-12-31": 0, "2019-09-30": 0, "2019-06-30": 0, "2019-03-31": "", "2018-12-31": 0, "2018-09-30": 0, "2018-06-30": 0, "2018-03-31": "", "2017-12-31": 0, "2017-09-30": 0, "2017-06-30": 0, "2017-03-31": "", "2016-12-31": 0, "2016-09-30": 0, "2016-06-30": 0, "2016-03-31": "", "2015-12-31": 0, "2015-09-30": 0, "2015-06-30": 0, "2015-03-31": "", "2014-12-31": 0, "2014-09-30": 0, "2014-06-30": 0, "2014-03-31": "", "2013-12-31": 0, "2013-09-30": 0, "2013-06-30": 0, "2013-03-31": "", "2012-12-31": 0, "2012-09-30": 0, "2012-06-30": 0, "2012-03-31": "", "2011-12-31": 0, "2011-09-30": 0, "2011-06-30": 0, "2011-03-31": "", "2010-12-31": 0, "2010-09-30": 0, "2010-06-30": 0, "2010-03-31": "", "2009-12-31": 0, "2009-09-30": 0, "2009-06-30": 0, "2009-03-31": "", "2008-12-31": 0, "2008-09-30": -5.987, "2008-06-30": -5.981, "2008-03-31": "-5.96500", "2007-12-31": -5.916, "2007-09-30": -6.142, "2007-06-30": -6.647, "2007-03-31": "-5.10600", "2006-12-31": 0, "2006-09-30": 0, "2006-06-30": 0, "2006-03-31": "", "2005-12-31": 0, "2005-09-30": 0, "2005-06-30": 0, "2005-03-31": ""}, "Financial Activities - Other": {"2020-09-30": 0.2, "2020-06-30": -1.6, "2020-03-31": "", "2019-12-31": -3.1, "2019-09-30": 0, "2019-06-30": -0.1, "2019-03-31": "", "2018-12-31": 4.7, "2018-09-30": -1.3, "2018-06-30": -1.6, "2018-03-31": "-1.80000", "2017-12-31": 2.9, "2017-09-30": -0.3, "2017-06-30": 0.3, "2017-03-31": "-3.40000", "2016-12-31": 0.5, "2016-09-30": 2.3, "2016-06-30": -35.8, "2016-03-31": "1.60000", "2015-12-31": -1.2, "2015-09-30": -2.3, "2015-06-30": 13.3, "2015-03-31": "0.20000", "2014-12-31": -2.8, "2014-09-30": 0.3, "2014-06-30": 0.7, "2014-03-31": "1.00000", "2013-12-31": 1.4, "2013-09-30": -0.4, "2013-06-30": 0.7, "2013-03-31": "-49.30000", "2012-12-31": -1.7, "2012-09-30": -0.2, "2012-06-30": -1.1, "2012-03-31": "8.40000", "2011-12-31": 0.936, "2011-09-30": 3.74, "2011-06-30": 0.071, "2011-03-31": "7.95300", "2010-12-31": 0.718, "2010-09-30": 0.669, "2010-06-30": 1.324, "2010-03-31": "1.28900", "2009-12-31": 0.359, "2009-09-30": 0, "2009-06-30": 0, "2009-03-31": "", "2008-12-31": 0.098, "2008-09-30": -0.065, "2008-06-30": 0.043, "2008-03-31": "0.30900", "2007-12-31": 0.997, "2007-09-30": 0.431, "2007-06-30": -1.051, "2007-03-31": "9.11500", "2006-12-31": 0.925, "2006-09-30": 1.053, "2006-06-30": 5.057, "2006-03-31": "-0.61900", "2005-12-31": -2.351, "2005-09-30": -0.25, "2005-06-30": 0, "2005-03-31": ""}, "Cash Flow From Financial Activities": {"2020-09-30": -229.9, "2020-06-30": -186.7, "2020-03-31": "188.10000", "2019-12-31": -78.4, "2019-09-30": -120.8, "2019-06-30": -15, "2019-03-31": "11.00000", "2018-12-31": -43.3, "2018-09-30": -94.3, "2018-06-30": 11.1, "2018-03-31": "19.50000", "2017-12-31": 5.4, "2017-09-30": -108.3, "2017-06-30": 3.7, "2017-03-31": "-76.00000", "2016-12-31": -60.9, "2016-09-30": -83.6, "2016-06-30": 42.3, "2016-03-31": "-82.90000", "2015-12-31": -3.3, "2015-09-30": -81.7, "2015-06-30": -5.5, "2015-03-31": "-0.20000", "2014-12-31": -48.6, "2014-09-30": -129.9, "2014-06-30": -68.1, "2014-03-31": "8.50000", "2013-12-31": -27.1, "2013-09-30": -83.6, "2013-06-30": -56.7, "2013-03-31": "1180.80000", "2012-12-31": -0.4, "2012-09-30": -31.7, "2012-06-30": -19.5, "2012-03-31": "-19.20000", "2011-12-31": -46.583, "2011-09-30": -40.717, "2011-06-30": -13.163, "2011-03-31": "-48.43700", "2010-12-31": -21.72, "2010-09-30": -45.786, "2010-06-30": -44.078, "2010-03-31": "5.18400", "2009-12-31": -15.611, "2009-09-30": -53.871, "2009-06-30": -31.018, "2009-03-31": "-18.22100", "2008-12-31": -99.793, "2008-09-30": -43.802, "2008-06-30": -46.308, "2008-03-31": "-10.24700", "2007-12-31": 21.22, "2007-09-30": -48.945, "2007-06-30": -35.268, "2007-03-31": "-24.64900", "2006-12-31": -19.906, "2006-09-30": -41.566, "2006-06-30": -23.799, "2006-03-31": "-47.20500", "2005-12-31": -39.917, "2005-09-30": 14.541, "2005-06-30": 33.576, "2005-03-31": "-28.15500"}, "Net Cash Flow": {"2020-09-30": 82.4, "2020-06-30": -50.2, "2020-03-31": "132.10000", "2019-12-31": 12, "2019-09-30": 14.6, "2019-06-30": -1.3, "2019-03-31": "-6.20000", "2018-12-31": 12.4, "2018-09-30": 0.8, "2018-06-30": -1.9, "2018-03-31": "-7.40000", "2017-12-31": 0.1, "2017-09-30": 3.3, "2017-06-30": -4, "2017-03-31": "-23.20000", "2016-12-31": -23.3, "2016-09-30": -48.9, "2016-06-30": 100.8, "2016-03-31": "-116.80000", "2015-12-31": 82.1, "2015-09-30": 36.4, "2015-06-30": -9.6, "2015-03-31": "-17.50000", "2014-12-31": -19.3, "2014-09-30": -39.7, "2014-06-30": 41.8, "2014-03-31": "-1.30000", "2013-12-31": -45.6, "2013-09-30": 25.2, "2013-06-30": 9.9, "2013-03-31": "-87.80000", "2012-12-31": 27.6, "2012-09-30": 17.5, "2012-06-30": 0.2, "2012-03-31": "22.60000", "2011-12-31": 8.408, "2011-09-30": 16.276, "2011-06-30": 27.379, "2011-03-31": "5.73700", "2010-12-31": 15.594, "2010-09-30": 22.681, "2010-06-30": -23.055, "2010-03-31": "24.38000", "2009-12-31": -5.961, "2009-09-30": -4.971, "2009-06-30": 3.847, "2009-03-31": "5.74200", "2008-12-31": -72.292, "2008-09-30": 19.324, "2008-06-30": 21.786, "2008-03-31": "13.25200", "2007-12-31": 9.735, "2007-09-30": -1.252, "2007-06-30": 8.058, "2007-03-31": "0.98600", "2006-12-31": 0.535, "2006-09-30": -0.559, "2006-06-30": 2.631, "2006-03-31": "-4.67400", "2005-12-31": -34.546, "2005-09-30": 24.233, "2005-06-30": 15.173, "2005-03-31": "-15.37300"}, "Stock-Based Compensation": {"2020-09-30": 0, "2020-06-30": 0, "2020-03-31": "", "2019-12-31": 0, "2019-09-30": 0, "2019-06-30": 0, "2019-03-31": "", "2018-12-31": 0, "2018-09-30": 0, "2018-06-30": 0, "2018-03-31": "", "2017-12-31": 0, "2017-09-30": 0, "2017-06-30": 0, "2017-03-31": "", "2016-12-31": 0, "2016-09-30": 0, "2016-06-30": 0, "2016-03-31": "", "2015-12-31": 0, "2015-09-30": 0, "2015-06-30": 0, "2015-03-31": "", "2014-12-31": 0, "2014-09-30": 0, "2014-06-30": 0, "2014-03-31": "", "2013-12-31": 0, "2013-09-30": 0, "2013-06-30": 0, "2013-03-31": "", "2012-12-31": 0, "2012-09-30": 0, "2012-06-30": 0, "2012-03-31": "", "2011-12-31": 0, "2011-09-30": 0, "2011-06-30": 0, "2011-03-31": "", "2010-12-31": 0, "2010-09-30": 0, "2010-06-30": 0, "2010-03-31": "", "2009-12-31": 0, "2009-09-30": 0, "2009-06-30": 0, "2009-03-31": "", "2008-12-31": 0, "2008-09-30": 0, "2008-06-30": 0, "2008-03-31": "", "2007-12-31": 0, "2007-09-30": 0, "2007-06-30": 0, "2007-03-31": "", "2006-12-31": 0, "2006-09-30": 0, "2006-06-30": 0, "2006-03-31": "", "2005-12-31": 2.883, "2005-09-30": 0, "2005-06-30": 0, "2005-03-31": ""}, "Common Stock Dividends Paid": {"2020-09-30": 0, "2020-06-30": 0, "2020-03-31": "", "2019-12-31": 0, "2019-09-30": 0, "2019-06-30": 0, "2019-03-31": "", "2018-12-31": 0, "2018-09-30": 0, "2018-06-30": 0, "2018-03-31": "", "2017-12-31": 0, "2017-09-30": 0, "2017-06-30": 0, "2017-03-31": "", "2016-12-31": 0, "2016-09-30": 0, "2016-06-30": 0, "2016-03-31": "", "2015-12-31": 0, "2015-09-30": 0, "2015-06-30": 0, "2015-03-31": "", "2014-12-31": 0, "2014-09-30": 0, "2014-06-30": 0, "2014-03-31": "", "2013-12-31": 0, "2013-09-30": 0, "2013-06-30": 0, "2013-03-31": "", "2012-12-31": 0, "2012-09-30": 0, "2012-06-30": 0, "2012-03-31": "", "2011-12-31": 0, "2011-09-30": 0, "2011-06-30": 0, "2011-03-31": "", "2010-12-31": 0, "2010-09-30": 0, "2010-06-30": 0, "2010-03-31": "", "2009-12-31": 0, "2009-09-30": 0, "2009-06-30": 0, "2009-03-31": "", "2008-12-31": 0, "2008-09-30": -5.987, "2008-06-30": -5.981, "2008-03-31": "-5.96500", "2007-12-31": -5.916, "2007-09-30": -6.142, "2007-06-30": -6.647, "2007-03-31": "-5.10600", "2006-12-31": 0, "2006-09-30": 0, "2006-06-30": 0, "2006-03-31": "", "2005-12-31": 0, "2005-09-30": 0, "2005-06-30": 0, "2005-03-31": ""}}, "financial ratios": {"Current Ratio": {"2019-12-31": "1.16410", "2018-12-31": "1.20390", "2017-12-31": "1.05290", "2016-12-31": "1.19000", "2015-12-31": "1.13480", "2014-12-31": "1.34180", "2013-12-31": "1.64780", "2012-12-31": "3.83680", "2011-12-31": "2.26610", "2010-12-31": "1.85650", "2009-12-31": "1.53070", "2008-12-31": "1.71960", "2007-12-31": "2.57940", "2006-12-31": "1.80280", "2005-12-31": "1.88680"}, "Long-term Debt / Capital": {"2019-12-31": "0.80650", "2018-12-31": "0.88030", "2017-12-31": "0.93730", "2016-12-31": "1.02360", "2015-12-31": "0.81440", "2014-12-31": "0.88080", "2013-12-31": "0.93810", "2012-12-31": "0.97870", "2011-12-31": "0.95000", "2010-12-31": "0.76360", "2009-12-31": "0.63320", "2008-12-31": "0.85270", "2007-12-31": "0.92590", "2006-12-31": "0.61560", "2005-12-31": "0.58090"}, "Debt/Equity Ratio": {"2019-12-31": "4.27300", "2018-12-31": "7.56870", "2017-12-31": "15.58310", "2016-12-31": "-45.06210", "2015-12-31": "5.01310", "2014-12-31": "7.71930", "2013-12-31": "15.48480", "2012-12-31": "45.96410", "2011-12-31": "18.99350", "2010-12-31": "3.22930", "2009-12-31": "1.72650", "2008-12-31": "5.78860", "2007-12-31": "12.50660", "2006-12-31": "1.69270", "2005-12-31": "1.52200"}, "Gross Margin": {"2019-12-31": "43.21310", "2018-12-31": "41.46290", "2017-12-31": "41.50930", "2016-12-31": "41.87100", "2015-12-31": "39.59930", "2014-12-31": "38.47750", "2013-12-31": "41.18410", "2012-12-31": "50.93730", "2011-12-31": "52.40850", "2010-12-31": "50.24430", "2009-12-31": "47.37280", "2008-12-31": "43.21510", "2007-12-31": "48.32520", "2006-12-31": "48.73190", "2005-12-31": "50.66640"}, "Operating Margin": {"2019-12-31": "11.16230", "2018-12-31": "9.48240", "2017-12-31": "10.94200", "2016-12-31": "13.42340", "2015-12-31": "9.71600", "2014-12-31": "9.24140", "2013-12-31": "9.89330", "2012-12-31": "17.69910", "2011-12-31": "24.01440", "2010-12-31": "22.24530", "2009-12-31": "17.43900", "2008-12-31": "14.42780", "2007-12-31": "22.05740", "2006-12-31": "22.14760", "2005-12-31": "22.78090"}, "EBIT Margin": {"2019-12-31": "11.16230", "2018-12-31": "9.48240", "2017-12-31": "10.94200", "2016-12-31": "13.42340", "2015-12-31": "9.71600", "2014-12-31": "9.24140", "2013-12-31": "9.89330", "2012-12-31": "17.69910", "2011-12-31": "24.01440", "2010-12-31": "22.24530", "2009-12-31": "17.43900", "2008-12-31": "14.42780", "2007-12-31": "22.05740", "2006-12-31": "22.14760", "2005-12-31": "22.78090"}, "EBITDA Margin": {"2019-12-31": "14.99040", "2018-12-31": "13.70750", "2017-12-31": "14.50420", "2016-12-31": "16.41390", "2015-12-31": "13.33610", "2014-12-31": "12.65970", "2013-12-31": "13.90660", "2012-12-31": "20.79270", "2011-12-31": "27.68180", "2010-12-31": "26.28910", "2009-12-31": "22.36040", "2008-12-31": "18.93920", "2007-12-31": "25.77750", "2006-12-31": "25.37960", "2005-12-31": "26.37050"}, "Pre-Tax Profit Margin": {"2019-12-31": "8.54800", "2018-12-31": "6.10460", "2017-12-31": "7.97600", "2016-12-31": "9.20870", "2015-12-31": "6.05780", "2014-12-31": "5.84990", "2013-12-31": "5.19420", "2012-12-31": "16.33760", "2011-12-31": "23.16100", "2010-12-31": "20.88840", "2009-12-31": "15.40470", "2008-12-31": "11.57790", "2007-12-31": "19.23460", "2006-12-31": "18.49280", "2005-12-31": "19.89550"}, "Net Profit Margin": {"2019-12-31": "6.10110", "2018-12-31": "3.71820", "2017-12-31": "5.60620", "2016-12-31": "6.18890", "2015-12-31": "2.04460", "2014-12-31": "3.64240", "2013-12-31": "3.18950", "2012-12-31": "7.61280", "2011-12-31": "15.48770", "2010-12-31": "14.22110", "2009-12-31": "10.22590", "2008-12-31": "6.34480", "2007-12-31": "12.78180", "2006-12-31": "11.88540", "2005-12-31": "11.87110"}, "Asset Turnover": {"2019-12-31": "1.01440", "2018-12-31": "0.99540", "2017-12-31": "1.00250", "2016-12-31": "1.14110", "2015-12-31": "1.18800", "2014-12-31": "1.15760", "2013-12-31": "0.90270", "2012-12-31": "1.06320", "2011-12-31": "1.69160", "2010-12-31": "1.54380", "2009-12-31": "1.29190", "2008-12-31": "1.43510", "2007-12-31": "1.37240", "2006-12-31": "1.30230", "2005-12-31": "1.19140"}, "Inventory Turnover Ratio": {"2019-12-31": "6.77080", "2018-12-31": "7.11740", "2017-12-31": "8.81970", "2016-12-31": "9.11040", "2015-12-31": "9.56530", "2014-12-31": "8.46870", "2013-12-31": "7.27610", "2012-12-31": "7.40110", "2011-12-31": "7.39910", "2010-12-31": "7.87330", "2009-12-31": "7.58270", "2008-12-31": "8.70890", "2007-12-31": "5.36830", "2006-12-31": "7.84800", "2005-12-31": "5.09210"}, "Receiveable Turnover": {"2019-12-31": "8.34950", "2018-12-31": "8.40720", "2017-12-31": "8.68920", "2016-12-31": "9.01550", "2015-12-31": "8.31470", "2014-12-31": "7.74960", "2013-12-31": "7.05700", "2012-12-31": "2.74380", "2011-12-31": "9.95720", "2010-12-31": "9.55980", "2009-12-31": "7.87260", "2008-12-31": "9.29570", "2007-12-31": "6.75940", "2006-12-31": "6.62510", "2005-12-31": "7.48790"}, "Days Sales In Receivables": {"2019-12-31": "43.71540", "2018-12-31": "43.41540", "2017-12-31": "42.00620", "2016-12-31": "40.48580", "2015-12-31": "43.89810", "2014-12-31": "47.09910", "2013-12-31": "51.72180", "2012-12-31": "133.02760", "2011-12-31": "36.65700", "2010-12-31": "38.18070", "2009-12-31": "46.36340", "2008-12-31": "39.26530", "2007-12-31": "53.99860", "2006-12-31": "55.09380", "2005-12-31": "48.74550"}, "ROE - Return On Equity": {"2019-12-31": "52.94120", "2018-12-31": "53.05750", "2017-12-31": "152.53330", "2016-12-31": "-470.88420", "2015-12-31": "22.63960", "2014-12-31": "54.26740", "2013-12-31": "66.52610", "2012-12-31": "478.92320", "2011-12-31": "712.98700", "2010-12-31": "124.72920", "2009-12-31": "49.33050", "2008-12-31": "81.26110", "2007-12-31": "293.86150", "2006-12-31": "52.64730", "2005-12-31": "43.88700"}, "Return On Tangible Equity": {"2019-12-31": "-18.82960", "2018-12-31": "-9.99310", "2017-12-31": "-13.33020", "2016-12-31": "-13.67200", "2015-12-31": "-5.89450", "2014-12-31": "-8.72390", "2013-12-31": "-5.67180", "2012-12-31": "-41.57260", "2011-12-31": "-88.19280", "2010-12-31": "-101.30170", "2009-12-31": "-99.04220", "2008-12-31": "-31.48880", "2007-12-31": "-64.62180", "2006-12-31": "-201.70970", "2005-12-31": "-208.93330"}, "ROA - Return On Assets": {"2019-12-31": "6.23160", "2018-12-31": "4.24980", "2017-12-31": "6.36970", "2016-12-31": "7.31070", "2015-12-31": "2.47410", "2014-12-31": "4.25910", "2013-12-31": "2.89020", "2012-12-31": "8.09400", "2011-12-31": "26.19900", "2010-12-31": "21.95520", "2009-12-31": "13.21040", "2008-12-31": "9.10520", "2007-12-31": "17.54130", "2006-12-31": "15.47850", "2005-12-31": "14.14320"}, "ROI - Return On Investment": {"2019-12-31": "10.24160", "2018-12-31": "6.35250", "2017-12-31": "9.56950", "2016-12-31": "11.10990", "2015-12-31": "4.20210", "2014-12-31": "6.46680", "2013-12-31": "4.11900", "2012-12-31": "10.19770", "2011-12-31": "35.66090", "2010-12-31": "29.49160", "2009-12-31": "18.09270", "2008-12-31": "11.97030", "2007-12-31": "21.76650", "2006-12-31": "20.23880", "2005-12-31": "18.39290"}, "Book Value Per Share": {"2019-12-31": "1.67470", "2018-12-31": "0.99770", "2017-12-31": "0.51890", "2016-12-31": "-0.19260", "2015-12-31": "1.16270", "2014-12-31": "0.83210", "2013-12-31": "0.48930", "2012-12-31": "0.09340", "2011-12-31": "0.12070", "2010-12-31": "0.46010", "2009-12-31": "0.57350", "2008-12-31": "0.24200", "2007-12-31": "0.16150", "2006-12-31": "0.64090", "2005-12-31": "0.61200"}, "Operating Cash Flow Per Share": {"2019-12-31": 0.4791, "2018-12-31": -0.2308, "2017-12-31": 0.4695, "2016-12-31": -0.2325, "2015-12-31": 0.0287, "2014-12-31": 0.5068, "2013-12-31": -0.355, "2012-12-31": -0.145, "2011-12-31": 0.2676, "2010-12-31": 0.1884, "2009-12-31": -0.2183, "2008-12-31": 0.2733, "2007-12-31": -0.0848, "2006-12-31": 0.2233, "2005-12-31": 0.2503}, "Free Cash Flow Per Share": {"2019-12-31": 0.4151, "2018-12-31": -0.2604, "2017-12-31": 0.4239, "2016-12-31": -0.2281, "2015-12-31": -0.0433, "2014-12-31": 0.478, "2013-12-31": -0.3167, "2012-12-31": -0.239, "2011-12-31": 0.223, "2010-12-31": 0.1734, "2009-12-31": -0.2304, "2008-12-31": 0.288, "2007-12-31": -0.029, "2006-12-31": 0.3248, "2005-12-31": 0.0433}}, "financial ratios, quarterly": {"Current Ratio": {"2020-09-30": "1.11820", "2020-06-30": "0.94390", "2020-03-31": "1.39450", "2019-12-31": "1.16410", "2019-09-30": "1.13270", "2019-06-30": "1.20710", "2019-03-31": "1.17570", "2018-12-31": "1.20390", "2018-09-30": "1.19610", "2018-06-30": "1.18090", "2018-03-31": "1.15860", "2017-12-31": "1.05290", "2017-09-30": "1.07650", "2017-06-30": "1.20460", "2017-03-31": "1.16360", "2016-12-31": "1.19000", "2016-09-30": "1.25660", "2016-06-30": "1.26990", "2016-03-31": "1.08210", "2015-12-31": "1.13480", "2015-09-30": "1.13110", "2015-06-30": "1.41450", "2015-03-31": "1.43950", "2014-12-31": "1.34180", "2014-09-30": "1.40660", "2014-06-30": "1.60020", "2014-03-31": "1.73170", "2013-12-31": "1.64780", "2013-09-30": "1.57920", "2013-06-30": "1.74320", "2013-03-31": "1.84140", "2012-12-31": "3.83680", "2012-09-30": "1.88360", "2012-06-30": "2.68340", "2012-03-31": "2.55650", "2011-12-31": "2.26610", "2011-09-30": "2.04500", "2011-06-30": "2.08610", "2011-03-31": "1.78260", "2010-12-31": "1.85650", "2010-09-30": "1.51240", "2010-06-30": "1.59500", "2010-03-31": "1.76500", "2009-12-31": "1.53070", "2009-09-30": "1.37700", "2009-06-30": "1.64490", "2009-03-31": "1.72850", "2008-12-31": "1.71960", "2008-09-30": "2.18760", "2008-06-30": "2.59250", "2008-03-31": "2.76440", "2007-12-31": "2.57940", "2007-09-30": "1.89340", "2007-06-30": "2.18640", "2007-03-31": "1.81560", "2006-12-31": "1.80280", "2006-09-30": "1.59920", "2006-06-30": "1.69660", "2006-03-31": "1.61500", "2005-12-31": "1.88680", "2005-09-30": "2.26220", "2005-06-30": "1.80560", "2005-03-31": "1.92020"}, "Long-term Debt / Capital": {"2020-09-30": "0.76970", "2020-06-30": "0.85710", "2020-03-31": "0.90050", "2019-12-31": "0.80650", "2019-09-30": "0.81770", "2019-06-30": "0.83830", "2019-03-31": "0.86350", "2018-12-31": "0.88030", "2018-09-30": "0.88520", "2018-06-30": "0.91530", "2018-03-31": "0.92290", "2017-12-31": "0.93730", "2017-09-30": "0.95250", "2017-06-30": "0.98800", "2017-03-31": "1.01000", "2016-12-31": "1.02360", "2016-09-30": "0.91450", "2016-06-30": "0.90650", "2016-03-31": "0.83680", "2015-12-31": "0.81440", "2015-09-30": "0.81430", "2015-06-30": "0.85660", "2015-03-31": "0.88740", "2014-12-31": "0.88080", "2014-09-30": "0.90140", "2014-06-30": "0.91700", "2014-03-31": "0.92240", "2013-12-31": "0.93810", "2013-09-30": "0.95660", "2013-06-30": "0.98610", "2013-03-31": "0.98620", "2012-12-31": "0.97870", "2012-09-30": "1.01950", "2012-06-30": "1.01810", "2012-03-31": "0.84910", "2011-12-31": "0.95000", "2011-09-30": "0.83640", "2011-06-30": "0.79300", "2011-03-31": "0.72850", "2010-12-31": "0.76360", "2010-09-30": "0.86530", "2010-06-30": "0.88720", "2010-03-31": "0.77630", "2009-12-31": "0.63320", "2009-09-30": "0.69140", "2009-06-30": "0.77170", "2009-03-31": "0.82590", "2008-12-31": "0.85270", "2008-09-30": "0.86000", "2008-06-30": "0.86650", "2008-03-31": "0.89470", "2007-12-31": "0.92590", "2007-09-30": "0.95190", "2007-06-30": "0.68460", "2007-03-31": "0.61780", "2006-12-31": "0.61560", "2006-09-30": "0.66670", "2006-06-30": "0.72960", "2006-03-31": "0.70460", "2005-12-31": "0.58090", "2005-09-30": "0.52800", "2005-06-30": "0.49980", "2005-03-31": "0.51480"}, "Debt/Equity Ratio": {"2020-09-30": "3.42050", "2020-06-30": "7.02280", "2020-03-31": "9.27540", "2019-12-31": "4.27300", "2019-09-30": "4.66450", "2019-06-30": "5.37950", "2019-03-31": "6.54670", "2018-12-31": "7.56870", "2018-09-30": "8.06210", "2018-06-30": "11.29180", "2018-03-31": "12.43480", "2017-12-31": "15.58310", "2017-09-30": "20.81950", "2017-06-30": "85.39450", "2017-03-31": "-104.30900", "2016-12-31": "-45.06210", "2016-09-30": "11.13750", "2016-06-30": "10.64640", "2016-03-31": "5.83440", "2015-12-31": "5.01310", "2015-09-30": "4.96590", "2015-06-30": "6.23660", "2015-03-31": "8.23960", "2014-12-31": "7.71930", "2014-09-30": "9.48620", "2014-06-30": "11.39190", "2014-03-31": "12.18020", "2013-12-31": "15.48480", "2013-09-30": "22.54670", "2013-06-30": "72.48880", "2013-03-31": "72.91610", "2012-12-31": "45.96410", "2012-09-30": "-52.15610", "2012-06-30": "-56.13670", "2012-03-31": "5.62690", "2011-12-31": "18.99350", "2011-09-30": "5.11380", "2011-06-30": "3.83180", "2011-03-31": "2.68380", "2010-12-31": "3.22930", "2010-09-30": "6.42510", "2010-06-30": "7.86500", "2010-03-31": "3.46970", "2009-12-31": "1.72650", "2009-09-30": "2.24060", "2009-06-30": "3.37960", "2009-03-31": "4.74410", "2008-12-31": "5.78860", "2008-09-30": "6.14530", "2008-06-30": "6.49280", "2008-03-31": "8.50040", "2007-12-31": "12.50660", "2007-09-30": "19.77970", "2007-06-30": "2.17220", "2007-03-31": "1.70030", "2006-12-31": "1.69270", "2006-09-30": "2.10800", "2006-06-30": "2.85300", "2006-03-31": "2.55450", "2005-12-31": "1.52200", "2005-09-30": "1.13050", "2005-06-30": "1.14920", "2005-03-31": "1.10430"}, "Gross Margin": {"2020-09-30": "46.82510", "2020-06-30": "39.97290", "2020-03-31": "43.42170", "2019-12-31": "44.34750", "2019-09-30": "43.92210", "2019-06-30": "43.35920", "2019-03-31": "40.78740", "2018-12-31": "41.88730", "2018-09-30": "41.12410", "2018-06-30": "41.33960", "2018-03-31": "41.52810", "2017-12-31": "42.58680", "2017-09-30": "43.14830", "2017-06-30": "40.74020", "2017-03-31": "39.68980", "2016-12-31": "41.48780", "2016-09-30": "43.50070", "2016-06-30": "41.88210", "2016-03-31": "40.36060", "2015-12-31": "40.66430", "2015-09-30": "40.86360", "2015-06-30": "38.91940", "2015-03-31": "37.68760", "2014-12-31": "39.45000", "2014-09-30": "38.49410", "2014-06-30": "37.52450", "2014-03-31": "38.39580", "2013-12-31": "40.24480", "2013-09-30": "40.61180", "2013-06-30": "38.58610", "2013-03-31": "48.29530", "2012-12-31": "50.01470", "2012-09-30": "49.18080", "2012-06-30": "50.65250", "2012-03-31": "53.59000", "2011-12-31": "52.12550", "2011-09-30": "52.36280", "2011-06-30": "52.89650", "2011-03-31": "52.26830", "2010-12-31": "51.86380", "2010-09-30": "50.96740", "2010-06-30": "48.67670", "2010-03-31": "49.15890", "2009-12-31": "48.54740", "2009-09-30": "47.62050", "2009-06-30": "46.62110", "2009-03-31": "46.22200", "2008-12-31": "43.02480", "2008-09-30": "41.72670", "2008-06-30": "44.42120", "2008-03-31": "43.71820", "2007-12-31": "48.79250", "2007-09-30": "48.15130", "2007-06-30": "48.34970", "2007-03-31": "47.98630", "2006-12-31": "49.39790", "2006-09-30": "48.15890", "2006-06-30": "48.64590", "2006-03-31": "48.67050", "2005-12-31": "50.38230", "2005-09-30": "49.74310", "2005-06-30": "51.15650", "2005-03-31": "51.37310"}, "Operating Margin": {"2020-09-30": "15.91450", "2020-06-30": "8.02770", "2020-03-31": "12.80400", "2019-12-31": "9.70960", "2019-09-30": "14.68940", "2019-06-30": "11.20640", "2019-03-31": "8.75670", "2018-12-31": "8.56380", "2018-09-30": "11.61070", "2018-06-30": "8.78920", "2018-03-31": "8.73860", "2017-12-31": "13.50990", "2017-09-30": "13.67530", "2017-06-30": "8.58490", "2017-03-31": "8.23980", "2016-12-31": "14.60030", "2016-09-30": "15.74960", "2016-06-30": "12.45650", "2016-03-31": "10.63800", "2015-12-31": "11.57390", "2015-09-30": "12.60230", "2015-06-30": "6.80270", "2015-03-31": "7.35630", "2014-12-31": "10.26160", "2014-09-30": "10.52700", "2014-06-30": "7.03500", "2014-03-31": "8.89020", "2013-12-31": "10.92760", "2013-09-30": "11.04010", "2013-06-30": "6.66060", "2013-03-31": "11.40730", "2012-12-31": "15.03960", "2012-09-30": "18.22360", "2012-06-30": "14.41580", "2012-03-31": "22.39850", "2011-12-31": "23.38910", "2011-09-30": "25.21820", "2011-06-30": "24.20430", "2011-03-31": "23.10350", "2010-12-31": "24.46550", "2010-09-30": "23.04170", "2010-06-30": "20.47190", "2010-03-31": "20.59560", "2009-12-31": "19.29210", "2009-09-30": "19.04480", "2009-06-30": "15.74830", "2009-03-31": "14.61350", "2008-12-31": "13.38880", "2008-09-30": "16.96540", "2008-06-30": "15.21780", "2008-03-31": "11.86500", "2007-12-31": "23.42280", "2007-09-30": "22.96850", "2007-06-30": "21.39790", "2007-03-31": "20.20580", "2006-12-31": "23.88880", "2006-09-30": "22.29860", "2006-06-30": "21.56770", "2006-03-31": "20.58960", "2005-12-31": "24.95790", "2005-09-30": "20.77590", "2005-06-30": "23.15340", "2005-03-31": "22.20530"}, "EBIT Margin": {"2020-09-30": "15.91450", "2020-06-30": "8.02770", "2020-03-31": "12.80400", "2019-12-31": "9.70960", "2019-09-30": "14.68940", "2019-06-30": "11.20640", "2019-03-31": "8.75670", "2018-12-31": "8.56380", "2018-09-30": "11.61070", "2018-06-30": "8.78920", "2018-03-31": "8.73860", "2017-12-31": "13.51000", "2017-09-30": "13.67530", "2017-06-30": "8.58490", "2017-03-31": "8.23980", "2016-12-31": "14.60030", "2016-09-30": "15.74960", "2016-06-30": "12.45650", "2016-03-31": "10.63800", "2015-12-31": "11.57390", "2015-09-30": "12.60230", "2015-06-30": "6.80270", "2015-03-31": "7.35630", "2014-12-31": "10.26160", "2014-09-30": "10.52700", "2014-06-30": "7.03500", "2014-03-31": "8.89020", "2013-12-31": "10.92760", "2013-09-30": "11.04010", "2013-06-30": "6.66060", "2013-03-31": "11.40730", "2012-12-31": "15.03960", "2012-09-30": "18.22360", "2012-06-30": "14.41580", "2012-03-31": "22.39850", "2011-12-31": "23.38910", "2011-09-30": "25.21820", "2011-06-30": "24.20430", "2011-03-31": "23.10350", "2010-12-31": "24.46550", "2010-09-30": "23.04170", "2010-06-30": "20.47190", "2010-03-31": "20.59560", "2009-12-31": "19.29220", "2009-09-30": "19.04480", "2009-06-30": "15.74830", "2009-03-31": "14.61350", "2008-12-31": "13.38880", "2008-09-30": "16.96540", "2008-06-30": "15.21780", "2008-03-31": "11.86500", "2007-12-31": "23.42280", "2007-09-30": "22.96850", "2007-06-30": "21.39790", "2007-03-31": "20.20580", "2006-12-31": "23.88880", "2006-09-30": "22.29860", "2006-06-30": "21.56770", "2006-03-31": "20.58960", "2005-12-31": "24.95790", "2005-09-30": "20.77590", "2005-06-30": "23.15340", "2005-03-31": "22.20530"}, "EBITDA Margin": {"2020-09-30": "", "2020-06-30": "", "2020-03-31": "", "2019-12-31": "", "2019-09-30": "", "2019-06-30": "", "2019-03-31": "", "2018-12-31": "", "2018-09-30": "", "2018-06-30": "", "2018-03-31": "", "2017-12-31": "", "2017-09-30": "", "2017-06-30": "", "2017-03-31": "", "2016-12-31": "", "2016-09-30": "", "2016-06-30": "", "2016-03-31": "", "2015-12-31": "", "2015-09-30": "", "2015-06-30": "", "2015-03-31": "", "2014-12-31": "", "2014-09-30": "", "2014-06-30": "", "2014-03-31": "", "2013-12-31": "", "2013-09-30": "", "2013-06-30": "", "2013-03-31": "", "2012-12-31": "", "2012-09-30": "", "2012-06-30": "", "2012-03-31": "", "2011-12-31": "", "2011-09-30": "", "2011-06-30": "", "2011-03-31": "", "2010-12-31": "", "2010-09-30": "", "2010-06-30": "", "2010-03-31": "", "2009-12-31": "", "2009-09-30": "", "2009-06-30": "", "2009-03-31": "", "2008-12-31": "", "2008-09-30": "", "2008-06-30": "", "2008-03-31": "", "2007-12-31": "", "2007-09-30": "", "2007-06-30": "", "2007-03-31": "", "2006-12-31": "", "2006-09-30": "", "2006-06-30": "", "2006-03-31": "", "2005-12-31": "", "2005-09-30": "", "2005-06-30": "", "2005-03-31": ""}, "Pre-Tax Profit Margin": {"2020-09-30": "14.10400", "2020-06-30": "4.88570", "2020-03-31": "10.27480", "2019-12-31": "7.18470", "2019-09-30": "11.99760", "2019-06-30": "8.09350", "2019-03-31": "6.64350", "2018-12-31": "5.07320", "2018-09-30": "8.18370", "2018-06-30": "5.36450", "2018-03-31": "5.58520", "2017-12-31": "9.84040", "2017-09-30": "10.42870", "2017-06-30": "5.27830", "2017-03-31": "6.45340", "2016-12-31": "12.16240", "2016-09-30": "13.25080", "2016-06-30": "3.63000", "2016-03-31": "7.80860", "2015-12-31": "7.86300", "2015-09-30": "7.48860", "2015-06-30": "3.83310", "2015-03-31": "4.77350", "2014-12-31": "9.17510", "2014-09-30": "7.23950", "2014-06-30": "1.03500", "2014-03-31": "5.58480", "2013-12-31": "7.44730", "2013-09-30": "7.57310", "2013-06-30": "1.01420", "2013-03-31": "3.87080", "2012-12-31": "13.13400", "2012-09-30": "16.95890", "2012-06-30": "13.32320", "2012-03-31": "21.20190", "2011-12-31": "22.65290", "2011-09-30": "24.30610", "2011-06-30": "23.39660", "2011-03-31": "22.13920", "2010-12-31": "23.30790", "2010-09-30": "21.47570", "2010-06-30": "19.00480", "2010-03-31": "19.36630", "2009-12-31": "17.67730", "2009-09-30": "17.02550", "2009-06-30": "13.47640", "2009-03-31": "12.22900", "2008-12-31": "10.31300", "2008-09-30": "14.51380", "2008-06-30": "12.82240", "2008-03-31": "8.34190", "2007-12-31": "20.20080", "2007-09-30": "20.14830", "2007-06-30": "18.88050", "2007-03-31": "17.51820", "2006-12-31": "17.26480", "2006-09-30": "19.42990", "2006-06-30": "18.72010", "2006-03-31": "18.66560", "2005-12-31": "21.11500", "2005-09-30": "18.23380", "2005-06-30": "20.84210", "2005-03-31": "19.43300"}, "Net Profit Margin": {"2020-09-30": "10.72150", "2020-06-30": "3.45760", "2020-03-31": "7.25920", "2019-12-31": "5.30240", "2019-09-30": "8.92810", "2019-06-30": "5.75540", "2019-03-31": "4.11060", "2018-12-31": "1.81930", "2018-09-30": "5.79850", "2018-06-30": "3.45510", "2018-03-31": "3.62410", "2017-12-31": "7.96450", "2017-09-30": "6.26840", "2017-06-30": "3.71610", "2017-03-31": "4.69460", "2016-12-31": "7.18940", "2016-09-30": "9.34650", "2016-06-30": "2.64790", "2016-03-31": "5.49240", "2015-12-31": "-2.63400", "2015-09-30": "4.56820", "2015-06-30": "2.77340", "2015-03-31": "3.16430", "2014-12-31": "6.25080", "2014-09-30": "4.48390", "2014-06-30": "-0.30770", "2014-03-31": "3.90370", "2013-12-31": "4.05540", "2013-09-30": "5.46570", "2013-06-30": "-0.24220", "2013-03-31": "3.20430", "2012-12-31": "6.88950", "2012-09-30": "-0.57490", "2012-06-30": "8.83160", "2012-03-31": "14.62020", "2011-12-31": "15.35230", "2011-09-30": "16.17110", "2011-06-30": "15.51200", "2011-03-31": "14.81100", "2010-12-31": "15.83560", "2010-09-30": "14.94260", "2010-06-30": "12.73780", "2010-03-31": "13.05610", "2009-12-31": "11.89330", "2009-09-30": "11.46190", "2009-06-30": "9.10320", "2009-03-31": "7.53120", "2008-12-31": "0.55780", "2008-09-30": "9.52120", "2008-06-30": "8.47560", "2008-03-31": "5.46630", "2007-12-31": "13.81880", "2007-09-30": "13.19920", "2007-06-30": "12.78170", "2007-03-31": "11.19410", "2006-12-31": "11.86920", "2006-09-30": "11.98050", "2006-06-30": "11.92540", "2006-03-31": "11.76490", "2005-12-31": "14.07930", "2005-09-30": "8.42720", "2005-06-30": "12.90140", "2005-03-31": "12.02900"}, "Asset Turnover": {"2020-09-30": "0.32770", "2020-06-30": "0.20780", "2020-03-31": "0.24870", "2019-12-31": "0.28460", "2019-09-30": "0.26460", "2019-06-30": "0.23720", "2019-03-31": "0.23300", "2018-12-31": "0.24900", "2018-09-30": "0.25970", "2018-06-30": "0.23860", "2018-03-31": "0.23180", "2017-12-31": "0.22560", "2017-09-30": "0.26010", "2017-06-30": "0.24320", "2017-03-31": "0.26940", "2016-12-31": "0.26750", "2016-09-30": "0.30310", "2016-06-30": "0.29580", "2016-03-31": "0.27980", "2015-12-31": "0.29020", "2015-09-30": "0.32120", "2015-06-30": "0.28140", "2015-03-31": "0.27850", "2014-12-31": "0.28870", "2014-09-30": "0.30650", "2014-06-30": "0.25980", "2014-03-31": "0.25330", "2013-12-31": "0.24840", "2013-09-30": "0.26630", "2013-06-30": "0.24320", "2013-03-31": "0.13800", "2012-12-31": "0.25850", "2012-09-30": "0.38080", "2012-06-30": "0.38070", "2012-03-31": "0.43960", "2011-12-31": "0.43760", "2011-09-30": "0.46230", "2011-06-30": "0.42670", "2011-03-31": "0.43650", "2010-12-31": "0.40880", "2010-09-30": "0.41310", "2010-06-30": "0.39150", "2010-03-31": "0.36840", "2009-12-31": "0.38050", "2009-09-30": "0.34870", "2009-06-30": "0.29080", "2009-03-31": "0.27590", "2008-12-31": "0.29250", "2008-09-30": "0.32320", "2008-06-30": "0.29900", "2008-03-31": "0.30130", "2007-12-31": "0.35830", "2007-09-30": "0.38010", "2007-06-30": "0.34530", "2007-03-31": "0.35420", "2006-12-31": "0.35360", "2006-09-30": "0.33560", "2006-06-30": "0.30560", "2006-03-31": "0.32100", "2005-12-31": "0.30700", "2005-09-30": "0.27750", "2005-06-30": "0.28330", "2005-03-31": "0.34790"}, "Inventory Turnover Ratio": {"2020-09-30": "2.18470", "2020-06-30": "1.54290", "2020-03-31": "1.70190", "2019-12-31": "1.86140", "2019-09-30": "1.70010", "2019-06-30": "1.68410", "2019-03-31": "1.70670", "2018-12-31": "1.76740", "2018-09-30": "1.94780", "2018-06-30": "1.72500", "2018-03-31": "1.73590", "2017-12-31": "1.94810", "2017-09-30": "2.14250", "2017-06-30": "2.00870", "2017-03-31": "2.26590", "2016-12-31": "2.14960", "2016-09-30": "2.19460", "2016-06-30": "2.07230", "2016-03-31": "2.00560", "2015-12-31": "2.29570", "2015-09-30": "2.44200", "2015-06-30": "2.01420", "2015-03-31": "2.03090", "2014-12-31": "2.07830", "2014-09-30": "2.45490", "2014-06-30": "2.03050", "2014-03-31": "1.94160", "2013-12-31": "2.03410", "2013-09-30": "2.38950", "2013-06-30": "2.25890", "2013-03-31": "1.18020", "2012-12-31": "1.83330", "2012-09-30": "2.02930", "2012-06-30": "1.53320", "2012-03-31": "1.82660", "2011-12-31": "1.92530", "2011-09-30": "2.00440", "2011-06-30": "1.86830", "2011-03-31": "2.16870", "2010-12-31": "2.01680", "2010-09-30": "2.12730", "2010-06-30": "2.06710", "2010-03-31": "1.89510", "2009-12-31": "2.18340", "2009-09-30": "2.42230", "2009-06-30": "1.91670", "2009-03-31": "1.56670", "2008-12-31": "1.78110", "2008-09-30": "2.11360", "2008-06-30": "1.41840", "2008-03-31": "1.24230", "2007-12-31": "1.38890", "2007-09-30": "1.85810", "2007-06-30": "1.71850", "2007-03-31": "1.86340", "2006-12-31": "2.10310", "2006-09-30": "1.95900", "2006-06-30": "1.56670", "2006-03-31": "1.49950", "2005-12-31": "1.31990", "2005-09-30": "1.18840", "2005-06-30": "1.15260", "2005-03-31": "1.46760"}, "Receiveable Turnover": {"2020-09-30": "2.56870", "2020-06-30": "1.94620", "2020-03-31": "2.20600", "2019-12-31": "2.34220", "2019-09-30": "1.90400", "2019-06-30": "1.87110", "2019-03-31": "1.93860", "2018-12-31": "2.10300", "2018-09-30": "1.95000", "2018-06-30": "1.83610", "2018-03-31": "1.87800", "2017-12-31": "1.95530", "2017-09-30": "1.95680", "2017-06-30": "1.85090", "2017-03-31": "2.09850", "2016-12-31": "2.11330", "2016-09-30": "2.05890", "2016-06-30": "1.94300", "2016-03-31": "1.87420", "2015-12-31": "2.03140", "2015-09-30": "1.93530", "2015-06-30": "1.76410", "2015-03-31": "1.89570", "2014-12-31": "1.93230", "2014-09-30": "2.05620", "2014-06-30": "1.90060", "2014-03-31": "1.90530", "2013-12-31": "1.94190", "2013-09-30": "2.10560", "2013-06-30": "1.99220", "2013-03-31": "0.93390", "2012-12-31": "0.66710", "2012-09-30": "2.15390", "2012-06-30": "2.51160", "2012-03-31": "2.51310", "2011-12-31": "2.57560", "2011-09-30": "2.53000", "2011-06-30": "2.43720", "2011-03-31": "2.42430", "2010-12-31": "2.53120", "2010-09-30": "2.32070", "2010-06-30": "2.34150", "2010-03-31": "2.13360", "2009-12-31": "2.31870", "2009-09-30": "2.12610", "2009-06-30": "2.03490", "2009-03-31": "1.95700", "2008-12-31": "1.89480", "2008-09-30": "1.84390", "2008-06-30": "1.80050", "2008-03-31": "1.62030", "2007-12-31": "1.76480", "2007-09-30": "1.77450", "2007-06-30": "1.81690", "2007-03-31": "1.81960", "2006-12-31": "1.79870", "2006-09-30": "1.76840", "2006-06-30": "1.76700", "2006-03-31": "1.86380", "2005-12-31": "1.92980", "2005-09-30": "1.77050", "2005-06-30": "1.99190", "2005-03-31": "2.24920"}, "Days Sales In Receivables": {"2020-09-30": "35.03670", "2020-06-30": "46.24470", "2020-03-31": "40.79770", "2019-12-31": "38.42540", "2019-09-30": "47.26920", "2019-06-30": "48.10040", "2019-03-31": "46.42640", "2018-12-31": "42.79690", "2018-09-30": "46.15350", "2018-06-30": "49.01650", "2018-03-31": "47.92280", "2017-12-31": "46.02930", "2017-09-30": "45.99300", "2017-06-30": "48.62430", "2017-03-31": "42.88740", "2016-12-31": "42.58760", "2016-09-30": "43.71340", "2016-06-30": "46.32020", "2016-03-31": "48.02080", "2015-12-31": "44.30520", "2015-09-30": "46.50340", "2015-06-30": "51.01650", "2015-03-31": "47.47670", "2014-12-31": "46.57550", "2014-09-30": "43.77090", "2014-06-30": "47.35390", "2014-03-31": "47.23750", "2013-12-31": "46.34710", "2013-09-30": "42.74240", "2013-06-30": "45.17710", "2013-03-31": "96.36760", "2012-12-31": "134.90770", "2012-09-30": "41.78470", "2012-06-30": "35.83390", "2012-03-31": "35.81290", "2011-12-31": "34.94340", "2011-09-30": "35.57360", "2011-06-30": "36.92790", "2011-03-31": "37.12470", "2010-12-31": "35.55630", "2010-09-30": "38.78080", "2010-06-30": "38.43620", "2010-03-31": "42.18270", "2009-12-31": "38.81570", "2009-09-30": "42.33150", "2009-06-30": "44.22920", "2009-03-31": "45.98990", "2008-12-31": "47.49860", "2008-09-30": "48.81090", "2008-06-30": "49.98700", "2008-03-31": "55.54640", "2007-12-31": "50.99670", "2007-09-30": "50.71900", "2007-06-30": "49.53390", "2007-03-31": "49.46220", "2006-12-31": "50.03600", "2006-09-30": "50.89400", "2006-06-30": "50.93320", "2006-03-31": "48.28800", "2005-12-31": "46.63750", "2005-09-30": "50.83440", "2005-06-30": "45.18390", "2005-03-31": "40.01490"}, "ROE - Return On Equity": {"2020-09-30": "26.69350", "2020-06-30": "9.25110", "2020-03-31": "29.27060", "2019-12-31": "12.95780", "2019-09-30": "21.51560", "2019-06-30": "13.95880", "2019-03-31": "11.43990", "2018-12-31": "8.78160", "2018-09-30": "", "2018-06-30": "", "2018-03-31": "", "2017-12-31": "57.51110", "2017-09-30": "", "2017-06-30": "", "2017-03-31": "", "2016-12-31": "-147.25570", "2016-09-30": "", "2016-06-30": "", "2016-03-31": "", "2015-12-31": "-7.30530", "2015-09-30": "", "2015-06-30": "", "2015-03-31": "", "2014-12-31": "23.28560", "2014-09-30": "", "2014-06-30": "", "2014-03-31": "", "2013-12-31": "23.86170", "2013-09-30": "", "2013-06-30": "", "2013-03-31": "", "2012-12-31": "105.38100", "2012-09-30": "", "2012-06-30": "", "2012-03-31": "", "2011-12-31": "182.81490", "2011-09-30": "", "2011-06-30": "", "2011-03-31": "32.78930", "2010-12-31": "36.77450", "2010-09-30": "65.13210", "2010-06-30": "60.58080", "2010-03-31": "29.28810", "2009-12-31": "16.89800", "2009-09-30": "", "2009-06-30": "", "2009-03-31": "", "2008-12-31": "1.45630", "2008-09-30": "28.51540", "2008-06-30": "23.60050", "2008-03-31": "19.23980", "2007-12-31": "82.94900", "2007-09-30": "138.07350", "2007-06-30": "17.81080", "2007-03-31": "13.75480", "2006-12-31": "14.27430", "2006-09-30": "16.29120", "2006-06-30": "17.85910", "2006-03-31": "17.25080", "2005-12-31": "13.41450", "2005-09-30": "6.38910", "2005-06-30": "9.75980", "2005-03-31": "11.33900"}, "Return On Tangible Equity": {"2020-09-30": "-12.63890", "2020-06-30": "-2.02400", "2020-03-31": "-5.16770", "2019-12-31": "-4.60870", "2019-09-30": "-6.97560", "2019-06-30": "-3.96470", "2019-03-31": "-2.59180", "2018-12-31": "-1.65400", "2018-09-30": "-3.75640", "2018-06-30": "-2.16520", "2018-03-31": "-2.04770", "2017-12-31": "-5.02600", "2017-09-30": "-4.02850", "2017-06-30": "-1.57390", "2017-03-31": "-2.25770", "2016-12-31": "-4.27550", "2016-09-30": "-6.10500", "2016-06-30": "-1.59490", "2016-03-31": "-3.35800", "2015-12-31": "1.90200", "2015-09-30": "-3.66590", "2015-06-30": "-1.77730", "2015-03-31": "-2.01710", "2014-12-31": "-3.74340", "2014-09-30": "-2.88240", "2014-06-30": "0.18060", "2014-03-31": "-2.04190", "2013-12-31": "-2.03440", "2013-09-30": "-2.80710", "2013-06-30": "0.14140", "2013-03-31": "-0.82900", "2012-12-31": "-9.14750", "2012-09-30": "0.68400", "2012-06-30": "-10.02590", "2012-03-31": "-31.45390", "2011-12-31": "-22.61330", "2011-09-30": "-34.21730", "2011-06-30": "-33.90240", "2011-03-31": "-36.07770", "2010-12-31": "-29.86730", "2010-09-30": "-20.74610", "2010-06-30": "-14.88150", "2010-03-31": "-23.01260", "2009-12-31": "-33.92650", "2009-09-30": "-21.73130", "2009-06-30": "-11.26560", "2009-03-31": "-7.65000", "2008-12-31": "-0.56430", "2008-09-30": "-13.20650", "2008-06-30": "-11.17930", "2008-03-31": "-6.88930", "2007-12-31": "-18.24100", "2007-09-30": "-16.20640", "2007-06-30": "-39.56960", "2007-03-31": "-56.61280", "2006-12-31": "-54.68980", "2006-09-30": "-30.80790", "2006-06-30": "-20.68310", "2006-03-31": "-22.96920", "2005-12-31": "-63.86280", "2005-09-30": "-455.61250", "2005-06-30": "-113.12950", "2005-03-31": "-65.71680"}, "ROA - Return On Assets": {"2020-09-30": "3.45550", "2020-06-30": "0.72140", "2020-03-31": "1.84500", "2019-12-31": "1.52520", "2019-09-30": "2.33320", "2019-06-30": "1.40150", "2019-03-31": "0.97780", "2018-12-31": "0.70340", "2018-09-30": "1.57010", "2018-06-30": "0.96180", "2018-03-31": "0.93090", "2017-12-31": "2.40160", "2017-09-30": "1.94490", "2017-06-30": "0.80040", "2017-03-31": "1.19390", "2016-12-31": "2.28620", "2016-09-30": "2.78930", "2016-06-30": "0.73550", "2016-03-31": "1.51350", "2015-12-31": "-0.79830", "2015-09-30": "1.49300", "2015-06-30": "0.77290", "2015-03-31": "0.94160", "2014-12-31": "1.82750", "2014-09-30": "1.38900", "2014-06-30": "-0.08720", "2014-03-31": "0.99950", "2013-12-31": "1.03670", "2013-09-30": "1.45570", "2013-06-30": "-0.07730", "2013-03-31": "0.44220", "2012-12-31": "1.78100", "2012-09-30": "-0.21890", "2012-06-30": "3.36210", "2012-03-31": "6.42680", "2011-12-31": "6.71760", "2011-09-30": "7.47600", "2011-06-30": "6.61870", "2011-03-31": "6.46470", "2010-12-31": "6.47320", "2010-09-30": "6.17330", "2010-06-30": "4.98650", "2010-03-31": "4.80970", "2009-12-31": "4.52520", "2009-09-30": "3.99650", "2009-06-30": "2.64750", "2009-03-31": "2.07780", "2008-12-31": "0.16320", "2008-09-30": "3.07690", "2008-06-30": "2.53420", "2008-03-31": "1.64680", "2007-12-31": "4.95140", "2007-09-30": "5.01640", "2007-06-30": "4.41300", "2007-03-31": "3.96460", "2006-12-31": "4.19670", "2006-09-30": "4.02070", "2006-06-30": "3.64390", "2006-03-31": "3.77610", "2005-12-31": "4.32300", "2005-09-30": "2.33900", "2005-06-30": "3.65450", "2005-03-31": "4.18450"}, "ROI - Return On Investment": {"2020-09-30": "6.14860", "2020-06-30": "1.32230", "2020-03-31": "2.91320", "2019-12-31": "2.50670", "2019-09-30": "3.92200", "2019-06-30": "2.25760", "2019-03-31": "1.56120", "2018-12-31": "1.05140", "2018-09-30": "2.41580", "2018-06-30": "1.42640", "2018-03-31": "1.38360", "2017-12-31": "3.60810", "2017-09-30": "3.00410", "2017-06-30": "1.19560", "2017-03-31": "1.80590", "2016-12-31": "3.47430", "2016-09-30": "4.32700", "2016-06-30": "1.18760", "2016-03-31": "2.52250", "2015-12-31": "-1.35590", "2015-09-30": "2.53750", "2015-06-30": "1.19140", "2015-03-31": "1.44760", "2014-12-31": "2.77480", "2014-09-30": "2.13040", "2014-06-30": "-0.12770", "2014-03-31": "1.41960", "2013-12-31": "1.47740", "2013-09-30": "2.11260", "2013-06-30": "-0.10880", "2013-03-31": "0.62840", "2012-12-31": "2.24390", "2012-09-30": "-0.31390", "2012-06-30": "4.34740", "2012-03-31": "8.44590", "2011-12-31": "9.14370", "2011-09-30": "10.19000", "2011-06-30": "8.86270", "2011-03-31": "8.90110", "2010-12-31": "8.69510", "2010-09-30": "8.77190", "2010-06-30": "6.83370", "2010-03-31": "6.55260", "2009-12-31": "6.19760", "2009-09-30": "5.63760", "2009-06-30": "3.52520", "2009-03-31": "2.75400", "2008-12-31": "0.21450", "2008-09-30": "3.99080", "2008-06-30": "3.14970", "2008-03-31": "2.02600", "2007-12-31": "6.14410", "2007-09-30": "6.64780", "2007-06-30": "5.61720", "2007-03-31": "5.25740", "2006-12-31": "5.48740", "2006-09-30": "5.42950", "2006-06-30": "4.82950", "2006-03-31": "5.09640", "2005-12-31": "5.62200", "2005-09-30": "3.01540", "2005-06-30": "4.88170", "2005-03-31": "5.50140"}, "Book Value Per Share": {"2020-09-30": "2.16770", "2020-06-30": "1.21210", "2020-03-31": "1.01170", "2019-12-31": "1.67470", "2019-09-30": "1.55210", "2019-06-30": "1.41620", "2019-03-31": "1.15860", "2018-12-31": "0.99770", "2018-09-30": "0.96100", "2018-06-30": "0.72560", "2018-03-31": "0.65540", "2017-12-31": "0.51890", "2017-09-30": "0.38850", "2017-06-30": "0.10100", "2017-03-31": "-0.08260", "2016-12-31": "-0.19260", "2016-09-30": "0.65330", "2016-06-30": "0.67410", "2016-03-31": "1.03580", "2015-12-31": "1.16270", "2015-09-30": "1.20230", "2015-06-30": "1.02070", "2015-03-31": "0.79680", "2014-12-31": "0.83210", "2014-09-30": "0.71250", "2014-06-30": "0.63990", "2014-03-31": "0.62300", "2013-12-31": "0.48930", "2013-09-30": "0.34100", "2013-06-30": "0.11080", "2013-03-31": "0.11350", "2012-12-31": "0.09340", "2012-09-30": "-0.05220", "2012-06-30": "-0.05100", "2012-03-31": "0.39520", "2011-12-31": "0.12070", "2011-09-30": "0.37700", "2011-06-30": "0.46190", "2011-03-31": "0.53720", "2010-12-31": "0.46010", "2010-09-30": "0.24890", "2010-06-30": "0.19820", "2010-03-31": "0.39090", "2009-12-31": "0.57350", "2009-09-30": "0.46880", "2009-06-30": "0.36440", "2009-03-31": "0.28140", "2008-12-31": "0.24200", "2008-09-30": "0.28200", "2008-06-30": "0.28650", "2008-03-31": "0.23520", "2007-12-31": "0.16150", "2007-09-30": "0.09360", "2007-06-30": "0.56710", "2007-03-31": "0.64630", "2006-12-31": "0.64090", "2006-09-30": "0.53360", "2006-06-30": "0.44120", "2006-03-31": "0.46100", "2005-12-31": "0.61200", "2005-09-30": "0.68510", "2005-06-30": "0.64320", "2005-03-31": "0.59840"}, "Operating Cash Flow Per Share": {"2020-09-30": 1.5338, "2020-06-30": 0.7498, "2020-03-31": "0.06940", "2019-12-31": 0.5169, "2019-09-30": 0.6988, "2019-06-30": 0.1843, "2019-03-31": "0.02060", "2018-12-31": 0.3489, "2018-09-30": 0.5134, "2018-06-30": 0.0751, "2018-03-31": "0.00410", "2017-12-31": 0.186, "2017-09-30": 0.6413, "2017-06-30": 0.0373, "2017-03-31": "0.30770", "2016-12-31": 0.236, "2016-09-30": 0.2534, "2016-06-30": 0.2885, "2016-03-31": "-0.07510", "2015-12-31": 0.4059, "2015-09-30": 0.525, "2015-06-30": 0.0301, "2015-03-31": "-0.02570", "2014-12-31": 0.1783, "2014-09-30": 0.4306, "2014-06-30": 0.3042, "2014-03-31": "-0.00650", "2013-12-31": -0.0255, "2013-09-30": 0.4729, "2013-06-30": -0.0688, "2013-03-31": "0.02120", "2012-12-31": 0.1105, "2012-09-30": 0.308, "2012-06-30": 0.1666, "2012-03-31": "0.16970", "2011-12-31": 0.2473, "2011-09-30": 0.2813, "2011-06-30": 0.1746, "2011-03-31": "0.19660", "2010-12-31": 0.1432, "2010-09-30": 0.2572, "2010-06-30": 0.1548, "2010-03-31": "0.07700", "2009-12-31": 0.0486, "2009-09-30": 0.1785, "2009-06-30": 0.13, "2009-03-31": "0.08670", "2008-12-31": 0.099, "2008-09-30": 0.2418, "2008-06-30": 0.2396, "2008-03-31": "0.08170", "2007-12-31": -0.0213, "2007-09-30": 0.1899, "2007-06-30": 0.1369, "2007-03-31": "0.08330", "2006-12-31": 0.0853, "2006-09-30": 0.141, "2006-06-30": 0.1088, "2006-03-31": "0.13850", "2005-12-31": 0.059, "2005-09-30": 0.0726, "2005-06-30": 0.0363, "2005-03-31": "0.08240"}, "Free Cash Flow Per Share": {"2020-09-30": 1.4235, "2020-06-30": 0.6336, "2020-03-31": "-0.05190", "2019-12-31": 0.3963, "2019-09-30": 0.5995, "2019-06-30": 0.0919, "2019-03-31": "-0.06510", "2018-12-31": 0.2681, "2018-09-30": 0.4446, "2018-06-30": -0.01, "2018-03-31": "-0.09520", "2017-12-31": 0.0778, "2017-09-30": 0.564, "2017-06-30": -0.0225, "2017-03-31": "0.24860", "2016-12-31": 0.1553, "2016-09-30": 0.1752, "2016-06-30": 0.2389, "2016-03-31": "-0.12540", "2015-12-31": 0.3458, "2015-09-30": 0.4297, "2015-06-30": -0.0158, "2015-03-31": "-0.08760", "2014-12-31": 0.1091, "2014-09-30": 0.3781, "2014-06-30": 0.2662, "2014-03-31": "-0.03800", "2013-12-31": -0.0727, "2013-09-30": 0.4376, "2013-06-30": -0.1259, "2013-03-31": "-0.00160", "2012-12-31": 0.0709, "2012-09-30": 0.227, "2012-06-30": 0.1116, "2012-03-31": "0.14460", "2011-12-31": 0.2093, "2011-09-30": 0.2558, "2011-06-30": 0.1498, "2011-03-31": "0.17820", "2010-12-31": 0.1243, "2010-09-30": 0.2369, "2010-06-30": 0.141, "2010-03-31": "0.06790", "2009-12-31": 0.0309, "2009-09-30": 0.1647, "2009-06-30": 0.1191, "2009-03-31": "0.08200", "2008-12-31": 0.0901, "2008-09-30": 0.2368, "2008-06-30": 0.2277, "2008-03-31": "0.07250", "2007-12-31": -0.0455, "2007-09-30": 0.1786, "2007-06-30": 0.1297, "2007-03-31": "0.07630", "2006-12-31": 0.05, "2006-09-30": 0.1238, "2006-06-30": 0.0807, "2006-03-31": "0.11360", "2005-12-31": 0.0161, "2005-09-30": 0.0258, "2005-06-30": -0.0359, "2005-03-31": "0.03730"}}, "revenue": {"Tempur Sealy Annual Revenue (Millions of US $)": {"2019": "$3,106", "2018": "$2,703", "2017": "$2,701", "2016": "$3,080", "2015": "$3,155", "2014": "$2,990", "2013": "$2,464", "2012": "$1,403", "2011": "$1,418", "2010": "$1,105", "2009": "$831", "2008": "$928", "2007": "$1,107", "2006": "$945", "2005": "$837"}, "Tempur Sealy Quarterly Revenue (Millions of US $)": {"2020-09-30": "$1,132", "2020-06-30": "$665", "2020-03-31": "$822", "2019-12-31": "$871", "2019-09-30": "$821", "2019-06-30": "$723", "2019-03-31": "$691", "2018-12-31": "$676", "2018-09-30": "$730", "2018-06-30": "$660", "2018-03-31": "$637", "2017-12-31": "$608", "2017-09-30": "$712", "2017-06-30": "$659", "2017-03-31": "$722", "2016-12-31": "$722", "2016-09-30": "$832", "2016-06-30": "$804", "2016-03-31": "$721", "2015-12-31": "$771", "2015-09-30": "$880", "2015-06-30": "$764", "2015-03-31": "$740", "2014-12-31": "$746", "2014-09-30": "$827", "2014-06-30": "$715", "2014-03-31": "$702", "2013-12-31": "$678", "2013-09-30": "$736", "2013-06-30": "$661", "2013-03-31": "$390", "2012-12-31": "$341", "2012-09-30": "$348", "2012-06-30": "$330", "2012-03-31": "$384", "2011-12-31": "$367", "2011-09-30": "$383", "2011-06-30": "$342", "2011-03-31": "$326", "2010-12-31": "$293", "2010-09-30": "$296", "2010-06-30": "$263", "2010-03-31": "$254", "2009-12-31": "$245", "2009-09-30": "$224", "2009-06-30": "$185", "2009-03-31": "$177", "2008-12-31": "$189", "2008-09-30": "$253", "2008-06-30": "$239", "2008-03-31": "$247", "2007-12-31": "$289", "2007-09-30": "$294", "2007-06-30": "$258", "2007-03-31": "$266", "2006-12-31": "$257", "2006-09-30": "$241", "2006-06-30": "$219", "2006-03-31": "$229", "2005-12-31": "$216", "2005-09-30": "$206", "2005-06-30": "$193", "2005-03-31": "$222"}}, "gross-profit": {"Tempur Sealy Annual Gross Profit (Millions of US $)": {"2019": "$1,342", "2018": "$1,121", "2017": "$1,121", "2016": "$1,290", "2015": "$1,249", "2014": "$1,150", "2013": "$1,015", "2012": "$715", "2011": "$743", "2010": "$555", "2009": "$394", "2008": "$401", "2007": "$535", "2006": "$461", "2005": "$424"}, "Tempur Sealy Quarterly Gross Profit (Millions of US $)": {"2020-09-30": "$530", "2020-06-30": "$266", "2020-03-31": "$357", "2019-12-31": "$386", "2019-09-30": "$361", "2019-06-30": "$313", "2019-03-31": "$282", "2018-12-31": "$283", "2018-09-30": "$300", "2018-06-30": "$273", "2018-03-31": "$265", "2017-12-31": "$259", "2017-09-30": "$307", "2017-06-30": "$269", "2017-03-31": "$287", "2016-12-31": "$300", "2016-09-30": "$362", "2016-06-30": "$337", "2016-03-31": "$291", "2015-12-31": "$313", "2015-09-30": "$360", "2015-06-30": "$298", "2015-03-31": "$279", "2014-12-31": "$294", "2014-09-30": "$319", "2014-06-30": "$268", "2014-03-31": "$270", "2013-12-31": "$273", "2013-09-30": "$299", "2013-06-30": "$255", "2013-03-31": "$188", "2012-12-31": "$171", "2012-09-30": "$171", "2012-06-30": "$167", "2012-03-31": "$206", "2011-12-31": "$191", "2011-09-30": "$201", "2011-06-30": "$181", "2011-03-31": "$170", "2010-12-31": "$152", "2010-09-30": "$151", "2010-06-30": "$128", "2010-03-31": "$125", "2009-12-31": "$119", "2009-09-30": "$107", "2009-06-30": "$86", "2009-03-31": "$82", "2008-12-31": "$81", "2008-09-30": "$105", "2008-06-30": "$106", "2008-03-31": "$108", "2007-12-31": "$141", "2007-09-30": "$142", "2007-06-30": "$125", "2007-03-31": "$128", "2006-12-31": "$127", "2006-09-30": "$116", "2006-06-30": "$107", "2006-03-31": "$111", "2005-12-31": "$109", "2005-09-30": "$103", "2005-06-30": "$99", "2005-03-31": "$114"}}, "operating-income": {"Tempur Sealy Annual Operating Income (Millions of US $)": {"2019": "$347", "2018": "$256", "2017": "$296", "2016": "$413", "2015": "$307", "2014": "$276", "2013": "$244", "2012": "$248", "2011": "$341", "2010": "$246", "2009": "$145", "2008": "$134", "2007": "$244", "2006": "$209", "2005": "$191"}, "Tempur Sealy Quarterly Operating Income (Millions of US $)": {"2020-09-30": "$180", "2020-06-30": "$53", "2020-03-31": "$105", "2019-12-31": "$85", "2019-09-30": "$121", "2019-06-30": "$81", "2019-03-31": "$61", "2018-12-31": "$58", "2018-09-30": "$85", "2018-06-30": "$58", "2018-03-31": "$56", "2017-12-31": "$82", "2017-09-30": "$97", "2017-06-30": "$57", "2017-03-31": "$60", "2016-12-31": "$105", "2016-09-30": "$131", "2016-06-30": "$100", "2016-03-31": "$77", "2015-12-31": "$89", "2015-09-30": "$111", "2015-06-30": "$52", "2015-03-31": "$54", "2014-12-31": "$77", "2014-09-30": "$87", "2014-06-30": "$50", "2014-03-31": "$62", "2013-12-31": "$74", "2013-09-30": "$81", "2013-06-30": "$44", "2013-03-31": "$45", "2012-12-31": "$51", "2012-09-30": "$63", "2012-06-30": "$48", "2012-03-31": "$86", "2011-12-31": "$86", "2011-09-30": "$97", "2011-06-30": "$83", "2011-03-31": "$75", "2010-12-31": "$72", "2010-09-30": "$68", "2010-06-30": "$54", "2010-03-31": "$52", "2009-12-31": "$47", "2009-09-30": "$43", "2009-06-30": "$29", "2009-03-31": "$26", "2008-12-31": "$25", "2008-09-30": "$43", "2008-06-30": "$36", "2008-03-31": "$29", "2007-12-31": "$68", "2007-09-30": "$68", "2007-06-30": "$55", "2007-03-31": "$54", "2006-12-31": "$61", "2006-09-30": "$54", "2006-06-30": "$47", "2006-03-31": "$47", "2005-12-31": "$54", "2005-09-30": "$43", "2005-06-30": "$45", "2005-03-31": "$49"}}, "ebitda": {"Tempur Sealy Annual EBITDA (Millions of US $)": {"2019": "$466", "2018": "$371", "2017": "$392", "2016": "$506", "2015": "$421", "2014": "$379", "2013": "$343", "2012": "$292", "2011": "$393", "2010": "$291", "2009": "$186", "2008": "$176", "2007": "$285", "2006": "$240", "2005": "$221"}, "Tempur Sealy Quarterly EBITDA (Millions of US $)": {"2020-09-30": "$278", "2020-06-30": "$86", "2020-03-31": "$137", "2019-12-31": "$115", "2019-09-30": "$151", "2019-06-30": "$110", "2019-03-31": "$89", "2018-12-31": "$86", "2018-09-30": "$115", "2018-06-30": "$86", "2018-03-31": "$83", "2017-12-31": "$108", "2017-09-30": "$124", "2017-06-30": "$83", "2017-03-31": "$76", "2016-12-31": "$125", "2016-09-30": "$155", "2016-06-30": "$124", "2016-03-31": "$102", "2015-12-31": "$113", "2015-09-30": "$148", "2015-06-30": "$81", "2015-03-31": "$78", "2014-12-31": "$101", "2014-09-30": "$114", "2014-06-30": "$74", "2014-03-31": "$89", "2013-12-31": "$102", "2013-09-30": "$110", "2013-06-30": "$71", "2013-03-31": "$60", "2012-12-31": "$63", "2012-09-30": "$69", "2012-06-30": "$60", "2012-03-31": "$100", "2011-12-31": "$101", "2011-09-30": "$109", "2011-06-30": "$96", "2011-03-31": "$87", "2010-12-31": "$84", "2010-09-30": "$79", "2010-06-30": "$65", "2010-03-31": "$62", "2009-12-31": "$58", "2009-09-30": "$53", "2009-06-30": "$39", "2009-03-31": "$36", "2008-12-31": "$35", "2008-09-30": "$53", "2008-06-30": "$47", "2008-03-31": "$40", "2007-12-31": "$78", "2007-09-30": "$78", "2007-06-30": "$65", "2007-03-31": "$64", "2006-12-31": "$69", "2006-09-30": "$62", "2006-06-30": "$55", "2006-03-31": "$54", "2005-12-31": "$61", "2005-09-30": "$50", "2005-06-30": "$52", "2005-03-31": "$58"}}, "net-income": {"Tempur Sealy Annual Net Income (Millions of US $)": {"2019": "$190", "2018": "$101", "2017": "$151", "2016": "$191", "2015": "$65", "2014": "$109", "2013": "$79", "2012": "$107", "2011": "$220", "2010": "$157", "2009": "$85", "2008": "$59", "2007": "$141", "2006": "$112", "2005": "$99"}, "Tempur Sealy Quarterly Net Income (Millions of US $)": {"2020-09-30": "$121", "2020-06-30": "$23", "2020-03-31": "$60", "2019-12-31": "$46", "2019-09-30": "$73", "2019-06-30": "$42", "2019-03-31": "$28", "2018-12-31": "$12", "2018-09-30": "$42", "2018-06-30": "$23", "2018-03-31": "$23", "2017-12-31": "$48", "2017-09-30": "$45", "2017-06-30": "$25", "2017-03-31": "$34", "2016-12-31": "$52", "2016-09-30": "$78", "2016-06-30": "$21", "2016-03-31": "$40", "2015-12-31": "$-20", "2015-09-30": "$40", "2015-06-30": "$21", "2015-03-31": "$23", "2014-12-31": "$47", "2014-09-30": "$37", "2014-06-30": "$-2", "2014-03-31": "$27", "2013-12-31": "$28", "2013-09-30": "$40", "2013-06-30": "$-2", "2013-03-31": "$13", "2012-12-31": "$24", "2012-09-30": "$-2", "2012-06-30": "$29", "2012-03-31": "$56", "2011-12-31": "$56", "2011-09-30": "$62", "2011-06-30": "$53", "2011-03-31": "$48", "2010-12-31": "$46", "2010-09-30": "$44", "2010-06-30": "$34", "2010-03-31": "$33", "2009-12-31": "$29", "2009-09-30": "$26", "2009-06-30": "$17", "2009-03-31": "$13", "2008-12-31": "$1", "2008-09-30": "$24", "2008-06-30": "$20", "2008-03-31": "$14", "2007-12-31": "$40", "2007-09-30": "$39", "2007-06-30": "$33", "2007-03-31": "$30", "2006-12-31": "$30", "2006-09-30": "$29", "2006-06-30": "$26", "2006-03-31": "$27", "2005-12-31": "$30", "2005-09-30": "$17", "2005-06-30": "$25", "2005-03-31": "$27"}}, "eps-earnings-per-share-diluted": {"Tempur Sealy Annual EPS": {"2019": "$0.86", "2018": "$0.46", "2017": "$0.69", "2016": "$0.80", "2015": "$0.26", "2014": "$0.44", "2013": "$0.32", "2012": "$0.43", "2011": "$0.80", "2010": "$0.54", "2009": "$0.28", "2008": "$0.20", "2007": "$0.44", "2006": "$0.32", "2005": "$0.24"}, "Tempur Sealy Quarterly EPS": {"2020-09-30": "$0.57", "2020-06-30": "$0.11", "2020-03-31": "$0.28", "2019-12-31": "$0.22", "2019-09-30": "$0.33", "2019-06-30": "$0.19", "2019-03-31": "$0.13", "2018-12-31": "$0.05", "2018-09-30": "$0.19", "2018-06-30": "$0.11", "2018-03-31": "$0.11", "2017-12-31": "$0.22", "2017-09-30": "$0.20", "2017-06-30": "$0.11", "2017-03-31": "$0.16", "2016-12-31": "$0.22", "2016-09-30": "$0.33", "2016-06-30": "$0.09", "2016-03-31": "$0.16", "2015-12-31": "$-0.08", "2015-09-30": "$0.16", "2015-06-30": "$0.09", "2015-03-31": "$0.10", "2014-12-31": "$0.19", "2014-09-30": "$0.15", "2014-06-30": "$-0.01", "2014-03-31": "$0.11", "2013-12-31": "$0.12", "2013-09-30": "$0.16", "2013-06-30": "$-0.01", "2013-03-31": "$0.05", "2012-12-31": "$0.11", "2012-09-30": "$-0.01", "2012-06-30": "$0.11", "2012-03-31": "$0.22", "2011-12-31": "$0.21", "2011-09-30": "$0.23", "2011-06-30": "$0.19", "2011-03-31": "$0.17", "2010-12-31": "$0.16", "2010-09-30": "$0.16", "2010-06-30": "$0.12", "2010-03-31": "$0.11", "2009-12-31": "$0.10", "2009-09-30": "$0.09", "2009-06-30": "$0.06", "2009-03-31": "$0.05", "2008-12-31": "$0.01", "2008-09-30": "$0.08", "2008-06-30": "$0.07", "2008-03-31": "$0.05", "2007-12-31": "$0.13", "2007-09-30": "$0.12", "2007-06-30": "$0.10", "2007-03-31": "$0.09", "2006-12-31": "$0.09", "2006-09-30": "$0.09", "2006-06-30": "$0.08", "2006-03-31": "$0.07", "2005-12-31": "$0.08", "2005-09-30": "$0.04", "2005-06-30": "$0.06", "2005-03-31": "$0.07"}}, "shares-outstanding": {"Tempur Sealy Annual Shares Outstanding (Millions of Shares)": {"2019": "222", "2018": "220", "2017": "219", "2016": "239", "2015": "250", "2014": "248", "2013": "246", "2012": "252", "2011": "276", "2010": "291", "2009": "304", "2008": "300", "2007": "325", "2006": "350", "2005": "409"}, "Tempur Sealy Quarterly Shares Outstanding (Millions of Shares)": {"2020-09-30": "212", "2020-06-30": "208", "2020-03-31": "216", "2019-12-31": "222", "2019-09-30": "223", "2019-06-30": "224", "2019-03-31": "223", "2018-12-31": "220", "2018-09-30": "220", "2018-06-30": "220", "2018-03-31": "220", "2017-12-31": "219", "2017-09-30": "220", "2017-06-30": "218", "2017-03-31": "218", "2016-12-31": "239", "2016-09-30": "235", "2016-06-30": "243", "2016-03-31": "250", "2015-12-31": "250", "2015-09-30": "252", "2015-06-30": "250", "2015-03-31": "249", "2014-12-31": "248", "2014-09-30": "248", "2014-06-30": "243", "2014-03-31": "248", "2013-12-31": "246", "2013-09-30": "246", "2013-06-30": "242", "2013-03-31": "245", "2012-12-31": "252", "2012-09-30": "238", "2012-06-30": "257", "2012-03-31": "263", "2011-12-31": "276", "2011-09-30": "274", "2011-06-30": "280", "2011-03-31": "283", "2010-12-31": "291", "2010-09-30": "286", "2010-06-30": "293", "2010-03-31": "303", "2009-12-31": "304", "2009-09-30": "305", "2009-06-30": "302", "2009-03-31": "300", "2008-12-31": "300", "2008-09-30": "300", "2008-06-30": "300", "2008-03-31": "301", "2007-12-31": "325", "2007-09-30": "317", "2007-06-30": "337", "2007-03-31": "343", "2006-12-31": "350", "2006-09-30": "343", "2006-06-30": "350", "2006-03-31": "372", "2005-12-31": "409", "2005-09-30": "413", "2005-06-30": "414", "2005-03-31": "414"}}, "total-assets": {"Tempur Sealy Annual Total Assets (Millions of US $)": {"2019": "$3,062", "2018": "$2,715", "2017": "$2,694", "2016": "$2,699", "2015": "$2,656", "2014": "$2,583", "2013": "$2,730", "2012": "$1,320", "2011": "$838", "2010": "$716", "2009": "$643", "2008": "$647", "2007": "$806", "2006": "$726", "2005": "$702"}, "Tempur Sealy Quarterly Total Assets (Millions of US $)": {"2020-09-30": "$3,455", "2020-06-30": "$3,202", "2020-03-31": "$3,306", "2019-12-31": "$3,062", "2019-09-30": "$3,103", "2019-06-30": "$3,047", "2019-03-31": "$2,966", "2018-12-31": "$2,715", "2018-09-30": "$2,809", "2018-06-30": "$2,766", "2018-03-31": "$2,750", "2017-12-31": "$2,694", "2017-09-30": "$2,735", "2017-06-30": "$2,711", "2017-03-31": "$2,680", "2016-12-31": "$2,699", "2016-09-30": "$2,746", "2016-06-30": "$2,719", "2016-03-31": "$2,577", "2015-12-31": "$2,656", "2015-09-30": "$2,739", "2015-06-30": "$2,717", "2015-03-31": "$2,655", "2014-12-31": "$2,583", "2014-09-30": "$2,700", "2014-06-30": "$2,752", "2014-03-31": "$2,771", "2013-12-31": "$2,730", "2013-09-30": "$2,762", "2013-06-30": "$2,716", "2013-03-31": "$2,827", "2012-12-31": "$1,320", "2012-09-30": "$914", "2012-06-30": "$866", "2012-03-31": "$874", "2011-12-31": "$838", "2011-09-30": "$829", "2011-06-30": "$802", "2011-03-31": "$747", "2010-12-31": "$716", "2010-09-30": "$716", "2010-06-30": "$672", "2010-03-31": "$689", "2009-12-31": "$643", "2009-09-30": "$643", "2009-06-30": "$637", "2009-03-31": "$642", "2008-12-31": "$647", "2008-09-30": "$782", "2008-06-30": "$798", "2008-03-31": "$821", "2007-12-31": "$806", "2007-09-30": "$774", "2007-06-30": "$746", "2007-03-31": "$751", "2006-12-31": "$726", "2006-09-30": "$718", "2006-06-30": "$717", "2006-03-31": "$712", "2005-12-31": "$702", "2005-09-30": "$743", "2005-06-30": "$680", "2005-03-31": "$639"}}, "cash-on-hand": {"Tempur Sealy Annual Cash on Hand (Millions of US $)": {"2019": "$65", "2018": "$46", "2017": "$41", "2016": "$66", "2015": "$154", "2014": "$63", "2013": "$81", "2012": "$179", "2011": "$111", "2010": "$54", "2009": "$14", "2008": "$15", "2007": "$33", "2006": "$16", "2005": "$18"}, "Tempur Sealy Quarterly Cash on Hand (Millions of US $)": {"2020-09-30": "$229", "2020-06-30": "$147", "2020-03-31": "$197", "2019-12-31": "$65", "2019-09-30": "$53", "2019-06-30": "$38", "2019-03-31": "$40", "2018-12-31": "$46", "2018-09-30": "$32", "2018-06-30": "$33", "2018-03-31": "$35", "2017-12-31": "$41", "2017-09-30": "$42", "2017-06-30": "$39", "2017-03-31": "$43", "2016-12-31": "$66", "2016-09-30": "$89", "2016-06-30": "$138", "2016-03-31": "$37", "2015-12-31": "$154", "2015-09-30": "$72", "2015-06-30": "$35", "2015-03-31": "$45", "2014-12-31": "$63", "2014-09-30": "$82", "2014-06-30": "$122", "2014-03-31": "$80", "2013-12-31": "$81", "2013-09-30": "$127", "2013-06-30": "$101", "2013-03-31": "$92", "2012-12-31": "$179", "2012-09-30": "$152", "2012-06-30": "$134", "2012-03-31": "$134", "2011-12-31": "$111", "2011-09-30": "$103", "2011-06-30": "$87", "2011-03-31": "$59", "2010-12-31": "$54", "2010-09-30": "$38", "2010-06-30": "$15", "2010-03-31": "$38", "2009-12-31": "$14", "2009-09-30": "$20", "2009-06-30": "$25", "2009-03-31": "$21", "2008-12-31": "$15", "2008-09-30": "$88", "2008-06-30": "$68", "2008-03-31": "$47", "2007-12-31": "$33", "2007-09-30": "$24", "2007-06-30": "$25", "2007-03-31": "$17", "2006-12-31": "$16", "2006-09-30": "$15", "2006-06-30": "$16", "2006-03-31": "$13", "2005-12-31": "$18", "2005-09-30": "$52", "2005-06-30": "$28", "2005-03-31": "$13"}}, "long-term-debt": {"Tempur Sealy Annual Long Term Debt (Millions of US $)": {"2019": "$1,503", "2018": "$1,599", "2017": "$1,681", "2016": "$1,818", "2015": "$1,273", "2014": "$1,498", "2013": "$1,797", "2012": "$1,025", "2011": "$585", "2010": "$407", "2009": "$297", "2008": "$419", "2007": "$602", "2006": "$342", "2005": "$314"}, "Tempur Sealy Quarterly Long Term Debt (Millions of US $)": {"2020-09-30": "$1,495", "2020-06-30": "$1,497", "2020-03-31": "$1,886", "2019-12-31": "$1,503", "2019-09-30": "$1,510", "2019-06-30": "$1,586", "2019-03-31": "$1,604", "2018-12-31": "$1,599", "2018-09-30": "$1,616", "2018-06-30": "$1,707", "2018-03-31": "$1,708", "2017-12-31": "$1,681", "2017-09-30": "$1,687", "2017-06-30": "$1,793", "2017-03-31": "$1,790", "2016-12-31": "$1,818", "2016-09-30": "$1,619", "2016-06-30": "$1,527", "2016-03-31": "$1,294", "2015-12-31": "$1,273", "2015-09-30": "$1,313", "2015-06-30": "$1,510", "2015-03-31": "$1,533", "2014-12-31": "$1,498", "2014-09-30": "$1,587", "2014-06-30": "$1,723", "2014-03-31": "$1,800", "2013-12-31": "$1,797", "2013-09-30": "$1,820", "2013-06-30": "$1,903", "2013-03-31": "$1,962", "2012-12-31": "$1,025", "2012-09-30": "$650", "2012-06-30": "$682", "2012-03-31": "$565", "2011-12-31": "$585", "2011-09-30": "$509", "2011-06-30": "$475", "2011-03-31": "$395", "2010-12-31": "$407", "2010-09-30": "$436", "2010-06-30": "$435", "2010-03-31": "$393", "2009-12-31": "$297", "2009-09-30": "$315", "2009-06-30": "$369", "2009-03-31": "$400", "2008-12-31": "$419", "2008-09-30": "$519", "2008-06-30": "$557", "2008-03-31": "$597", "2007-12-31": "$602", "2007-09-30": "$556", "2007-06-30": "$401", "2007-03-31": "$350", "2006-12-31": "$342", "2006-09-30": "$354", "2006-06-30": "$394", "2006-03-31": "$372", "2005-12-31": "$314", "2005-09-30": "$304", "2005-06-30": "$254", "2005-03-31": "$250"}}, "total-liabilities": {"Tempur Sealy Annual Total Liabilities (Millions of US $)": {"2019": "$2,701", "2018": "$2,498", "2017": "$2,582", "2016": "$2,741", "2015": "$2,365", "2014": "$2,380", "2013": "$2,611", "2012": "$1,297", "2011": "$807", "2010": "$590", "2009": "$471", "2008": "$574", "2007": "$758", "2006": "$512", "2005": "$476"}, "Tempur Sealy Quarterly Total Liabilities (Millions of US $)": {"2020-09-30": "$3,008", "2020-06-30": "$2,952", "2020-03-31": "$3,098", "2019-12-31": "$2,701", "2019-09-30": "$2,767", "2019-06-30": "$2,741", "2019-03-31": "$2,712", "2018-12-31": "$2,498", "2018-09-30": "$2,599", "2018-06-30": "$2,608", "2018-03-31": "$2,607", "2017-12-31": "$2,582", "2017-09-30": "$2,651", "2017-06-30": "$2,689", "2017-03-31": "$2,698", "2016-12-31": "$2,741", "2016-09-30": "$2,595", "2016-06-30": "$2,562", "2016-03-31": "$2,324", "2015-12-31": "$2,365", "2015-09-30": "$2,440", "2015-06-30": "$2,464", "2015-03-31": "$2,461", "2014-12-31": "$2,380", "2014-09-30": "$2,526", "2014-06-30": "$2,596", "2014-03-31": "$2,620", "2013-12-31": "$2,611", "2013-09-30": "$2,679", "2013-06-30": "$2,690", "2013-03-31": "$2,800", "2012-12-31": "$1,297", "2012-09-30": "$926", "2012-06-30": "$878", "2012-03-31": "$774", "2011-12-31": "$807", "2011-09-30": "$729", "2011-06-30": "$678", "2011-03-31": "$599", "2010-12-31": "$590", "2010-09-30": "$648", "2010-06-30": "$617", "2010-03-31": "$576", "2009-12-31": "$471", "2009-09-30": "$502", "2009-06-30": "$528", "2009-03-31": "$558", "2008-12-31": "$574", "2008-09-30": "$698", "2008-06-30": "$712", "2008-03-31": "$750", "2007-12-31": "$758", "2007-09-30": "$746", "2007-06-30": "$561", "2007-03-31": "$535", "2006-12-31": "$512", "2006-09-30": "$541", "2006-06-30": "$570", "2006-03-31": "$556", "2005-12-31": "$476", "2005-09-30": "$471", "2005-06-30": "$425", "2005-03-31": "$403"}}, "total-share-holder-equity": {"Tempur Sealy Annual Share Holder Equity (Millions of US $)": {"2019": "$360", "2018": "$218", "2017": "$113", "2016": "$-42", "2015": "$290", "2014": "$203", "2013": "$119", "2012": "$22", "2011": "$31", "2010": "$126", "2009": "$172", "2008": "$72", "2007": "$48", "2006": "$213", "2005": "$226"}, "Tempur Sealy Quarterly Share Holder Equity (Millions of US $)": {"2020-09-30": "$447", "2020-06-30": "$250", "2020-03-31": "$208", "2019-12-31": "$360", "2019-09-30": "$337", "2019-06-30": "$306", "2019-03-31": "$254", "2018-12-31": "$218", "2018-09-30": "$210", "2018-06-30": "$158", "2018-03-31": "$143", "2017-12-31": "$113", "2017-09-30": "$84", "2017-06-30": "$22", "2017-03-31": "$-18", "2016-12-31": "$-42", "2016-09-30": "$151", "2016-06-30": "$158", "2016-03-31": "$252", "2015-12-31": "$290", "2015-09-30": "$299", "2015-06-30": "$253", "2015-03-31": "$195", "2014-12-31": "$203", "2014-09-30": "$174", "2014-06-30": "$156", "2014-03-31": "$152", "2013-12-31": "$119", "2013-09-30": "$83", "2013-06-30": "$27", "2013-03-31": "$27", "2012-12-31": "$22", "2012-09-30": "$-12", "2012-06-30": "$-12", "2012-03-31": "$100", "2011-12-31": "$31", "2011-09-30": "$99", "2011-06-30": "$124", "2011-03-31": "$147", "2010-12-31": "$126", "2010-09-30": "$68", "2010-06-30": "$55", "2010-03-31": "$113", "2009-12-31": "$172", "2009-09-30": "$141", "2009-06-30": "$109", "2009-03-31": "$84", "2008-12-31": "$72", "2008-09-30": "$84", "2008-06-30": "$86", "2008-03-31": "$70", "2007-12-31": "$48", "2007-09-30": "$28", "2007-06-30": "$185", "2007-03-31": "$217", "2006-12-31": "$213", "2006-09-30": "$177", "2006-06-30": "$146", "2006-03-31": "$156", "2005-12-31": "$226", "2005-09-30": "$272", "2005-06-30": "$255", "2005-03-31": "$236"}}, "profit-margins": {"current": "7.17%"}, "gross margin": {"2020-09-30": "44.10%", "2020-06-30": "43.10%", "2020-03-31": "43.78%", "2019-12-31": "43.21%", "2019-09-30": "42.56%", "2019-06-30": "41.77%", "2019-03-31": "41.28%", "2018-12-31": "41.47%", "2018-09-30": "41.63%", "2018-06-30": "42.19%", "2018-03-31": "42.05%", "2017-12-31": "41.54%", "2017-09-30": "41.28%", "2017-06-30": "41.47%", "2017-03-31": "41.72%", "2016-12-31": "41.86%", "2016-09-30": "41.66%", "2016-06-30": "40.96%", "2016-03-31": "40.24%", "2015-12-31": "39.62%", "2015-09-30": "39.34%", "2015-06-30": "38.69%", "2015-03-31": "38.32%", "2014-12-31": "38.51%", "2014-09-30": "38.67%", "2014-06-30": "39.21%", "2014-03-31": "39.50%", "2013-12-31": "41.18%", "2013-09-30": "42.90%", "2013-06-30": "45.11%", "2013-03-31": "49.47%", "2012-12-31": "50.96%", "2012-09-30": "51.43%", "2012-06-30": "52.25%", "2012-03-31": "52.78%", "2011-12-31": "52.40%", "2011-09-30": "52.38%", "2011-06-30": "52.03%", "2011-03-31": "51.02%", "2010-12-31": "50.27%", "2010-09-30": "49.43%", "2010-06-30": "48.58%", "2010-03-31": "48.13%", "2009-12-31": "47.41%", "2009-09-30": "45.94%", "2009-06-30": "44.03%", "2009-03-31": "43.59%", "2008-12-31": "43.10%", "2008-09-30": "44.75%", "2008-06-30": "46.49%", "2008-03-31": "47.43%", "2007-12-31": "48.42%", "2007-09-30": "48.56%", "2007-06-30": "48.53%", "2007-03-31": "48.63%", "2006-12-31": "48.73%", "2006-09-30": "48.95%", "2006-06-30": "49.43%", "2006-03-31": "50.00%", "2005-12-31": "50.78%"}, "operating margin": {"2020-09-30": "12.12%", "2020-06-30": "11.45%", "2020-03-31": "12.11%", "2019-12-31": "11.20%", "2019-09-30": "11.03%", "2019-06-30": "10.11%", "2019-03-31": "9.50%", "2018-12-31": "9.51%", "2018-09-30": "10.66%", "2018-06-30": "11.20%", "2018-03-31": "11.16%", "2017-12-31": "10.92%", "2017-09-30": "11.30%", "2017-06-30": "11.99%", "2017-03-31": "12.82%", "2016-12-31": "13.41%", "2016-09-30": "12.69%", "2016-06-30": "11.87%", "2016-03-31": "10.49%", "2015-12-31": "9.70%", "2015-09-30": "9.36%", "2015-06-30": "8.75%", "2015-03-31": "8.82%", "2014-12-31": "9.20%", "2014-09-30": "9.34%", "2014-06-30": "9.43%", "2014-03-31": "9.40%", "2013-12-31": "9.90%", "2013-09-30": "10.39%", "2013-06-30": "11.67%", "2013-03-31": "14.69%", "2012-12-31": "17.68%", "2012-09-30": "19.80%", "2012-06-30": "21.65%", "2012-03-31": "23.85%", "2011-12-31": "24.05%", "2011-09-30": "24.33%", "2011-06-30": "23.71%", "2011-03-31": "22.84%", "2010-12-31": "22.24%", "2010-09-30": "20.89%", "2010-06-30": "19.88%", "2010-03-31": "18.83%", "2009-12-31": "17.45%", "2009-09-30": "15.87%", "2009-06-30": "15.30%", "2009-03-31": "15.15%", "2008-12-31": "14.33%", "2008-09-30": "17.12%", "2008-06-30": "18.80%", "2008-03-31": "20.22%", "2007-12-31": "22.13%", "2007-09-30": "22.14%", "2007-06-30": "21.92%", "2007-03-31": "21.97%", "2006-12-31": "22.09%", "2006-09-30": "22.32%", "2006-06-30": "21.95%", "2006-03-31": "22.39%", "2005-12-31": "22.82%"}, "ebitda margin": {"2020-09-30": "17.65%", "2020-06-30": "15.38%", "2020-03-31": "15.85%", "2019-12-31": "14.97%", "2019-09-30": "14.94%", "2019-06-30": "14.15%", "2019-03-31": "13.60%", "2018-12-31": "13.65%", "2018-09-30": "14.88%", "2018-06-30": "15.32%", "2018-03-31": "15.21%", "2017-12-31": "14.48%", "2017-09-30": "14.49%", "2017-06-30": "14.96%", "2017-03-31": "15.58%", "2016-12-31": "16.43%", "2016-09-30": "15.79%", "2016-06-30": "15.33%", "2016-03-31": "14.16%", "2015-12-31": "13.31%", "2015-09-30": "13.04%", "2015-06-30": "12.16%", "2015-03-31": "12.12%", "2014-12-31": "12.65%", "2014-09-30": "12.97%", "2014-06-30": "13.25%", "2014-03-31": "13.40%", "2013-12-31": "13.91%", "2013-09-30": "14.29%", "2013-06-30": "15.11%", "2013-03-31": "17.89%", "2012-12-31": "20.81%", "2012-09-30": "23.09%", "2012-06-30": "25.27%", "2012-03-31": "27.51%", "2011-12-31": "27.72%", "2011-09-30": "27.98%", "2011-06-30": "27.53%", "2011-03-31": "26.74%", "2010-12-31": "26.22%", "2010-09-30": "24.95%", "2010-06-30": "24.14%", "2010-03-31": "23.35%", "2009-12-31": "22.38%", "2009-09-30": "21.03%", "2009-06-30": "20.27%", "2009-03-31": "19.93%", "2008-12-31": "18.86%", "2008-09-30": "21.21%", "2008-06-30": "22.73%", "2008-03-31": "23.99%", "2007-12-31": "25.75%", "2007-09-30": "25.67%", "2007-06-30": "25.44%", "2007-03-31": "25.43%", "2006-12-31": "25.37%", "2006-09-30": "25.64%", "2006-06-30": "25.29%", "2006-03-31": "25.71%", "2005-12-31": "26.40%"}, "pre tax profit margin": {"2020-09-30": "9.77%", "2020-06-30": "8.81%", "2020-03-31": "9.45%", "2019-12-31": "8.60%", "2019-09-30": "8.18%", "2019-06-30": "7.06%", "2019-03-31": "6.35%", "2018-12-31": "6.10%", "2018-09-30": "7.25%", "2018-06-30": "7.83%", "2018-03-31": "7.84%", "2017-12-31": "8.00%", "2017-09-30": "8.67%", "2017-06-30": "9.54%", "2017-03-31": "8.90%", "2016-12-31": "9.19%", "2016-09-30": "8.18%", "2016-06-30": "6.68%", "2016-03-31": "6.76%", "2015-12-31": "6.05%", "2015-09-30": "6.33%", "2015-06-30": "6.24%", "2015-03-31": "5.62%", "2014-12-31": "5.82%", "2014-09-30": "5.37%", "2014-06-30": "5.40%", "2014-03-31": "5.51%", "2013-12-31": "5.23%", "2013-09-30": "5.78%", "2013-06-30": "7.24%", "2013-03-31": "11.57%", "2012-12-31": "16.39%", "2012-09-30": "18.75%", "2012-06-30": "20.63%", "2012-03-31": "22.90%", "2011-12-31": "23.13%", "2011-09-30": "23.29%", "2011-06-30": "22.59%", "2011-03-31": "21.56%", "2010-12-31": "20.89%", "2010-09-30": "19.47%", "2010-06-30": "18.26%", "2010-03-31": "17.07%", "2009-12-31": "15.40%", "2009-09-30": "13.55%", "2009-06-30": "12.94%", "2009-03-31": "12.82%", "2008-12-31": "11.75%", "2008-09-30": "14.30%", "2008-06-30": "15.81%", "2008-03-31": "17.19%", "2007-12-31": "19.24%", "2007-09-30": "18.51%", "2007-06-30": "18.30%", "2007-03-31": "18.21%", "2006-12-31": "18.50%", "2006-09-30": "19.56%", "2006-06-30": "19.31%", "2006-03-31": "19.79%", "2005-12-31": "19.95%"}, "net profit margin": {"2020-09-30": "7.16%", "2020-06-30": "6.35%", "2020-03-31": "6.83%", "2019-12-31": "6.08%", "2019-09-30": "5.32%", "2019-06-30": "4.40%", "2019-03-31": "3.81%", "2018-12-31": "3.70%", "2018-09-30": "5.16%", "2018-06-30": "5.31%", "2018-03-31": "5.39%", "2017-12-31": "5.63%", "2017-09-30": "5.54%", "2017-06-30": "6.44%", "2017-03-31": "6.01%", "2016-12-31": "6.20%", "2016-09-30": "3.80%", "2016-06-30": "2.55%", "2016-03-31": "2.58%", "2015-12-31": "2.03%", "2015-09-30": "4.19%", "2015-06-30": "4.16%", "2015-03-31": "3.47%", "2014-12-31": "3.65%", "2014-09-30": "3.08%", "2014-06-30": "3.29%", "2014-03-31": "3.35%", "2013-12-31": "3.20%", "2013-09-30": "3.52%", "2013-06-30": "1.90%", "2013-03-31": "4.54%", "2012-12-31": "7.63%", "2012-09-30": "9.73%", "2012-06-30": "13.87%", "2012-03-31": "15.38%", "2011-12-31": "15.44%", "2011-09-30": "15.55%", "2011-06-30": "15.19%", "2011-03-31": "14.60%", "2010-12-31": "14.20%", "2010-09-30": "13.23%", "2010-06-30": "12.37%", "2010-03-31": "11.56%", "2009-12-31": "10.23%", "2009-09-30": "7.35%", "2009-06-30": "6.84%", "2009-03-31": "6.76%", "2008-12-31": "6.36%", "2008-09-30": "9.53%", "2008-06-30": "10.57%", "2008-03-31": "11.58%", "2007-12-31": "12.83%", "2007-09-30": "12.28%", "2007-06-30": "11.94%", "2007-03-31": "11.70%", "2006-12-31": "11.84%", "2006-09-30": "12.38%", "2006-06-30": "11.49%", "2006-03-31": "11.73%", "2005-12-31": "11.83%"}, "pe ratio": {"current": "17.96", "2021-02-05": "24.29", "2020-09-30": "19.06", "2020-06-30": "19.45", "2020-03-31": "10.93", "2019-12-31": "25.61", "2019-09-30": "27.77", "2019-06-30": "32.75", "2019-03-31": "30.04", "2018-12-31": "22.62", "2018-09-30": "20.99", "2018-06-30": "18.77", "2018-03-31": "17.49", "2017-12-31": "22.47", "2017-09-30": "21.51", "2017-06-30": "15.21", "2017-03-31": "13.62", "2016-12-31": "19.96", "2016-09-30": "26.76", "2016-06-30": "38.42", "2016-03-31": "42.51", "2015-12-31": "59.71", "2015-09-30": "33.85", "2015-06-30": "31.84", "2015-03-31": "34.17", "2014-12-31": "31.38", "2014-09-30": "41.00", "2014-06-30": "42.04", "2014-03-31": "35.43", "2013-12-31": "45.34", "2013-09-30": "36.33", "2013-06-30": "82.83", "2013-03-31": "49.14", "2012-12-31": "18.86", "2012-09-30": "14.10", "2012-06-30": "7.67", "2012-03-31": "25.13", "2011-12-31": "16.52", "2011-09-30": "17.54", "2011-06-30": "24.93", "2011-03-31": "20.93", "2010-12-31": "18.38", "2010-09-30": "16.32", "2010-06-30": "18.98", "2010-03-31": "21.86", "2009-12-31": "21.10", "2009-09-30": "25.25", "2009-06-30": "17.90", "2009-03-31": "9.36", "2008-12-31": "9.09", "2008-09-30": "9.12", "2008-06-30": "5.31", "2008-03-31": "6.86", "2007-12-31": "14.55", "2007-09-30": "21.98", "2007-06-30": "17.53", "2007-03-31": "18.71", "2006-12-31": "15.38"}, "price sales": {"2021-02-05": "1.74", "2020-09-30": "1.37", "2020-06-30": "1.23", "2020-03-31": "0.75", "2019-12-31": "1.56", "2019-09-30": "1.48", "2019-06-30": "1.44", "2019-03-31": "1.15", "2018-12-31": "0.84", "2018-09-30": "1.10", "2018-06-30": "1.01", "2018-03-31": "0.95", "2017-12-31": "1.27", "2017-09-30": "1.28", "2017-06-30": "1.04", "2017-03-31": "0.88", "2016-12-31": "1.34", "2016-09-30": "1.11", "2016-06-30": "1.08", "2016-03-31": "1.21", "2015-12-31": "1.40", "2015-09-30": "1.42", "2015-06-30": "1.33", "2015-03-31": "1.18", "2014-12-31": "1.13", "2014-09-30": "1.18", "2014-06-30": "1.30", "2014-03-31": "1.12", "2013-12-31": "1.34", "2013-09-30": "1.27", "2013-06-30": "1.54", "2013-03-31": "2.18", "2012-12-31": "1.42", "2012-09-30": "1.35", "2012-06-30": "1.07", "2012-03-31": "3.90", "2011-12-31": "2.58", "2011-09-30": "2.76", "2011-06-30": "3.84", "2011-03-31": "3.10", "2010-12-31": "2.65", "2010-09-30": "2.17", "2010-06-30": "2.35", "2010-03-31": "2.52", "2009-12-31": "2.15", "2009-09-30": "1.84", "2009-06-30": "1.22", "2009-03-31": "0.64", "2008-12-31": "0.57", "2008-09-30": "0.88", "2008-06-30": "0.56", "2008-03-31": "0.80", "2007-12-31": "1.90", "2007-09-30": "2.73", "2007-06-30": "2.12", "2007-03-31": "2.23", "2006-12-31": "1.85"}, "price book": {"current": "13.11", "2021-02-05": "13.11", "2020-09-30": "10.29", "2020-06-30": "14.84", "2020-03-31": "10.80", "2019-12-31": "13.00", "2019-09-30": "12.43", "2019-06-30": "12.95", "2019-03-31": "12.44", "2018-12-31": "10.37", "2018-09-30": "13.76", "2018-06-30": "16.56", "2018-03-31": "17.28", "2017-12-31": "30.20", "2017-09-30": "41.52", "2017-06-30": "132.15", "2017-03-31": "-140.62", "2016-12-31": "-88.63", "2016-09-30": "21.71", "2016-06-30": "20.52", "2016-03-31": "14.67", "2015-12-31": "15.15", "2015-09-30": "14.85", "2015-06-30": "16.14", "2015-03-31": "18.12", "2014-12-31": "16.50", "2014-09-30": "19.71", "2014-06-30": "23.32", "2014-03-31": "20.33", "2013-12-31": "27.57", "2013-09-30": "32.23", "2013-06-30": "99.05", "2013-03-31": "109.32", "2012-12-31": "84.29", "2012-09-30": "-143.15", "2012-06-30": "-114.66", "2012-03-31": "53.41", "2011-12-31": "108.80", "2011-09-30": "34.89", "2011-06-30": "36.71", "2011-03-31": "23.58", "2010-12-31": "21.77", "2010-09-30": "31.14", "2010-06-30": "38.79", "2010-03-31": "19.29", "2009-12-31": "10.30", "2009-09-30": "10.10", "2009-06-30": "8.97", "2009-03-31": "6.49", "2008-12-31": "7.32", "2008-09-30": "10.43", "2008-06-30": "6.76", "2008-03-31": "11.52", "2007-12-31": "39.41", "2007-09-30": "93.34", "2007-06-30": "11.13", "2007-03-31": "9.77", "2006-12-31": "7.74", "2006-09-30": "7.80", "2006-06-30": "7.42", "2006-03-31": "7.44"}, "price fcf": {"2021-02-05": "", "2020-09-30": "$2.40", "2020-06-30": "$1.58", "2020-03-31": "$1.04", "2019-12-31": "$1.02", "2019-09-30": "$0.89", "2019-06-30": "$0.74", "2019-03-31": "$0.64", "2018-12-31": "$0.61", "2018-09-30": "$0.42", "2018-06-30": "$0.54", "2018-03-31": "$0.52", "2017-12-31": "$0.87", "2017-09-30": "$0.95", "2017-06-30": "$0.56", "2017-03-31": "$0.82", "2016-12-31": "$0.44", "2016-09-30": "$0.63", "2016-06-30": "$0.89", "2016-03-31": "$0.63", "2015-12-31": "$0.67", "2015-09-30": "$0.44", "2015-06-30": "$0.38", "2015-03-31": "$0.67", "2014-12-31": "$0.72", "2014-09-30": "$0.53", "2014-06-30": "$0.59", "2014-03-31": "$0.20", "2013-12-31": "$0.24", "2013-09-30": "$0.38", "2013-06-30": "$0.17", "2013-03-31": "$0.41", "2012-12-31": "$0.55", "2012-09-30": "$0.69", "2012-06-30": "$0.72", "2012-03-31": "$0.76", "2011-12-31": "$0.79", "2011-09-30": "$0.71", "2011-06-30": "$0.69", "2011-03-31": "$0.68", "2010-12-31": "$0.57", "2010-09-30": "$0.48", "2010-06-30": "$0.40", "2010-03-31": "$0.38", "2009-12-31": "$0.40", "2009-09-30": "$0.46", "2009-06-30": "$0.53", "2009-03-31": "$0.64", "2008-12-31": "$0.63", "2008-09-30": "$0.49", "2008-06-30": "$0.43", "2008-03-31": "$0.34", "2007-12-31": "$0.34", "2007-09-30": "$0.43", "2007-06-30": "$0.38", "2007-03-31": "$0.33", "2006-12-31": "$0.37"}, "net worth": {"value": "$5.86B"}, "current ratio": {"current": "1.12", "2020-09-30": "1.12", "2020-06-30": "0.94", "2020-03-31": "1.39", "2019-12-31": "1.16", "2019-09-30": "1.13", "2019-06-30": "1.21", "2019-03-31": "1.18", "2018-12-31": "1.20", "2018-09-30": "1.20", "2018-06-30": "1.18", "2018-03-31": "1.16", "2017-12-31": "1.05", "2017-09-30": "1.08", "2017-06-30": "1.21", "2017-03-31": "1.16", "2016-12-31": "1.19", "2016-09-30": "1.26", "2016-06-30": "1.27", "2016-03-31": "1.08", "2015-12-31": "1.14", "2015-09-30": "1.13", "2015-06-30": "1.41", "2015-03-31": "1.44", "2014-12-31": "1.34", "2014-09-30": "1.41", "2014-06-30": "1.60", "2014-03-31": "1.73", "2013-12-31": "1.65", "2013-09-30": "1.58", "2013-06-30": "1.74", "2013-03-31": "1.84", "2012-12-31": "3.84", "2012-09-30": "1.88", "2012-06-30": "2.68", "2012-03-31": "2.56", "2011-12-31": "2.27", "2011-09-30": "2.05", "2011-06-30": "2.09", "2011-03-31": "1.78", "2010-12-31": "1.86", "2010-09-30": "1.51", "2010-06-30": "1.60", "2010-03-31": "1.77", "2009-12-31": "1.53", "2009-09-30": "1.38", "2009-06-30": "1.65", "2009-03-31": "1.73", "2008-12-31": "1.72", "2008-09-30": "2.19", "2008-06-30": "2.59", "2008-03-31": "2.76", "2007-12-31": "2.58", "2007-09-30": "1.89", "2007-06-30": "2.19", "2007-03-31": "1.82", "2006-12-31": "1.80", "2006-09-30": "1.60", "2006-06-30": "1.70", "2006-03-31": "1.62", "2005-12-31": "1.89", "2005-09-30": "2.26", "2005-06-30": "1.81", "2005-03-31": "1.92"}, "quick ratio": {"2020-09-30": "0.85", "2020-06-30": "0.69", "2020-03-31": "1.03", "2019-12-31": "0.83", "2019-09-30": "0.81", "2019-06-30": "0.88", "2019-03-31": "0.85", "2018-12-31": "0.87", "2018-09-30": "0.90", "2018-06-30": "0.80", "2018-03-31": "0.78", "2017-12-31": "0.74", "2017-09-30": "0.77", "2017-06-30": "0.84", "2017-03-31": "0.82", "2016-12-31": "0.84", "2016-09-30": "0.91", "2016-06-30": "0.93", "2016-03-31": "0.76", "2015-12-31": "0.86", "2015-09-30": "0.85", "2015-06-30": "1.01", "2015-03-31": "1.02", "2014-12-31": "0.94", "2014-09-30": "1.04", "2014-06-30": "1.17", "2014-03-31": "1.23", "2013-12-31": "1.20", "2013-09-30": "1.20", "2013-06-30": "1.30", "2013-03-31": "1.43", "2012-12-31": "3.41", "2012-09-30": "1.51", "2012-06-30": "1.99", "2012-03-31": "1.97", "2011-12-31": "1.72", "2011-09-30": "1.56", "2011-06-30": "1.57", "2011-03-31": "1.36", "2010-12-31": "1.38", "2010-09-30": "1.13", "2010-06-30": "1.14", "2010-03-31": "1.31", "2009-12-31": "1.11", "2009-09-30": "1.05", "2009-06-30": "1.22", "2009-03-31": "1.21", "2008-12-31": "1.19", "2008-09-30": "1.71", "2008-06-30": "1.84", "2008-03-31": "1.85", "2007-12-31": "1.74", "2007-09-30": "1.37", "2007-06-30": "1.55", "2007-03-31": "1.31", "2006-12-31": "1.33", "2006-09-30": "1.16", "2006-06-30": "1.17", "2006-03-31": "1.07", "2005-12-31": "1.22", "2005-09-30": "1.55", "2005-06-30": "1.16", "2005-03-31": "1.24"}, "debt equity ratio": {"current": "3.34", "2020-09-30": "6.73", "2020-06-30": "11.82", "2020-03-31": "14.87", "2019-12-31": "7.50", "2019-09-30": "8.22", "2019-06-30": "8.96", "2019-03-31": "10.70", "2018-12-31": "11.49", "2018-09-30": "12.41", "2018-06-30": "16.50", "2018-03-31": "18.29", "2017-12-31": "22.95", "2017-09-30": "31.49", "2017-06-30": "123.37", "2017-03-31": "-151.58", "2016-12-31": "-65.41", "2016-09-30": "17.15", "2016-06-30": "16.27", "2016-03-31": "9.21", "2015-12-31": "8.15", "2015-09-30": "8.15", "2015-06-30": "9.75", "2015-03-31": "12.65", "2014-12-31": "11.74", "2014-09-30": "14.55", "2014-06-30": "16.65", "2014-03-31": "17.29", "2013-12-31": "22.02", "2013-09-30": "32.47", "2013-06-30": "100.35", "2013-03-31": "102.17", "2012-12-31": "58.17", "2012-09-30": "-74.36", "2012-06-30": "-72.30", "2012-03-31": "7.71", "2011-12-31": "26.21", "2011-09-30": "7.33", "2011-06-30": "5.47", "2011-03-31": "4.07", "2010-12-31": "4.68", "2010-09-30": "9.55", "2010-06-30": "11.15", "2010-03-31": "5.09", "2009-12-31": "2.73", "2009-09-30": "3.57", "2009-06-30": "4.83", "2009-03-31": "6.61", "2008-12-31": "7.93", "2008-09-30": "8.27", "2008-06-30": "8.31", "2008-03-31": "10.68", "2007-12-31": "15.75", "2007-09-30": "26.52", "2007-06-30": "3.04", "2007-03-31": "2.47", "2006-12-31": "2.40", "2006-09-30": "3.05", "2006-06-30": "3.90", "2006-03-31": "3.57", "2005-12-31": "2.10", "2005-09-30": "1.73", "2005-06-30": "1.67", "2005-03-31": "1.71"}, "return on equity": {"2020-09-30": "79.05%", "2020-06-30": "69.96%", "2020-03-31": "73.00%", "2019-12-31": "60.14%", "2019-09-30": "55.61%", "2019-06-30": "50.20%", "2019-03-31": "50.00%", "2018-12-31": "54.87%", "2018-09-30": "87.18%", "2018-06-30": "111.65%", "2018-03-31": "155.80%", "2017-12-31": "302.49%", "2017-09-30": "1356.52%", "2017-06-30": "669.03%", "2017-03-31": "297.19%", "2016-12-31": "147.21%", "2016-09-30": "55.93%", "2016-06-30": "32.43%", "2016-03-31": "29.62%", "2015-12-31": "24.69%", "2015-09-30": "55.16%", "2015-06-30": "62.06%", "2015-03-31": "57.69%", "2014-12-31": "63.65%", "2014-09-30": "59.90%", "2014-06-30": "72.94%", "2014-03-31": "97.64%", "2013-12-31": "123.44%", "2013-09-30": "188.68%", "2013-06-30": "206.25%", "2013-03-31": "1024.00%", "2012-12-31": "436.73%", "2012-09-30": "519.63%", "2012-06-30": "372.48%", "2012-03-31": "256.50%", "2011-12-31": "218.45%", "2011-09-30": "168.55%", "2011-06-30": "164.30%", "2011-03-31": "173.74%", "2010-12-31": "173.48%", "2010-09-30": "137.25%", "2010-06-30": "101.46%", "2010-03-31": "78.50%", "2009-12-31": "67.19%", "2009-09-30": "56.16%", "2009-06-30": "63.04%", "2009-03-31": "71.17%", "2008-12-31": "75.64%", "2008-09-30": "136.11%", "2008-06-30": "194.83%", "2008-03-31": "152.27%", "2007-12-31": "118.83%", "2007-09-30": "82.12%", "2007-06-30": "61.62%", "2007-03-31": "61.09%", "2006-12-31": "64.74%", "2006-09-30": "63.55%", "2006-06-30": "50.00%", "2006-03-31": "43.56%", "2005-12-31": "40.04%"}, "return on assets": {"2020-09-30": "7.68%", "2020-06-30": "6.38%", "2020-03-31": "7.06%", "2019-12-31": "6.21%", "2019-09-30": "5.24%", "2019-06-30": "4.30%", "2019-03-31": "3.73%", "2018-12-31": "3.62%", "2018-09-30": "4.94%", "2018-06-30": "5.08%", "2018-03-31": "5.18%", "2017-12-31": "5.62%", "2017-09-30": "5.76%", "2017-06-30": "6.98%", "2017-03-31": "6.82%", "2016-12-31": "7.11%", "2016-09-30": "4.45%", "2016-06-30": "3.03%", "2016-03-31": "3.03%", "2015-12-31": "2.38%", "2015-09-30": "4.90%", "2015-06-30": "4.81%", "2015-03-31": "3.93%", "2014-12-31": "4.03%", "2014-09-30": "3.29%", "2014-06-30": "3.38%", "2014-03-31": "3.39%", "2013-12-31": "2.86%", "2013-09-30": "3.12%", "2013-06-30": "1.70%", "2013-03-31": "4.32%", "2012-12-31": "10.77%", "2012-09-30": "15.92%", "2012-06-30": "23.83%", "2012-03-31": "27.16%", "2011-12-31": "27.24%", "2011-09-30": "27.02%", "2011-06-30": "25.63%", "2011-03-31": "24.13%", "2010-12-31": "22.48%", "2010-09-30": "20.59%", "2010-06-30": "18.44%", "2010-03-31": "16.08%", "2009-12-31": "13.26%", "2009-09-30": "8.88%", "2009-06-30": "8.12%", "2009-03-31": "8.09%", "2008-12-31": "7.74%", "2008-09-30": "12.22%", "2008-06-30": "14.13%", "2008-03-31": "16.02%", "2007-12-31": "18.46%", "2007-09-30": "17.62%", "2007-06-30": "16.59%", "2007-03-31": "15.80%", "2006-12-31": "15.59%", "2006-09-30": "15.72%", "2006-06-30": "13.92%", "2006-03-31": "13.96%", "2005-12-31": "14.33%"}, "return on investments": {"2020-09-30": "22.13%", "2020-06-30": "19.28%", "2020-03-31": "20.38%", "2019-12-31": "18.66%", "2019-09-30": "17.32%", "2019-06-30": "15.42%", "2019-03-31": "14.23%", "2018-12-31": "13.97%", "2018-09-30": "15.33%", "2018-06-30": "16.10%", "2018-03-31": "16.16%", "2017-12-31": "16.50%", "2017-09-30": "17.83%", "2017-06-30": "19.74%", "2017-03-31": "22.56%", "2016-12-31": "24.38%", "2016-09-30": "24.19%", "2016-06-30": "23.54%", "2016-03-31": "20.29%", "2015-12-31": "18.36%", "2015-09-30": "17.23%", "2015-06-30": "15.48%", "2015-03-31": "15.11%", "2014-12-31": "15.09%", "2014-09-30": "14.55%", "2014-06-30": "13.96%", "2014-03-31": "13.56%", "2013-12-31": "12.61%", "2013-09-30": "12.87%", "2013-06-30": "14.49%", "2013-03-31": "19.07%", "2012-12-31": "32.87%", "2012-09-30": "43.76%", "2012-06-30": "49.57%", "2012-03-31": "56.59%", "2011-12-31": "57.67%", "2011-09-30": "57.32%", "2011-06-30": "54.73%", "2011-03-31": "52.01%", "2010-12-31": "48.40%", "2010-09-30": "44.87%", "2010-06-30": "40.79%", "2010-03-31": "35.81%", "2009-12-31": "30.72%", "2009-09-30": "25.76%", "2009-06-30": "23.92%", "2009-03-31": "23.41%", "2008-12-31": "22.13%", "2008-09-30": "27.48%", "2008-06-30": "31.62%", "2008-03-31": "35.38%", "2007-12-31": "41.07%", "2007-09-30": "41.55%", "2007-06-30": "40.02%", "2007-03-31": "39.38%", "2006-12-31": "38.78%", "2006-09-30": "37.74%", "2006-06-30": "34.97%", "2006-03-31": "35.11%", "2005-12-31": "36.19%"}, "return on tangible equity": {"2020-09-30": "-23.37%", "2020-06-30": "-18.48%", "2020-03-31": "-20.52%", "2019-12-31": "-17.80%", "2019-09-30": "-14.13%", "2019-06-30": "-10.96%", "2019-03-31": "-8.98%", "2018-12-31": "-8.32%", "2018-09-30": "-11.01%", "2018-06-30": "-10.93%", "2018-03-31": "-10.77%", "2017-12-31": "-11.25%", "2017-09-30": "-11.22%", "2017-06-30": "-13.76%", "2017-03-31": "-13.78%", "2016-12-31": "-14.94%", "2016-09-30": "-9.95%", "2016-06-30": "-6.97%", "2016-03-31": "-7.08%", "2015-12-31": "-5.50%", "2015-09-30": "-10.92%", "2015-06-30": "-10.27%", "2015-03-31": "-8.19%", "2014-12-31": "-8.31%", "2014-09-30": "-6.69%", "2014-06-30": "-6.75%", "2014-03-31": "-6.57%", "2013-12-31": "-5.43%", "2013-09-30": "-6.41%", "2013-06-30": "-3.73%", "2013-03-31": "-10.91%", "2012-12-31": "-42.04%", "2012-09-30": "-55.05%", "2012-06-30": "-90.32%", "2012-03-31": "-118.54%", "2011-12-31": "-121.50%", "2011-09-30": "-133.33%", "2011-06-30": "-115.93%", "2011-03-31": "-94.64%", "2010-12-31": "-85.21%", "2010-09-30": "-83.83%", "2010-06-30": "-85.17%", "2010-03-31": "-84.34%", "2009-12-31": "-64.39%", "2009-09-30": "-36.25%", "2009-06-30": "-31.75%", "2009-03-31": "-32.04%", "2008-12-31": "-31.64%", "2008-09-30": "-50.39%", "2008-06-30": "-54.07%", "2008-03-31": "-68.29%", "2007-12-31": "-95.46%", "2007-09-30": "-122.22%", "2007-06-30": "-170.63%", "2007-03-31": "-139.82%", "2006-12-31": "-113.99%", "2006-09-30": "-116.36%", "2006-06-30": "-135.59%", "2006-03-31": "-207.33%", "2005-12-31": "-344.35%"}, "dividend yield history": {"last payout": "$0.00", "last yield": "0.00%"}}