{"ticker": "TER", "price": {"title": "Teradyne Historical Annual Stock Price Data", "value": 126.12, "historical": {"2021": {"Average Stock Price": "130.0079", "Year Open": "119.1900", "Year High": "140.6300", "Year Low": "113.4800", "Year Close": "126.1200", "Annual % Change": "5.20%"}, "2020": {"Average Stock Price": "79.5407", "Year Open": "69.6800", "Year High": "120.5900", "Year Low": "44.2900", "Year Close": "119.8900", "Annual % Change": "75.82%"}, "2019": {"Average Stock Price": "49.9661", "Year Open": "31.7400", "Year High": "69.6300", "Year Low": "29.6000", "Year Close": "68.1900", "Annual % Change": "117.30%"}, "2018": {"Average Stock Price": "39.6776", "Year Open": "44.1800", "Year High": "49.9200", "Year Low": "28.9400", "Year Close": "31.3800", "Annual % Change": "-25.05%"}, "2017": {"Average Stock Price": "34.5418", "Year Open": "25.3800", "Year High": "44.4300", "Year Low": "25.3800", "Year Close": "41.8700", "Annual % Change": "64.84%"}, "2016": {"Average Stock Price": "20.9160", "Year Open": "20.3400", "Year High": "26.2500", "Year Low": "17.5500", "Year Close": "25.4000", "Annual % Change": "22.88%"}, "2015": {"Average Stock Price": "19.3662", "Year Open": "19.7000", "Year High": "21.4800", "Year Low": "16.7800", "Year Close": "20.6700", "Annual % Change": "4.45%"}, "2014": {"Average Stock Price": "19.1104", "Year Open": "17.6300", "Year High": "20.7200", "Year Low": "16.1600", "Year Close": "19.7900", "Annual % Change": "12.32%"}, "2013": {"Average Stock Price": "16.7231", "Year Open": "17.4900", "Year High": "18.5600", "Year Low": "14.3000", "Year Close": "17.6200", "Annual % Change": "4.32%"}, "2012": {"Average Stock Price": "15.4157", "Year Open": "13.7500", "Year High": "17.3900", "Year Low": "13.0500", "Year Close": "16.8900", "Annual % Change": "23.92%"}, "2011": {"Average Stock Price": "14.6029", "Year Open": "13.7100", "Year High": "19.0700", "Year Low": "10.5500", "Year Close": "13.6300", "Annual % Change": "-2.92%"}, "2010": {"Average Stock Price": "11.0546", "Year Open": "10.9600", "Year High": "14.3900", "Year Low": "8.9800", "Year Close": "14.0400", "Annual % Change": "30.85%"}, "2009": {"Average Stock Price": "7.1111", "Year Open": "4.6700", "Year High": "10.8000", "Year Low": "3.4400", "Year Close": "10.7300", "Annual % Change": "154.27%"}, "2008": {"Average Stock Price": "9.4431", "Year Open": "10.0600", "Year High": "14.1000", "Year Low": "2.9700", "Year Close": "4.2200", "Annual % Change": "-59.19%"}, "2007": {"Average Stock Price": "15.0615", "Year Open": "14.9300", "Year High": "18.3000", "Year Low": "10.0600", "Year Close": "10.3400", "Annual % Change": "-30.88%"}, "2006": {"Average Stock Price": "14.8854", "Year Open": "14.7800", "Year High": "17.9000", "Year Low": "11.9000", "Year Close": "14.9600", "Annual % Change": "2.68%"}, "2005": {"Average Stock Price": "14.3951", "Year Open": "16.5700", "Year High": "17.1000", "Year Low": "10.9500", "Year Close": "14.5700", "Annual % Change": "-14.65%"}, "2004": {"Average Stock Price": "19.6775", "Year Open": "25.1500", "Year High": "30.6900", "Year Low": "12.7100", "Year Close": "17.0700", "Annual % Change": "-32.93%"}, "2003": {"Average Stock Price": "16.8832", "Year Open": "14.0500", "Year High": "25.6000", "Year Low": "9.5800", "Year Close": "25.4500", "Annual % Change": "95.62%"}, "2002": {"Average Stock Price": "22.6759", "Year Open": "30.7500", "Year High": "39.4900", "Year Low": "7.2200", "Year Close": "13.0100", "Annual % Change": "-56.83%"}, "2001": {"Average Stock Price": "32.8918", "Year Open": "37.5000", "Year High": "47.1900", "Year Low": "19.0000", "Year Close": "30.1400", "Annual % Change": "-19.09%"}, "2000": {"Average Stock Price": "64.6416", "Year Open": "61.8100", "Year High": "110.0000", "Year Low": "24.3100", "Year Close": "37.2500", "Annual % Change": "-43.56%"}, "1999": {"Average Stock Price": "34.5000", "Year Open": "21.0600", "Year High": "66.0000", "Year Low": "21.0600", "Year Close": "66.0000", "Annual % Change": "211.47%"}, "1998": {"Average Stock Price": "15.8105", "Year Open": "16.8750", "Year High": "23.5950", "Year Low": "7.8100", "Year Close": "21.1900", "Annual % Change": "32.44%"}, "1997": {"Average Stock Price": "19.3983", "Year Open": "12.0000", "Year High": "29.3750", "Year Low": "12.0000", "Year Close": "16.0000", "Annual % Change": "31.26%"}, "1996": {"Average Stock Price": "9.5112", "Year Open": "13.5600", "Year High": "13.5600", "Year Low": "5.8100", "Year Close": "12.1900", "Annual % Change": "-2.95%"}, "1995": {"Average Stock Price": "13.9643", "Year Open": "8.2200", "Year High": "21.0000", "Year Low": "8.1250", "Year Close": "12.5600", "Annual % Change": "48.29%"}, "1994": {"Average Stock Price": "6.8865", "Year Open": "6.6250", "Year High": "8.4700", "Year Low": "5.1550", "Year Close": "8.4700", "Annual % Change": "22.09%"}, "1993": {"Average Stock Price": "5.1217", "Year Open": "3.7500", "Year High": "7.4050", "Year Low": "3.2800", "Year Close": "6.9375", "Annual % Change": "80.43%"}, "1992": {"Average Stock Price": "3.5901", "Year Open": "3.9700", "Year High": "5.0625", "Year Low": "2.5300", "Year Close": "3.8450", "Annual % Change": "-3.15%"}, "1991": {"Average Stock Price": "2.9068", "Year Open": "1.5950", "Year High": "4.1875", "Year Low": "1.5950", "Year Close": "3.9700", "Annual % Change": "126.86%"}, "1990": {"Average Stock Price": "2.0005", "Year Open": "2.7200", "Year High": "2.7500", "Year Low": "0.9700", "Year Close": "1.7500", "Annual % Change": "-36.36%"}, "1989": {"Average Stock Price": "3.0076", "Year Open": "3.0300", "Year High": "3.6550", "Year Low": "2.4700", "Year Close": "2.7500", "Annual % Change": "-6.38%"}, "1988": {"Average Stock Price": "3.6428", "Year Open": "4.2500", "Year High": "4.4050", "Year Low": "2.6550", "Year Close": "2.9375", "Annual % Change": "-27.11%"}}}, "market cap": {"value": "$20.94B"}, "income statement": {"Revenue": {"2020-12-31": "3121.46900", "2019-12-31": "2294.96500", "2018-12-31": "2100.80200", "2017-12-31": "2136.60600", "2016-12-31": "1753.25000", "2015-12-31": "1639.57800", "2014-12-31": "1647.82400", "2013-12-31": "1427.93300", "2012-12-31": "1656.75000", "2011-12-31": "1429.06100", "2010-12-31": "1566.16200", "2009-12-31": "777.42500", "2008-12-31": "1107.04200", "2007-12-31": "1102.28000", "2006-12-31": "1356.24900", "2005-12-31": "1045.10400"}, "Cost Of Goods Sold": {"2020-12-31": "1335.72800", "2019-12-31": "955.13600", "2018-12-31": "880.40800", "2017-12-31": "915.15300", "2016-12-31": "794.64200", "2015-12-31": "723.93500", "2014-12-31": "769.01600", "2013-12-31": "619.13200", "2012-12-31": "770.71300", "2011-12-31": "717.23800", "2010-12-31": "708.57900", "2009-12-31": "477.97900", "2008-12-31": "608.85000", "2007-12-31": "588.84700", "2006-12-31": "704.36700", "2005-12-31": "650.04600"}, "Gross Profit": {"2020-12-31": "1785.74100", "2019-12-31": "1339.82900", "2018-12-31": "1220.39400", "2017-12-31": "1221.45300", "2016-12-31": "958.60800", "2015-12-31": "915.64300", "2014-12-31": "878.80800", "2013-12-31": "808.80100", "2012-12-31": "886.03700", "2011-12-31": "711.82310", "2010-12-31": "857.58300", "2009-12-31": "299.44600", "2008-12-31": "498.19200", "2007-12-31": "513.43300", "2006-12-31": "651.88200", "2005-12-31": "395.05800"}, "Research And Development Expenses": {"2020-12-31": "374.96400", "2019-12-31": "322.82400", "2018-12-31": "301.50500", "2017-12-31": "307.30500", "2016-12-31": "292.15900", "2015-12-31": "292.25000", "2014-12-31": "291.63900", "2013-12-31": "264.05500", "2012-12-31": "255.86600", "2011-12-31": "201.02400", "2010-12-31": "191.86300", "2009-12-31": "161.34200", "2008-12-31": "216.46100", "2007-12-31": "204.34400", "2006-12-31": "202.43600", "2005-12-31": "216.37300"}, "SG&A Expenses": {"2020-12-31": "464.76900", "2019-12-31": "437.08400", "2018-12-31": "390.66900", "2017-12-31": "348.91300", "2016-12-31": "316.54400", "2015-12-31": "306.31300", "2014-12-31": "319.71300", "2013-12-31": "279.56000", "2012-12-31": "277.01600", "2011-12-31": "232.09300", "2010-12-31": "225.33300", "2009-12-31": "195.35300", "2008-12-31": "247.78900", "2007-12-31": "248.09600", "2006-12-31": "278.83200", "2005-12-31": "245.98800"}, "Other Operating Income Or Expenses": {"2020-12-31": "", "2019-12-31": "", "2018-12-31": "", "2017-12-31": "", "2016-12-31": "-83.33900", "2015-12-31": "", "2014-12-31": "", "2013-12-31": "", "2012-12-31": "", "2011-12-31": "", "2010-12-31": "", "2009-12-31": "", "2008-12-31": "", "2007-12-31": "", "2006-12-31": "", "2005-12-31": ""}, "Operating Expenses": {"2020-12-31": "2193.06200", "2019-12-31": "1741.31100", "2018-12-31": "1627.00500", "2017-12-31": "1611.26300", "2016-12-31": "1816.22000", "2015-12-31": "1396.60900", "2014-12-31": "1551.40100", "2013-12-31": "1237.27400", "2012-12-31": "1369.38200", "2011-12-31": "1197.56300", "2010-12-31": "1151.22500", "2009-12-31": "902.27900", "2008-12-31": "1487.78200", "2007-12-31": "1060.99500", "2006-12-31": "1153.24600", "2005-12-31": "1130.05100"}, "Operating Income": {"2020-12-31": "928.40700", "2019-12-31": "553.65420", "2018-12-31": "473.79700", "2017-12-31": "525.34290", "2016-12-31": "-62.97000", "2015-12-31": "242.96900", "2014-12-31": "96.42300", "2013-12-31": "190.65890", "2012-12-31": "287.36790", "2011-12-31": "231.49800", "2010-12-31": "414.93700", "2009-12-31": "-124.85400", "2008-12-31": "-380.73990", "2007-12-31": "41.28520", "2006-12-31": "203.00290", "2005-12-31": "-84.94700"}, "Total Non-Operating Income/Expense": {"2020-12-31": "-27.39200", "2019-12-31": "-27.88200", "2018-12-31": "-5.99600", "2017-12-31": "-0.93100", "2016-12-31": "7.91000", "2015-12-31": "10.15500", "2014-12-31": "-1.04700", "2013-12-31": "11.26300", "2012-12-31": "-21.39200", "2011-12-31": "-17.07700", "2010-12-31": "-18.59000", "2009-12-31": "-19.03000", "2008-12-31": "-1.67800", "2007-12-31": "37.95800", "2006-12-31": "33.02800", "2005-12-31": "1.56100"}, "Pre-Tax Income": {"2020-12-31": "901.01500", "2019-12-31": "525.77200", "2018-12-31": "467.80100", "2017-12-31": "524.41200", "2016-12-31": "-55.06000", "2015-12-31": "253.12400", "2014-12-31": "95.37600", "2013-12-31": "201.92200", "2012-12-31": "265.97600", "2011-12-31": "214.42100", "2010-12-31": "396.34700", "2009-12-31": "-143.88400", "2008-12-31": "-382.41800", "2007-12-31": "79.24300", "2006-12-31": "236.03100", "2005-12-31": "-83.38600"}, "Income Taxes": {"2020-12-31": "116.86800", "2019-12-31": "58.30400", "2018-12-31": "16.02200", "2017-12-31": "266.72000", "2016-12-31": "-11.63900", "2015-12-31": "46.64700", "2014-12-31": "14.10400", "2013-12-31": "36.97500", "2012-12-31": "48.92700", "2011-12-31": "-129.53600", "2010-12-31": "16.65500", "2009-12-31": "-8.52100", "2008-12-31": "12.57700", "2007-12-31": "7.36000", "2006-12-31": "27.86900", "2005-12-31": "-19.73000"}, "Income After Taxes": {"2020-12-31": "784.14700", "2019-12-31": "467.46800", "2018-12-31": "451.77900", "2017-12-31": "257.69200", "2016-12-31": "-43.42100", "2015-12-31": "206.47700", "2014-12-31": "81.27200", "2013-12-31": "164.94700", "2012-12-31": "217.04900", "2011-12-31": "343.95700", "2010-12-31": "379.69200", "2009-12-31": "-135.36300", "2008-12-31": "-394.99500", "2007-12-31": "71.88300", "2006-12-31": "208.16200", "2005-12-31": "-63.65600"}, "Other Income": {"2020-12-31": "", "2019-12-31": "", "2018-12-31": "", "2017-12-31": "", "2016-12-31": "", "2015-12-31": "", "2014-12-31": "", "2013-12-31": "", "2012-12-31": "", "2011-12-31": "", "2010-12-31": "", "2009-12-31": "", "2008-12-31": "", "2007-12-31": "", "2006-12-31": "", "2005-12-31": ""}, "Income From Continuous Operations": {"2020-12-31": "784.14700", "2019-12-31": "467.46800", "2018-12-31": "451.77900", "2017-12-31": "257.69200", "2016-12-31": "-43.42100", "2015-12-31": "206.47700", "2014-12-31": "81.27200", "2013-12-31": "164.94700", "2012-12-31": "217.04900", "2011-12-31": "343.95700", "2010-12-31": "379.69200", "2009-12-31": "-135.36300", "2008-12-31": "-394.99500", "2007-12-31": "71.88300", "2006-12-31": "208.16200", "2005-12-31": "-63.65600"}, "Income From Discontinued Operations": {"2020-12-31": "", "2019-12-31": "", "2018-12-31": "", "2017-12-31": "", "2016-12-31": "", "2015-12-31": "", "2014-12-31": "", "2013-12-31": "", "2012-12-31": "", "2011-12-31": "25.91600", "2010-12-31": "5.12800", "2009-12-31": "1.52600", "2008-12-31": "0.76800", "2007-12-31": "5.82800", "2006-12-31": "-9.40500", "2005-12-31": "154.30400"}, "Net Income": {"2020-12-31": "784.14700", "2019-12-31": "467.46800", "2018-12-31": "451.77900", "2017-12-31": "257.69200", "2016-12-31": "-43.42100", "2015-12-31": "206.47700", "2014-12-31": "81.27200", "2013-12-31": "164.94700", "2012-12-31": "217.04900", "2011-12-31": "369.87300", "2010-12-31": "384.82000", "2009-12-31": "-133.83700", "2008-12-31": "-394.22700", "2007-12-31": "77.71100", "2006-12-31": "198.75700", "2005-12-31": "90.64800"}, "EBITDA": {"2020-12-31": "1055.15000", "2019-12-31": "674.30920", "2018-12-31": "587.02100", "2017-12-31": "633.41790", "2016-12-31": "311.98500", "2015-12-31": "383.74200", "2014-12-31": "347.86400", "2013-12-31": "341.34590", "2012-12-31": "432.88190", "2011-12-31": "338.17900", "2010-12-31": "508.45300", "2009-12-31": "-20.44300", "2008-12-31": "43.69420", "2007-12-31": "108.78020", "2006-12-31": "276.08490", "2005-12-31": "5.31300"}, "EBIT": {"2020-12-31": "928.40700", "2019-12-31": "553.65420", "2018-12-31": "473.79700", "2017-12-31": "525.34290", "2016-12-31": "-62.97000", "2015-12-31": "242.96900", "2014-12-31": "96.42300", "2013-12-31": "190.65890", "2012-12-31": "287.36790", "2011-12-31": "231.49800", "2010-12-31": "414.93700", "2009-12-31": "-124.85400", "2008-12-31": "-380.73990", "2007-12-31": "41.28520", "2006-12-31": "203.00290", "2005-12-31": "-84.94700"}, "Basic Shares Outstanding": {"2020-12-31": "166.12000", "2019-12-31": "170.42500", "2018-12-31": "187.67200", "2017-12-31": "198.06900", "2016-12-31": "202.57800", "2015-12-31": "211.54400", "2014-12-31": "202.90800", "2013-12-31": "190.77200", "2012-12-31": "186.87800", "2011-12-31": "184.68300", "2010-12-31": "179.92400", "2009-12-31": "173.60400", "2008-12-31": "170.59300", "2007-12-31": "184.02000", "2006-12-31": "194.72900", "2005-12-31": "196.28300"}, "Shares Outstanding": {"2020-12-31": "183.04200", "2019-12-31": "179.45900", "2018-12-31": "192.60500", "2017-12-31": "201.64100", "2016-12-31": "202.57800", "2015-12-31": "213.32100", "2014-12-31": "222.55000", "2013-12-31": "235.59900", "2012-12-31": "230.24600", "2011-12-31": "226.82000", "2010-12-31": "226.80700", "2009-12-31": "173.60400", "2008-12-31": "170.59300", "2007-12-31": "185.37400", "2006-12-31": "204.41400", "2005-12-31": "196.28300"}, "Basic EPS": {"2020-12-31": "4.72000", "2019-12-31": "2.74000", "2018-12-31": "2.41000", "2017-12-31": "1.30000", "2016-12-31": "-0.21000", "2015-12-31": "0.98000", "2014-12-31": "0.40000", "2013-12-31": "0.86000", "2012-12-31": "1.16000", "2011-12-31": "2.00000", "2010-12-31": "2.14000", "2009-12-31": "-0.77000", "2008-12-31": "-2.31000", "2007-12-31": "0.42000", "2006-12-31": "1.02000", "2005-12-31": "0.46000"}, "EPS - Earnings Per Share": {"2020-12-31": "4.28000", "2019-12-31": "2.60000", "2018-12-31": "2.35000", "2017-12-31": "1.28000", "2016-12-31": "-0.21000", "2015-12-31": "0.97000", "2014-12-31": "0.37000", "2013-12-31": "0.70000", "2012-12-31": "0.94000", "2011-12-31": "1.63000", "2010-12-31": "1.75000", "2009-12-31": "-0.77000", "2008-12-31": "-2.31000", "2007-12-31": "0.42000", "2006-12-31": "1.01000", "2005-12-31": "0.46000"}}, "income statement, quarterly": {"Revenue": {"2020-12-31": "758.96800", "2020-09-30": "819.48400", "2020-06-30": "838.66100", "2020-03-31": "704.35500", "2019-12-31": "654.65000", "2019-09-30": "582.03800", "2019-06-30": "564.17800", "2019-03-31": "494.09900", "2018-12-31": "519.55800", "2018-09-30": "566.84800", "2018-06-30": "526.92900", "2018-03-31": "487.46700", "2017-12-31": "479.41400", "2017-09-30": "503.37800", "2017-06-30": "696.90100", "2017-03-31": "456.91300", "2016-12-31": "379.98900", "2016-09-30": "410.47500", "2016-06-30": "531.79200", "2016-03-31": "430.99400", "2015-12-31": "318.44400", "2015-09-30": "465.99400", "2015-06-30": "512.73900", "2015-03-31": "342.40100", "2014-12-31": "323.23690", "2014-09-30": "478.01000", "2014-06-30": "525.56700", "2014-03-31": "321.01000", "2013-12-31": "285.30100", "2013-09-30": "433.37600", "2013-06-30": "428.88900", "2013-03-31": "280.36700", "2012-12-31": "248.40400", "2012-09-30": "463.39400", "2012-06-30": "548.28400", "2012-03-31": "396.66800", "2011-12-31": "296.99190", "2011-09-30": "344.38900", "2011-06-30": "410.51900", "2011-03-31": "377.16100", "2010-12-31": "310.16200", "2010-09-30": "491.39100", "2010-06-30": "445.27100", "2010-03-31": "319.33800", "2009-12-31": "225.07500", "2009-09-30": "262.16200", "2009-06-30": "169.58000", "2009-03-31": "120.60800", "2008-12-31": "194.76700", "2008-09-30": "297.25500", "2008-06-30": "317.70500", "2008-03-31": "297.31500", "2007-12-31": "260.41600", "2007-09-30": "299.46100", "2007-06-30": "288.71000", "2007-03-31": "253.69300", "2006-12-31": "251.79900", "2006-09-30": "354.71700", "2006-06-30": "386.81900", "2006-03-31": "362.91400", "2005-12-31": "315.02300", "2005-09-30": "293.57300", "2005-06-30": "226.15100", "2005-03-31": "210.35700"}, "Cost Of Goods Sold": {"2020-12-31": "309.17900", "2020-09-30": "360.55600", "2020-06-30": "367.18800", "2020-03-31": "298.80500", "2019-12-31": "271.41200", "2019-09-30": "237.00000", "2019-06-30": "240.26000", "2019-03-31": "206.46400", "2018-12-31": "210.02310", "2018-09-30": "233.15500", "2018-06-30": "219.59500", "2018-03-31": "217.63500", "2017-12-31": "208.48400", "2017-09-30": "208.50900", "2017-06-30": "306.26300", "2017-03-31": "191.89700", "2016-12-31": "161.94200", "2016-09-30": "183.11600", "2016-06-30": "248.92200", "2016-03-31": "200.66200", "2015-12-31": "152.41800", "2015-09-30": "207.36800", "2015-06-30": "214.17100", "2015-03-31": "149.97800", "2014-12-31": "163.01000", "2014-09-30": "216.88900", "2014-06-30": "235.15400", "2014-03-31": "153.96300", "2013-12-31": "125.44400", "2013-09-30": "179.08200", "2013-06-30": "187.65600", "2013-03-31": "126.95000", "2012-12-31": "122.99900", "2012-09-30": "203.19400", "2012-06-30": "238.77800", "2012-03-31": "205.74200", "2011-12-31": "163.11300", "2011-09-30": "174.01500", "2011-06-30": "195.84100", "2011-03-31": "184.26900", "2010-12-31": "145.15700", "2010-09-30": "219.59200", "2010-06-30": "194.36900", "2010-03-31": "149.46100", "2009-12-31": "112.87300", "2009-09-30": "155.40700", "2009-06-30": "122.45100", "2009-03-31": "87.24800", "2008-12-31": "116.85600", "2008-09-30": "169.32500", "2008-06-30": "163.85700", "2008-03-31": "158.81200", "2007-12-31": "141.84600", "2007-09-30": "155.21500", "2007-06-30": "151.49000", "2007-03-31": "140.29600", "2006-12-31": "135.51500", "2006-09-30": "180.33200", "2006-06-30": "196.24400", "2006-03-31": "192.27600", "2005-12-31": "171.56200", "2005-09-30": "204.41700", "2005-06-30": "141.38000", "2005-03-31": "132.68700"}, "Gross Profit": {"2020-12-31": "449.78900", "2020-09-30": "458.92800", "2020-06-30": "471.47300", "2020-03-31": "405.55000", "2019-12-31": "383.23800", "2019-09-30": "345.03800", "2019-06-30": "323.91800", "2019-03-31": "287.63500", "2018-12-31": "309.53490", "2018-09-30": "333.69300", "2018-06-30": "307.33400", "2018-03-31": "269.83200", "2017-12-31": "270.93000", "2017-09-30": "294.86900", "2017-06-30": "390.63800", "2017-03-31": "265.01600", "2016-12-31": "218.04700", "2016-09-30": "227.35900", "2016-06-30": "282.87000", "2016-03-31": "230.33200", "2015-12-31": "166.02600", "2015-09-30": "258.62600", "2015-06-30": "298.56800", "2015-03-31": "192.42300", "2014-12-31": "160.22700", "2014-09-30": "261.12100", "2014-06-30": "290.41300", "2014-03-31": "167.04700", "2013-12-31": "159.85690", "2013-09-30": "254.29400", "2013-06-30": "241.23300", "2013-03-31": "153.41700", "2012-12-31": "125.40490", "2012-09-30": "260.20000", "2012-06-30": "309.50600", "2012-03-31": "190.92600", "2011-12-31": "133.87900", "2011-09-30": "170.37400", "2011-06-30": "214.67800", "2011-03-31": "192.89200", "2010-12-31": "165.00500", "2010-09-30": "271.79900", "2010-06-30": "250.90200", "2010-03-31": "169.87700", "2009-12-31": "112.20200", "2009-09-30": "106.75500", "2009-06-30": "47.12900", "2009-03-31": "33.36000", "2008-12-31": "77.91100", "2008-09-30": "127.93000", "2008-06-30": "153.84800", "2008-03-31": "138.50300", "2007-12-31": "118.57010", "2007-09-30": "144.24600", "2007-06-30": "137.22000", "2007-03-31": "113.39700", "2006-12-31": "116.28400", "2006-09-30": "174.38500", "2006-06-30": "190.57500", "2006-03-31": "170.63800", "2005-12-31": "143.46100", "2005-09-30": "89.15600", "2005-06-30": "84.77100", "2005-03-31": "77.67000"}, "Research And Development Expenses": {"2020-12-31": "100.79500", "2020-09-30": "94.90900", "2020-06-30": "94.10200", "2020-03-31": "85.15900", "2019-12-31": "86.79500", "2019-09-30": "77.80400", "2019-06-30": "81.43400", "2019-03-31": "76.79100", "2018-12-31": "74.70600", "2018-09-30": "77.04900", "2018-06-30": "75.34200", "2018-03-31": "74.40800", "2017-12-31": "72.07100", "2017-09-30": "76.98600", "2017-06-30": "82.27000", "2017-03-31": "75.97800", "2016-12-31": "71.18600", "2016-09-30": "71.40000", "2016-06-30": "76.10900", "2016-03-31": "73.46400", "2015-12-31": "70.94100", "2015-09-30": "74.02700", "2015-06-30": "75.83200", "2015-03-31": "71.45000", "2014-12-31": "79.18700", "2014-09-30": "71.95300", "2014-06-30": "73.41400", "2014-03-31": "67.08500", "2013-12-31": "64.61300", "2013-09-30": "68.91800", "2013-06-30": "67.77300", "2013-03-31": "62.75100", "2012-12-31": "62.80700", "2012-09-30": "63.94600", "2012-06-30": "67.83400", "2012-03-31": "61.27900", "2011-12-31": "59.59200", "2011-09-30": "45.89600", "2011-06-30": "48.39200", "2011-03-31": "47.14400", "2010-12-31": "45.53700", "2010-09-30": "49.04800", "2010-06-30": "49.34100", "2010-03-31": "47.93700", "2009-12-31": "37.42700", "2009-09-30": "38.26600", "2009-06-30": "38.45100", "2009-03-31": "47.19800", "2008-12-31": "52.18900", "2008-09-30": "52.96900", "2008-06-30": "56.15400", "2008-03-31": "55.14900", "2007-12-31": "50.42000", "2007-09-30": "52.24500", "2007-06-30": "52.41700", "2007-03-31": "49.26200", "2006-12-31": "46.61100", "2006-09-30": "51.79100", "2006-06-30": "51.84000", "2006-03-31": "52.19400", "2005-12-31": "43.12800", "2005-09-30": "53.69900", "2005-06-30": "58.16700", "2005-03-31": "61.37900"}, "SG&A Expenses": {"2020-12-31": "124.27900", "2020-09-30": "115.84000", "2020-06-30": "113.25900", "2020-03-31": "111.38800", "2019-12-31": "117.09400", "2019-09-30": "109.16600", "2019-06-30": "108.81100", "2019-03-31": "102.01300", "2018-12-31": "100.55500", "2018-09-30": "100.19900", "2018-06-30": "99.41000", "2018-03-31": "90.50500", "2017-12-31": "87.88000", "2017-09-30": "86.13000", "2017-06-30": "90.11100", "2017-03-31": "84.79200", "2016-12-31": "77.15100", "2016-09-30": "78.79400", "2016-06-30": "81.42500", "2016-03-31": "79.17400", "2015-12-31": "79.71800", "2015-09-30": "77.48100", "2015-06-30": "77.07300", "2015-03-31": "72.04100", "2014-12-31": "91.15700", "2014-09-30": "73.06400", "2014-06-30": "77.48900", "2014-03-31": "78.00300", "2013-12-31": "69.52300", "2013-09-30": "72.91700", "2013-06-30": "69.23000", "2013-03-31": "67.89000", "2012-12-31": "69.28900", "2012-09-30": "69.03000", "2012-06-30": "72.06400", "2012-03-31": "66.63300", "2011-12-31": "61.70700", "2011-09-30": "54.77500", "2011-06-30": "57.88000", "2011-03-31": "57.73100", "2010-12-31": "52.35700", "2010-09-30": "60.56000", "2010-06-30": "57.73000", "2010-03-31": "54.68600", "2009-12-31": "46.40900", "2009-09-30": "46.31400", "2009-06-30": "47.25700", "2009-03-31": "55.37300", "2008-12-31": "58.49100", "2008-09-30": "58.61400", "2008-06-30": "65.46300", "2008-03-31": "65.22100", "2007-12-31": "60.78900", "2007-09-30": "62.17800", "2007-06-30": "62.18200", "2007-03-31": "62.94700", "2006-12-31": "62.28200", "2006-09-30": "70.45200", "2006-06-30": "73.91300", "2006-03-31": "72.18500", "2005-12-31": "54.15300", "2005-09-30": "62.63900", "2005-06-30": "64.87900", "2005-03-31": "64.31700"}, "Other Operating Income Or Expenses": {"2020-12-31": "", "2020-09-30": "", "2020-06-30": "", "2020-03-31": "", "2019-12-31": "", "2019-09-30": "", "2019-06-30": "", "2019-03-31": "", "2018-12-31": "", "2018-09-30": "", "2018-06-30": "", "2018-03-31": "", "2017-12-31": "", "2017-09-30": "", "2017-06-30": "", "2017-03-31": "", "2016-12-31": "", "2016-09-30": "", "2016-06-30": "-83.33900", "2016-03-31": "", "2015-12-31": "", "2015-09-30": "", "2015-06-30": "", "2015-03-31": "", "2014-12-31": "", "2014-09-30": "", "2014-06-30": "", "2014-03-31": "", "2013-12-31": "", "2013-09-30": "", "2013-06-30": "", "2013-03-31": "", "2012-12-31": "", "2012-09-30": "", "2012-06-30": "", "2012-03-31": "", "2011-12-31": "", "2011-09-30": "", "2011-06-30": "", "2011-03-31": "", "2010-12-31": "", "2010-09-30": "", "2010-06-30": "", "2010-03-31": "", "2009-12-31": "", "2009-09-30": "", "2009-06-30": "", "2009-03-31": "", "2008-12-31": "", "2008-09-30": "", "2008-06-30": "", "2008-03-31": "", "2007-12-31": "", "2007-09-30": "", "2007-06-30": "", "2007-03-31": "", "2006-12-31": "", "2006-09-30": "", "2006-06-30": "", "2006-03-31": "", "2005-12-31": "", "2005-09-30": "", "2005-06-30": "", "2005-03-31": ""}, "Operating Expenses": {"2020-12-31": "524.88800", "2020-09-30": "549.82300", "2020-06-30": "620.71200", "2020-03-31": "497.63700", "2019-12-31": "482.99590", "2019-09-30": "427.11700", "2019-06-30": "430.18400", "2019-03-31": "401.01400", "2018-12-31": "407.28790", "2018-09-30": "423.25500", "2018-06-30": "406.52900", "2018-03-31": "389.93300", "2017-12-31": "384.78910", "2017-09-30": "374.24600", "2017-06-30": "489.09800", "2017-03-31": "363.13000", "2016-12-31": "323.77200", "2016-09-30": "353.97400", "2016-06-30": "763.59300", "2016-03-31": "374.88100", "2015-12-31": "328.19310", "2015-09-30": "379.19000", "2015-06-30": "381.94900", "2015-03-31": "307.27700", "2014-12-31": "449.40700", "2014-09-30": "379.77200", "2014-06-30": "404.90000", "2014-03-31": "317.32200", "2013-12-31": "278.46400", "2013-09-30": "339.87000", "2013-06-30": "342.98100", "2013-03-31": "275.95900", "2012-12-31": "272.99910", "2012-09-30": "355.28200", "2012-06-30": "390.84300", "2012-03-31": "350.25800", "2011-12-31": "307.12700", "2011-09-30": "282.90500", "2011-06-30": "310.68300", "2011-03-31": "296.84800", "2010-12-31": "247.24290", "2010-09-30": "334.51400", "2010-06-30": "309.12400", "2010-03-31": "260.34400", "2009-12-31": "203.22300", "2009-09-30": "253.39000", "2009-06-30": "231.64300", "2009-03-31": "214.02300", "2008-12-31": "574.34680", "2008-09-30": "314.53100", "2008-06-30": "302.97400", "2008-03-31": "295.93000", "2007-12-31": "253.54680", "2007-09-30": "267.47300", "2007-06-30": "267.61200", "2007-03-31": "272.36300", "2006-12-31": "248.82410", "2006-09-30": "287.46300", "2006-06-30": "301.40100", "2006-03-31": "315.55800", "2005-12-31": "258.45000", "2005-09-30": "334.55100", "2005-06-30": "272.30900", "2005-03-31": "264.74100"}, "Operating Income": {"2020-12-31": "234.08000", "2020-09-30": "269.66100", "2020-06-30": "217.94900", "2020-03-31": "206.71800", "2019-12-31": "171.65410", "2019-09-30": "154.92100", "2019-06-30": "133.99400", "2019-03-31": "93.08500", "2018-12-31": "112.27010", "2018-09-30": "143.59300", "2018-06-30": "120.40000", "2018-03-31": "97.53400", "2017-12-31": "94.62490", "2017-09-30": "129.13200", "2017-06-30": "207.80300", "2017-03-31": "93.78300", "2016-12-31": "56.21700", "2016-09-30": "56.50100", "2016-06-30": "-231.80100", "2016-03-31": "56.11300", "2015-12-31": "-9.74910", "2015-09-30": "86.80400", "2015-06-30": "130.79000", "2015-03-31": "35.12400", "2014-12-31": "-126.17010", "2014-09-30": "98.23800", "2014-06-30": "120.66700", "2014-03-31": "3.68800", "2013-12-31": "6.83690", "2013-09-30": "93.50600", "2013-06-30": "85.90800", "2013-03-31": "4.40800", "2012-12-31": "-24.59510", "2012-09-30": "108.11200", "2012-06-30": "157.44100", "2012-03-31": "46.41000", "2011-12-31": "-10.13500", "2011-09-30": "61.48400", "2011-06-30": "99.83600", "2011-03-31": "80.31300", "2010-12-31": "62.91910", "2010-09-30": "156.87700", "2010-06-30": "136.14700", "2010-03-31": "58.99400", "2009-12-31": "21.85190", "2009-09-30": "8.77200", "2009-06-30": "-62.06300", "2009-03-31": "-93.41500", "2008-12-31": "-379.57980", "2008-09-30": "-17.27600", "2008-06-30": "14.73100", "2008-03-31": "1.38500", "2007-12-31": "6.86920", "2007-09-30": "31.98800", "2007-06-30": "21.09800", "2007-03-31": "-18.67000", "2006-12-31": "2.97490", "2006-09-30": "67.25400", "2006-06-30": "85.41800", "2006-03-31": "47.35600", "2005-12-31": "56.57300", "2005-09-30": "-40.97800", "2005-06-30": "-46.15800", "2005-03-31": "-54.38400"}, "Total Non-Operating Income/Expense": {"2020-12-31": "-11.15500", "2020-09-30": "-5.93000", "2020-06-30": "-0.65800", "2020-03-31": "-9.64900", "2019-12-31": "-22.77100", "2019-09-30": "-3.18800", "2019-06-30": "-2.81700", "2019-03-31": "0.89400", "2018-12-31": "-1.14500", "2018-09-30": "-2.74900", "2018-06-30": "-0.38800", "2018-03-31": "-1.71400", "2017-12-31": "3.45700", "2017-09-30": "-1.69500", "2017-06-30": "-0.92600", "2017-03-31": "-1.76700", "2016-12-31": "2.66700", "2016-09-30": "3.18000", "2016-06-30": "0.98400", "2016-03-31": "1.07900", "2015-12-31": "0.89100", "2015-09-30": "0.60400", "2015-06-30": "1.34600", "2015-03-31": "7.31400", "2014-12-31": "1.35700", "2014-09-30": "2.43200", "2014-06-30": "0.72500", "2014-03-31": "-5.56100", "2013-12-31": "28.60200", "2013-09-30": "-5.95400", "2013-06-30": "-5.55100", "2013-03-31": "-5.83400", "2012-12-31": "-5.69000", "2012-09-30": "-5.08700", "2012-06-30": "-5.44900", "2012-03-31": "-5.16600", "2011-12-31": "-5.25600", "2011-09-30": "-3.01900", "2011-06-30": "-3.91300", "2011-03-31": "-4.88900", "2010-12-31": "-4.88400", "2010-09-30": "-4.56700", "2010-06-30": "-4.07400", "2010-03-31": "-5.06500", "2009-12-31": "-3.47500", "2009-09-30": "-3.59700", "2009-06-30": "-6.90500", "2009-03-31": "-5.05300", "2008-12-31": "-6.09700", "2008-09-30": "-3.11100", "2008-06-30": "2.44800", "2008-03-31": "5.08200", "2007-12-31": "8.08800", "2007-09-30": "7.92700", "2007-06-30": "9.60200", "2007-03-31": "12.34100", "2006-12-31": "9.79200", "2006-09-30": "8.93500", "2006-06-30": "8.18900", "2006-03-31": "6.11200", "2005-12-31": "1.98900", "2005-09-30": "-0.08700", "2005-06-30": "-0.31200", "2005-03-31": "-0.02900"}, "Pre-Tax Income": {"2020-12-31": "222.92500", "2020-09-30": "263.73100", "2020-06-30": "217.29100", "2020-03-31": "197.06900", "2019-12-31": "148.88300", "2019-09-30": "151.73300", "2019-06-30": "131.17700", "2019-03-31": "93.97900", "2018-12-31": "111.12500", "2018-09-30": "140.84400", "2018-06-30": "120.01200", "2018-03-31": "95.82000", "2017-12-31": "98.08200", "2017-09-30": "127.43700", "2017-06-30": "206.87700", "2017-03-31": "92.01600", "2016-12-31": "58.88400", "2016-09-30": "59.68100", "2016-06-30": "-230.81700", "2016-03-31": "57.19200", "2015-12-31": "-8.85800", "2015-09-30": "87.40800", "2015-06-30": "132.13600", "2015-03-31": "42.43800", "2014-12-31": "-124.81300", "2014-09-30": "100.67000", "2014-06-30": "121.39200", "2014-03-31": "-1.87300", "2013-12-31": "35.43900", "2013-09-30": "87.55200", "2013-06-30": "80.35700", "2013-03-31": "-1.42600", "2012-12-31": "-30.28500", "2012-09-30": "103.02500", "2012-06-30": "151.99200", "2012-03-31": "41.24400", "2011-12-31": "-15.39100", "2011-09-30": "58.46500", "2011-06-30": "95.92300", "2011-03-31": "75.42400", "2010-12-31": "58.03500", "2010-09-30": "152.31000", "2010-06-30": "132.07300", "2010-03-31": "53.92900", "2009-12-31": "18.37700", "2009-09-30": "5.17500", "2009-06-30": "-68.96800", "2009-03-31": "-98.46800", "2008-12-31": "-385.67700", "2008-09-30": "-20.38700", "2008-06-30": "17.17900", "2008-03-31": "6.46700", "2007-12-31": "14.95700", "2007-09-30": "39.91500", "2007-06-30": "30.70000", "2007-03-31": "-6.32900", "2006-12-31": "12.76700", "2006-09-30": "76.18900", "2006-06-30": "93.60700", "2006-03-31": "53.46800", "2005-12-31": "58.56200", "2005-09-30": "-41.06500", "2005-06-30": "-46.47000", "2005-03-31": "-54.41300"}, "Income Taxes": {"2020-12-31": "26.59500", "2020-09-30": "41.01300", "2020-06-30": "28.38300", "2020-03-31": "20.87800", "2019-12-31": "23.81000", "2019-09-30": "15.87300", "2019-06-30": "33.78000", "2019-03-31": "-15.15900", "2018-12-31": "-32.66200", "2018-09-30": "20.86300", "2018-06-30": "18.97500", "2018-03-31": "8.84600", "2017-12-31": "204.00700", "2017-09-30": "24.01700", "2017-06-30": "31.90100", "2017-03-31": "6.79500", "2016-12-31": "-7.46100", "2016-09-30": "-4.11300", "2016-06-30": "-7.27100", "2016-03-31": "7.20600", "2015-12-31": "-8.21600", "2015-09-30": "15.95500", "2015-06-30": "29.25700", "2015-03-31": "9.65100", "2014-12-31": "-21.00200", "2014-09-30": "17.72100", "2014-06-30": "20.18700", "2014-03-31": "-2.80200", "2013-12-31": "13.09600", "2013-09-30": "18.09300", "2013-06-30": "13.80100", "2013-03-31": "-8.01500", "2012-12-31": "-13.74200", "2012-09-30": "14.38400", "2012-06-30": "40.60500", "2012-03-31": "7.68000", "2011-12-31": "-144.62000", "2011-09-30": "1.75900", "2011-06-30": "7.83900", "2011-03-31": "5.48600", "2010-12-31": "-4.32400", "2010-09-30": "6.60600", "2010-06-30": "9.54300", "2010-03-31": "4.83000", "2009-12-31": "2.97900", "2009-09-30": "-1.50000", "2009-06-30": "-2.20000", "2009-03-31": "-7.80000", "2008-12-31": "-0.69300", "2008-09-30": "3.07000", "2008-06-30": "6.10000", "2008-03-31": "4.10000", "2007-12-31": "-2.19600", "2007-09-30": "4.71700", "2007-06-30": "3.45400", "2007-03-31": "1.38500", "2006-12-31": "0.02800", "2006-09-30": "9.86600", "2006-06-30": "9.42000", "2006-03-31": "8.55500", "2005-12-31": "-27.86400", "2005-09-30": "2.78800", "2005-06-30": "4.30800", "2005-03-31": "1.03800"}, "Income After Taxes": {"2020-12-31": "196.33000", "2020-09-30": "222.71800", "2020-06-30": "188.90800", "2020-03-31": "176.19100", "2019-12-31": "125.07300", "2019-09-30": "135.86000", "2019-06-30": "97.39700", "2019-03-31": "109.13800", "2018-12-31": "143.78700", "2018-09-30": "119.98100", "2018-06-30": "101.03700", "2018-03-31": "86.97400", "2017-12-31": "-105.92500", "2017-09-30": "103.42000", "2017-06-30": "174.97600", "2017-03-31": "85.22100", "2016-12-31": "66.34500", "2016-09-30": "63.79400", "2016-06-30": "-223.54600", "2016-03-31": "49.98600", "2015-12-31": "-0.64200", "2015-09-30": "71.45300", "2015-06-30": "102.87900", "2015-03-31": "32.78700", "2014-12-31": "-103.81100", "2014-09-30": "82.94900", "2014-06-30": "101.20500", "2014-03-31": "0.92900", "2013-12-31": "22.34300", "2013-09-30": "69.45900", "2013-06-30": "66.55600", "2013-03-31": "6.58900", "2012-12-31": "-16.54300", "2012-09-30": "88.64100", "2012-06-30": "111.38700", "2012-03-31": "33.56400", "2011-12-31": "129.22900", "2011-09-30": "56.70600", "2011-06-30": "88.08400", "2011-03-31": "69.93800", "2010-12-31": "62.35900", "2010-09-30": "145.70400", "2010-06-30": "122.53000", "2010-03-31": "49.09900", "2009-12-31": "15.39800", "2009-09-30": "6.67500", "2009-06-30": "-66.76800", "2009-03-31": "-90.66800", "2008-12-31": "-384.98400", "2008-09-30": "-23.45700", "2008-06-30": "11.07900", "2008-03-31": "2.36700", "2007-12-31": "17.15300", "2007-09-30": "35.19800", "2007-06-30": "27.24600", "2007-03-31": "-7.71400", "2006-12-31": "12.73900", "2006-09-30": "66.32300", "2006-06-30": "84.18700", "2006-03-31": "44.91300", "2005-12-31": "86.42600", "2005-09-30": "-43.85300", "2005-06-30": "-50.77800", "2005-03-31": "-55.45100"}, "Other Income": {"2020-12-31": "", "2020-09-30": "", "2020-06-30": "", "2020-03-31": "", "2019-12-31": "", "2019-09-30": "", "2019-06-30": "", "2019-03-31": "", "2018-12-31": "", "2018-09-30": "", "2018-06-30": "", "2018-03-31": "", "2017-12-31": "", "2017-09-30": "", "2017-06-30": "", "2017-03-31": "", "2016-12-31": "", "2016-09-30": "", "2016-06-30": "", "2016-03-31": "", "2015-12-31": "", "2015-09-30": "", "2015-06-30": "", "2015-03-31": "", "2014-12-31": "", "2014-09-30": "", "2014-06-30": "", "2014-03-31": "", "2013-12-31": "", "2013-09-30": "", "2013-06-30": "", "2013-03-31": "", "2012-12-31": "", "2012-09-30": "", "2012-06-30": "", "2012-03-31": "", "2011-12-31": "", "2011-09-30": "", "2011-06-30": "", "2011-03-31": "", "2010-12-31": "", "2010-09-30": "", "2010-06-30": "", "2010-03-31": "", "2009-12-31": "", "2009-09-30": "", "2009-06-30": "", "2009-03-31": "", "2008-12-31": "", "2008-09-30": "", "2008-06-30": "", "2008-03-31": "", "2007-12-31": "", "2007-09-30": "", "2007-06-30": "", "2007-03-31": "", "2006-12-31": "", "2006-09-30": "", "2006-06-30": "", "2006-03-31": "", "2005-12-31": "", "2005-09-30": "", "2005-06-30": "", "2005-03-31": ""}, "Income From Continuous Operations": {"2020-12-31": "196.33000", "2020-09-30": "222.71800", "2020-06-30": "188.90800", "2020-03-31": "176.19100", "2019-12-31": "125.07300", "2019-09-30": "135.86000", "2019-06-30": "97.39700", "2019-03-31": "109.13800", "2018-12-31": "143.78700", "2018-09-30": "119.98100", "2018-06-30": "101.03700", "2018-03-31": "86.97400", "2017-12-31": "-105.92500", "2017-09-30": "103.42000", "2017-06-30": "174.97600", "2017-03-31": "85.22100", "2016-12-31": "66.34500", "2016-09-30": "63.79400", "2016-06-30": "-223.54600", "2016-03-31": "49.98600", "2015-12-31": "-0.64200", "2015-09-30": "71.45300", "2015-06-30": "102.87900", "2015-03-31": "32.78700", "2014-12-31": "-103.81100", "2014-09-30": "82.94900", "2014-06-30": "101.20500", "2014-03-31": "0.92900", "2013-12-31": "22.34300", "2013-09-30": "69.45900", "2013-06-30": "66.55600", "2013-03-31": "6.58900", "2012-12-31": "-16.54300", "2012-09-30": "88.64100", "2012-06-30": "111.38700", "2012-03-31": "33.56400", "2011-12-31": "129.22900", "2011-09-30": "56.70600", "2011-06-30": "88.08400", "2011-03-31": "69.93800", "2010-12-31": "62.35900", "2010-09-30": "145.70400", "2010-06-30": "122.53000", "2010-03-31": "49.09900", "2009-12-31": "15.39800", "2009-09-30": "6.67500", "2009-06-30": "-66.76800", "2009-03-31": "-90.66800", "2008-12-31": "-384.98400", "2008-09-30": "-23.45700", "2008-06-30": "11.07900", "2008-03-31": "2.36700", "2007-12-31": "17.15300", "2007-09-30": "35.19800", "2007-06-30": "27.24600", "2007-03-31": "-7.71400", "2006-12-31": "12.73900", "2006-09-30": "66.32300", "2006-06-30": "84.18700", "2006-03-31": "44.91300", "2005-12-31": "86.42600", "2005-09-30": "-43.85300", "2005-06-30": "-50.77800", "2005-03-31": "-55.45100"}, "Income From Discontinued Operations": {"2020-12-31": "", "2020-09-30": "", "2020-06-30": "", "2020-03-31": "", "2019-12-31": "", "2019-09-30": "", "2019-06-30": "", "2019-03-31": "", "2018-12-31": "", "2018-09-30": "", "2018-06-30": "", "2018-03-31": "", "2017-12-31": "", "2017-09-30": "", "2017-06-30": "", "2017-03-31": "", "2016-12-31": "", "2016-09-30": "", "2016-06-30": "", "2016-03-31": "", "2015-12-31": "", "2015-09-30": "", "2015-06-30": "", "2015-03-31": "", "2014-12-31": "", "2014-09-30": "", "2014-06-30": "", "2014-03-31": "", "2013-12-31": "", "2013-09-30": "", "2013-06-30": "", "2013-03-31": "", "2012-12-31": "", "2012-09-30": "", "2012-06-30": "", "2012-03-31": "", "2011-12-31": "-0.15800", "2011-09-30": "", "2011-06-30": "-0.83200", "2011-03-31": "26.90600", "2010-12-31": "2.87200", "2010-09-30": "1.63600", "2010-06-30": "-0.38100", "2010-03-31": "1.00100", "2009-12-31": "", "2009-09-30": "", "2009-06-30": "", "2009-03-31": "", "2008-12-31": "", "2008-09-30": "0.76800", "2008-06-30": "", "2008-03-31": "", "2007-12-31": "-0.44900", "2007-09-30": "5.79100", "2007-06-30": "0.40800", "2007-03-31": "0.07800", "2006-12-31": "-1.86500", "2006-09-30": "-5.75800", "2006-06-30": "-1.78200", "2006-03-31": "", "2005-12-31": "137.63600", "2005-09-30": "8.47500", "2005-06-30": "5.31400", "2005-03-31": "2.87900"}, "Net Income": {"2020-12-31": "196.33000", "2020-09-30": "222.71800", "2020-06-30": "188.90800", "2020-03-31": "176.19100", "2019-12-31": "125.07300", "2019-09-30": "135.86000", "2019-06-30": "97.39700", "2019-03-31": "109.13800", "2018-12-31": "143.78700", "2018-09-30": "119.98100", "2018-06-30": "101.03700", "2018-03-31": "86.97400", "2017-12-31": "-105.92500", "2017-09-30": "103.42000", "2017-06-30": "174.97600", "2017-03-31": "85.22100", "2016-12-31": "66.34500", "2016-09-30": "63.79400", "2016-06-30": "-223.54600", "2016-03-31": "49.98600", "2015-12-31": "-0.64200", "2015-09-30": "71.45300", "2015-06-30": "102.87900", "2015-03-31": "32.78700", "2014-12-31": "-103.81100", "2014-09-30": "82.94900", "2014-06-30": "101.20500", "2014-03-31": "0.92900", "2013-12-31": "22.34300", "2013-09-30": "69.45900", "2013-06-30": "66.55600", "2013-03-31": "6.58900", "2012-12-31": "-16.54300", "2012-09-30": "88.64100", "2012-06-30": "111.38700", "2012-03-31": "33.56400", "2011-12-31": "129.07100", "2011-09-30": "56.70600", "2011-06-30": "87.25200", "2011-03-31": "96.84400", "2010-12-31": "65.23100", "2010-09-30": "147.34000", "2010-06-30": "122.14900", "2010-03-31": "50.10000", "2009-12-31": "16.92400", "2009-09-30": "6.67500", "2009-06-30": "-66.76800", "2009-03-31": "-90.66800", "2008-12-31": "-384.98400", "2008-09-30": "-22.68900", "2008-06-30": "11.07900", "2008-03-31": "2.36700", "2007-12-31": "16.70400", "2007-09-30": "40.98900", "2007-06-30": "27.65400", "2007-03-31": "-7.63600", "2006-12-31": "10.87400", "2006-09-30": "60.56500", "2006-06-30": "82.40500", "2006-03-31": "44.91300", "2005-12-31": "224.06200", "2005-09-30": "-35.37800", "2005-06-30": "-45.46400", "2005-03-31": "-52.57200"}, "EBITDA": {"2020-12-31": "", "2020-09-30": "299.81000", "2020-06-30": "250.60800", "2020-03-31": "238.59800", "2019-12-31": "203.95210", "2019-09-30": "184.42000", "2019-06-30": "163.25900", "2019-03-31": "122.67800", "2018-12-31": "142.65500", "2018-09-30": "173.09900", "2018-06-30": "148.19300", "2018-03-31": "123.07400", "2017-12-31": "121.14390", "2017-09-30": "155.80200", "2017-06-30": "235.47600", "2017-03-31": "120.99600", "2016-12-31": "81.51400", "2016-09-30": "81.86500", "2016-06-30": "55.83110", "2016-03-31": "92.77500", "2015-12-31": "26.33390", "2015-09-30": "123.86900", "2015-06-30": "163.93100", "2015-03-31": "69.60800", "2014-12-31": "10.31690", "2014-09-30": "136.41700", "2014-06-30": "158.25800", "2014-03-31": "42.87200", "2013-12-31": "46.15600", "2013-09-30": "131.27000", "2013-06-30": "122.39500", "2013-03-31": "41.52500", "2012-12-31": "13.74090", "2012-09-30": "145.96800", "2012-06-30": "192.66000", "2012-03-31": "80.51300", "2011-12-31": "27.28200", "2011-09-30": "84.28700", "2011-06-30": "122.88500", "2011-03-31": "103.72500", "2010-12-31": "82.35610", "2010-09-30": "181.44800", "2010-06-30": "160.52500", "2010-03-31": "84.12400", "2009-12-31": "47.29690", "2009-09-30": "36.14400", "2009-06-30": "-35.96200", "2009-03-31": "-67.92200", "2008-12-31": "-27.11980", "2008-09-30": "5.90100", "2008-06-30": "40.09800", "2008-03-31": "24.81500", "2007-12-31": "23.11120", "2007-09-30": "48.37200", "2007-06-30": "37.68600", "2007-03-31": "-0.38900", "2006-12-31": "20.35500", "2006-09-30": "85.57800", "2006-06-30": "103.25200", "2006-03-31": "66.90000", "2005-12-31": "72.94100", "2005-09-30": "-15.68600", "2005-06-30": "-20.18500", "2005-03-31": "-31.75700"}, "EBIT": {"2020-12-31": "234.08000", "2020-09-30": "269.66100", "2020-06-30": "217.94900", "2020-03-31": "206.71800", "2019-12-31": "171.65420", "2019-09-30": "154.92100", "2019-06-30": "133.99400", "2019-03-31": "93.08500", "2018-12-31": "112.27000", "2018-09-30": "143.59300", "2018-06-30": "120.40000", "2018-03-31": "97.53400", "2017-12-31": "94.62490", "2017-09-30": "129.13200", "2017-06-30": "207.80300", "2017-03-31": "93.78300", "2016-12-31": "56.21700", "2016-09-30": "56.50100", "2016-06-30": "-231.80100", "2016-03-31": "56.11300", "2015-12-31": "-9.74910", "2015-09-30": "86.80400", "2015-06-30": "130.79000", "2015-03-31": "35.12400", "2014-12-31": "-126.17010", "2014-09-30": "98.23800", "2014-06-30": "120.66700", "2014-03-31": "3.68800", "2013-12-31": "6.83690", "2013-09-30": "93.50600", "2013-06-30": "85.90800", "2013-03-31": "4.40800", "2012-12-31": "-24.59510", "2012-09-30": "108.11200", "2012-06-30": "157.44100", "2012-03-31": "46.41000", "2011-12-31": "-10.13500", "2011-09-30": "61.48400", "2011-06-30": "99.83600", "2011-03-31": "80.31300", "2010-12-31": "62.91900", "2010-09-30": "156.87700", "2010-06-30": "136.14700", "2010-03-31": "58.99400", "2009-12-31": "21.85200", "2009-09-30": "8.77200", "2009-06-30": "-62.06300", "2009-03-31": "-93.41500", "2008-12-31": "-379.57980", "2008-09-30": "-17.27600", "2008-06-30": "14.73100", "2008-03-31": "1.38500", "2007-12-31": "6.86920", "2007-09-30": "31.98800", "2007-06-30": "21.09800", "2007-03-31": "-18.67000", "2006-12-31": "2.97490", "2006-09-30": "67.25400", "2006-06-30": "85.41800", "2006-03-31": "47.35600", "2005-12-31": "56.57300", "2005-09-30": "-40.97800", "2005-06-30": "-46.15800", "2005-03-31": "-54.38400"}, "Basic Shares Outstanding": {"2020-12-31": "166.08500", "2020-09-30": "166.01400", "2020-06-30": "165.78900", "2020-03-31": "166.58900", "2019-12-31": "170.42500", "2019-09-30": "169.64100", "2019-06-30": "171.24100", "2019-03-31": "173.53200", "2018-12-31": "187.67200", "2018-09-30": "185.74400", "2018-06-30": "190.73000", "2018-03-31": "195.25500", "2017-12-31": "198.06900", "2017-09-30": "197.48500", "2017-06-30": "198.77400", "2017-03-31": "200.00500", "2016-12-31": "202.57800", "2016-09-30": "202.21100", "2016-06-30": "203.01800", "2016-03-31": "204.27100", "2015-12-31": "211.54400", "2015-09-30": "210.03200", "2015-06-30": "213.84500", "2015-03-31": "217.18700", "2014-12-31": "202.90800", "2014-09-30": "207.38100", "2014-06-30": "194.40800", "2014-03-31": "193.31100", "2013-12-31": "190.77200", "2013-09-30": "191.30700", "2013-06-30": "190.56900", "2013-03-31": "189.68600", "2012-12-31": "186.87800", "2012-09-30": "187.36400", "2012-06-30": "186.57300", "2012-03-31": "185.83800", "2011-12-31": "184.68300", "2011-09-30": "185.10200", "2011-06-30": "185.36700", "2011-03-31": "184.72000", "2010-12-31": "179.92400", "2010-09-30": "181.23900", "2010-06-30": "179.99000", "2010-03-31": "176.86700", "2009-12-31": "173.60400", "2009-09-30": "174.49500", "2009-06-30": "173.02200", "2009-03-31": "172.13000", "2008-12-31": "170.59300", "2008-09-30": "168.76900", "2008-06-30": "170.64400", "2008-03-31": "173.76200", "2007-12-31": "184.02000", "2007-09-30": "183.56600", "2007-06-30": "189.39100", "2007-03-31": "189.62500", "2006-12-31": "194.72900", "2006-09-30": "193.56300", "2006-06-30": "198.24300", "2006-03-31": "198.01700", "2005-12-31": "196.28300", "2005-09-30": "196.83500", "2005-06-30": "195.75700", "2005-03-31": "195.61900"}, "Shares Outstanding": {"2020-12-31": "186.83700", "2020-09-30": "184.33800", "2020-06-30": "180.25700", "2020-03-31": "180.73600", "2019-12-31": "179.45900", "2019-09-30": "180.49400", "2019-06-30": "178.59000", "2019-03-31": "176.97200", "2018-12-31": "192.60500", "2018-09-30": "190.50500", "2018-06-30": "194.90900", "2018-03-31": "203.48400", "2017-12-31": "201.64100", "2017-09-30": "200.77500", "2017-06-30": "201.52900", "2017-03-31": "201.93600", "2016-12-31": "202.57800", "2016-09-30": "203.92900", "2016-06-30": "203.01800", "2016-03-31": "205.73200", "2015-12-31": "213.32100", "2015-09-30": "211.73600", "2015-06-30": "215.49600", "2015-03-31": "218.81200", "2014-12-31": "222.55000", "2014-09-30": "218.33300", "2014-06-30": "216.56800", "2014-03-31": "236.48400", "2013-12-31": "235.59900", "2013-09-30": "235.82800", "2013-06-30": "234.90900", "2013-03-31": "234.75700", "2012-12-31": "230.24600", "2012-09-30": "229.21000", "2012-06-30": "229.64600", "2012-03-31": "231.15300", "2011-12-31": "226.82000", "2011-09-30": "221.89200", "2011-06-30": "230.45200", "2011-03-31": "232.08000", "2010-12-31": "226.80700", "2010-09-30": "229.38900", "2010-06-30": "231.54100", "2010-03-31": "226.27700", "2009-12-31": "173.60400", "2009-09-30": "180.79200", "2009-06-30": "173.02200", "2009-03-31": "172.13000", "2008-12-31": "170.59300", "2008-09-30": "168.76900", "2008-06-30": "174.09600", "2008-03-31": "175.72200", "2007-12-31": "185.37400", "2007-09-30": "185.29800", "2007-06-30": "191.40500", "2007-03-31": "189.62500", "2006-12-31": "204.41400", "2006-09-30": "204.55100", "2006-06-30": "210.35600", "2006-03-31": "199.55500", "2005-12-31": "196.28300", "2005-09-30": "196.83500", "2005-06-30": "195.75700", "2005-03-31": "195.61900"}, "Basic EPS": {"2020-12-31": "1.18000", "2020-09-30": "1.34000", "2020-06-30": "1.14000", "2020-03-31": "1.06000", "2019-12-31": "0.74000", "2019-09-30": "0.80000", "2019-06-30": "0.57000", "2019-03-31": "0.63000", "2018-12-31": "0.78000", "2018-09-30": "0.65000", "2018-06-30": "0.53000", "2018-03-31": "0.45000", "2017-12-31": "-0.53000", "2017-09-30": "0.52000", "2017-06-30": "0.88000", "2017-03-31": "0.43000", "2016-12-31": "0.33000", "2016-09-30": "0.32000", "2016-06-30": "-1.10000", "2016-03-31": "0.24000", "2015-12-31": "0.01000", "2015-09-30": "0.34000", "2015-06-30": "0.48000", "2015-03-31": "0.15000", "2014-12-31": "-0.52000", "2014-09-30": "0.40000", "2014-06-30": "0.52000", "2014-03-31": "0.00000", "2013-12-31": "0.12000", "2013-09-30": "0.36000", "2013-06-30": "0.35000", "2013-03-31": "0.03000", "2012-12-31": "-0.09000", "2012-09-30": "0.47000", "2012-06-30": "0.60000", "2012-03-31": "0.18000", "2011-12-31": "0.70000", "2011-09-30": "0.31000", "2011-06-30": "0.47000", "2011-03-31": "0.52000", "2010-12-31": "0.37000", "2010-09-30": "0.81000", "2010-06-30": "0.68000", "2010-03-31": "0.28000", "2009-12-31": "0.11000", "2009-09-30": "0.04000", "2009-06-30": "-0.39000", "2009-03-31": "-0.53000", "2008-12-31": "-2.25000", "2008-09-30": "-0.13000", "2008-06-30": "0.06000", "2008-03-31": "0.01000", "2007-12-31": "0.09000", "2007-09-30": "0.22000", "2007-06-30": "0.15000", "2007-03-31": "-0.04000", "2006-12-31": "0.06000", "2006-09-30": "0.31000", "2006-06-30": "0.42000", "2006-03-31": "0.23000", "2005-12-31": "1.14000", "2005-09-30": "-0.18000", "2005-06-30": "-0.23000", "2005-03-31": "-0.27000"}, "EPS - Earnings Per Share": {"2020-12-31": "1.05000", "2020-09-30": "1.21000", "2020-06-30": "1.05000", "2020-03-31": "0.97000", "2019-12-31": "0.68000", "2019-09-30": "0.75000", "2019-06-30": "0.55000", "2019-03-31": "0.62000", "2018-12-31": "0.77000", "2018-09-30": "0.63000", "2018-06-30": "0.52000", "2018-03-31": "0.43000", "2017-12-31": "-0.53000", "2017-09-30": "0.52000", "2017-06-30": "0.87000", "2017-03-31": "0.42000", "2016-12-31": "0.34000", "2016-09-30": "0.31000", "2016-06-30": "-1.10000", "2016-03-31": "0.24000", "2015-12-31": "0.00000", "2015-09-30": "0.34000", "2015-06-30": "0.48000", "2015-03-31": "0.15000", "2014-12-31": "-0.48000", "2014-09-30": "0.38000", "2014-06-30": "0.47000", "2014-03-31": "0.00000", "2013-12-31": "0.10000", "2013-09-30": "0.29000", "2013-06-30": "0.28000", "2013-03-31": "0.03000", "2012-12-31": "-0.09000", "2012-09-30": "0.39000", "2012-06-30": "0.49000", "2012-03-31": "0.15000", "2011-12-31": "0.57000", "2011-09-30": "0.26000", "2011-06-30": "0.38000", "2011-03-31": "0.42000", "2010-12-31": "0.30000", "2010-09-30": "0.66000", "2010-06-30": "0.55000", "2010-03-31": "0.24000", "2009-12-31": "0.11000", "2009-09-30": "0.04000", "2009-06-30": "-0.39000", "2009-03-31": "-0.53000", "2008-12-31": "-2.25000", "2008-09-30": "-0.13000", "2008-06-30": "0.06000", "2008-03-31": "0.01000", "2007-12-31": "0.10000", "2007-09-30": "0.22000", "2007-06-30": "0.14000", "2007-03-31": "-0.04000", "2006-12-31": "0.07000", "2006-09-30": "0.31000", "2006-06-30": "0.40000", "2006-03-31": "0.23000", "2005-12-31": "1.14000", "2005-09-30": "-0.18000", "2005-06-30": "-0.23000", "2005-03-31": "-0.27000"}}, "balance sheet": {"Cash On Hand": {"2020-12-31": "1436.40100", "2019-12-31": "911.22700", "2018-12-31": "1116.84800", "2017-12-31": "1777.82200", "2016-12-31": "1178.90800", "2015-12-31": "742.40100", "2014-12-31": "828.04300", "2013-12-31": "928.52000", "2012-12-31": "770.43600", "2011-12-31": "670.23800", "2010-12-31": "806.79800", "2009-12-31": "463.67000", "2008-12-31": "322.70500", "2007-12-31": "637.96400", "2006-12-31": "615.79100", "2005-12-31": "694.74100"}, "Receivables": {"2020-12-31": "497.50600", "2019-12-31": "362.36800", "2018-12-31": "291.26700", "2017-12-31": "272.78300", "2016-12-31": "192.44400", "2015-12-31": "211.29300", "2014-12-31": "151.03400", "2013-12-31": "157.64200", "2012-12-31": "153.42300", "2011-12-31": "129.33000", "2010-12-31": "168.75600", "2009-12-31": "125.23600", "2008-12-31": "109.62500", "2007-12-31": "189.48700", "2006-12-31": "155.77000", "2005-12-31": "232.46200"}, "Inventory": {"2020-12-31": "222.18900", "2019-12-31": "196.69100", "2018-12-31": "153.54100", "2017-12-31": "107.52500", "2016-12-31": "135.95800", "2015-12-31": "153.58800", "2014-12-31": "105.12900", "2013-12-31": "137.93900", "2012-12-31": "139.41000", "2011-12-31": "160.06300", "2010-12-31": "116.84100", "2009-12-31": "90.83600", "2008-12-31": "168.45100", "2007-12-31": "80.31300", "2006-12-31": "92.81300", "2005-12-31": "142.70600"}, "Pre-Paid Expenses": {"2020-12-31": "259.33800", "2019-12-31": "188.59800", "2018-12-31": "170.82600", "2017-12-31": "112.15100", "2016-12-31": "116.49300", "2015-12-31": "91.51900", "2014-12-31": "95.81900", "2013-12-31": "136.37400", "2012-12-31": "90.93100", "2011-12-31": "86.30800", "2010-12-31": "52.78000", "2009-12-31": "63.60600", "2008-12-31": "67.29200", "2007-12-31": "37.16900", "2006-12-31": "21.52700", "2005-12-31": "25.03300"}, "Other Current Assets": {"2020-12-31": "", "2019-12-31": "", "2018-12-31": "", "2017-12-31": "", "2016-12-31": "", "2015-12-31": "6.19400", "2014-12-31": "6.58200", "2013-12-31": "7.32400", "2012-12-31": "4.55600", "2011-12-31": "", "2010-12-31": "", "2009-12-31": "", "2008-12-31": "", "2007-12-31": "", "2006-12-31": "", "2005-12-31": ""}, "Total Current Assets": {"2020-12-31": "2415.43400", "2019-12-31": "1658.88400", "2018-12-31": "1732.48200", "2017-12-31": "2270.28100", "2016-12-31": "1623.80300", "2015-12-31": "1259.96800", "2014-12-31": "1243.84600", "2013-12-31": "1440.27700", "2012-12-31": "1236.06100", "2011-12-31": "1099.88700", "2010-12-31": "1176.61800", "2009-12-31": "762.29200", "2008-12-31": "685.06100", "2007-12-31": "944.93300", "2006-12-31": "889.41000", "2005-12-31": "1094.94200"}, "Property, Plant, And Equipment": {"2020-12-31": "394.80000", "2019-12-31": "320.21600", "2018-12-31": "279.82100", "2017-12-31": "268.44700", "2016-12-31": "253.82100", "2015-12-31": "273.41400", "2014-12-31": "329.03800", "2013-12-31": "275.23600", "2012-12-31": "265.78200", "2011-12-31": "232.20700", "2010-12-31": "231.10800", "2009-12-31": "246.36200", "2008-12-31": "298.44900", "2007-12-31": "352.70700", "2006-12-31": "365.52100", "2005-12-31": "421.28600"}, "Long-Term Investments": {"2020-12-31": "117.98000", "2019-12-31": "104.49000", "2018-12-31": "87.73100", "2017-12-31": "125.92600", "2016-12-31": "433.84300", "2015-12-31": "265.92800", "2014-12-31": "470.78900", "2013-12-31": "271.07800", "2012-12-31": "235.87200", "2011-12-31": "84.40700", "2010-12-31": "248.69600", "2009-12-31": "55.13000", "2008-12-31": "51.61300", "2007-12-31": "104.97800", "2006-12-31": "328.82700", "2005-12-31": "232.95200"}, "Goodwill And Intangible Assets": {"2020-12-31": "554.79800", "2019-12-31": "541.91100", "2018-12-31": "507.33200", "2017-12-31": "331.09900", "2016-12-31": "323.74400", "2015-12-31": "728.24400", "2014-12-31": "464.03800", "2013-12-31": "614.08300", "2012-12-31": "668.13900", "2011-12-31": "745.75310", "2010-12-31": "122.94100", "2009-12-31": "152.19200", "2008-12-31": "186.99800", "2007-12-31": "75.13900", "2006-12-31": "104.96600", "2005-12-31": "104.68400"}, "Other Long-Term Assets": {"2020-12-31": "26.85200", "2019-12-31": "28.78900", "2018-12-31": "28.39200", "2017-12-31": "29.76600", "2016-12-31": "19.87700", "2015-12-31": "13.71600", "2014-12-31": "23.31500", "2013-12-31": "23.93300", "2012-12-31": "18.11900", "2011-12-31": "26.38500", "2010-12-31": "30.52300", "2009-12-31": "19.36100", "2008-12-31": "19.53400", "2007-12-31": "77.53100", "2006-12-31": "31.50300", "2005-12-31": "5.86800"}, "Total Long-Term Assets": {"2020-12-31": "1236.91200", "2019-12-31": "1128.13000", "2018-12-31": "974.12410", "2017-12-31": "839.26400", "2016-12-31": "1138.69000", "2015-12-31": "1288.70600", "2014-12-31": "1294.67400", "2013-12-31": "1189.54700", "2012-12-31": "1193.28400", "2011-12-31": "1088.75200", "2010-12-31": "633.73700", "2009-12-31": "473.04500", "2008-12-31": "556.59400", "2007-12-31": "610.35500", "2006-12-31": "831.64500", "2005-12-31": "764.79000"}, "Total Assets": {"2020-12-31": "3652.34600", "2019-12-31": "2787.01400", "2018-12-31": "2706.60600", "2017-12-31": "3109.54500", "2016-12-31": "2762.49300", "2015-12-31": "2548.67400", "2014-12-31": "2538.52000", "2013-12-31": "2629.82400", "2012-12-31": "2429.34500", "2011-12-31": "2188.63900", "2010-12-31": "1810.35500", "2009-12-31": "1235.33700", "2008-12-31": "1241.65500", "2007-12-31": "1555.28800", "2006-12-31": "1721.05500", "2005-12-31": "1859.73200"}, "Total Current Liabilities": {"2020-12-31": "700.87100", "2019-12-31": "539.02900", "2018-12-31": "476.28700", "2017-12-31": "454.33600", "2016-12-31": "372.69600", "2015-12-31": "372.85700", "2014-12-31": "291.55100", "2013-12-31": "475.63200", "2012-12-31": "297.82800", "2011-12-31": "373.68400", "2010-12-31": "363.70400", "2009-12-31": "283.35700", "2008-12-31": "366.96300", "2007-12-31": "223.23400", "2006-12-31": "259.71600", "2005-12-31": "515.49500"}, "Long Term Debt": {"2020-12-31": "376.76800", "2019-12-31": "", "2018-12-31": "", "2017-12-31": "365.98700", "2016-12-31": "352.66900", "2015-12-31": "", "2014-12-31": "", "2013-12-31": "", "2012-12-31": "171.05900", "2011-12-31": "159.95600", "2010-12-31": "150.18200", "2009-12-31": "141.10000", "2008-12-31": "", "2007-12-31": "", "2006-12-31": "", "2005-12-31": ""}, "Other Non-Current Liabilities": {"2020-12-31": "105.29600", "2019-12-31": "527.46300", "2018-12-31": "537.09700", "2017-12-31": "178.95300", "2016-12-31": "65.92400", "2015-12-31": "54.09200", "2014-12-31": "16.28500", "2013-12-31": "23.13900", "2012-12-31": "21.30200", "2011-12-31": "23.71100", "2010-12-31": "19.44800", "2009-12-31": "20.84100", "2008-12-31": "30.36600", "2007-12-31": "22.49200", "2006-12-31": "18.35200", "2005-12-31": "21.34700"}, "Total Long Term Liabilities": {"2020-12-31": "744.45700", "2019-12-31": "767.82700", "2018-12-31": "707.96500", "2017-12-31": "701.56300", "2016-12-31": "561.13800", "2015-12-31": "210.03100", "2014-12-31": "167.98900", "2013-12-31": "169.09800", "2012-12-31": "353.16200", "2011-12-31": "309.89500", "2010-12-31": "324.46300", "2009-12-31": "287.40100", "2008-12-31": "164.97300", "2007-12-31": "102.88000", "2006-12-31": "100.15200", "2005-12-31": "101.57100"}, "Total Liabilities": {"2020-12-31": "1445.32800", "2019-12-31": "1306.85600", "2018-12-31": "1184.25200", "2017-12-31": "1155.89900", "2016-12-31": "933.83400", "2015-12-31": "582.88800", "2014-12-31": "459.54000", "2013-12-31": "644.73000", "2012-12-31": "650.99000", "2011-12-31": "683.57900", "2010-12-31": "688.16700", "2009-12-31": "570.75800", "2008-12-31": "531.93600", "2007-12-31": "326.11400", "2006-12-31": "359.86800", "2005-12-31": "617.06600"}, "Common Stock Net": {"2020-12-31": "", "2019-12-31": "20.80100", "2018-12-31": "21.94000", "2017-12-31": "24.44400", "2016-12-31": "24.89700", "2015-12-31": "25.45500", "2014-12-31": "27.07700", "2013-12-31": "23.96600", "2012-12-31": "23.48800", "2011-12-31": "22.94800", "2010-12-31": "22.75500", "2009-12-31": "21.86400", "2008-12-31": "21.20600", "2007-12-31": "21.63600", "2006-12-31": "23.61900", "2005-12-31": "24.62600"}, "Retained Earnings (Accumulated Deficit)": {"2020-12-31": "", "2019-12-31": "-241.91800", "2018-12-31": "-158.19100", "2017-12-31": "272.01300", "2016-12-31": "230.29200", "2015-12-31": "467.82800", "2014-12-31": "610.07900", "2013-12-31": "566.23200", "2012-12-31": "401.28500", "2011-12-31": "184.23600", "2010-12-31": "-41.87600", "2009-12-31": "-421.60600", "2008-12-31": "-287.76900", "2007-12-31": "148.12500", "2006-12-31": "224.86200", "2005-12-31": "96.50200"}, "Comprehensive Income": {"2020-12-31": "", "2019-12-31": "-18.85400", "2018-12-31": "-13.04000", "2017-12-31": "18.77600", "2016-12-31": "-20.21400", "2015-12-31": "-8.14400", "2014-12-31": "4.68900", "2013-12-31": "4.00000", "2012-12-31": "5.82000", "2011-12-31": "4.74600", "2010-12-31": "-128.21600", "2009-12-31": "-138.10500", "2008-12-31": "-148.10800", "2007-12-31": "-46.02800", "2006-12-31": "", "2005-12-31": "-78.34800"}, "Other Share Holders Equity": {"2020-12-31": "", "2019-12-31": "", "2018-12-31": "", "2017-12-31": "", "2016-12-31": "", "2015-12-31": "", "2014-12-31": "", "2013-12-31": "", "2012-12-31": "", "2011-12-31": "", "2010-12-31": "", "2009-12-31": "", "2008-12-31": "", "2007-12-31": "", "2006-12-31": "", "2005-12-31": ""}, "Share Holder Equity": {"2020-12-31": "2207.01800", "2019-12-31": "1480.15800", "2018-12-31": "1522.35400", "2017-12-31": "1953.64600", "2016-12-31": "1828.65900", "2015-12-31": "1965.78600", "2014-12-31": "2078.98000", "2013-12-31": "1985.09400", "2012-12-31": "1778.35500", "2011-12-31": "1505.06000", "2010-12-31": "1122.18800", "2009-12-31": "664.57900", "2008-12-31": "709.71900", "2007-12-31": "1229.17400", "2006-12-31": "1361.18700", "2005-12-31": "1242.66600"}, "Total Liabilities And Share Holders Equity": {"2020-12-31": "3652.34600", "2019-12-31": "2787.01400", "2018-12-31": "2706.60600", "2017-12-31": "3109.54500", "2016-12-31": "2762.49300", "2015-12-31": "2548.67400", "2014-12-31": "2538.52000", "2013-12-31": "2629.82400", "2012-12-31": "2429.34500", "2011-12-31": "2188.63900", "2010-12-31": "1810.35500", "2009-12-31": "1235.33700", "2008-12-31": "1241.65500", "2007-12-31": "1555.28800", "2006-12-31": "1721.05500", "2005-12-31": "1859.73200"}}, "balance sheet, quarterly": {"Cash On Hand": {"2020-12-31": "1436.40100", "2020-09-30": "1232.96900", "2020-06-30": "955.22200", "2020-03-31": "804.49500", "2019-12-31": "911.22700", "2019-09-30": "936.47710", "2019-06-30": "895.33400", "2019-03-31": "904.81600", "2018-12-31": "1116.84800", "2018-09-30": "1232.42900", "2018-06-30": "1192.69300", "2018-03-31": "1498.39900", "2017-12-31": "1777.82200", "2017-09-30": "1636.50700", "2017-06-30": "1407.68700", "2017-03-31": "1220.32400", "2016-12-31": "1178.90800", "2016-09-30": "896.43800", "2016-06-30": "823.24900", "2016-03-31": "729.36100", "2015-12-31": "742.40100", "2015-09-30": "819.59800", "2015-06-30": "752.72500", "2015-03-31": "868.16400", "2014-12-31": "828.04300", "2014-09-30": "806.50500", "2014-06-30": "743.06400", "2014-03-31": "694.77600", "2013-12-31": "928.52000", "2013-09-30": "957.20200", "2013-06-30": "728.74900", "2013-03-31": "710.00000", "2012-12-31": "770.43600", "2012-09-30": "830.54200", "2012-06-30": "695.00310", "2012-03-31": "620.61900", "2011-12-31": "670.23800", "2011-09-30": "1191.69900", "2011-06-30": "909.34000", "2011-03-31": "855.84200", "2010-12-31": "806.79800", "2010-09-30": "697.79600", "2010-06-30": "565.77400", "2010-03-31": "460.47300", "2009-12-31": "463.67000", "2009-09-30": "412.47600", "2009-06-30": "334.08100", "2009-03-31": "279.05700", "2008-12-31": "322.70500", "2008-09-30": "308.07500", "2008-06-30": "305.87400", "2008-03-31": "354.59000", "2007-12-31": "637.96400", "2007-09-30": "616.25400", "2007-06-30": "580.34900", "2007-03-31": "482.24300", "2006-12-31": "615.79100", "2006-09-30": "820.08400", "2006-06-30": "617.18100", "2006-03-31": "644.00800", "2005-12-31": "694.74100", "2005-09-30": "321.63600", "2005-06-30": "272.28400", "2005-03-31": "237.46700"}, "Receivables": {"2020-12-31": "497.50600", "2020-09-30": "587.24300", "2020-06-30": "694.52100", "2020-03-31": "487.36500", "2019-12-31": "362.36800", "2019-09-30": "357.88600", "2019-06-30": "372.19900", "2019-03-31": "333.84000", "2018-12-31": "291.26700", "2018-09-30": "352.47600", "2018-06-30": "454.12200", "2018-03-31": "413.97800", "2017-12-31": "272.78300", "2017-09-30": "268.06800", "2017-06-30": "405.94600", "2017-03-31": "314.96200", "2016-12-31": "192.44400", "2016-09-30": "163.21300", "2016-06-30": "349.54700", "2016-03-31": "253.97600", "2015-12-31": "211.29300", "2015-09-30": "245.23300", "2015-06-30": "296.65400", "2015-03-31": "175.78300", "2014-12-31": "151.03400", "2014-09-30": "321.31200", "2014-06-30": "300.76700", "2014-03-31": "216.52400", "2013-12-31": "157.64200", "2013-09-30": "209.38600", "2013-06-30": "228.20800", "2013-03-31": "166.61400", "2012-12-31": "153.42300", "2012-09-30": "205.46400", "2012-06-30": "346.12400", "2012-03-31": "221.54700", "2011-12-31": "129.33000", "2011-09-30": "143.52300", "2011-06-30": "207.82300", "2011-03-31": "186.25400", "2010-12-31": "168.75600", "2010-09-30": "306.52200", "2010-06-30": "248.01800", "2010-03-31": "178.74000", "2009-12-31": "125.23600", "2009-09-30": "139.69300", "2009-06-30": "73.91400", "2009-03-31": "110.21500", "2008-12-31": "109.62500", "2008-09-30": "193.87000", "2008-06-30": "212.45800", "2008-03-31": "201.90600", "2007-12-31": "189.48700", "2007-09-30": "231.56100", "2007-06-30": "211.46100", "2007-03-31": "169.41000", "2006-12-31": "155.77000", "2006-09-30": "231.77900", "2006-06-30": "276.96200", "2006-03-31": "259.20100", "2005-12-31": "232.46200", "2005-09-30": "269.28300", "2005-06-30": "235.27500", "2005-03-31": "218.63500"}, "Inventory": {"2020-12-31": "222.18900", "2020-09-30": "191.31700", "2020-06-30": "206.08800", "2020-03-31": "182.97800", "2019-12-31": "196.69100", "2019-09-30": "178.20300", "2019-06-30": "164.46100", "2019-03-31": "161.34200", "2018-12-31": "153.54100", "2018-09-30": "154.70500", "2018-06-30": "135.55000", "2018-03-31": "131.85700", "2017-12-31": "107.52500", "2017-09-30": "125.18300", "2017-06-30": "153.64500", "2017-03-31": "203.27800", "2016-12-31": "135.95800", "2016-09-30": "115.06600", "2016-06-30": "129.27800", "2016-03-31": "160.68700", "2015-12-31": "153.58800", "2015-09-30": "128.43200", "2015-06-30": "121.81700", "2015-03-31": "121.05100", "2014-12-31": "105.12900", "2014-09-30": "108.37700", "2014-06-30": "126.87400", "2014-03-31": "137.43400", "2013-12-31": "137.93900", "2013-09-30": "123.03200", "2013-06-30": "128.20400", "2013-03-31": "149.05800", "2012-12-31": "139.41000", "2012-09-30": "134.75700", "2012-06-30": "137.89800", "2012-03-31": "138.23000", "2011-12-31": "160.06300", "2011-09-30": "133.33900", "2011-06-30": "141.51800", "2011-03-31": "129.69200", "2010-12-31": "116.84100", "2010-09-30": "102.84800", "2010-06-30": "83.82000", "2010-03-31": "84.19500", "2009-12-31": "90.83600", "2009-09-30": "111.97000", "2009-06-30": "126.68900", "2009-03-31": "165.34900", "2008-12-31": "168.45100", "2008-09-30": "120.64700", "2008-06-30": "118.44100", "2008-03-31": "103.69200", "2007-12-31": "80.31300", "2007-09-30": "91.85200", "2007-06-30": "88.04300", "2007-03-31": "81.80300", "2006-12-31": "92.81300", "2006-09-30": "96.27600", "2006-06-30": "111.50300", "2006-03-31": "115.65800", "2005-12-31": "142.70600", "2005-09-30": "222.19000", "2005-06-30": "257.61900", "2005-03-31": "256.57800"}, "Pre-Paid Expenses": {"2020-12-31": "259.33800", "2020-09-30": "232.10300", "2020-06-30": "238.17600", "2020-03-31": "227.74000", "2019-12-31": "188.59800", "2019-09-30": "182.01300", "2019-06-30": "184.83200", "2019-03-31": "194.04400", "2018-12-31": "170.82600", "2018-09-30": "139.78500", "2018-06-30": "111.82000", "2018-03-31": "112.19100", "2017-12-31": "112.15100", "2017-09-30": "105.30900", "2017-06-30": "105.96000", "2017-03-31": "106.98700", "2016-12-31": "116.49300", "2016-09-30": "104.07800", "2016-06-30": "103.13100", "2016-03-31": "95.18500", "2015-12-31": "91.51900", "2015-09-30": "80.77900", "2015-06-30": "80.24900", "2015-03-31": "92.48400", "2014-12-31": "95.81900", "2014-09-30": "88.73200", "2014-06-30": "110.47300", "2014-03-31": "131.48400", "2013-12-31": "136.37400", "2013-09-30": "109.10700", "2013-06-30": "113.25300", "2013-03-31": "97.90900", "2012-12-31": "90.93100", "2012-09-30": "81.98700", "2012-06-30": "80.89500", "2012-03-31": "83.99400", "2011-12-31": "86.30800", "2011-09-30": "64.08700", "2011-06-30": "61.94600", "2011-03-31": "56.37500", "2010-12-31": "52.78000", "2010-09-30": "60.92000", "2010-06-30": "47.99400", "2010-03-31": "43.89300", "2009-12-31": "63.60600", "2009-09-30": "60.34800", "2009-06-30": "51.78100", "2009-03-31": "61.40100", "2008-12-31": "67.29200", "2008-09-30": "44.08800", "2008-06-30": "39.80500", "2008-03-31": "73.90600", "2007-12-31": "37.16900", "2007-09-30": "31.34500", "2007-06-30": "24.31400", "2007-03-31": "21.30900", "2006-12-31": "21.52700", "2006-09-30": "23.57400", "2006-06-30": "32.25800", "2006-03-31": "31.80200", "2005-12-31": "25.03300", "2005-09-30": "32.67500", "2005-06-30": "34.11600", "2005-03-31": "40.41200"}, "Other Current Assets": {"2020-12-31": "", "2020-09-30": "", "2020-06-30": "", "2020-03-31": "", "2019-12-31": "", "2019-09-30": "", "2019-06-30": "", "2019-03-31": "", "2018-12-31": "", "2018-09-30": "", "2018-06-30": "", "2018-03-31": "", "2017-12-31": "", "2017-09-30": "5.02100", "2017-06-30": "6.78700", "2017-03-31": "8.60200", "2016-12-31": "", "2016-09-30": "6.39300", "2016-06-30": "7.68100", "2016-03-31": "3.51300", "2015-12-31": "6.19400", "2015-09-30": "4.13500", "2015-06-30": "6.59600", "2015-03-31": "6.95900", "2014-12-31": "6.58200", "2014-09-30": "7.30400", "2014-06-30": "4.98900", "2014-03-31": "12.24900", "2013-12-31": "7.32400", "2013-09-30": "11.87300", "2013-06-30": "", "2013-03-31": "", "2012-12-31": "4.55600", "2012-09-30": "", "2012-06-30": "", "2012-03-31": "", "2011-12-31": "", "2011-09-30": "", "2011-06-30": "", "2011-03-31": "", "2010-12-31": "", "2010-09-30": "", "2010-06-30": "", "2010-03-31": "", "2009-12-31": "", "2009-09-30": "", "2009-06-30": "", "2009-03-31": "", "2008-12-31": "", "2008-09-30": "", "2008-06-30": "", "2008-03-31": "", "2007-12-31": "", "2007-09-30": "", "2007-06-30": "", "2007-03-31": "", "2006-12-31": "", "2006-09-30": "", "2006-06-30": "", "2006-03-31": "", "2005-12-31": "", "2005-09-30": "", "2005-06-30": "", "2005-03-31": ""}, "Total Current Assets": {"2020-12-31": "2415.43400", "2020-09-30": "2243.63200", "2020-06-30": "2094.00700", "2020-03-31": "1702.57800", "2019-12-31": "1658.88400", "2019-09-30": "1654.57900", "2019-06-30": "1616.82600", "2019-03-31": "1594.04200", "2018-12-31": "1732.48200", "2018-09-30": "1879.39500", "2018-06-30": "1894.18500", "2018-03-31": "2156.42500", "2017-12-31": "2270.28100", "2017-09-30": "2140.08800", "2017-06-30": "2080.02500", "2017-03-31": "1854.15300", "2016-12-31": "1623.80300", "2016-09-30": "1285.18800", "2016-06-30": "1412.88600", "2016-03-31": "1242.72200", "2015-12-31": "1259.96800", "2015-09-30": "1336.65700", "2015-06-30": "1316.38600", "2015-03-31": "1321.15600", "2014-12-31": "1243.84600", "2014-09-30": "1401.02100", "2014-06-30": "1354.62700", "2014-03-31": "1261.24700", "2013-12-31": "1440.27700", "2013-09-30": "1494.38000", "2013-06-30": "1282.20300", "2013-03-31": "1207.45000", "2012-12-31": "1236.06100", "2012-09-30": "1311.26700", "2012-06-30": "1316.80800", "2012-03-31": "1120.99100", "2011-12-31": "1099.88700", "2011-09-30": "1555.82400", "2011-06-30": "1343.42800", "2011-03-31": "1250.79700", "2010-12-31": "1176.61800", "2010-09-30": "1188.10300", "2010-06-30": "965.31700", "2010-03-31": "786.53300", "2009-12-31": "762.29200", "2009-09-30": "742.04800", "2009-06-30": "603.73300", "2009-03-31": "633.14200", "2008-12-31": "685.06100", "2008-09-30": "697.49400", "2008-06-30": "707.35700", "2008-03-31": "734.09400", "2007-12-31": "944.93300", "2007-09-30": "971.01200", "2007-06-30": "909.65400", "2007-03-31": "754.76500", "2006-12-31": "889.41000", "2006-09-30": "1171.71300", "2006-06-30": "1037.90400", "2006-03-31": "1050.66900", "2005-12-31": "1094.94200", "2005-09-30": "845.78400", "2005-06-30": "799.29400", "2005-03-31": "753.09200"}, "Property, Plant, And Equipment": {"2020-12-31": "394.80000", "2020-09-30": "386.17000", "2020-06-30": "353.59500", "2020-03-31": "332.24100", "2019-12-31": "320.21600", "2019-09-30": "307.56700", "2019-06-30": "295.89500", "2019-03-31": "283.30000", "2018-12-31": "279.82100", "2018-09-30": "278.07100", "2018-06-30": "285.30200", "2018-03-31": "281.28400", "2017-12-31": "268.44700", "2017-09-30": "259.08000", "2017-06-30": "258.01700", "2017-03-31": "253.54800", "2016-12-31": "253.82100", "2016-09-30": "261.82100", "2016-06-30": "264.55500", "2016-03-31": "266.90700", "2015-12-31": "273.41400", "2015-09-30": "275.08900", "2015-06-30": "291.92900", "2015-03-31": "308.26400", "2014-12-31": "329.03800", "2014-09-30": "335.80500", "2014-06-30": "308.52100", "2014-03-31": "278.72700", "2013-12-31": "275.23600", "2013-09-30": "275.42100", "2013-06-30": "264.87600", "2013-03-31": "264.04300", "2012-12-31": "265.78200", "2012-09-30": "261.11800", "2012-06-30": "248.00000", "2012-03-31": "238.61700", "2011-12-31": "232.20700", "2011-09-30": "232.57600", "2011-06-30": "233.43200", "2011-03-31": "232.96900", "2010-12-31": "231.10800", "2010-09-30": "232.34800", "2010-06-30": "235.69200", "2010-03-31": "240.25700", "2009-12-31": "246.36200", "2009-09-30": "250.15100", "2009-06-30": "270.36900", "2009-03-31": "282.84800", "2008-12-31": "298.44900", "2008-09-30": "295.16800", "2008-06-30": "353.10500", "2008-03-31": "371.51800", "2007-12-31": "352.70700", "2007-09-30": "351.71200", "2007-06-30": "357.59500", "2007-03-31": "362.09900", "2006-12-31": "365.52100", "2006-09-30": "370.56500", "2006-06-30": "390.44400", "2006-03-31": "413.73200", "2005-12-31": "421.28600", "2005-09-30": "513.94900", "2005-06-30": "528.11400", "2005-03-31": "552.49400"}, "Long-Term Investments": {"2020-12-31": "117.98000", "2020-09-30": "108.25400", "2020-06-30": "106.96800", "2020-03-31": "100.51300", "2019-12-31": "104.49000", "2019-09-30": "103.55800", "2019-06-30": "99.00100", "2019-03-31": "91.92600", "2018-12-31": "87.73100", "2018-09-30": "91.98200", "2018-06-30": "111.41700", "2018-03-31": "89.25900", "2017-12-31": "125.92600", "2017-09-30": "211.94300", "2017-06-30": "212.50100", "2017-03-31": "262.06100", "2016-12-31": "433.84300", "2016-09-30": "357.75100", "2016-06-30": "282.54500", "2016-03-31": "246.07200", "2015-12-31": "265.92800", "2015-09-30": "257.56000", "2015-06-30": "275.88200", "2015-03-31": "402.72200", "2014-12-31": "470.78900", "2014-09-30": "374.80800", "2014-06-30": "364.07700", "2014-03-31": "272.06800", "2013-12-31": "271.07800", "2013-09-30": "202.08700", "2013-06-30": "302.84600", "2013-03-31": "246.25300", "2012-12-31": "235.87200", "2012-09-30": "178.28100", "2012-06-30": "133.75000", "2012-03-31": "121.51200", "2011-12-31": "84.40700", "2011-09-30": "40.71200", "2011-06-30": "281.97800", "2011-03-31": "244.46600", "2010-12-31": "248.69600", "2010-09-30": "201.48600", "2010-06-30": "95.48700", "2010-03-31": "72.18800", "2009-12-31": "55.13000", "2009-09-30": "55.03300", "2009-06-30": "38.98200", "2009-03-31": "41.66800", "2008-12-31": "51.61300", "2008-09-30": "159.90100", "2008-06-30": "108.46200", "2008-03-31": "86.06800", "2007-12-31": "104.97800", "2007-09-30": "131.40900", "2007-06-30": "303.65600", "2007-03-31": "401.53600", "2006-12-31": "328.82700", "2006-09-30": "326.18100", "2006-06-30": "498.29600", "2006-03-31": "321.85200", "2005-12-31": "232.95200", "2005-09-30": "244.19600", "2005-06-30": "277.15100", "2005-03-31": "349.48500"}, "Goodwill And Intangible Assets": {"2020-12-31": "554.79800", "2020-09-30": "538.92400", "2020-06-30": "529.56600", "2020-03-31": "524.25400", "2019-12-31": "541.91100", "2019-09-30": "467.29000", "2019-06-30": "493.43000", "2019-03-31": "498.88500", "2018-12-31": "507.33200", "2018-09-30": "532.96100", "2018-06-30": "536.79800", "2018-03-31": "360.11300", "2017-12-31": "331.09900", "2017-09-30": "335.00600", "2017-06-30": "332.81800", "2017-03-31": "324.90800", "2016-12-31": "323.74400", "2016-09-30": "352.73500", "2016-06-30": "359.27900", "2016-03-31": "719.14500", "2015-12-31": "728.24400", "2015-09-30": "758.64000", "2015-06-30": "774.56000", "2015-03-31": "450.23000", "2014-12-31": "464.03800", "2014-09-30": "559.29600", "2014-06-30": "577.56700", "2014-03-31": "595.83900", "2013-12-31": "614.08300", "2013-09-30": "614.97700", "2013-06-30": "633.00000", "2013-03-31": "650.10300", "2012-12-31": "668.13900", "2012-09-30": "687.06100", "2012-06-30": "708.89500", "2012-03-31": "727.32400", "2011-12-31": "745.75310", "2011-09-30": "101.60400", "2011-06-30": "108.35700", "2011-03-31": "115.64900", "2010-12-31": "122.94100", "2010-09-30": "130.23100", "2010-06-30": "137.52200", "2010-03-31": "144.83500", "2009-12-31": "152.19200", "2009-09-30": "160.59200", "2009-06-30": "170.54500", "2009-03-31": "178.75900", "2008-12-31": "186.99800", "2008-09-30": "334.08000", "2008-06-30": "338.32300", "2008-03-31": "370.91700", "2007-12-31": "75.13900", "2007-09-30": "105.76900", "2007-06-30": "103.75700", "2007-03-31": "106.48400", "2006-12-31": "104.96600", "2006-09-30": "69.14700", "2006-06-30": "69.14700", "2006-03-31": "69.14700", "2005-12-31": "104.68400", "2005-09-30": "116.17600", "2005-06-30": "116.17600", "2005-03-31": "116.17600"}, "Other Long-Term Assets": {"2020-12-31": "26.85200", "2020-09-30": "26.56500", "2020-06-30": "29.67100", "2020-03-31": "27.50100", "2019-12-31": "28.78900", "2019-09-30": "39.08200", "2019-06-30": "42.16100", "2019-03-31": "28.07000", "2018-12-31": "28.39200", "2018-09-30": "29.30600", "2018-06-30": "30.44400", "2018-03-31": "30.40700", "2017-12-31": "29.76600", "2017-09-30": "22.98200", "2017-06-30": "21.66000", "2017-03-31": "19.69200", "2016-12-31": "19.87700", "2016-09-30": "17.64600", "2016-06-30": "15.88500", "2016-03-31": "15.00900", "2015-12-31": "13.71600", "2015-09-30": "27.02900", "2015-06-30": "27.21400", "2015-03-31": "23.12700", "2014-12-31": "23.31500", "2014-09-30": "18.72400", "2014-06-30": "20.06100", "2014-03-31": "20.01700", "2013-12-31": "23.93300", "2013-09-30": "24.78300", "2013-06-30": "23.24500", "2013-03-31": "21.68900", "2012-12-31": "18.11900", "2012-09-30": "25.56400", "2012-06-30": "27.21700", "2012-03-31": "29.70400", "2011-12-31": "26.38500", "2011-09-30": "31.96100", "2011-06-30": "31.10000", "2011-03-31": "30.81700", "2010-12-31": "30.52300", "2010-09-30": "39.44300", "2010-06-30": "15.30700", "2010-03-31": "17.85300", "2009-12-31": "19.36100", "2009-09-30": "18.66900", "2009-06-30": "18.75100", "2009-03-31": "17.97400", "2008-12-31": "19.53400", "2008-09-30": "73.95600", "2008-06-30": "73.66000", "2008-03-31": "47.93100", "2007-12-31": "77.53100", "2007-09-30": "36.40000", "2007-06-30": "32.19400", "2007-03-31": "31.81500", "2006-12-31": "31.50300", "2006-09-30": "38.75600", "2006-06-30": "39.81900", "2006-03-31": "41.04600", "2005-12-31": "5.86800", "2005-09-30": "40.45000", "2005-06-30": "44.17900", "2005-03-31": "44.36800"}, "Total Long-Term Assets": {"2020-12-31": "1236.91200", "2020-09-30": "1192.88000", "2020-06-30": "1155.18200", "2020-03-31": "1117.81000", "2019-12-31": "1128.13000", "2019-09-30": "1044.21200", "2019-06-30": "1054.68800", "2019-03-31": "1022.60100", "2018-12-31": "974.12410", "2018-09-30": "1003.09200", "2018-06-30": "1037.53500", "2018-03-31": "838.76800", "2017-12-31": "839.26400", "2017-09-30": "949.23900", "2017-06-30": "950.20000", "2017-03-31": "988.12710", "2016-12-31": "1138.69000", "2016-09-30": "1080.49900", "2016-06-30": "994.97200", "2016-03-31": "1306.25200", "2015-12-31": "1288.70600", "2015-09-30": "1325.22700", "2015-06-30": "1376.42100", "2015-03-31": "1191.02600", "2014-12-31": "1294.67400", "2014-09-30": "1293.98600", "2014-06-30": "1276.03600", "2014-03-31": "1172.20200", "2013-12-31": "1189.54700", "2013-09-30": "1117.26800", "2013-06-30": "1223.96700", "2013-03-31": "1182.08800", "2012-12-31": "1193.28400", "2012-09-30": "1152.02400", "2012-06-30": "1117.86200", "2012-03-31": "1117.15700", "2011-12-31": "1088.75200", "2011-09-30": "406.85300", "2011-06-30": "654.86700", "2011-03-31": "623.90100", "2010-12-31": "633.73700", "2010-09-30": "603.50800", "2010-06-30": "484.00800", "2010-03-31": "475.13300", "2009-12-31": "473.04500", "2009-09-30": "484.44500", "2009-06-30": "498.64700", "2009-03-31": "521.24900", "2008-12-31": "556.59400", "2008-09-30": "863.10500", "2008-06-30": "873.55000", "2008-03-31": "876.43400", "2007-12-31": "610.35500", "2007-09-30": "625.29000", "2007-06-30": "798.02000", "2007-03-31": "901.93400", "2006-12-31": "831.64500", "2006-09-30": "804.64890", "2006-06-30": "997.70590", "2006-03-31": "845.77700", "2005-12-31": "764.79000", "2005-09-30": "914.77100", "2005-06-30": "965.62010", "2005-03-31": "1062.52300"}, "Total Assets": {"2020-12-31": "3652.34600", "2020-09-30": "3436.51200", "2020-06-30": "3249.18900", "2020-03-31": "2820.38800", "2019-12-31": "2787.01400", "2019-09-30": "2698.79100", "2019-06-30": "2671.51400", "2019-03-31": "2616.64300", "2018-12-31": "2706.60600", "2018-09-30": "2882.48700", "2018-06-30": "2931.72000", "2018-03-31": "2995.19300", "2017-12-31": "3109.54500", "2017-09-30": "3089.32700", "2017-06-30": "3030.22500", "2017-03-31": "2842.28000", "2016-12-31": "2762.49300", "2016-09-30": "2365.68700", "2016-06-30": "2407.85800", "2016-03-31": "2548.97400", "2015-12-31": "2548.67400", "2015-09-30": "2661.88400", "2015-06-30": "2692.80700", "2015-03-31": "2512.18200", "2014-12-31": "2538.52000", "2014-09-30": "2695.00700", "2014-06-30": "2630.66300", "2014-03-31": "2433.44900", "2013-12-31": "2629.82400", "2013-09-30": "2611.64800", "2013-06-30": "2506.17000", "2013-03-31": "2389.53800", "2012-12-31": "2429.34500", "2012-09-30": "2463.29100", "2012-06-30": "2434.67000", "2012-03-31": "2238.14800", "2011-12-31": "2188.63900", "2011-09-30": "1962.67700", "2011-06-30": "1998.29500", "2011-03-31": "1874.69800", "2010-12-31": "1810.35500", "2010-09-30": "1791.61100", "2010-06-30": "1449.32500", "2010-03-31": "1261.66600", "2009-12-31": "1235.33700", "2009-09-30": "1226.49300", "2009-06-30": "1102.38000", "2009-03-31": "1154.39100", "2008-12-31": "1241.65500", "2008-09-30": "1560.59900", "2008-06-30": "1580.90700", "2008-03-31": "1610.52800", "2007-12-31": "1555.28800", "2007-09-30": "1596.30200", "2007-06-30": "1707.67400", "2007-03-31": "1656.69900", "2006-12-31": "1721.05500", "2006-09-30": "1976.36200", "2006-06-30": "2035.61000", "2006-03-31": "1896.44600", "2005-12-31": "1859.73200", "2005-09-30": "1760.55600", "2005-06-30": "1764.91400", "2005-03-31": "1815.61500"}, "Total Current Liabilities": {"2020-12-31": "700.87100", "2020-09-30": "671.84000", "2020-06-30": "729.71300", "2020-03-31": "513.96100", "2019-12-31": "539.02900", "2019-09-30": "493.71100", "2019-06-30": "467.00000", "2019-03-31": "441.96800", "2018-12-31": "476.28700", "2018-09-30": "458.41200", "2018-06-30": "452.31000", "2018-03-31": "391.32500", "2017-12-31": "454.33600", "2017-09-30": "431.37500", "2017-06-30": "439.20700", "2017-03-31": "393.05700", "2016-12-31": "372.69600", "2016-09-30": "369.08400", "2016-06-30": "455.34900", "2016-03-31": "344.52200", "2015-12-31": "372.85700", "2015-09-30": "395.74100", "2015-06-30": "402.07900", "2015-03-31": "293.13300", "2014-12-31": "291.55100", "2014-09-30": "329.80400", "2014-06-30": "361.23200", "2014-03-31": "273.05300", "2013-12-31": "475.63200", "2013-09-30": "487.72300", "2013-06-30": "465.07000", "2013-03-31": "417.44500", "2012-12-31": "297.82800", "2012-09-30": "349.25300", "2012-06-30": "425.87100", "2012-03-31": "375.82200", "2011-12-31": "373.68400", "2011-09-30": "293.02100", "2011-06-30": "352.98600", "2011-03-31": "333.46900", "2010-12-31": "363.70400", "2010-09-30": "401.28200", "2010-06-30": "294.34300", "2010-03-31": "256.22800", "2009-12-31": "283.35700", "2009-09-30": "303.08000", "2009-06-30": "197.07600", "2009-03-31": "383.25400", "2008-12-31": "366.96300", "2008-09-30": "249.70200", "2008-06-30": "253.92400", "2008-03-31": "249.06300", "2007-12-31": "223.23400", "2007-09-30": "222.05200", "2007-06-30": "220.33600", "2007-03-31": "188.80100", "2006-12-31": "259.71600", "2006-09-30": "521.76600", "2006-06-30": "554.14400", "2006-03-31": "513.97300", "2005-12-31": "515.49500", "2005-09-30": "265.28300", "2005-06-30": "223.28300", "2005-03-31": "233.97200"}, "Long Term Debt": {"2020-12-31": "376.76800", "2020-09-30": "406.17800", "2020-06-30": "402.30500", "2020-03-31": "398.46600", "2019-12-31": "394.68700", "2019-09-30": "390.94200", "2019-06-30": "387.24300", "2019-03-31": "383.59000", "2018-12-31": "", "2018-09-30": "376.41700", "2018-06-30": "372.89700", "2018-03-31": "369.42100", "2017-12-31": "365.98700", "2017-09-30": "362.59500", "2017-06-30": "359.24500", "2017-03-31": "355.93700", "2016-12-31": "352.66900", "2016-09-30": "", "2016-06-30": "", "2016-03-31": "", "2015-12-31": "", "2015-09-30": "", "2015-06-30": "", "2015-03-31": "", "2014-12-31": "", "2014-09-30": "", "2014-06-30": "", "2014-03-31": "", "2013-12-31": "", "2013-09-30": "", "2013-06-30": "", "2013-03-31": "", "2012-12-31": "171.05900", "2012-09-30": "167.55600", "2012-06-30": "165.28300", "2012-03-31": "161.80300", "2011-12-31": "159.95600", "2011-09-30": "156.83900", "2011-06-30": "154.82100", "2011-03-31": "151.74800", "2010-12-31": "150.18200", "2010-09-30": "147.28700", "2010-06-30": "145.49700", "2010-03-31": "142.44300", "2009-12-31": "141.10000", "2009-09-30": "138.97000", "2009-06-30": "137.08700", "2009-03-31": "8.05600", "2008-12-31": "", "2008-09-30": "", "2008-06-30": "", "2008-03-31": "", "2007-12-31": "", "2007-09-30": "", "2007-06-30": "", "2007-03-31": "", "2006-12-31": "", "2006-09-30": "", "2006-06-30": "", "2006-03-31": "", "2005-12-31": "", "2005-09-30": "371.50000", "2005-06-30": "371.50000", "2005-03-31": "371.50000"}, "Other Non-Current Liabilities": {"2020-12-31": "105.29600", "2020-09-30": "117.60200", "2020-06-30": "130.58100", "2020-03-31": "122.57100", "2019-12-31": "132.77600", "2019-09-30": "105.36800", "2019-06-30": "113.63800", "2019-03-31": "109.13300", "2018-12-31": "537.09700", "2018-09-30": "201.72600", "2018-06-30": "194.65900", "2018-03-31": "176.86400", "2017-12-31": "178.95300", "2017-09-30": "28.91500", "2017-06-30": "28.04400", "2017-03-31": "26.12600", "2016-12-31": "65.92400", "2016-09-30": "63.19100", "2016-06-30": "57.27500", "2016-03-31": "57.86200", "2015-12-31": "54.09200", "2015-09-30": "48.45200", "2015-06-30": "44.97100", "2015-03-31": "17.13600", "2014-12-31": "16.28500", "2014-09-30": "27.46600", "2014-06-30": "16.86500", "2014-03-31": "13.52300", "2013-12-31": "23.13900", "2013-09-30": "21.35500", "2013-06-30": "20.93400", "2013-03-31": "20.41300", "2012-12-31": "21.30200", "2012-09-30": "19.21100", "2012-06-30": "20.57300", "2012-03-31": "20.29900", "2011-12-31": "23.71100", "2011-09-30": "18.90800", "2011-06-30": "19.35900", "2011-03-31": "19.50100", "2010-12-31": "19.44800", "2010-09-30": "15.95400", "2010-06-30": "20.83600", "2010-03-31": "21.48500", "2009-12-31": "20.84100", "2009-09-30": "23.62300", "2009-06-30": "22.96500", "2009-03-31": "25.54700", "2008-12-31": "30.36600", "2008-09-30": "27.05600", "2008-06-30": "30.70500", "2008-03-31": "43.72600", "2007-12-31": "22.49200", "2007-09-30": "21.07100", "2007-06-30": "19.21900", "2007-03-31": "16.79500", "2006-12-31": "18.35200", "2006-09-30": "50.02800", "2006-06-30": "48.40900", "2006-03-31": "39.83600", "2005-12-31": "21.34700", "2005-09-30": "52.53900", "2005-06-30": "52.18000", "2005-03-31": "54.04200"}, "Total Long Term Liabilities": {"2020-12-31": "744.45700", "2020-09-30": "771.12800", "2020-06-30": "774.92500", "2020-03-31": "755.75400", "2019-12-31": "767.82700", "2019-09-30": "722.44500", "2019-06-30": "725.10200", "2019-03-31": "704.44700", "2018-12-31": "707.96500", "2018-09-30": "756.31500", "2018-06-30": "739.47000", "2018-03-31": "698.88500", "2017-12-31": "701.56300", "2017-09-30": "548.05500", "2017-06-30": "542.37000", "2017-03-31": "529.37000", "2016-12-31": "561.13800", "2016-09-30": "214.45900", "2016-06-30": "206.93000", "2016-03-31": "208.55100", "2015-12-31": "210.03100", "2015-09-30": "220.53800", "2015-06-30": "216.50600", "2015-03-31": "161.82700", "2014-12-31": "167.98900", "2014-09-30": "175.29500", "2014-06-30": "167.95800", "2014-03-31": "170.56600", "2013-12-31": "169.09800", "2013-09-30": "172.42400", "2013-06-30": "174.60700", "2013-03-31": "180.82800", "2012-12-31": "353.16200", "2012-09-30": "328.79500", "2012-06-30": "323.36900", "2012-03-31": "313.63300", "2011-12-31": "309.89500", "2011-09-30": "299.76900", "2011-06-30": "311.37100", "2011-03-31": "313.79700", "2010-12-31": "324.46300", "2010-09-30": "322.99300", "2010-06-30": "246.22600", "2010-03-31": "279.86900", "2009-12-31": "287.40100", "2009-09-30": "300.10300", "2009-06-30": "296.68800", "2009-03-31": "170.81800", "2008-12-31": "164.97300", "2008-09-30": "123.36500", "2008-06-30": "129.07600", "2008-03-31": "125.78400", "2007-12-31": "102.88000", "2007-09-30": "104.80700", "2007-06-30": "99.53700", "2007-03-31": "98.65800", "2006-12-31": "100.15200", "2006-09-30": "89.23000", "2006-06-30": "86.92300", "2006-03-31": "77.68800", "2005-12-31": "101.57100", "2005-09-30": "465.79400", "2005-06-30": "477.93700", "2005-03-31": "485.88300"}, "Total Liabilities": {"2020-12-31": "1445.32800", "2020-09-30": "1442.96800", "2020-06-30": "1504.63800", "2020-03-31": "1269.71500", "2019-12-31": "1306.85600", "2019-09-30": "1216.15600", "2019-06-30": "1192.10200", "2019-03-31": "1146.41500", "2018-12-31": "1184.25200", "2018-09-30": "1214.72700", "2018-06-30": "1191.78000", "2018-03-31": "1090.21000", "2017-12-31": "1155.89900", "2017-09-30": "979.43000", "2017-06-30": "981.57700", "2017-03-31": "922.42700", "2016-12-31": "933.83400", "2016-09-30": "583.54300", "2016-06-30": "662.27900", "2016-03-31": "553.07300", "2015-12-31": "582.88800", "2015-09-30": "616.27900", "2015-06-30": "618.58500", "2015-03-31": "454.96000", "2014-12-31": "459.54000", "2014-09-30": "505.09900", "2014-06-30": "529.19000", "2014-03-31": "443.61900", "2013-12-31": "644.73000", "2013-09-30": "660.14700", "2013-06-30": "639.67700", "2013-03-31": "598.27300", "2012-12-31": "650.99000", "2012-09-30": "678.04800", "2012-06-30": "749.24000", "2012-03-31": "689.45500", "2011-12-31": "683.57900", "2011-09-30": "592.79000", "2011-06-30": "664.35700", "2011-03-31": "647.26600", "2010-12-31": "688.16700", "2010-09-30": "724.27500", "2010-06-30": "540.56900", "2010-03-31": "536.09700", "2009-12-31": "570.75800", "2009-09-30": "603.18300", "2009-06-30": "493.76400", "2009-03-31": "554.07200", "2008-12-31": "531.93600", "2008-09-30": "373.06700", "2008-06-30": "383.00000", "2008-03-31": "374.84700", "2007-12-31": "326.11400", "2007-09-30": "326.85900", "2007-06-30": "319.87300", "2007-03-31": "287.45900", "2006-12-31": "359.86800", "2006-09-30": "610.99600", "2006-06-30": "641.06700", "2006-03-31": "591.66100", "2005-12-31": "617.06600", "2005-09-30": "731.07700", "2005-06-30": "701.22000", "2005-03-31": "719.85500"}, "Common Stock Net": {"2020-12-31": "", "2020-09-30": "20.75500", "2020-06-30": "20.72500", "2020-03-31": "20.74200", "2019-12-31": "20.80100", "2019-09-30": "21.06100", "2019-06-30": "21.30500", "2019-03-31": "21.54400", "2018-12-31": "21.94000", "2018-09-30": "22.91100", "2018-06-30": "23.49500", "2018-03-31": "24.22600", "2017-12-31": "24.44400", "2017-09-30": "24.58900", "2017-06-30": "24.75000", "2017-03-31": "24.95000", "2016-12-31": "24.89700", "2016-09-30": "25.20500", "2016-06-30": "25.35500", "2016-03-31": "25.46200", "2015-12-31": "25.45500", "2015-09-30": "25.90400", "2015-06-30": "26.56300", "2015-03-31": "26.98800", "2014-12-31": "27.07700", "2014-09-30": "27.06000", "2014-06-30": "24.54000", "2014-03-31": "24.25300", "2013-12-31": "23.96600", "2013-09-30": "23.92500", "2013-06-30": "23.84000", "2013-03-31": "23.80300", "2012-12-31": "23.48800", "2012-09-30": "23.45600", "2012-06-30": "23.40200", "2012-03-31": "23.30200", "2011-12-31": "22.94800", "2011-09-30": "23.01500", "2011-06-30": "23.25000", "2011-03-31": "23.15600", "2010-12-31": "22.75500", "2010-09-30": "22.66600", "2010-06-30": "22.64500", "2010-03-31": "22.16000", "2009-12-31": "21.86400", "2009-09-30": "21.83100", "2009-06-30": "21.79100", "2009-03-31": "21.56800", "2008-12-31": "21.20600", "2008-09-30": "21.13300", "2008-06-30": "20.97700", "2008-03-31": "21.50600", "2007-12-31": "21.63600", "2007-09-30": "22.22700", "2007-06-30": "23.57300", "2007-03-31": "23.70900", "2006-12-31": "23.61900", "2006-09-30": "23.80400", "2006-06-30": "24.78700", "2006-03-31": "24.77000", "2005-12-31": "24.62600", "2005-09-30": "24.60800", "2005-06-30": "24.57700", "2005-03-31": "24.45600"}, "Retained Earnings (Accumulated Deficit)": {"2020-12-31": "", "2020-09-30": "207.71000", "2020-06-30": "1.61000", "2020-03-31": "-164.32300", "2019-12-31": "-241.91800", "2019-09-30": "-226.39000", "2019-06-30": "-222.51300", "2019-03-31": "-215.60700", "2018-12-31": "-158.19100", "2018-09-30": "-23.24300", "2018-06-30": "74.27000", "2018-03-31": "216.12000", "2017-12-31": "272.01300", "2017-09-30": "438.20100", "2017-06-30": "404.97800", "2017-03-31": "300.30200", "2016-12-31": "230.29200", "2016-09-30": "235.59700", "2016-06-30": "212.06800", "2016-03-31": "476.39300", "2015-12-31": "467.82800", "2015-09-30": "547.99300", "2015-06-30": "588.47200", "2015-03-31": "579.57100", "2014-12-31": "610.07900", "2014-09-30": "726.88900", "2014-06-30": "656.71100", "2014-03-31": "555.51200", "2013-12-31": "566.23200", "2013-09-30": "543.88900", "2013-06-30": "474.43000", "2013-03-31": "407.87400", "2012-12-31": "401.28500", "2012-09-30": "417.82800", "2012-06-30": "329.18700", "2012-03-31": "217.79800", "2011-12-31": "184.23600", "2011-09-30": "186.53100", "2011-06-30": "142.05500", "2011-03-31": "52.99600", "2010-12-31": "-41.87600", "2010-09-30": "-102.01600", "2010-06-30": "-249.35600", "2010-03-31": "-371.50500", "2009-12-31": "-421.60600", "2009-09-30": "-442.13700", "2009-06-30": "-448.81200", "2009-03-31": "-382.04400", "2008-12-31": "-287.76900", "2008-09-30": "97.21400", "2008-06-30": "119.90400", "2008-03-31": "135.74700", "2007-12-31": "148.12500", "2007-09-30": "167.53300", "2007-06-30": "228.05500", "2007-03-31": "215.16500", "2006-12-31": "224.86200", "2006-09-30": "228.94000", "2006-06-30": "223.81900", "2006-03-31": "141.41500", "2005-12-31": "96.50200", "2005-09-30": "268.30500", "2005-06-30": "303.68400", "2005-03-31": "349.14800"}, "Comprehensive Income": {"2020-12-31": "", "2020-09-30": "8.24800", "2020-06-30": "-8.50000", "2020-03-31": "-27.11300", "2019-12-31": "-18.85400", "2019-09-30": "-24.22100", "2019-06-30": "-7.59100", "2019-03-31": "-15.70600", "2018-12-31": "-13.04000", "2018-09-30": "3.52400", "2018-06-30": "-3.50400", "2018-03-31": "25.88100", "2017-12-31": "18.77600", "2017-09-30": "16.00100", "2017-06-30": "5.91500", "2017-03-31": "-10.90100", "2016-12-31": "-20.21400", "2016-09-30": "3.38500", "2016-06-30": "2.29300", "2016-03-31": "5.03500", "2015-12-31": "-8.14400", "2015-09-30": "0.06700", "2015-06-30": "-3.16200", "2015-03-31": "6.08400", "2014-12-31": "4.68900", "2014-09-30": "4.85900", "2014-06-30": "5.70900", "2014-03-31": "4.89000", "2013-12-31": "4.00000", "2013-09-30": "3.85500", "2013-06-30": "3.27900", "2013-03-31": "5.79900", "2012-12-31": "5.82000", "2012-09-30": "6.34300", "2012-06-30": "5.26700", "2012-03-31": "4.93300", "2011-12-31": "4.74600", "2011-09-30": "-122.92500", "2011-06-30": "-124.09400", "2011-03-31": "-123.84200", "2010-12-31": "-128.21600", "2010-09-30": "-114.22500", "2010-06-30": "-117.63100", "2010-03-31": "-135.71700", "2009-12-31": "-138.10500", "2009-09-30": "-151.29700", "2009-06-30": "-152.51600", "2009-03-31": "-153.43900", "2008-12-31": "-148.10800", "2008-09-30": "-44.13400", "2008-06-30": "-46.93000", "2008-03-31": "-48.80600", "2007-12-31": "-46.02800", "2007-09-30": "-57.06500", "2007-06-30": "-59.82800", "2007-03-31": "-63.42500", "2006-12-31": "", "2006-09-30": "-74.67200", "2006-06-30": "-80.29200", "2006-03-31": "-79.81600", "2005-12-31": "-78.34800", "2005-09-30": "-65.00800", "2005-06-30": "-63.11700", "2005-03-31": "-66.59800"}, "Other Share Holders Equity": {"2020-12-31": "", "2020-09-30": "", "2020-06-30": "", "2020-03-31": "", "2019-12-31": "", "2019-09-30": "", "2019-06-30": "", "2019-03-31": "", "2018-12-31": "", "2018-09-30": "", "2018-06-30": "", "2018-03-31": "", "2017-12-31": "", "2017-09-30": "", "2017-06-30": "", "2017-03-31": "", "2016-12-31": "", "2016-09-30": "", "2016-06-30": "", "2016-03-31": "", "2015-12-31": "", "2015-09-30": "", "2015-06-30": "", "2015-03-31": "", "2014-12-31": "", "2014-09-30": "", "2014-06-30": "", "2014-03-31": "", "2013-12-31": "", "2013-09-30": "", "2013-06-30": "", "2013-03-31": "", "2012-12-31": "", "2012-09-30": "", "2012-06-30": "", "2012-03-31": "", "2011-12-31": "", "2011-09-30": "", "2011-06-30": "", "2011-03-31": "", "2010-12-31": "", "2010-09-30": "", "2010-06-30": "", "2010-03-31": "", "2009-12-31": "", "2009-09-30": "", "2009-06-30": "", "2009-03-31": "", "2008-12-31": "", "2008-09-30": "", "2008-06-30": "", "2008-03-31": "", "2007-12-31": "", "2007-09-30": "", "2007-06-30": "", "2007-03-31": "", "2006-12-31": "", "2006-09-30": "", "2006-06-30": "", "2006-03-31": "", "2005-12-31": "", "2005-09-30": "", "2005-06-30": "", "2005-03-31": ""}, "Share Holder Equity": {"2020-12-31": "2207.01800", "2020-09-30": "1993.54400", "2020-06-30": "1744.55100", "2020-03-31": "1550.67300", "2019-12-31": "1480.15800", "2019-09-30": "1482.63500", "2019-06-30": "1479.41200", "2019-03-31": "1470.22800", "2018-12-31": "1522.35400", "2018-09-30": "1667.76000", "2018-06-30": "1739.94000", "2018-03-31": "1904.98300", "2017-12-31": "1953.64600", "2017-09-30": "2109.89700", "2017-06-30": "2048.64800", "2017-03-31": "1919.85300", "2016-12-31": "1828.65900", "2016-09-30": "1782.14400", "2016-06-30": "1745.57900", "2016-03-31": "1995.90100", "2015-12-31": "1965.78600", "2015-09-30": "2045.60500", "2015-06-30": "2074.22200", "2015-03-31": "2057.22200", "2014-12-31": "2078.98000", "2014-09-30": "2189.90800", "2014-06-30": "2101.47300", "2014-03-31": "1989.83000", "2013-12-31": "1985.09400", "2013-09-30": "1951.50100", "2013-06-30": "1866.49300", "2013-03-31": "1791.26500", "2012-12-31": "1778.35500", "2012-09-30": "1785.24300", "2012-06-30": "1685.43000", "2012-03-31": "1548.69300", "2011-12-31": "1505.06000", "2011-09-30": "1369.88700", "2011-06-30": "1333.93800", "2011-03-31": "1227.43200", "2010-12-31": "1122.18800", "2010-09-30": "1067.33600", "2010-06-30": "908.75600", "2010-03-31": "725.56900", "2009-12-31": "664.57900", "2009-09-30": "623.31000", "2009-06-30": "608.61600", "2009-03-31": "600.31900", "2008-12-31": "709.71900", "2008-09-30": "1187.53200", "2008-06-30": "1197.90700", "2008-03-31": "1235.68100", "2007-12-31": "1229.17400", "2007-09-30": "1269.44300", "2007-06-30": "1387.80100", "2007-03-31": "1369.24000", "2006-12-31": "1361.18700", "2006-09-30": "1365.36600", "2006-06-30": "1394.54300", "2006-03-31": "1304.78500", "2005-12-31": "1242.66600", "2005-09-30": "1029.47900", "2005-06-30": "1063.69400", "2005-03-31": "1095.76000"}, "Total Liabilities And Share Holders Equity": {"2020-12-31": "3652.34600", "2020-09-30": "3436.51200", "2020-06-30": "3249.18900", "2020-03-31": "2820.38800", "2019-12-31": "2787.01400", "2019-09-30": "2698.79100", "2019-06-30": "2671.51400", "2019-03-31": "2616.64300", "2018-12-31": "2706.60600", "2018-09-30": "2882.48700", "2018-06-30": "2931.72000", "2018-03-31": "2995.19300", "2017-12-31": "3109.54500", "2017-09-30": "3089.32700", "2017-06-30": "3030.22500", "2017-03-31": "2842.28000", "2016-12-31": "2762.49300", "2016-09-30": "2365.68700", "2016-06-30": "2407.85800", "2016-03-31": "2548.97400", "2015-12-31": "2548.67400", "2015-09-30": "2661.88400", "2015-06-30": "2692.80700", "2015-03-31": "2512.18200", "2014-12-31": "2538.52000", "2014-09-30": "2695.00700", "2014-06-30": "2630.66300", "2014-03-31": "2433.44900", "2013-12-31": "2629.82400", "2013-09-30": "2611.64800", "2013-06-30": "2506.17000", "2013-03-31": "2389.53800", "2012-12-31": "2429.34500", "2012-09-30": "2463.29100", "2012-06-30": "2434.67000", "2012-03-31": "2238.14800", "2011-12-31": "2188.63900", "2011-09-30": "1962.67700", "2011-06-30": "1998.29500", "2011-03-31": "1874.69800", "2010-12-31": "1810.35500", "2010-09-30": "1791.61100", "2010-06-30": "1449.32500", "2010-03-31": "1261.66600", "2009-12-31": "1235.33700", "2009-09-30": "1226.49300", "2009-06-30": "1102.38000", "2009-03-31": "1154.39100", "2008-12-31": "1241.65500", "2008-09-30": "1560.59900", "2008-06-30": "1580.90700", "2008-03-31": "1610.52800", "2007-12-31": "1555.28800", "2007-09-30": "1596.30200", "2007-06-30": "1707.67400", "2007-03-31": "1656.69900", "2006-12-31": "1721.05500", "2006-09-30": "1976.36200", "2006-06-30": "2035.61000", "2006-03-31": "1896.44600", "2005-12-31": "1859.73200", "2005-09-30": "1760.55600", "2005-06-30": "1764.91400", "2005-03-31": "1815.61500"}}, "cash flow statement": {"Net Income/Loss": {"2020-12-31": "784.14700", "2019-12-31": "467.46800", "2018-12-31": "451.77900", "2017-12-31": "257.69200", "2016-12-31": "-43.42100", "2015-12-31": "206.47700", "2014-12-31": "81.27200", "2013-12-31": "164.94700", "2012-12-31": "217.04900", "2011-12-31": "369.87300", "2010-12-31": "384.82000", "2009-12-31": "-133.83700", "2008-12-31": "-394.22700", "2007-12-31": "77.71100", "2006-12-31": "198.75700", "2005-12-31": "90.64800"}, "Total Depreciation And Amortization - Cash Flow": {"2020-12-31": "126.74300", "2019-12-31": "120.65500", "2018-12-31": "113.22400", "2017-12-31": "108.07500", "2016-12-31": "374.95500", "2015-12-31": "140.77300", "2014-12-31": "251.44100", "2013-12-31": "150.68700", "2012-12-31": "145.51400", "2011-12-31": "106.68100", "2010-12-31": "93.51600", "2009-12-31": "104.41100", "2008-12-31": "424.43400", "2007-12-31": "67.49500", "2006-12-31": "73.08200", "2005-12-31": "90.26000"}, "Other Non-Cash Items": {"2020-12-31": "27.42400", "2019-12-31": "42.33700", "2018-12-31": "75.40700", "2017-12-31": "77.64000", "2016-12-31": "74.69300", "2015-12-31": "56.29200", "2014-12-31": "90.84500", "2013-12-31": "2.65600", "2012-12-31": "82.23300", "2011-12-31": "-108.78300", "2010-12-31": "35.23500", "2009-12-31": "72.40000", "2008-12-31": "95.07800", "2007-12-31": "29.03200", "2006-12-31": "3.83800", "2005-12-31": "-119.00500"}, "Total Non-Cash Items": {"2020-12-31": "154.16700", "2019-12-31": "162.99200", "2018-12-31": "188.63100", "2017-12-31": "185.71500", "2016-12-31": "449.64800", "2015-12-31": "197.06500", "2014-12-31": "342.28600", "2013-12-31": "153.34300", "2012-12-31": "227.74700", "2011-12-31": "-2.10200", "2010-12-31": "128.75100", "2009-12-31": "176.81100", "2008-12-31": "519.51200", "2007-12-31": "96.52700", "2006-12-31": "76.92000", "2005-12-31": "-28.74500"}, "Change In Accounts Receivable": {"2020-12-31": "-129.45100", "2019-12-31": "-70.44000", "2018-12-31": "-17.93800", "2017-12-31": "-80.58400", "2016-12-31": "18.32500", "2015-12-31": "-57.26700", "2014-12-31": "8.06000", "2013-12-31": "-3.65600", "2012-12-31": "-24.09300", "2011-12-31": "66.36700", "2010-12-31": "-50.41800", "2009-12-31": "-19.31200", "2008-12-31": "118.19600", "2007-12-31": "-33.71700", "2006-12-31": "67.93900", "2005-12-31": "-58.73800"}, "Change In Inventories": {"2020-12-31": "-8.43800", "2019-12-31": "-27.40800", "2018-12-31": "-29.49800", "2017-12-31": "44.96000", "2016-12-31": "34.26300", "2015-12-31": "15.55900", "2014-12-31": "51.80300", "2013-12-31": "22.28200", "2012-12-31": "17.65200", "2011-12-31": "-0.61500", "2010-12-31": "3.71500", "2009-12-31": "63.18500", "2008-12-31": "-3.07400", "2007-12-31": "45.17900", "2006-12-31": "79.32400", "2005-12-31": "69.92200"}, "Change In Accounts Payable": {"2020-12-31": "", "2019-12-31": "", "2018-12-31": "", "2017-12-31": "", "2016-12-31": "", "2015-12-31": "", "2014-12-31": "", "2013-12-31": "", "2012-12-31": "", "2011-12-31": "", "2010-12-31": "", "2009-12-31": "", "2008-12-31": "", "2007-12-31": "", "2006-12-31": "", "2005-12-31": ""}, "Change In Assets/Liabilities": {"2020-12-31": "-29.82600", "2019-12-31": "10.44300", "2018-12-31": "-49.35700", "2017-12-31": "1.33600", "2016-12-31": "-28.87200", "2015-12-31": "7.95000", "2014-12-31": "29.65400", "2013-12-31": "-84.09100", "2012-12-31": "-22.40000", "2011-12-31": "-101.71900", "2010-12-31": "28.75200", "2009-12-31": "26.81900", "2008-12-31": "-26.29300", "2007-12-31": "-32.86800", "2006-12-31": "-23.66300", "2005-12-31": "-36.93300"}, "Total Change In Assets/Liabilities": {"2020-12-31": "-69.37900", "2019-12-31": "-51.71000", "2018-12-31": "-163.52900", "2017-12-31": "183.08800", "2016-12-31": "48.97000", "2015-12-31": "19.53400", "2014-12-31": "68.50400", "2013-12-31": "-49.58000", "2012-12-31": "-41.84700", "2011-12-31": "-92.91600", "2010-12-31": "52.71500", "2009-12-31": "78.89100", "2008-12-31": "38.65000", "2007-12-31": "-44.22400", "2006-12-31": "169.05400", "2005-12-31": "-49.23100"}, "Cash Flow From Operating Activities": {"2020-12-31": "868.93500", "2019-12-31": "578.75000", "2018-12-31": "476.88100", "2017-12-31": "626.49500", "2016-12-31": "455.19700", "2015-12-31": "423.07600", "2014-12-31": "492.06200", "2013-12-31": "268.71000", "2012-12-31": "402.94900", "2011-12-31": "274.85500", "2010-12-31": "566.28600", "2009-12-31": "121.86500", "2008-12-31": "163.93500", "2007-12-31": "127.96100", "2006-12-31": "450.08600", "2005-12-31": "13.52300"}, "Net Change In Property, Plant, And Equipment": {"2020-12-31": "-184.97700", "2019-12-31": "-134.64200", "2018-12-31": "-114.37900", "2017-12-31": "-105.37500", "2016-12-31": "-85.27200", "2015-12-31": "-89.87800", "2014-12-31": "-168.98200", "2013-12-31": "-106.73100", "2012-12-31": "-119.08000", "2011-12-31": "-86.09700", "2010-12-31": "-76.04400", "2009-12-31": "-41.30600", "2008-12-31": "-43.13000", "2007-12-31": "-78.20000", "2006-12-31": "-25.39200", "2005-12-31": "-78.66100"}, "Net Change In Intangible Assets": {"2020-12-31": "", "2019-12-31": "", "2018-12-31": "", "2017-12-31": "", "2016-12-31": "", "2015-12-31": "", "2014-12-31": "", "2013-12-31": "", "2012-12-31": "", "2011-12-31": "", "2010-12-31": "", "2009-12-31": "", "2008-12-31": "", "2007-12-31": "-17.60000", "2006-12-31": "", "2005-12-31": ""}, "Net Acquisitions/Divestitures": {"2020-12-31": "0.14900", "2019-12-31": "-79.74200", "2018-12-31": "-169.47400", "2017-12-31": "", "2016-12-31": "", "2015-12-31": "-282.74100", "2014-12-31": "-19.41900", "2013-12-31": "-14.99900", "2012-12-31": "", "2011-12-31": "-537.48900", "2010-12-31": "", "2009-12-31": "-3.74100", "2008-12-31": "-571.53100", "2007-12-31": "0.90600", "2006-12-31": "0.40600", "2005-12-31": "4.06800"}, "Net Change In Short-term Investments": {"2020-12-31": "", "2019-12-31": "", "2018-12-31": "", "2017-12-31": "", "2016-12-31": "", "2015-12-31": "", "2014-12-31": "", "2013-12-31": "", "2012-12-31": "", "2011-12-31": "", "2010-12-31": "", "2009-12-31": "", "2008-12-31": "", "2007-12-31": "", "2006-12-31": "", "2005-12-31": ""}, "Net Change In Long-Term Investments": {"2020-12-31": "-385.51200", "2019-12-31": "54.81200", "2018-12-31": "1197.81700", "2017-12-31": "-162.49000", "2016-12-31": "-560.24100", "2015-12-31": "257.79910", "2014-12-31": "-148.65600", "2013-12-31": "-161.30400", "2012-12-31": "-484.86000", "2011-12-31": "503.06700", "2010-12-31": "-552.70700", "2009-12-31": "-49.33300", "2008-12-31": "150.73100", "2007-12-31": "200.78200", "2006-12-31": "221.57300", "2005-12-31": "-109.85100"}, "Net Change In Investments - Total": {"2020-12-31": "-385.51200", "2019-12-31": "54.81200", "2018-12-31": "1197.81700", "2017-12-31": "-162.49000", "2016-12-31": "-560.24100", "2015-12-31": "257.79910", "2014-12-31": "-148.65600", "2013-12-31": "-161.30400", "2012-12-31": "-484.86000", "2011-12-31": "503.06700", "2010-12-31": "-552.70700", "2009-12-31": "-49.33300", "2008-12-31": "150.73100", "2007-12-31": "200.78200", "2006-12-31": "221.57300", "2005-12-31": "-109.85100"}, "Investing Activities - Other": {"2020-12-31": "0.54600", "2019-12-31": "2.91200", "2018-12-31": "9.04600", "2017-12-31": "5.06400", "2016-12-31": "5.05100", "2015-12-31": "1.09800", "2014-12-31": "4.18400", "2013-12-31": "-0.30700", "2012-12-31": "1.45100", "2011-12-31": "37.97100", "2010-12-31": "1.09100", "2009-12-31": "0.45000", "2008-12-31": "14.83200", "2007-12-31": "10.76500", "2006-12-31": "-0.40800", "2005-12-31": "366.41800"}, "Cash Flow From Investing Activities": {"2020-12-31": "-569.79400", "2019-12-31": "-156.66000", "2018-12-31": "923.01000", "2017-12-31": "-262.80100", "2016-12-31": "-640.46200", "2015-12-31": "-113.72200", "2014-12-31": "-332.87300", "2013-12-31": "-283.34100", "2012-12-31": "-602.48900", "2011-12-31": "-82.54800", "2010-12-31": "-627.66000", "2009-12-31": "-93.93000", "2008-12-31": "-449.09800", "2007-12-31": "116.65300", "2006-12-31": "196.17900", "2005-12-31": "181.97400"}, "Net Long-Term Debt": {"2020-12-31": "", "2019-12-31": "", "2018-12-31": "", "2017-12-31": "", "2016-12-31": "450.80000", "2015-12-31": "", "2014-12-31": "-190.97200", "2013-12-31": "-2.53400", "2012-12-31": "-2.53300", "2011-12-31": "-2.51800", "2010-12-31": "-2.30500", "2009-12-31": "171.84500", "2008-12-31": "", "2007-12-31": "", "2006-12-31": "-304.64800", "2005-12-31": "-98.67300"}, "Net Current Debt": {"2020-12-31": "", "2019-12-31": "", "2018-12-31": "", "2017-12-31": "", "2016-12-31": "", "2015-12-31": "", "2014-12-31": "", "2013-12-31": "", "2012-12-31": "", "2011-12-31": "", "2010-12-31": "", "2009-12-31": "-122.50000", "2008-12-31": "119.67400", "2007-12-31": "", "2006-12-31": "", "2005-12-31": ""}, "Debt Issuance/Retirement Net - Total": {"2020-12-31": "", "2019-12-31": "", "2018-12-31": "", "2017-12-31": "", "2016-12-31": "450.80000", "2015-12-31": "", "2014-12-31": "-190.97200", "2013-12-31": "-2.53400", "2012-12-31": "-2.53300", "2011-12-31": "-2.51800", "2010-12-31": "-2.30500", "2009-12-31": "49.34500", "2008-12-31": "119.67400", "2007-12-31": "", "2006-12-31": "-304.64800", "2005-12-31": "-98.67300"}, "Net Common Equity Issued/Repurchased": {"2020-12-31": "-59.93800", "2019-12-31": "-470.68800", "2018-12-31": "-802.50500", "2017-12-31": "-175.81100", "2016-12-31": "-58.00600", "2015-12-31": "-280.41900", "2014-12-31": "21.29100", "2013-12-31": "17.59600", "2012-12-31": "18.47700", "2011-12-31": "-13.79000", "2010-12-31": "44.67900", "2009-12-31": "15.70300", "2008-12-31": "-73.37500", "2007-12-31": "-250.49400", "2006-12-31": "-114.29100", "2005-12-31": "34.72800"}, "Net Total Equity Issued/Repurchased": {"2020-12-31": "-59.93800", "2019-12-31": "-470.68800", "2018-12-31": "-802.50500", "2017-12-31": "-175.81100", "2016-12-31": "-58.00600", "2015-12-31": "-280.41900", "2014-12-31": "21.29100", "2013-12-31": "17.59600", "2012-12-31": "18.47700", "2011-12-31": "-13.79000", "2010-12-31": "44.67900", "2009-12-31": "15.70300", "2008-12-31": "-73.37500", "2007-12-31": "-250.49400", "2006-12-31": "-114.29100", "2005-12-31": "34.72800"}, "Total Common And Preferred Stock Dividends Paid": {"2020-12-31": "-66.48200", "2019-12-31": "-61.30500", "2018-12-31": "-67.32200", "2017-12-31": "-55.44700", "2016-12-31": "-48.61900", "2015-12-31": "-50.71300", "2014-12-31": "-37.42500", "2013-12-31": "", "2012-12-31": "", "2011-12-31": "", "2010-12-31": "", "2009-12-31": "", "2008-12-31": "", "2007-12-31": "", "2006-12-31": "", "2005-12-31": ""}, "Financial Activities - Other": {"2020-12-31": "-31.86600", "2019-12-31": "-42.35600", "2018-12-31": "-33.59400", "2017-12-31": "-13.93100", "2016-12-31": "-115.73100", "2015-12-31": "-7.77300", "2014-12-31": "0.53500", "2013-12-31": "2.28700", "2012-12-31": "-51.22000", "2011-12-31": "", "2010-12-31": "", "2009-12-31": "1.04900", "2008-12-31": "", "2007-12-31": "", "2006-12-31": "", "2005-12-31": ""}, "Cash Flow From Financial Activities": {"2020-12-31": "-158.28600", "2019-12-31": "-574.34900", "2018-12-31": "-903.42100", "2017-12-31": "-245.18900", "2016-12-31": "228.44400", "2015-12-31": "-338.90500", "2014-12-31": "-206.57100", "2013-12-31": "17.34900", "2012-12-31": "-35.27600", "2011-12-31": "-16.30800", "2010-12-31": "42.37400", "2009-12-31": "66.09700", "2008-12-31": "46.29900", "2007-12-31": "-250.49400", "2006-12-31": "-418.93900", "2005-12-31": "-63.94500"}, "Net Cash Flow": {"2020-12-31": "140.19700", "2019-12-31": "-152.82800", "2018-12-31": "496.90900", "2017-12-31": "121.95900", "2016-12-31": "43.17900", "2015-12-31": "-29.55100", "2014-12-31": "-47.38200", "2013-12-31": "2.71800", "2012-12-31": "-234.81600", "2011-12-31": "175.99900", "2010-12-31": "-19.00000", "2009-12-31": "94.03200", "2008-12-31": "-239.66600", "2007-12-31": "-5.65400", "2006-12-31": "227.32600", "2005-12-31": "131.55200"}, "Stock-Based Compensation": {"2020-12-31": "44.90600", "2019-12-31": "37.89700", "2018-12-31": "33.57700", "2017-12-31": "34.09700", "2016-12-31": "30.75000", "2015-12-31": "30.45100", "2014-12-31": "40.30700", "2013-12-31": "36.61200", "2012-12-31": "39.92000", "2011-12-31": "32.33700", "2010-12-31": "29.77700", "2009-12-31": "24.35400", "2008-12-31": "22.25000", "2007-12-31": "23.47400", "2006-12-31": "23.50900", "2005-12-31": "0.76200"}, "Common Stock Dividends Paid": {"2020-12-31": "-66.48200", "2019-12-31": "-61.30500", "2018-12-31": "-67.32200", "2017-12-31": "-55.44700", "2016-12-31": "-48.61900", "2015-12-31": "-50.71300", "2014-12-31": "-37.42500", "2013-12-31": "", "2012-12-31": "0.00000", "2011-12-31": "", "2010-12-31": "", "2009-12-31": "", "2008-12-31": "", "2007-12-31": "", "2006-12-31": "", "2005-12-31": ""}}, "cash flow statement, quarterly": {"Net Income/Loss": {"2020-12-31": 196.332, "2020-09-30": 222.717, "2020-06-30": 188.907, "2020-03-31": "176.19100", "2019-12-31": 125.073, "2019-09-30": 135.86, "2019-06-30": 97.397, "2019-03-31": "109.13800", "2018-12-31": 143.788, "2018-09-30": 119.981, "2018-06-30": 101.036, "2018-03-31": "86.97400", "2017-12-31": -105.924, "2017-09-30": 103.419, "2017-06-30": 174.976, "2017-03-31": "85.22100", "2016-12-31": 66.346, "2016-09-30": 63.793, "2016-06-30": -223.546, "2016-03-31": "49.98600", "2015-12-31": -0.641, "2015-09-30": 71.452, "2015-06-30": 102.879, "2015-03-31": "32.78700", "2014-12-31": -103.811, "2014-09-30": 82.949, "2014-06-30": 101.205, "2014-03-31": "0.92900", "2013-12-31": 22.343, "2013-09-30": 69.459, "2013-06-30": 66.556, "2013-03-31": "6.58900", "2012-12-31": -16.543, "2012-09-30": 88.641, "2012-06-30": 111.387, "2012-03-31": "33.56400", "2011-12-31": 129.071, "2011-09-30": 56.706, "2011-06-30": 87.252, "2011-03-31": "96.84400", "2010-12-31": 65.231, "2010-09-30": 147.34, "2010-06-30": 122.149, "2010-03-31": "50.10000", "2009-12-31": 16.924, "2009-09-30": 6.675, "2009-06-30": -66.768, "2009-03-31": "-90.66800", "2008-12-31": -384.984, "2008-09-30": -22.689, "2008-06-30": 11.079, "2008-03-31": "2.36700", "2007-12-31": 16.704, "2007-09-30": 40.989, "2007-06-30": 27.654, "2007-03-31": "-7.63600", "2006-12-31": 10.874, "2006-09-30": 60.565, "2006-06-30": 82.405, "2006-03-31": "44.91300", "2005-12-31": 224.062, "2005-09-30": -35.378, "2005-06-30": -45.464, "2005-03-31": "-52.57200"}, "Total Depreciation And Amortization - Cash Flow": {"2020-12-31": 32.055, "2020-09-30": 30.149, "2020-06-30": 32.659, "2020-03-31": "31.88000", "2019-12-31": 32.298, "2019-09-30": 29.499, "2019-06-30": 29.265, "2019-03-31": "29.59300", "2018-12-31": 30.385, "2018-09-30": 29.506, "2018-06-30": 27.793, "2018-03-31": "25.54000", "2017-12-31": 26.519, "2017-09-30": 26.67, "2017-06-30": 27.673, "2017-03-31": "27.21300", "2016-12-31": 25.297, "2016-09-30": 25.364, "2016-06-30": 287.632, "2016-03-31": "36.66200", "2015-12-31": 36.083, "2015-09-30": 37.065, "2015-06-30": 33.141, "2015-03-31": "34.48400", "2014-12-31": 136.487, "2014-09-30": 38.179, "2014-06-30": 37.591, "2014-03-31": "39.18400", "2013-12-31": 39.319, "2013-09-30": 37.764, "2013-06-30": 36.487, "2013-03-31": "37.11700", "2012-12-31": 38.336, "2012-09-30": 37.856, "2012-06-30": 35.219, "2012-03-31": "34.10300", "2011-12-31": 37.417, "2011-09-30": 22.803, "2011-06-30": 23.049, "2011-03-31": "23.41200", "2010-12-31": 19.437, "2010-09-30": 24.571, "2010-06-30": 24.378, "2010-03-31": "25.13000", "2009-12-31": 25.445, "2009-09-30": 27.372, "2009-06-30": 26.101, "2009-03-31": "25.49300", "2008-12-31": 352.46, "2008-09-30": 23.177, "2008-06-30": 25.367, "2008-03-31": "23.43000", "2007-12-31": 16.242, "2007-09-30": 16.384, "2007-06-30": 16.588, "2007-03-31": "18.28100", "2006-12-31": 17.38, "2006-09-30": 18.324, "2006-06-30": 17.834, "2006-03-31": "19.54400", "2005-12-31": 16.368, "2005-09-30": 25.292, "2005-06-30": 25.973, "2005-03-31": "22.62700"}, "Other Non-Cash Items": {"2020-12-31": -6.03, "2020-09-30": -9.058, "2020-06-30": 34.68, "2020-03-31": "7.83200", "2019-12-31": 27.204, "2019-09-30": 2.704, "2019-06-30": -1.009, "2019-03-31": "13.43800", "2018-12-31": 24.64, "2018-09-30": 17.432, "2018-06-30": 15.148, "2018-03-31": "18.18700", "2017-12-31": 50.082, "2017-09-30": 7.732, "2017-06-30": 10.998, "2017-03-31": "8.82800", "2016-12-31": -10.241, "2016-09-30": -4.839, "2016-06-30": 82.507, "2016-03-31": "7.26600", "2015-12-31": 35.375, "2015-09-30": 6.151, "2015-06-30": 13.393, "2015-03-31": "1.37300", "2014-12-31": 46.46, "2014-09-30": 11.987, "2014-06-30": -5.432, "2014-03-31": "37.83000", "2013-12-31": -14.972, "2013-09-30": 11.925, "2013-06-30": -0.937, "2013-03-31": "6.64000", "2012-12-31": 35.367, "2012-09-30": 5.907, "2012-06-30": 18.361, "2012-03-31": "22.59800", "2011-12-31": -117.873, "2011-09-30": 16.194, "2011-06-30": 11.318, "2011-03-31": "-18.42200", "2010-12-31": 3.873, "2010-09-30": 11.878, "2010-06-30": 9.382, "2010-03-31": "10.10200", "2009-12-31": 19.662, "2009-09-30": 18.135, "2009-06-30": 19.747, "2009-03-31": "14.85600", "2008-12-31": 21.514, "2008-09-30": 54.961, "2008-06-30": 7.253, "2008-03-31": "11.35000", "2007-12-31": 4.201, "2007-09-30": -3.921, "2007-06-30": 5.862, "2007-03-31": "22.89000", "2006-12-31": 21.425, "2006-09-30": -16.523, "2006-06-30": -9.164, "2006-03-31": "8.10000", "2005-12-31": -179.59, "2005-09-30": 39.898, "2005-06-30": 5.518, "2005-03-31": "15.16900"}, "Total Non-Cash Items": {"2020-12-31": 26.025, "2020-09-30": 21.091, "2020-06-30": 67.339, "2020-03-31": "39.71200", "2019-12-31": 59.502, "2019-09-30": 32.203, "2019-06-30": 28.256, "2019-03-31": "43.03100", "2018-12-31": 55.025, "2018-09-30": 46.938, "2018-06-30": 42.941, "2018-03-31": "43.72700", "2017-12-31": 76.601, "2017-09-30": 34.402, "2017-06-30": 38.671, "2017-03-31": "36.04100", "2016-12-31": 15.056, "2016-09-30": 20.525, "2016-06-30": 370.139, "2016-03-31": "43.92800", "2015-12-31": 71.458, "2015-09-30": 43.216, "2015-06-30": 46.534, "2015-03-31": "35.85700", "2014-12-31": 182.947, "2014-09-30": 50.166, "2014-06-30": 32.159, "2014-03-31": "77.01400", "2013-12-31": 24.347, "2013-09-30": 49.689, "2013-06-30": 35.55, "2013-03-31": "43.75700", "2012-12-31": 73.703, "2012-09-30": 43.763, "2012-06-30": 53.58, "2012-03-31": "56.70100", "2011-12-31": -80.456, "2011-09-30": 38.997, "2011-06-30": 34.367, "2011-03-31": "4.99000", "2010-12-31": 23.31, "2010-09-30": 36.449, "2010-06-30": 33.76, "2010-03-31": "35.23200", "2009-12-31": 45.107, "2009-09-30": 45.507, "2009-06-30": 45.848, "2009-03-31": "40.34900", "2008-12-31": 373.974, "2008-09-30": 78.138, "2008-06-30": 32.62, "2008-03-31": "34.78000", "2007-12-31": 20.443, "2007-09-30": 12.463, "2007-06-30": 22.45, "2007-03-31": "41.17100", "2006-12-31": 38.805, "2006-09-30": 1.801, "2006-06-30": 8.67, "2006-03-31": "27.64400", "2005-12-31": -163.222, "2005-09-30": 65.19, "2005-06-30": 31.491, "2005-03-31": "37.79600"}, "Change In Accounts Receivable": {"2020-12-31": 92.564, "2020-09-30": 109.025, "2020-06-30": -204.261, "2020-03-31": "-126.77900", "2019-12-31": -3.651, "2019-09-30": 12.689, "2019-06-30": -37.772, "2019-03-31": "-41.70600", "2018-12-31": 59.869, "2018-09-30": 101.596, "2018-06-30": -38.656, "2018-03-31": "-140.74700", "2017-12-31": -4.961, "2017-09-30": 138.566, "2017-06-30": -90.397, "2017-03-31": "-123.79200", "2016-12-31": -27.335, "2016-09-30": 183.89, "2016-06-30": -95.678, "2016-03-31": "-42.55200", "2015-12-31": 33.85, "2015-09-30": 51.376, "2015-06-30": -117.744, "2015-03-31": "-24.74900", "2014-12-31": 171.73, "2014-09-30": -20.545, "2014-06-30": -84.243, "2014-03-31": "-58.88200", "2013-12-31": 52.307, "2013-09-30": 18.822, "2013-06-30": -61.594, "2013-03-31": "-13.19100", "2012-12-31": 52.041, "2012-09-30": 140.66, "2012-06-30": -124.577, "2012-03-31": "-92.21700", "2011-12-31": 41.134, "2011-09-30": 64.3, "2011-06-30": -21.569, "2011-03-31": "-17.49800", "2010-12-31": 130.634, "2010-09-30": -57.868, "2010-06-30": -69.319, "2010-03-31": "-53.86500", "2009-12-31": 10.71, "2009-09-30": -65.779, "2009-06-30": -6.655, "2009-03-31": "42.41200", "2008-12-31": 95.146, "2008-09-30": 18.562, "2008-06-30": -10.552, "2008-03-31": "15.04000", "2007-12-31": 42.179, "2007-09-30": -20.101, "2007-06-30": -45.838, "2007-03-31": "-9.95700", "2006-12-31": 73.681, "2006-09-30": 43.755, "2006-06-30": -22.724, "2006-03-31": "-26.77300", "2005-12-31": -15.42, "2005-09-30": -29.903, "2005-06-30": -18.581, "2005-03-31": "5.16600"}, "Change In Inventories": {"2020-12-31": -25.436, "2020-09-30": 20.726, "2020-06-30": -19.546, "2020-03-31": "15.81800", "2019-12-31": -13.265, "2019-09-30": -11.696, "2019-06-30": 0.47, "2019-03-31": "-2.91700", "2018-12-31": 4.619, "2018-09-30": -12.834, "2018-06-30": -0.266, "2018-03-31": "-21.01700", "2017-12-31": 21.19, "2017-09-30": 31.919, "2017-06-30": 54.003, "2017-03-31": "-62.15200", "2016-12-31": -14.338, "2016-09-30": 18.379, "2016-06-30": 30.924, "2016-03-31": "-0.70200", "2015-12-31": -17.817, "2015-09-30": 9.876, "2015-06-30": 17.54, "2015-03-31": "5.96000", "2014-12-31": 13.536, "2014-09-30": 19.798, "2014-06-30": 15.834, "2014-03-31": "2.63500", "2013-12-31": -11.912, "2013-09-30": 7.821, "2013-06-30": 30.413, "2013-03-31": "-4.04000", "2012-12-31": -7.418, "2012-09-30": 3.624, "2012-06-30": -2.19, "2012-03-31": "23.63600", "2011-12-31": 0.419, "2011-09-30": 13.972, "2011-06-30": -4.297, "2011-03-31": "-10.70900", "2010-12-31": -5.981, "2010-09-30": -14.535, "2010-06-30": 7.847, "2010-03-31": "16.38400", "2009-12-31": 17.274, "2009-09-30": 16.452, "2009-06-30": 33.599, "2009-03-31": "-4.14000", "2008-12-31": 1.568, "2008-09-30": -3.419, "2008-06-30": -1.301, "2008-03-31": "0.07800", "2007-12-31": 18.455, "2007-09-30": 2.397, "2007-06-30": 3.435, "2007-03-31": "20.89200", "2006-12-31": 12.527, "2006-09-30": 18.361, "2006-06-30": 15.003, "2006-03-31": "33.43300", "2005-12-31": 30.091, "2005-09-30": 1.938, "2005-06-30": 26.532, "2005-03-31": "11.36100"}, "Change In Accounts Payable": {"2020-12-31": 0, "2020-09-30": 0, "2020-06-30": 0, "2020-03-31": "", "2019-12-31": 0, "2019-09-30": 0, "2019-06-30": 0, "2019-03-31": "", "2018-12-31": 0, "2018-09-30": 0, "2018-06-30": 0, "2018-03-31": "", "2017-12-31": 0, "2017-09-30": 0, "2017-06-30": 0, "2017-03-31": "", "2016-12-31": 0, "2016-09-30": 0, "2016-06-30": 0, "2016-03-31": "", "2015-12-31": 0, "2015-09-30": 0, "2015-06-30": 0, "2015-03-31": "", "2014-12-31": 0, "2014-09-30": 0, "2014-06-30": 0, "2014-03-31": "", "2013-12-31": 0, "2013-09-30": 0, "2013-06-30": 0, "2013-03-31": "", "2012-12-31": 0, "2012-09-30": 0, "2012-06-30": 0, "2012-03-31": "", "2011-12-31": 0, "2011-09-30": 0, "2011-06-30": 0, "2011-03-31": "", "2010-12-31": 0, "2010-09-30": 0, "2010-06-30": 0, "2010-03-31": "", "2009-12-31": 0, "2009-09-30": 0, "2009-06-30": 0, "2009-03-31": "", "2008-12-31": 0, "2008-09-30": 0, "2008-06-30": 0, "2008-03-31": "", "2007-12-31": 0, "2007-09-30": 0, "2007-06-30": 0, "2007-03-31": "", "2006-12-31": 0, "2006-09-30": 0, "2006-06-30": 0, "2006-03-31": "", "2005-12-31": 0, "2005-09-30": 0, "2005-06-30": 0, "2005-03-31": ""}, "Change In Assets/Liabilities": {"2020-12-31": -62.531, "2020-09-30": 56.03, "2020-06-30": 18.47, "2020-03-31": "-41.79500", "2019-12-31": -13.561, "2019-09-30": 27.659, "2019-06-30": 9.748, "2019-03-31": "-13.40300", "2018-12-31": -55.936, "2018-09-30": -3.407, "2018-06-30": 2.041, "2018-03-31": "7.94500", "2017-12-31": -28.341, "2017-09-30": 21.923, "2017-06-30": 10.93, "2017-03-31": "-3.17600", "2016-12-31": -76.381, "2016-09-30": -42.608, "2016-06-30": 106.351, "2016-03-31": "-16.23400", "2015-12-31": -11.332, "2015-09-30": 1.542, "2015-06-30": 14.575, "2015-03-31": "3.16500", "2014-12-31": -29.115, "2014-09-30": 20.357, "2014-06-30": 30.833, "2014-03-31": "7.57900", "2013-12-31": -44.961, "2013-09-30": -16.531, "2013-06-30": -10.466, "2013-03-31": "-12.13300", "2012-12-31": -15.348, "2012-09-30": -3.331, "2012-06-30": -2.841, "2012-03-31": "-0.88000", "2011-12-31": -23.469, "2011-09-30": -34.322, "2011-06-30": -15.933, "2011-03-31": "-27.99500", "2010-12-31": 2.55, "2010-09-30": 98.236, "2010-06-30": -50.027, "2010-03-31": "-22.00700", "2009-12-31": -30.699, "2009-09-30": 59.098, "2009-06-30": 7.645, "2009-03-31": "-9.22500", "2008-12-31": -2.507, "2008-09-30": -13.874, "2008-06-30": 0.646, "2008-03-31": "-10.55800", "2007-12-31": -13.102, "2007-09-30": -14.687, "2007-06-30": -2.457, "2007-03-31": "-2.62200", "2006-12-31": -2.637, "2006-09-30": 12.374, "2006-06-30": -5.794, "2006-03-31": "-27.60600", "2005-12-31": -31.516, "2005-09-30": 3.002, "2005-06-30": -3.305, "2005-03-31": "-5.11400"}, "Total Change In Assets/Liabilities": {"2020-12-31": 38.067, "2020-09-30": 99.227, "2020-06-30": -33.872, "2020-03-31": "-172.80100", "2019-12-31": 31.753, "2019-09-30": 31.514, "2019-06-30": 19.176, "2019-03-31": "-134.15300", "2018-12-31": -12.437, "2018-09-30": 74.071, "2018-06-30": -12.532, "2018-03-31": "-212.63100", "2017-12-31": 176.796, "2017-09-30": 172.009, "2017-06-30": 16.668, "2017-03-31": "-182.38500", "2016-12-31": -44.17, "2016-09-30": 117.065, "2016-06-30": 34.269, "2016-03-31": "-58.19400", "2015-12-31": -20.347, "2015-09-30": 64.481, "2015-06-30": 6.512, "2015-03-31": "-31.11200", "2014-12-31": 95.821, "2014-09-30": 0.636, "2014-06-30": 75.811, "2014-03-31": "-103.76400", "2013-12-31": -2.414, "2013-09-30": 36.309, "2013-06-30": 2.378, "2013-03-31": "-85.85300", "2012-12-31": -16.444, "2012-09-30": 116.568, "2012-06-30": -62.875, "2012-03-31": "-79.09600", "2011-12-31": 11.682, "2011-09-30": -2.728, "2011-06-30": -19.654, "2011-03-31": "-82.21600", "2010-12-31": 87.955, "2010-09-30": 72.024, "2010-06-30": -48.019, "2010-03-31": "-59.24500", "2009-12-31": 3.674, "2009-09-30": 50.735, "2009-06-30": 39.746, "2009-03-31": "-15.26400", "2008-12-31": 53.558, "2008-09-30": -16.063, "2008-06-30": 3.881, "2008-03-31": "-2.72600", "2007-12-31": 52.604, "2007-09-30": -24.312, "2007-06-30": -8.824, "2007-03-31": "-63.69200", "2006-12-31": 70.852, "2006-09-30": 70.454, "2006-06-30": 34.517, "2006-03-31": "-6.76900", "2005-12-31": -4.7, "2005-09-30": 7.738, "2005-06-30": -11.532, "2005-03-31": "-40.73700"}, "Cash Flow From Operating Activities": {"2020-12-31": 260.424, "2020-09-30": 342.512, "2020-06-30": 222.897, "2020-03-31": "43.10200", "2019-12-31": 216.328, "2019-09-30": 199.148, "2019-06-30": 145.258, "2019-03-31": "18.01600", "2018-12-31": 186.376, "2018-09-30": 240.584, "2018-06-30": 131.851, "2018-03-31": "-81.93000", "2017-12-31": 147.473, "2017-09-30": 309.83, "2017-06-30": 230.313, "2017-03-31": "-61.12100", "2016-12-31": 37.232, "2016-09-30": 201.383, "2016-06-30": 180.862, "2016-03-31": "35.72000", "2015-12-31": 50.47, "2015-09-30": 179.149, "2015-06-30": 155.925, "2015-03-31": "37.53200", "2014-12-31": 174.957, "2014-09-30": 133.751, "2014-06-30": 209.175, "2014-03-31": "-25.82100", "2013-12-31": 44.276, "2013-09-30": 155.457, "2013-06-30": 105.471, "2013-03-31": "-36.49400", "2012-12-31": 40.716, "2012-09-30": 248.972, "2012-06-30": 102.092, "2012-03-31": "11.16900", "2011-12-31": 60.297, "2011-09-30": 92.975, "2011-06-30": 101.965, "2011-03-31": "19.61800", "2010-12-31": 176.496, "2010-09-30": 255.813, "2010-06-30": 107.891, "2010-03-31": "26.08600", "2009-12-31": 65.705, "2009-09-30": 102.917, "2009-06-30": 18.826, "2009-03-31": "-65.58300", "2008-12-31": 42.548, "2008-09-30": 39.386, "2008-06-30": 47.58, "2008-03-31": "34.42100", "2007-12-31": 87.698, "2007-09-30": 29.14, "2007-06-30": 41.28, "2007-03-31": "-30.15700", "2006-12-31": 108.183, "2006-09-30": 138.689, "2006-06-30": 131.327, "2006-03-31": "71.88700", "2005-12-31": 56.991, "2005-09-30": 37.55, "2005-06-30": -25.505, "2005-03-31": "-55.51300"}, "Net Change In Property, Plant, And Equipment": {"2020-12-31": -38.105, "2020-09-30": -62.858, "2020-06-30": -47.314, "2020-03-31": "-36.70000", "2019-12-31": -38.594, "2019-09-30": -37.092, "2019-06-30": -33.245, "2019-03-31": "-25.71100", "2018-12-31": -26.11, "2018-09-30": -25.606, "2018-06-30": -27.866, "2018-03-31": "-34.79700", "2017-12-31": -32.128, "2017-09-30": -27.28, "2017-06-30": -23.901, "2017-03-31": "-22.06600", "2016-12-31": -19.02, "2016-09-30": -19.659, "2016-06-30": -26.259, "2016-03-31": "-20.33400", "2015-12-31": -23.151, "2015-09-30": -20.617, "2015-06-30": -24.961, "2015-03-31": "-21.14900", "2014-12-31": -22.63, "2014-09-30": -54.963, "2014-06-30": -60.192, "2014-03-31": "-31.19700", "2013-12-31": -23.806, "2013-09-30": -32.127, "2013-06-30": -28.251, "2013-03-31": "-22.54700", "2012-12-31": -27.948, "2012-09-30": -33.328, "2012-06-30": -30.73, "2012-03-31": "-27.07400", "2011-12-31": -19.474, "2011-09-30": -22.156, "2011-06-30": -22.336, "2011-03-31": "-22.13100", "2010-12-31": -22.085, "2010-09-30": -18.253, "2010-06-30": -18.119, "2010-03-31": "-17.58700", "2009-12-31": -14.723, "2009-09-30": -9.155, "2009-06-30": -11.341, "2009-03-31": "-6.08700", "2008-12-31": -11.674, "2008-09-30": 7.53, "2008-06-30": -10.002, "2008-03-31": "-28.98400", "2007-12-31": -22.3, "2007-09-30": -11.289, "2007-06-30": -22.592, "2007-03-31": "-22.01900", "2006-12-31": -22.259, "2006-09-30": 12.965, "2006-06-30": 9.323, "2006-03-31": "-25.42100", "2005-12-31": -4.944, "2005-09-30": -16.357, "2005-06-30": -19.747, "2005-03-31": "-37.61300"}, "Net Change In Intangible Assets": {"2020-12-31": 0, "2020-09-30": 0, "2020-06-30": 0, "2020-03-31": "", "2019-12-31": 0, "2019-09-30": 0, "2019-06-30": 0, "2019-03-31": "", "2018-12-31": 0, "2018-09-30": 0, "2018-06-30": 0, "2018-03-31": "", "2017-12-31": 0, "2017-09-30": 0, "2017-06-30": 0, "2017-03-31": "", "2016-12-31": 0, "2016-09-30": 0, "2016-06-30": 0, "2016-03-31": "", "2015-12-31": 0, "2015-09-30": 0, "2015-06-30": 0, "2015-03-31": "", "2014-12-31": 0, "2014-09-30": 0, "2014-06-30": 0, "2014-03-31": "", "2013-12-31": 0, "2013-09-30": 0, "2013-06-30": 0, "2013-03-31": "", "2012-12-31": 0, "2012-09-30": 0, "2012-06-30": 0, "2012-03-31": "", "2011-12-31": 0, "2011-09-30": 0, "2011-06-30": 0, "2011-03-31": "", "2010-12-31": 0, "2010-09-30": 0, "2010-06-30": 0, "2010-03-31": "", "2009-12-31": 0, "2009-09-30": 0, "2009-06-30": 0, "2009-03-31": "", "2008-12-31": 0, "2008-09-30": 0, "2008-06-30": 0, "2008-03-31": "", "2007-12-31": 0, "2007-09-30": 0, "2007-06-30": 0, "2007-03-31": "-17.60000", "2006-12-31": 0, "2006-09-30": 0, "2006-06-30": 0, "2006-03-31": "", "2005-12-31": 0, "2005-09-30": 0, "2005-06-30": 0, "2005-03-31": ""}, "Net Acquisitions/Divestitures": {"2020-12-31": 0, "2020-09-30": 0, "2020-06-30": 0, "2020-03-31": "0.14900", "2019-12-31": -57.772, "2019-09-30": 0, "2019-06-30": -15, "2019-03-31": "-6.97000", "2018-12-31": 0, "2018-09-30": 1.158, "2018-06-30": -145.276, "2018-03-31": "-25.35600", "2017-12-31": 0, "2017-09-30": 0, "2017-06-30": 0, "2017-03-31": "", "2016-12-31": 0, "2016-09-30": 0, "2016-06-30": 0, "2016-03-31": "", "2015-12-31": 0, "2015-09-30": -0.409, "2015-06-30": -282.332, "2015-03-31": "", "2014-12-31": -19.419, "2014-09-30": 0, "2014-06-30": 0, "2014-03-31": "", "2013-12-31": -14.999, "2013-09-30": 0, "2013-06-30": 0, "2013-03-31": "", "2012-12-31": 0, "2012-09-30": 0, "2012-06-30": 0, "2012-03-31": "", "2011-12-31": -537.489, "2011-09-30": 0, "2011-06-30": 0, "2011-03-31": "", "2010-12-31": 0, "2010-09-30": 0, "2010-06-30": 0, "2010-03-31": "", "2009-12-31": 0, "2009-09-30": 0, "2009-06-30": -3.741, "2009-03-31": "", "2008-12-31": -286.207, "2008-09-30": 0, "2008-06-30": -4.861, "2008-03-31": "-280.46300", "2007-12-31": 0, "2007-09-30": 0, "2007-06-30": 0.906, "2007-03-31": "", "2006-12-31": 0, "2006-09-30": 0.02, "2006-06-30": 0.157, "2006-03-31": "0.22900", "2005-12-31": 2.547, "2005-09-30": 0, "2005-06-30": 1.107, "2005-03-31": "0.41400"}, "Net Change In Short-term Investments": {"2020-12-31": 0, "2020-09-30": 0, "2020-06-30": 0, "2020-03-31": "", "2019-12-31": 0, "2019-09-30": 0, "2019-06-30": 0, "2019-03-31": "", "2018-12-31": 0, "2018-09-30": 0, "2018-06-30": 0, "2018-03-31": "", "2017-12-31": 0, "2017-09-30": 0, "2017-06-30": 0, "2017-03-31": "", "2016-12-31": 0, "2016-09-30": 0, "2016-06-30": 0, "2016-03-31": "", "2015-12-31": 0, "2015-09-30": 0, "2015-06-30": 0, "2015-03-31": "", "2014-12-31": 0, "2014-09-30": 0, "2014-06-30": 0, "2014-03-31": "", "2013-12-31": 0, "2013-09-30": 0, "2013-06-30": 0, "2013-03-31": "", "2012-12-31": 0, "2012-09-30": 0, "2012-06-30": 0, "2012-03-31": "", "2011-12-31": 0, "2011-09-30": 0, "2011-06-30": 0, "2011-03-31": "", "2010-12-31": 0, "2010-09-30": 0, "2010-06-30": 0, "2010-03-31": "", "2009-12-31": 0, "2009-09-30": 0, "2009-06-30": 0, "2009-03-31": "", "2008-12-31": 0, "2008-09-30": 0, "2008-06-30": 0, "2008-03-31": "", "2007-12-31": 0, "2007-09-30": 0, "2007-06-30": 0, "2007-03-31": "", "2006-12-31": 0, "2006-09-30": 0, "2006-06-30": 0, "2006-03-31": "", "2005-12-31": 0, "2005-09-30": 0, "2005-06-30": 0, "2005-03-31": ""}, "Net Change In Long-Term Investments": {"2020-12-31": -239.102, "2020-09-30": -56.507, "2020-06-30": -16.246, "2020-03-31": "-73.65700", "2019-12-31": 206.605, "2019-09-30": 56.741, "2019-06-30": 20.009, "2019-03-31": "-228.54300", "2018-12-31": 230.0741, "2018-09-30": 315.8988, "2018-06-30": 128.7991, "2018-03-31": "523.04500", "2017-12-31": -42.3911, "2017-09-30": -406.1409, "2017-06-30": 137.582, "2017-03-31": "148.46000", "2016-12-31": -353.31, "2016-09-30": -232.442, "2016-06-30": -65.539, "2016-03-31": "91.05000", "2015-12-31": 35.9021, "2015-09-30": -56.075, "2015-06-30": 319.964, "2015-03-31": "-41.99200", "2014-12-31": -36.225, "2014-09-30": -119.3789, "2014-06-30": -117.4771, "2014-03-31": "124.42500", "2013-12-31": -237.609, "2013-09-30": 215.574, "2013-06-30": -156.001, "2013-03-31": "16.73200", "2012-12-31": -145.375, "2012-09-30": -281.834, "2012-06-30": -30.361, "2012-03-31": "-27.29000", "2011-12-31": -16.527, "2011-09-30": 597.658, "2011-06-30": -55.223, "2011-03-31": "-22.84100", "2010-12-31": -193.043, "2010-09-30": -206.811, "2010-06-30": -64.673, "2010-03-31": "-88.18000", "2009-12-31": -40.948, "2009-09-30": -20.331, "2009-06-30": 2.901, "2009-03-31": "9.04500", "2008-12-31": 151.595, "2008-09-30": -50.06, "2008-06-30": -11.334, "2008-03-31": "60.53000", "2007-12-31": 137.511, "2007-09-30": 174.379, "2007-06-30": -12.32, "2007-03-31": "-98.78800", "2006-12-31": 15.144, "2006-09-30": 392.378, "2006-06-30": -128.4, "2006-03-31": "-57.54900", "2005-12-31": -252.026, "2005-09-30": 13.387, "2005-06-30": 48.367, "2005-03-31": "80.42100"}, "Net Change In Investments - Total": {"2020-12-31": -239.102, "2020-09-30": -56.507, "2020-06-30": -16.246, "2020-03-31": "-73.65700", "2019-12-31": 206.605, "2019-09-30": 56.741, "2019-06-30": 20.009, "2019-03-31": "-228.54300", "2018-12-31": 230.0741, "2018-09-30": 315.8988, "2018-06-30": 128.7991, "2018-03-31": "523.04500", "2017-12-31": -42.3911, "2017-09-30": -406.1409, "2017-06-30": 137.582, "2017-03-31": "148.46000", "2016-12-31": -353.31, "2016-09-30": -232.442, "2016-06-30": -65.539, "2016-03-31": "91.05000", "2015-12-31": 35.9021, "2015-09-30": -56.075, "2015-06-30": 319.964, "2015-03-31": "-41.99200", "2014-12-31": -36.225, "2014-09-30": -119.3789, "2014-06-30": -117.4771, "2014-03-31": "124.42500", "2013-12-31": -237.609, "2013-09-30": 215.574, "2013-06-30": -156.001, "2013-03-31": "16.73200", "2012-12-31": -145.375, "2012-09-30": -281.834, "2012-06-30": -30.361, "2012-03-31": "-27.29000", "2011-12-31": -16.527, "2011-09-30": 597.658, "2011-06-30": -55.223, "2011-03-31": "-22.84100", "2010-12-31": -193.043, "2010-09-30": -206.811, "2010-06-30": -64.673, "2010-03-31": "-88.18000", "2009-12-31": -40.948, "2009-09-30": -20.331, "2009-06-30": 2.901, "2009-03-31": "9.04500", "2008-12-31": 151.595, "2008-09-30": -50.06, "2008-06-30": -11.334, "2008-03-31": "60.53000", "2007-12-31": 137.511, "2007-09-30": 174.379, "2007-06-30": -12.32, "2007-03-31": "-98.78800", "2006-12-31": 15.144, "2006-09-30": 392.378, "2006-06-30": -128.4, "2006-03-31": "-57.54900", "2005-12-31": -252.026, "2005-09-30": 13.387, "2005-06-30": 48.367, "2005-03-31": "80.42100"}, "Investing Activities - Other": {"2020-12-31": 0, "2020-09-30": 0, "2020-06-30": 0.546, "2020-03-31": "", "2019-12-31": 0, "2019-09-30": 2.639, "2019-06-30": 0, "2019-03-31": "0.27300", "2018-12-31": 0, "2018-09-30": 9.046, "2018-06-30": 0, "2018-03-31": "", "2017-12-31": 0, "2017-09-30": 5.064, "2017-06-30": 0, "2017-03-31": "", "2016-12-31": 0, "2016-09-30": 0, "2016-06-30": 5.051, "2016-03-31": "", "2015-12-31": 0, "2015-09-30": 0, "2015-06-30": 0, "2015-03-31": "1.09800", "2014-12-31": -0.207, "2014-09-30": 0, "2014-06-30": 0, "2014-03-31": "4.39100", "2013-12-31": -0.307, "2013-09-30": 0, "2013-06-30": 0, "2013-03-31": "", "2012-12-31": 1.451, "2012-09-30": 0, "2012-06-30": 0, "2012-03-31": "", "2011-12-31": -1.091, "2011-09-30": 0, "2011-06-30": 0.032, "2011-03-31": "39.03000", "2010-12-31": 0, "2010-09-30": 0, "2010-06-30": 1.091, "2010-03-31": "", "2009-12-31": -0.626, "2009-09-30": 0, "2009-06-30": 0, "2009-03-31": "1.07600", "2008-12-31": 11.783, "2008-09-30": 3.049, "2008-06-30": 0, "2008-03-31": "", "2007-12-31": 0, "2007-09-30": 10.954, "2007-06-30": -0.073, "2007-03-31": "-0.11600", "2006-12-31": -0.091, "2006-09-30": -0.045, "2006-06-30": -0.272, "2006-03-31": "", "2005-12-31": 382.694, "2005-09-30": -6.351, "2005-06-30": -5.013, "2005-03-31": "-4.91200"}, "Cash Flow From Investing Activities": {"2020-12-31": -277.207, "2020-09-30": -119.365, "2020-06-30": -63.014, "2020-03-31": "-110.20800", "2019-12-31": 110.239, "2019-09-30": 22.288, "2019-06-30": -28.236, "2019-03-31": "-260.95100", "2018-12-31": 203.964, "2018-09-30": 300.497, "2018-06-30": -44.343, "2018-03-31": "462.89200", "2017-12-31": -74.519, "2017-09-30": -428.357, "2017-06-30": 113.681, "2017-03-31": "126.39400", "2016-12-31": -372.33, "2016-09-30": -252.101, "2016-06-30": -86.747, "2016-03-31": "70.71600", "2015-12-31": 12.751, "2015-09-30": -77.101, "2015-06-30": 12.671, "2015-03-31": "-62.04300", "2014-12-31": -78.481, "2014-09-30": -174.342, "2014-06-30": -177.669, "2014-03-31": "97.61900", "2013-12-31": -276.721, "2013-09-30": 183.447, "2013-06-30": -184.252, "2013-03-31": "-5.81500", "2012-12-31": -171.872, "2012-09-30": -315.162, "2012-06-30": -61.091, "2012-03-31": "-54.36400", "2011-12-31": -574.581, "2011-09-30": 575.502, "2011-06-30": -77.527, "2011-03-31": "-5.94200", "2010-12-31": -215.128, "2010-09-30": -225.064, "2010-06-30": -81.698, "2010-03-31": "-105.77000", "2009-12-31": -56.297, "2009-09-30": -29.486, "2009-06-30": -12.181, "2009-03-31": "4.03400", "2008-12-31": -134.503, "2008-09-30": -39.481, "2008-06-30": -26.197, "2008-03-31": "-248.91700", "2007-12-31": 115.211, "2007-09-30": 174.044, "2007-06-30": -34.079, "2007-03-31": "-138.52300", "2006-12-31": -7.206, "2006-09-30": 405.318, "2006-06-30": -119.192, "2006-03-31": "-82.74100", "2005-12-31": 128.271, "2005-09-30": -9.321, "2005-06-30": 24.714, "2005-03-31": "38.31000"}, "Net Long-Term Debt": {"2020-12-31": 0, "2020-09-30": 0, "2020-06-30": 0, "2020-03-31": "", "2019-12-31": 0, "2019-09-30": 0, "2019-06-30": 0, "2019-03-31": "", "2018-12-31": 0, "2018-09-30": 0, "2018-06-30": 0, "2018-03-31": "", "2017-12-31": 0, "2017-09-30": 0, "2017-06-30": 0, "2017-03-31": "", "2016-12-31": 450.8, "2016-09-30": 0, "2016-06-30": 0, "2016-03-31": "", "2015-12-31": 0, "2015-09-30": 0, "2015-06-30": 0, "2015-03-31": "", "2014-12-31": 0.003, "2014-09-30": 0, "2014-06-30": 0, "2014-03-31": "-190.97500", "2013-12-31": -1.471, "2013-09-30": 0, "2013-06-30": -1.063, "2013-03-31": "", "2012-12-31": -1.287, "2012-09-30": 0, "2012-06-30": 0, "2012-03-31": "-1.24600", "2011-12-31": 0, "2011-09-30": -1.296, "2011-06-30": 0, "2011-03-31": "-1.22200", "2010-12-31": 0, "2010-09-30": -1.182, "2010-06-30": 0, "2010-03-31": "-1.12300", "2009-12-31": 0, "2009-09-30": -1.069, "2009-06-30": 162.844, "2009-03-31": "10.07000", "2008-12-31": 0, "2008-09-30": 0, "2008-06-30": 0, "2008-03-31": "", "2007-12-31": 0, "2007-09-30": 0, "2007-06-30": 0, "2007-03-31": "", "2006-12-31": -261, "2006-09-30": -24, "2006-06-30": 0, "2006-03-31": "-19.64800", "2005-12-31": -76.611, "2005-09-30": 0, "2005-06-30": -0.077, "2005-03-31": "-21.98500"}, "Net Current Debt": {"2020-12-31": 0, "2020-09-30": 0, "2020-06-30": 0, "2020-03-31": "", "2019-12-31": 0, "2019-09-30": 0, "2019-06-30": 0, "2019-03-31": "", "2018-12-31": 0, "2018-09-30": 0, "2018-06-30": 0, "2018-03-31": "", "2017-12-31": 0, "2017-09-30": 0, "2017-06-30": 0, "2017-03-31": "", "2016-12-31": 0, "2016-09-30": 0, "2016-06-30": 0, "2016-03-31": "", "2015-12-31": 0, "2015-09-30": 0, "2015-06-30": 0, "2015-03-31": "", "2014-12-31": 0, "2014-09-30": 0, "2014-06-30": 0, "2014-03-31": "", "2013-12-31": 0, "2013-09-30": 0, "2013-06-30": 0, "2013-03-31": "", "2012-12-31": 0, "2012-09-30": 0, "2012-06-30": 0, "2012-03-31": "", "2011-12-31": 0, "2011-09-30": 0, "2011-06-30": 0, "2011-03-31": "", "2010-12-31": 0, "2010-09-30": 0, "2010-06-30": 0, "2010-03-31": "", "2009-12-31": 0, "2009-09-30": 0, "2009-06-30": -122.5, "2009-03-31": "", "2008-12-31": 119.674, "2008-09-30": 0, "2008-06-30": 0, "2008-03-31": "", "2007-12-31": 0, "2007-09-30": 0, "2007-06-30": 0, "2007-03-31": "", "2006-12-31": 0, "2006-09-30": 0, "2006-06-30": 0, "2006-03-31": "", "2005-12-31": 0, "2005-09-30": 0, "2005-06-30": 0, "2005-03-31": ""}, "Debt Issuance/Retirement Net - Total": {"2020-12-31": 0, "2020-09-30": 0, "2020-06-30": 0, "2020-03-31": "", "2019-12-31": 0, "2019-09-30": 0, "2019-06-30": 0, "2019-03-31": "", "2018-12-31": 0, "2018-09-30": 0, "2018-06-30": 0, "2018-03-31": "", "2017-12-31": 0, "2017-09-30": 0, "2017-06-30": 0, "2017-03-31": "", "2016-12-31": 450.8, "2016-09-30": 0, "2016-06-30": 0, "2016-03-31": "", "2015-12-31": 0, "2015-09-30": 0, "2015-06-30": 0, "2015-03-31": "", "2014-12-31": 0.003, "2014-09-30": 0, "2014-06-30": 0, "2014-03-31": "-190.97500", "2013-12-31": -1.471, "2013-09-30": 0, "2013-06-30": -1.063, "2013-03-31": "", "2012-12-31": -1.287, "2012-09-30": 0, "2012-06-30": 0, "2012-03-31": "-1.24600", "2011-12-31": 0, "2011-09-30": -1.296, "2011-06-30": 0, "2011-03-31": "-1.22200", "2010-12-31": 0, "2010-09-30": -1.182, "2010-06-30": 0, "2010-03-31": "-1.12300", "2009-12-31": 0, "2009-09-30": -1.069, "2009-06-30": 40.344, "2009-03-31": "10.07000", "2008-12-31": 119.674, "2008-09-30": 0, "2008-06-30": 0, "2008-03-31": "", "2007-12-31": 0, "2007-09-30": 0, "2007-06-30": 0, "2007-03-31": "", "2006-12-31": -261, "2006-09-30": -24, "2006-06-30": 0, "2006-03-31": "-19.64800", "2005-12-31": -76.611, "2005-09-30": 0, "2005-06-30": -0.077, "2005-03-31": "-21.98500"}, "Net Common Equity Issued/Repurchased": {"2020-12-31": 1.999, "2020-09-30": 13.771, "2020-06-30": -9.421, "2020-03-31": "-66.28700", "2019-12-31": -131.186, "2019-09-30": -107.369, "2019-06-30": -89.933, "2019-03-31": "-142.20000", "2018-12-31": -261.201, "2018-09-30": -191.19, "2018-06-30": -226.492, "2018-03-31": "-123.62200", "2017-12-31": -48.452, "2017-09-30": -48.246, "2017-06-30": -56.467, "2017-03-31": "-22.64600", "2016-12-31": 7.001, "2016-09-30": -26.12, "2016-06-30": -20.026, "2016-03-31": "-18.86100", "2015-12-31": -71.721, "2015-09-30": -98.26, "2015-06-30": -72.687, "2015-03-31": "-37.75100", "2014-12-31": 0.261, "2014-09-30": 10.387, "2014-06-30": 0.478, "2014-03-31": "10.16500", "2013-12-31": 0.818, "2013-09-30": 7.14, "2013-06-30": 0.717, "2013-03-31": "8.92100", "2012-12-31": 0.518, "2012-09-30": 0.975, "2012-06-30": 7.059, "2012-03-31": "9.92500", "2011-12-31": -7.143, "2011-09-30": -23.699, "2011-06-30": 6.976, "2011-03-31": "10.07600", "2010-12-31": 2.454, "2010-09-30": 0.352, "2010-06-30": 35.794, "2010-03-31": "6.07900", "2009-12-31": 0.447, "2009-09-30": 0.984, "2009-06-30": 6.819, "2009-03-31": "7.45300", "2008-12-31": 1.522, "2008-09-30": 7.212, "2008-06-30": -57.314, "2008-03-31": "-24.79500", "2007-12-31": -69.842, "2007-09-30": -167.321, "2007-06-30": -19.575, "2007-03-31": "6.24400", "2006-12-31": -26.985, "2006-09-30": -101.496, "2006-06-30": 1.606, "2006-03-31": "12.58400", "2005-12-31": 1.703, "2005-09-30": 3.056, "2005-06-30": 9.916, "2005-03-31": "20.05300"}, "Net Total Equity Issued/Repurchased": {"2020-12-31": 1.999, "2020-09-30": 13.771, "2020-06-30": -9.421, "2020-03-31": "-66.28700", "2019-12-31": -131.186, "2019-09-30": -107.369, "2019-06-30": -89.933, "2019-03-31": "-142.20000", "2018-12-31": -261.201, "2018-09-30": -191.19, "2018-06-30": -226.492, "2018-03-31": "-123.62200", "2017-12-31": -48.452, "2017-09-30": -48.246, "2017-06-30": -56.467, "2017-03-31": "-22.64600", "2016-12-31": 7.001, "2016-09-30": -26.12, "2016-06-30": -20.026, "2016-03-31": "-18.86100", "2015-12-31": -71.721, "2015-09-30": -98.26, "2015-06-30": -72.687, "2015-03-31": "-37.75100", "2014-12-31": 0.261, "2014-09-30": 10.387, "2014-06-30": 0.478, "2014-03-31": "10.16500", "2013-12-31": 0.818, "2013-09-30": 7.14, "2013-06-30": 0.717, "2013-03-31": "8.92100", "2012-12-31": 0.518, "2012-09-30": 0.975, "2012-06-30": 7.059, "2012-03-31": "9.92500", "2011-12-31": -7.143, "2011-09-30": -23.699, "2011-06-30": 6.976, "2011-03-31": "10.07600", "2010-12-31": 2.454, "2010-09-30": 0.352, "2010-06-30": 35.794, "2010-03-31": "6.07900", "2009-12-31": 0.447, "2009-09-30": 0.984, "2009-06-30": 6.819, "2009-03-31": "7.45300", "2008-12-31": 1.522, "2008-09-30": 7.212, "2008-06-30": -57.314, "2008-03-31": "-24.79500", "2007-12-31": -69.842, "2007-09-30": -167.321, "2007-06-30": -19.575, "2007-03-31": "6.24400", "2006-12-31": -26.985, "2006-09-30": -101.496, "2006-06-30": 1.606, "2006-03-31": "12.58400", "2005-12-31": 1.703, "2005-09-30": 3.056, "2005-06-30": 9.916, "2005-03-31": "20.05300"}, "Total Common And Preferred Stock Dividends Paid": {"2020-12-31": -16.612, "2020-09-30": -16.604, "2020-06-30": -16.58, "2020-03-31": "-16.68600", "2019-12-31": -15.036, "2019-09-30": -15.25, "2019-06-30": -15.392, "2019-03-31": "-15.62700", "2018-12-31": -16.002, "2018-09-30": -16.638, "2018-06-30": -17.094, "2018-03-31": "-17.58800", "2017-12-31": -13.717, "2017-09-30": -13.805, "2017-06-30": -13.904, "2017-03-31": "-14.02100", "2016-12-31": -12.071, "2016-09-30": -12.123, "2016-06-30": -12.172, "2016-03-31": "-12.25300", "2015-12-31": -12.279, "2015-09-30": -12.577, "2015-06-30": -12.808, "2015-03-31": "-13.04900", "2014-12-31": -12.997, "2014-09-30": -12.772, "2014-06-30": -11.656, "2014-03-31": "", "2013-12-31": 0, "2013-09-30": 0, "2013-06-30": 0, "2013-03-31": "", "2012-12-31": 0, "2012-09-30": 0, "2012-06-30": 0, "2012-03-31": "", "2011-12-31": 0, "2011-09-30": 0, "2011-06-30": 0, "2011-03-31": "", "2010-12-31": 0, "2010-09-30": 0, "2010-06-30": 0, "2010-03-31": "", "2009-12-31": 0, "2009-09-30": 0, "2009-06-30": 0, "2009-03-31": "", "2008-12-31": 0, "2008-09-30": 0, "2008-06-30": 0, "2008-03-31": "", "2007-12-31": 0, "2007-09-30": 0, "2007-06-30": 0, "2007-03-31": "", "2006-12-31": 0, "2006-09-30": 0, "2006-06-30": 0, "2006-03-31": "", "2005-12-31": 0, "2005-09-30": 0, "2005-06-30": 0, "2005-03-31": ""}, "Financial Activities - Other": {"2020-12-31": -0.279, "2020-09-30": -0.216, "2020-06-30": -0.449, "2020-03-31": "-30.92200", "2019-12-31": -0.191, "2019-09-30": -0.104, "2019-06-30": -0.128, "2019-03-31": "-41.93300", "2018-12-31": -0.182, "2018-09-30": -0.09, "2018-06-30": -0.122, "2018-03-31": "-33.20000", "2017-12-31": -0.297, "2017-09-30": -0.146, "2017-06-30": -0.149, "2017-03-31": "-13.33900", "2016-12-31": -98.204, "2016-09-30": 3.322, "2016-06-30": -0.18, "2016-03-31": "-20.66900", "2015-12-31": -8.733, "2015-09-30": 2.321, "2015-06-30": -1.361, "2015-03-31": "", "2014-12-31": -1.191, "2014-09-30": 0.055, "2014-06-30": 1.671, "2014-03-31": "", "2013-12-31": 1.868, "2013-09-30": -0.777, "2013-06-30": 1.509, "2013-03-31": "-0.31300", "2012-12-31": -14.847, "2012-09-30": -38.149, "2012-06-30": 7.6, "2012-03-31": "-5.82400", "2011-12-31": 0, "2011-09-30": -3.717, "2011-06-30": 3.717, "2011-03-31": "", "2010-12-31": 0, "2010-09-30": 0, "2010-06-30": 0, "2010-03-31": "", "2009-12-31": 1.049, "2009-09-30": 0, "2009-06-30": 0, "2009-03-31": "", "2008-12-31": 0, "2008-09-30": 0, "2008-06-30": 0, "2008-03-31": "", "2007-12-31": 0, "2007-09-30": 0, "2007-06-30": 0, "2007-03-31": "", "2006-12-31": 0, "2006-09-30": 0, "2006-06-30": 0, "2006-03-31": "", "2005-12-31": 0, "2005-09-30": 0, "2005-06-30": 0, "2005-03-31": ""}, "Cash Flow From Financial Activities": {"2020-12-31": -14.892, "2020-09-30": -3.049, "2020-06-30": -26.45, "2020-03-31": "-113.89500", "2019-12-31": -146.413, "2019-09-30": -122.723, "2019-06-30": -105.453, "2019-03-31": "-199.76000", "2018-12-31": -277.385, "2018-09-30": -207.918, "2018-06-30": -243.708, "2018-03-31": "-174.41000", "2017-12-31": -62.466, "2017-09-30": -62.197, "2017-06-30": -70.52, "2017-03-31": "-50.00600", "2016-12-31": 347.526, "2016-09-30": -34.921, "2016-06-30": -32.378, "2016-03-31": "-51.78300", "2015-12-31": -92.733, "2015-09-30": -108.516, "2015-06-30": -86.856, "2015-03-31": "-50.80000", "2014-12-31": -13.924, "2014-09-30": -2.33, "2014-06-30": -9.507, "2014-03-31": "-180.81000", "2013-12-31": 1.215, "2013-09-30": 6.363, "2013-06-30": 1.163, "2013-03-31": "8.60800", "2012-12-31": -15.616, "2012-09-30": -37.174, "2012-06-30": 14.659, "2012-03-31": "2.85500", "2011-12-31": -7.143, "2011-09-30": -28.712, "2011-06-30": 10.693, "2011-03-31": "8.85400", "2010-12-31": 2.454, "2010-09-30": -0.83, "2010-06-30": 35.794, "2010-03-31": "4.95600", "2009-12-31": 1.496, "2009-09-30": -0.085, "2009-06-30": 47.163, "2009-03-31": "17.52300", "2008-12-31": 121.196, "2008-09-30": 7.212, "2008-06-30": -57.314, "2008-03-31": "-24.79500", "2007-12-31": -69.842, "2007-09-30": -167.321, "2007-06-30": -19.575, "2007-03-31": "6.24400", "2006-12-31": -287.985, "2006-09-30": -125.496, "2006-06-30": 1.606, "2006-03-31": "-7.06400", "2005-12-31": -74.908, "2005-09-30": 3.056, "2005-06-30": 9.839, "2005-03-31": "-1.93200"}, "Net Cash Flow": {"2020-12-31": -31.059, "2020-09-30": 219.749, "2020-06-30": 131.937, "2020-03-31": "-180.43000", "2019-12-31": 179.985, "2019-09-30": 98.832, "2019-06-30": 11.379, "2019-03-31": "-443.02400", "2018-12-31": 112.733, "2018-09-30": 333.635, "2018-06-30": -157.489, "2018-03-31": "208.03000", "2017-12-31": 11.166, "2017-09-30": -179.672, "2017-06-30": 273.603, "2017-03-31": "16.86200", "2016-12-31": 9.947, "2016-09-30": -83.158, "2016-06-30": 61.737, "2016-03-31": "54.65300", "2015-12-31": -29.512, "2015-09-30": -6.468, "2015-06-30": 81.74, "2015-03-31": "-75.31100", "2014-12-31": 82.552, "2014-09-30": -42.921, "2014-06-30": 21.999, "2014-03-31": "-109.01200", "2013-12-31": -231.23, "2013-09-30": 345.267, "2013-06-30": -77.618, "2013-03-31": "-33.70100", "2012-12-31": -146.772, "2012-09-30": -103.364, "2012-06-30": 55.66, "2012-03-31": "-40.34000", "2011-12-31": -521.427, "2011-09-30": 639.765, "2011-06-30": 35.131, "2011-03-31": "22.53000", "2010-12-31": -36.178, "2010-09-30": 29.919, "2010-06-30": 61.984, "2010-03-31": "-74.72500", "2009-12-31": 9.996, "2009-09-30": 72.66, "2009-06-30": 55.024, "2009-03-31": "-43.64800", "2008-12-31": 30.132, "2008-09-30": 6.479, "2008-06-30": -36.986, "2008-03-31": "-239.29100", "2007-12-31": 133.293, "2007-09-30": 35.863, "2007-06-30": -12.374, "2007-03-31": "-162.43600", "2006-12-31": -187.008, "2006-09-30": 418.511, "2006-06-30": 13.741, "2006-03-31": "-17.91800", "2005-12-31": 110.354, "2005-09-30": 31.285, "2005-06-30": 9.048, "2005-03-31": "-19.13500"}, "Stock-Based Compensation": {"2020-12-31": 11.878, "2020-09-30": 11.661, "2020-06-30": 10.907, "2020-03-31": "10.46000", "2019-12-31": 9.075, "2019-09-30": 10.713, "2019-06-30": 8.635, "2019-03-31": "9.47400", "2018-12-31": 8.25, "2018-09-30": 7.702, "2018-06-30": 8.081, "2018-03-31": "9.54400", "2017-12-31": 8.477, "2017-09-30": 8.308, "2017-06-30": 8.367, "2017-03-31": "8.94500", "2016-12-31": 7.738, "2016-09-30": 7.555, "2016-06-30": 7.532, "2016-03-31": "7.92500", "2015-12-31": 7.371, "2015-09-30": 7.675, "2015-06-30": 7.442, "2015-03-31": "7.96300", "2014-12-31": 8.434, "2014-09-30": 8.343, "2014-06-30": 8.297, "2014-03-31": "15.23300", "2013-12-31": 9.385, "2013-09-30": 9.15, "2013-06-30": 9.054, "2013-03-31": "9.02300", "2012-12-31": 9.286, "2012-09-30": 9.238, "2012-06-30": 10.63, "2012-03-31": "10.76600", "2011-12-31": 9.823, "2011-09-30": 7.832, "2011-06-30": 7.218, "2011-03-31": "7.46400", "2010-12-31": 7.019, "2010-09-30": 7.617, "2010-06-30": 7.168, "2010-03-31": "7.97300", "2009-12-31": 6.086, "2009-09-30": 6.159, "2009-06-30": 6.032, "2009-03-31": "6.07700", "2008-12-31": 6.341, "2008-09-30": 5.088, "2008-06-30": 5.666, "2008-03-31": "5.15500", "2007-12-31": 3.829, "2007-09-30": 5.577, "2007-06-30": 6.783, "2007-03-31": "7.28500", "2006-12-31": 5.91, "2006-09-30": 5.847, "2006-06-30": 5.653, "2006-03-31": "6.09900", "2005-12-31": 0.762, "2005-09-30": 0, "2005-06-30": 0, "2005-03-31": ""}, "Common Stock Dividends Paid": {"2020-12-31": -16.612, "2020-09-30": -16.604, "2020-06-30": -16.58, "2020-03-31": "-16.68600", "2019-12-31": -15.036, "2019-09-30": -15.25, "2019-06-30": -15.392, "2019-03-31": "-15.62700", "2018-12-31": -16.002, "2018-09-30": -16.638, "2018-06-30": -17.094, "2018-03-31": "-17.58800", "2017-12-31": -13.717, "2017-09-30": -13.805, "2017-06-30": -13.904, "2017-03-31": "-14.02100", "2016-12-31": -12.071, "2016-09-30": -12.123, "2016-06-30": -12.172, "2016-03-31": "-12.25300", "2015-12-31": -12.279, "2015-09-30": -12.577, "2015-06-30": -12.808, "2015-03-31": "-13.04900", "2014-12-31": -12.997, "2014-09-30": -12.772, "2014-06-30": -11.656, "2014-03-31": "0.00000", "2013-12-31": 0, "2013-09-30": 0, "2013-06-30": 0, "2013-03-31": "", "2012-12-31": 0, "2012-09-30": 0, "2012-06-30": 0, "2012-03-31": "", "2011-12-31": 0, "2011-09-30": 0, "2011-06-30": 0, "2011-03-31": "", "2010-12-31": 0, "2010-09-30": 0, "2010-06-30": 0, "2010-03-31": "", "2009-12-31": 0, "2009-09-30": 0, "2009-06-30": 0, "2009-03-31": "", "2008-12-31": 0, "2008-09-30": 0, "2008-06-30": 0, "2008-03-31": "", "2007-12-31": 0, "2007-09-30": 0, "2007-06-30": 0, "2007-03-31": "", "2006-12-31": 0, "2006-09-30": 0, "2006-06-30": 0, "2006-03-31": "", "2005-12-31": 0, "2005-09-30": 0, "2005-06-30": 0, "2005-03-31": ""}}, "financial ratios": {"Current Ratio": {"2019-12-31": "3.07750", "2018-12-31": "3.63750", "2017-12-31": "4.99690", "2016-12-31": "4.35690", "2015-12-31": "3.37920", "2014-12-31": "4.26630", "2013-12-31": "3.02810", "2012-12-31": "4.15030", "2011-12-31": "2.94340", "2010-12-31": "3.23510", "2009-12-31": "2.69020", "2008-12-31": "1.86680", "2007-12-31": "4.23290", "2006-12-31": "3.42450", "2005-12-31": "2.12410"}, "Long-term Debt / Capital": {"2019-12-31": "", "2018-12-31": "", "2017-12-31": "0.15780", "2016-12-31": "0.16170", "2015-12-31": "", "2014-12-31": "", "2013-12-31": "", "2012-12-31": "0.08770", "2011-12-31": "0.09610", "2010-12-31": "0.11800", "2009-12-31": "0.17510", "2008-12-31": "", "2007-12-31": "", "2006-12-31": "", "2005-12-31": ""}, "Debt/Equity Ratio": {"2019-12-31": "0.02990", "2018-12-31": "0.02380", "2017-12-31": "0.18730", "2016-12-31": "0.19290", "2015-12-31": "", "2014-12-31": "", "2013-12-31": "0.09400", "2012-12-31": "0.09750", "2011-12-31": "0.10800", "2010-12-31": "0.13600", "2009-12-31": "0.21560", "2008-12-31": "0.17260", "2007-12-31": "", "2006-12-31": "", "2005-12-31": "0.24370"}, "Gross Margin": {"2019-12-31": "58.38120", "2018-12-31": "58.09180", "2017-12-31": "57.16790", "2016-12-31": "54.67610", "2015-12-31": "55.84630", "2014-12-31": "53.33140", "2013-12-31": "56.64140", "2012-12-31": "53.48040", "2011-12-31": "49.81050", "2010-12-31": "54.75700", "2009-12-31": "38.51770", "2008-12-31": "45.00210", "2007-12-31": "46.57920", "2006-12-31": "48.06510", "2005-12-31": "37.80080"}, "Operating Margin": {"2019-12-31": "24.12470", "2018-12-31": "22.55320", "2017-12-31": "24.58770", "2016-12-31": "-3.59160", "2015-12-31": "14.81900", "2014-12-31": "5.85150", "2013-12-31": "13.35210", "2012-12-31": "17.34530", "2011-12-31": "16.19930", "2010-12-31": "26.49390", "2009-12-31": "-16.05990", "2008-12-31": "-34.39250", "2007-12-31": "3.74540", "2006-12-31": "14.96800", "2005-12-31": "-8.12810"}, "EBIT Margin": {"2019-12-31": "24.12470", "2018-12-31": "22.55320", "2017-12-31": "24.58770", "2016-12-31": "-3.59160", "2015-12-31": "14.81900", "2014-12-31": "5.85150", "2013-12-31": "13.35210", "2012-12-31": "17.34530", "2011-12-31": "16.19930", "2010-12-31": "26.49390", "2009-12-31": "-16.05990", "2008-12-31": "-34.39250", "2007-12-31": "3.74540", "2006-12-31": "14.96800", "2005-12-31": "-8.12810"}, "EBITDA Margin": {"2019-12-31": "29.38210", "2018-12-31": "27.94270", "2017-12-31": "29.64600", "2016-12-31": "17.79470", "2015-12-31": "23.40490", "2014-12-31": "21.11050", "2013-12-31": "23.90490", "2012-12-31": "26.12840", "2011-12-31": "23.66440", "2010-12-31": "32.46490", "2009-12-31": "-2.62960", "2008-12-31": "3.94690", "2007-12-31": "9.86860", "2006-12-31": "20.35650", "2005-12-31": "0.50840"}, "Pre-Tax Profit Margin": {"2019-12-31": "22.90980", "2018-12-31": "22.26770", "2017-12-31": "24.54420", "2016-12-31": "-3.14050", "2015-12-31": "15.43840", "2014-12-31": "5.78800", "2013-12-31": "14.14090", "2012-12-31": "16.05410", "2011-12-31": "15.00430", "2010-12-31": "25.30690", "2009-12-31": "-18.50780", "2008-12-31": "-34.54410", "2007-12-31": "7.18900", "2006-12-31": "17.40320", "2005-12-31": "-7.97870"}, "Net Profit Margin": {"2019-12-31": "20.36930", "2018-12-31": "21.50510", "2017-12-31": "12.06080", "2016-12-31": "-2.47660", "2015-12-31": "12.59330", "2014-12-31": "4.93210", "2013-12-31": "11.55150", "2012-12-31": "13.10090", "2011-12-31": "25.88220", "2010-12-31": "24.57090", "2009-12-31": "-17.21540", "2008-12-31": "-35.61080", "2007-12-31": "7.05000", "2006-12-31": "14.65490", "2005-12-31": "8.67360"}, "Asset Turnover": {"2019-12-31": "0.82340", "2018-12-31": "0.77620", "2017-12-31": "0.68710", "2016-12-31": "0.63470", "2015-12-31": "0.64330", "2014-12-31": "0.64910", "2013-12-31": "0.54300", "2012-12-31": "0.68200", "2011-12-31": "0.65290", "2010-12-31": "0.86510", "2009-12-31": "0.62930", "2008-12-31": "0.89160", "2007-12-31": "0.70870", "2006-12-31": "0.78800", "2005-12-31": "0.56200"}, "Inventory Turnover Ratio": {"2019-12-31": "4.85600", "2018-12-31": "5.73400", "2017-12-31": "8.51110", "2016-12-31": "5.84480", "2015-12-31": "4.71350", "2014-12-31": "7.31500", "2013-12-31": "4.48840", "2012-12-31": "5.52840", "2011-12-31": "4.48100", "2010-12-31": "6.06450", "2009-12-31": "5.26200", "2008-12-31": "3.61440", "2007-12-31": "7.33190", "2006-12-31": "7.58910", "2005-12-31": "4.55510"}, "Receiveable Turnover": {"2019-12-31": "6.33320", "2018-12-31": "7.21260", "2017-12-31": "7.83260", "2016-12-31": "9.11040", "2015-12-31": "7.75970", "2014-12-31": "10.91030", "2013-12-31": "9.05810", "2012-12-31": "10.79860", "2011-12-31": "11.04970", "2010-12-31": "9.28060", "2009-12-31": "6.20770", "2008-12-31": "10.09840", "2007-12-31": "5.81720", "2006-12-31": "8.70670", "2005-12-31": "4.49580"}, "Days Sales In Receivables": {"2019-12-31": "57.63240", "2018-12-31": "50.60570", "2017-12-31": "46.60000", "2016-12-31": "40.06390", "2015-12-31": "47.03770", "2014-12-31": "33.45470", "2013-12-31": "40.29550", "2012-12-31": "33.80080", "2011-12-31": "33.03250", "2010-12-31": "39.32920", "2009-12-31": "58.79810", "2008-12-31": "36.14420", "2007-12-31": "62.74520", "2006-12-31": "41.92150", "2005-12-31": "81.18680"}, "ROE - Return On Equity": {"2019-12-31": "31.58230", "2018-12-31": "29.67640", "2017-12-31": "13.19030", "2016-12-31": "-2.37450", "2015-12-31": "10.50350", "2014-12-31": "3.90920", "2013-12-31": "8.30930", "2012-12-31": "12.20500", "2011-12-31": "22.85340", "2010-12-31": "33.83500", "2009-12-31": "-20.36820", "2008-12-31": "-55.65510", "2007-12-31": "5.84810", "2006-12-31": "15.29270", "2005-12-31": "-5.12250"}, "Return On Tangible Equity": {"2019-12-31": "49.82360", "2018-12-31": "44.50930", "2017-12-31": "15.88190", "2016-12-31": "-2.88530", "2015-12-31": "16.68440", "2014-12-31": "5.03250", "2013-12-31": "12.03110", "2012-12-31": "19.55020", "2011-12-31": "45.29880", "2010-12-31": "37.99780", "2009-12-31": "-26.41810", "2008-12-31": "-75.56520", "2007-12-31": "6.22880", "2006-12-31": "16.57050", "2005-12-31": "-5.59380"}, "ROA - Return On Assets": {"2019-12-31": "16.77310", "2018-12-31": "16.69170", "2017-12-31": "8.28710", "2016-12-31": "-1.57180", "2015-12-31": "8.10130", "2014-12-31": "3.20160", "2013-12-31": "6.27220", "2012-12-31": "8.93450", "2011-12-31": "15.71560", "2010-12-31": "20.97330", "2009-12-31": "-10.95760", "2008-12-31": "-31.81200", "2007-12-31": "4.62180", "2006-12-31": "12.09500", "2005-12-31": "-3.42290"}, "ROI - Return On Investment": {"2019-12-31": "31.58230", "2018-12-31": "29.67630", "2017-12-31": "11.10920", "2016-12-31": "-1.99060", "2015-12-31": "10.50350", "2014-12-31": "3.90920", "2013-12-31": "8.30930", "2012-12-31": "11.13410", "2011-12-31": "20.65790", "2010-12-31": "29.84130", "2009-12-31": "-16.80110", "2008-12-31": "-55.65510", "2007-12-31": "5.84810", "2006-12-31": "15.29270", "2005-12-31": "-5.12250"}, "Book Value Per Share": {"2019-12-31": "8.89460", "2018-12-31": "8.67330", "2017-12-31": "9.99060", "2016-12-31": "9.18110", "2015-12-31": "9.65320", "2014-12-31": "9.59770", "2013-12-31": "10.35350", "2012-12-31": "9.46400", "2011-12-31": "8.19810", "2010-12-31": "6.16470", "2009-12-31": "3.79960", "2008-12-31": "4.18340", "2007-12-31": "7.10140", "2006-12-31": "7.20390", "2005-12-31": "6.30760"}, "Operating Cash Flow Per Share": {"2019-12-31": 0.749, "2018-12-31": -0.631, "2017-12-31": 0.86, "2016-12-31": 0.2637, "2015-12-31": -0.2277, "2014-12-31": 1.0705, "2013-12-31": -0.6096, "2012-12-31": 0.5383, "2011-12-31": -1.285, "2010-12-31": 1.7948, "2009-12-31": -0.259, "2008-12-31": 0.2707, "2007-12-31": -1.5115, "2006-12-31": 2.1329, "2005-12-31": 0.0689}, "Free Cash Flow Per Share": {"2019-12-31": 0.5926, "2018-12-31": -0.7023, "2017-12-31": 0.7583, "2016-12-31": 0.2641, "2015-12-31": 0.1103, "2014-12-31": 0.7642, "2013-12-31": -0.5454, "2012-12-31": 0.4007, "2011-12-31": -1.3293, "2010-12-31": 1.6975, "2009-12-31": -0.2441, "2008-12-31": 0.4397, "2007-12-31": -1.8092, "2006-12-31": 2.4095, "2005-12-31": -0.3319}}, "financial ratios, quarterly": {"Current Ratio": {"2020-09-30": "3.33950", "2020-06-30": "2.86960", "2020-03-31": "3.31270", "2019-12-31": "3.07750", "2019-09-30": "3.35130", "2019-06-30": "3.46220", "2019-03-31": "3.60670", "2018-12-31": "3.63750", "2018-09-30": "4.09980", "2018-06-30": "4.18780", "2018-03-31": "5.51060", "2017-12-31": "4.99690", "2017-09-30": "4.96110", "2017-06-30": "4.73590", "2017-03-31": "4.71730", "2016-12-31": "4.35690", "2016-09-30": "3.48210", "2016-06-30": "3.10290", "2016-03-31": "3.60710", "2015-12-31": "3.37920", "2015-09-30": "3.37760", "2015-06-30": "3.27390", "2015-03-31": "4.50700", "2014-12-31": "4.26630", "2014-09-30": "4.24800", "2014-06-30": "3.75000", "2014-03-31": "4.61910", "2013-12-31": "3.02810", "2013-09-30": "3.06400", "2013-06-30": "2.75700", "2013-03-31": "2.89250", "2012-12-31": "4.15030", "2012-09-30": "3.75450", "2012-06-30": "3.09200", "2012-03-31": "2.98280", "2011-12-31": "2.94340", "2011-09-30": "5.30960", "2011-06-30": "3.80590", "2011-03-31": "3.75090", "2010-12-31": "3.23510", "2010-09-30": "2.96080", "2010-06-30": "3.27960", "2010-03-31": "3.06970", "2009-12-31": "2.69020", "2009-09-30": "2.44840", "2009-06-30": "3.06350", "2009-03-31": "1.65200", "2008-12-31": "1.86680", "2008-09-30": "2.79330", "2008-06-30": "2.78570", "2008-03-31": "2.94740", "2007-12-31": "4.23290", "2007-09-30": "4.37290", "2007-06-30": "4.12850", "2007-03-31": "3.99770", "2006-12-31": "3.42450", "2006-09-30": "2.24570", "2006-06-30": "1.87300", "2006-03-31": "2.04420", "2005-12-31": "2.12410", "2005-09-30": "3.18820", "2005-06-30": "3.57970", "2005-03-31": "3.21870"}, "Long-term Debt / Capital": {"2020-09-30": "0.16930", "2020-06-30": "0.18740", "2020-03-31": "0.20440", "2019-12-31": "0.21050", "2019-09-30": "0.20870", "2019-06-30": "0.20750", "2019-03-31": "0.20690", "2018-12-31": "", "2018-09-30": "0.18410", "2018-06-30": "0.17650", "2018-03-31": "0.16240", "2017-12-31": "0.15780", "2017-09-30": "0.14670", "2017-06-30": "0.14920", "2017-03-31": "0.15640", "2016-12-31": "0.16170", "2016-09-30": "", "2016-06-30": "", "2016-03-31": "", "2015-12-31": "", "2015-09-30": "", "2015-06-30": "", "2015-03-31": "", "2014-12-31": "", "2014-09-30": "", "2014-06-30": "", "2014-03-31": "", "2013-12-31": "", "2013-09-30": "", "2013-06-30": "", "2013-03-31": "", "2012-12-31": "0.08770", "2012-09-30": "0.08580", "2012-06-30": "0.08930", "2012-03-31": "0.09460", "2011-12-31": "0.09610", "2011-09-30": "0.10270", "2011-06-30": "0.10400", "2011-03-31": "0.11000", "2010-12-31": "0.11800", "2010-09-30": "0.12130", "2010-06-30": "0.13800", "2010-03-31": "0.16410", "2009-12-31": "0.17510", "2009-09-30": "0.18230", "2009-06-30": "0.18380", "2009-03-31": "0.01320", "2008-12-31": "", "2008-09-30": "", "2008-06-30": "", "2008-03-31": "", "2007-12-31": "", "2007-09-30": "", "2007-06-30": "", "2007-03-31": "", "2006-12-31": "", "2006-09-30": "", "2006-06-30": "", "2006-03-31": "", "2005-12-31": "", "2005-09-30": "0.26520", "2005-06-30": "0.25890", "2005-03-31": "0.25320"}, "Debt/Equity Ratio": {"2020-09-30": "0.20370", "2020-06-30": "0.23060", "2020-03-31": "0.25700", "2019-12-31": "0.26670", "2019-09-30": "0.26370", "2019-06-30": "0.26180", "2019-03-31": "0.26090", "2018-12-31": "0.02380", "2018-09-30": "0.22570", "2018-06-30": "0.21430", "2018-03-31": "0.19390", "2017-12-31": "0.18730", "2017-09-30": "0.17190", "2017-06-30": "0.17540", "2017-03-31": "0.18540", "2016-12-31": "0.19290", "2016-09-30": "", "2016-06-30": "", "2016-03-31": "", "2015-12-31": "", "2015-09-30": "", "2015-06-30": "", "2015-03-31": "", "2014-12-31": "", "2014-09-30": "", "2014-06-30": "", "2014-03-31": "", "2013-12-31": "0.09400", "2013-09-30": "0.09410", "2013-06-30": "0.09620", "2013-03-31": "0.09870", "2012-12-31": "0.09750", "2012-09-30": "0.09600", "2012-06-30": "0.09960", "2012-03-31": "0.10600", "2011-12-31": "0.10800", "2011-09-30": "0.11640", "2011-06-30": "0.11790", "2011-03-31": "0.12560", "2010-12-31": "0.13600", "2010-09-30": "0.14020", "2010-06-30": "0.16260", "2010-03-31": "0.19930", "2009-12-31": "0.21560", "2009-09-30": "0.22650", "2009-06-30": "0.22860", "2009-03-31": "0.32850", "2008-12-31": "0.17260", "2008-09-30": "", "2008-06-30": "", "2008-03-31": "", "2007-12-31": "", "2007-09-30": "", "2007-06-30": "", "2007-03-31": "", "2006-12-31": "", "2006-09-30": "0.19120", "2006-06-30": "0.20440", "2006-03-31": "0.21840", "2005-12-31": "0.24370", "2005-09-30": "0.36370", "2005-06-30": "0.35210", "2005-03-31": "0.34190"}, "Gross Margin": {"2020-09-30": "56.00210", "2020-06-30": "56.21740", "2020-03-31": "57.57750", "2019-12-31": "58.54090", "2019-09-30": "59.28100", "2019-06-30": "57.41420", "2019-03-31": "58.21400", "2018-12-31": "59.57660", "2018-09-30": "58.86820", "2018-06-30": "58.32550", "2018-03-31": "55.35390", "2017-12-31": "56.51270", "2017-09-30": "58.57800", "2017-06-30": "56.05360", "2017-03-31": "58.00140", "2016-12-31": "57.38240", "2016-09-30": "55.38920", "2016-06-30": "53.19180", "2016-03-31": "53.44200", "2015-12-31": "52.13660", "2015-09-30": "55.49990", "2015-06-30": "58.23000", "2015-03-31": "56.19810", "2014-12-31": "49.56950", "2014-09-30": "54.62670", "2014-06-30": "55.25710", "2014-03-31": "52.03790", "2013-12-31": "56.03100", "2013-09-30": "58.67750", "2013-06-30": "56.24600", "2013-03-31": "54.72010", "2012-12-31": "50.48430", "2012-09-30": "56.15090", "2012-06-30": "56.44990", "2012-03-31": "48.13240", "2011-12-31": "45.07830", "2011-09-30": "49.47140", "2011-06-30": "52.29430", "2011-03-31": "51.14320", "2010-12-31": "53.19960", "2010-09-30": "55.31220", "2010-06-30": "56.34820", "2010-03-31": "53.19660", "2009-12-31": "49.85100", "2009-09-30": "40.72100", "2009-06-30": "27.79160", "2009-03-31": "27.65990", "2008-12-31": "40.00220", "2008-09-30": "43.03710", "2008-06-30": "48.42480", "2008-03-31": "46.58460", "2007-12-31": "45.53100", "2007-09-30": "48.16850", "2007-06-30": "47.52870", "2007-03-31": "44.69850", "2006-12-31": "46.18130", "2006-09-30": "49.16170", "2006-06-30": "49.26720", "2006-03-31": "47.01890", "2005-12-31": "45.53990", "2005-09-30": "30.36930", "2005-06-30": "37.48430", "2005-03-31": "36.92300"}, "Operating Margin": {"2020-09-30": "32.90620", "2020-06-30": "25.98770", "2020-03-31": "29.34860", "2019-12-31": "26.22080", "2019-09-30": "26.61700", "2019-06-30": "23.75030", "2019-03-31": "18.83930", "2018-12-31": "21.60880", "2018-09-30": "25.33180", "2018-06-30": "22.84940", "2018-03-31": "20.00830", "2017-12-31": "19.73760", "2017-09-30": "25.65310", "2017-06-30": "29.81820", "2017-03-31": "20.52540", "2016-12-31": "14.79440", "2016-09-30": "13.76480", "2016-06-30": "-43.58870", "2016-03-31": "13.01940", "2015-12-31": "-3.06150", "2015-09-30": "18.62770", "2015-06-30": "25.50810", "2015-03-31": "10.25820", "2014-12-31": "-39.03330", "2014-09-30": "20.55150", "2014-06-30": "22.95940", "2014-03-31": "1.14890", "2013-12-31": "2.39640", "2013-09-30": "21.57620", "2013-06-30": "20.03040", "2013-03-31": "1.57220", "2012-12-31": "-9.90130", "2012-09-30": "23.33050", "2012-06-30": "28.71520", "2012-03-31": "11.70000", "2011-12-31": "-3.41260", "2011-09-30": "17.85310", "2011-06-30": "24.31950", "2011-03-31": "21.29410", "2010-12-31": "20.28590", "2010-09-30": "31.92510", "2010-06-30": "30.57620", "2010-03-31": "18.47390", "2009-12-31": "9.70870", "2009-09-30": "3.34600", "2009-06-30": "-36.59810", "2009-03-31": "-77.45340", "2008-12-31": "-194.88920", "2008-09-30": "-5.81180", "2008-06-30": "4.63670", "2008-03-31": "0.46580", "2007-12-31": "2.63780", "2007-09-30": "10.68190", "2007-06-30": "7.30770", "2007-03-31": "-7.35930", "2006-12-31": "1.18150", "2006-09-30": "18.95990", "2006-06-30": "22.08220", "2006-03-31": "13.04880", "2005-12-31": "17.95840", "2005-09-30": "-13.95840", "2005-06-30": "-20.41030", "2005-03-31": "-25.85320"}, "EBIT Margin": {"2020-09-30": "32.90620", "2020-06-30": "25.98770", "2020-03-31": "29.34860", "2019-12-31": "26.22080", "2019-09-30": "26.61700", "2019-06-30": "23.75030", "2019-03-31": "18.83930", "2018-12-31": "21.60880", "2018-09-30": "25.33180", "2018-06-30": "22.84940", "2018-03-31": "20.00830", "2017-12-31": "19.73760", "2017-09-30": "25.65310", "2017-06-30": "29.81820", "2017-03-31": "20.52540", "2016-12-31": "14.79440", "2016-09-30": "13.76480", "2016-06-30": "-43.58870", "2016-03-31": "13.01940", "2015-12-31": "-3.06150", "2015-09-30": "18.62770", "2015-06-30": "25.50810", "2015-03-31": "10.25820", "2014-12-31": "-39.03330", "2014-09-30": "20.55150", "2014-06-30": "22.95940", "2014-03-31": "1.14890", "2013-12-31": "2.39640", "2013-09-30": "21.57620", "2013-06-30": "20.03040", "2013-03-31": "1.57220", "2012-12-31": "-9.90120", "2012-09-30": "23.33050", "2012-06-30": "28.71520", "2012-03-31": "11.70000", "2011-12-31": "-3.41260", "2011-09-30": "17.85310", "2011-06-30": "24.31950", "2011-03-31": "21.29410", "2010-12-31": "20.28590", "2010-09-30": "31.92510", "2010-06-30": "30.57620", "2010-03-31": "18.47390", "2009-12-31": "9.70880", "2009-09-30": "3.34600", "2009-06-30": "-36.59810", "2009-03-31": "-77.45340", "2008-12-31": "-194.88920", "2008-09-30": "-5.81180", "2008-06-30": "4.63670", "2008-03-31": "0.46580", "2007-12-31": "2.63780", "2007-09-30": "10.68190", "2007-06-30": "7.30770", "2007-03-31": "-7.35930", "2006-12-31": "1.18150", "2006-09-30": "18.95990", "2006-06-30": "22.08220", "2006-03-31": "13.04880", "2005-12-31": "17.95840", "2005-09-30": "-13.95840", "2005-06-30": "-20.41030", "2005-03-31": "-25.85320"}, "EBITDA Margin": {"2020-09-30": "", "2020-06-30": "", "2020-03-31": "", "2019-12-31": "", "2019-09-30": "", "2019-06-30": "", "2019-03-31": "", "2018-12-31": "", "2018-09-30": "", "2018-06-30": "", "2018-03-31": "", "2017-12-31": "", "2017-09-30": "", "2017-06-30": "", "2017-03-31": "", "2016-12-31": "", "2016-09-30": "", "2016-06-30": "", "2016-03-31": "", "2015-12-31": "", "2015-09-30": "", "2015-06-30": "", "2015-03-31": "", "2014-12-31": "", "2014-09-30": "", "2014-06-30": "", "2014-03-31": "", "2013-12-31": "", "2013-09-30": "", "2013-06-30": "", "2013-03-31": "", "2012-12-31": "", "2012-09-30": "", "2012-06-30": "", "2012-03-31": "", "2011-12-31": "", "2011-09-30": "", "2011-06-30": "", "2011-03-31": "", "2010-12-31": "", "2010-09-30": "", "2010-06-30": "", "2010-03-31": "", "2009-12-31": "", "2009-09-30": "", "2009-06-30": "", "2009-03-31": "", "2008-12-31": "", "2008-09-30": "", "2008-06-30": "", "2008-03-31": "", "2007-12-31": "", "2007-09-30": "", "2007-06-30": "", "2007-03-31": "", "2006-12-31": "", "2006-09-30": "", "2006-06-30": "", "2006-03-31": "", "2005-12-31": "", "2005-09-30": "", "2005-06-30": "", "2005-03-31": ""}, "Pre-Tax Profit Margin": {"2020-09-30": "32.18260", "2020-06-30": "25.90930", "2020-03-31": "27.97870", "2019-12-31": "22.74240", "2019-09-30": "26.06930", "2019-06-30": "23.25100", "2019-03-31": "19.02030", "2018-12-31": "21.38840", "2018-09-30": "24.84690", "2018-06-30": "22.77570", "2018-03-31": "19.65670", "2017-12-31": "20.45870", "2017-09-30": "25.31640", "2017-06-30": "29.68530", "2017-03-31": "20.13860", "2016-12-31": "15.49620", "2016-09-30": "14.53950", "2016-06-30": "-43.40360", "2016-03-31": "13.26980", "2015-12-31": "-2.78170", "2015-09-30": "18.75730", "2015-06-30": "25.77060", "2015-03-31": "12.39420", "2014-12-31": "-38.61350", "2014-09-30": "21.06020", "2014-06-30": "23.09730", "2014-03-31": "-0.58350", "2013-12-31": "12.42160", "2013-09-30": "20.20230", "2013-06-30": "18.73610", "2013-03-31": "-0.50860", "2012-12-31": "-12.19180", "2012-09-30": "22.23270", "2012-06-30": "27.72140", "2012-03-31": "10.39760", "2011-12-31": "-5.18230", "2011-09-30": "16.97640", "2011-06-30": "23.36630", "2011-03-31": "19.99780", "2010-12-31": "18.71120", "2010-09-30": "30.99570", "2010-06-30": "29.66130", "2010-03-31": "16.88780", "2009-12-31": "8.16480", "2009-09-30": "1.97400", "2009-06-30": "-40.66990", "2009-03-31": "-81.64300", "2008-12-31": "-198.01970", "2008-09-30": "-6.85840", "2008-06-30": "5.40720", "2008-03-31": "2.17510", "2007-12-31": "5.74350", "2007-09-30": "13.32900", "2007-06-30": "10.63350", "2007-03-31": "-2.49470", "2006-12-31": "5.07030", "2006-09-30": "21.47880", "2006-06-30": "24.19920", "2006-03-31": "14.73300", "2005-12-31": "18.58980", "2005-09-30": "-13.98800", "2005-06-30": "-20.54820", "2005-03-31": "-25.86700"}, "Net Profit Margin": {"2020-09-30": "27.17780", "2020-06-30": "22.52500", "2020-03-31": "25.01450", "2019-12-31": "19.10530", "2019-09-30": "23.34210", "2019-06-30": "17.26350", "2019-03-31": "22.08830", "2018-12-31": "27.67490", "2018-09-30": "21.16630", "2018-06-30": "19.17470", "2018-03-31": "17.84200", "2017-12-31": "-22.09470", "2017-09-30": "20.54520", "2017-06-30": "25.10770", "2017-03-31": "18.65150", "2016-12-31": "17.45970", "2016-09-30": "15.54150", "2016-06-30": "-42.03640", "2016-03-31": "11.59780", "2015-12-31": "-0.20160", "2015-09-30": "15.33350", "2015-06-30": "20.06460", "2015-03-31": "9.57560", "2014-12-31": "-32.11610", "2014-09-30": "17.35300", "2014-06-30": "19.25640", "2014-03-31": "0.28940", "2013-12-31": "7.83140", "2013-09-30": "16.02740", "2013-06-30": "15.51820", "2013-03-31": "2.35010", "2012-12-31": "-6.65970", "2012-09-30": "19.12870", "2012-06-30": "20.31560", "2012-03-31": "8.46150", "2011-12-31": "43.45940", "2011-09-30": "16.46570", "2011-06-30": "21.25410", "2011-03-31": "25.67710", "2010-12-31": "21.03130", "2010-09-30": "29.98430", "2010-06-30": "27.43250", "2010-03-31": "15.68870", "2009-12-31": "7.51930", "2009-09-30": "2.54610", "2009-06-30": "-39.37260", "2009-03-31": "-75.17580", "2008-12-31": "-197.66390", "2008-09-30": "-7.63280", "2008-06-30": "3.48720", "2008-03-31": "0.79610", "2007-12-31": "6.41440", "2007-09-30": "13.68760", "2007-06-30": "9.57850", "2007-03-31": "-3.00990", "2006-12-31": "4.31850", "2006-09-30": "17.07420", "2006-06-30": "21.30330", "2006-03-31": "12.37570", "2005-12-31": "71.12560", "2005-09-30": "-12.05080", "2005-06-30": "-20.10340", "2005-03-31": "-24.99180"}, "Asset Turnover": {"2020-09-30": "0.23850", "2020-06-30": "0.25810", "2020-03-31": "0.24970", "2019-12-31": "0.23490", "2019-09-30": "0.21570", "2019-06-30": "0.21120", "2019-03-31": "0.18880", "2018-12-31": "0.19200", "2018-09-30": "0.19670", "2018-06-30": "0.17970", "2018-03-31": "0.16270", "2017-12-31": "0.15420", "2017-09-30": "0.16290", "2017-06-30": "0.23000", "2017-03-31": "0.16080", "2016-12-31": "0.13760", "2016-09-30": "0.17350", "2016-06-30": "0.22090", "2016-03-31": "0.16910", "2015-12-31": "0.12490", "2015-09-30": "0.17510", "2015-06-30": "0.19040", "2015-03-31": "0.13630", "2014-12-31": "0.12730", "2014-09-30": "0.17740", "2014-06-30": "0.19980", "2014-03-31": "0.13190", "2013-12-31": "0.10850", "2013-09-30": "0.16590", "2013-06-30": "0.17110", "2013-03-31": "0.11730", "2012-12-31": "0.10230", "2012-09-30": "0.18810", "2012-06-30": "0.22520", "2012-03-31": "0.17720", "2011-12-31": "0.13570", "2011-09-30": "0.17550", "2011-06-30": "0.20540", "2011-03-31": "0.20120", "2010-12-31": "0.17130", "2010-09-30": "0.27430", "2010-06-30": "0.30720", "2010-03-31": "0.25310", "2009-12-31": "0.18220", "2009-09-30": "0.21370", "2009-06-30": "0.15380", "2009-03-31": "0.10450", "2008-12-31": "0.15690", "2008-09-30": "0.19050", "2008-06-30": "0.20100", "2008-03-31": "0.18460", "2007-12-31": "0.16740", "2007-09-30": "0.18760", "2007-06-30": "0.16910", "2007-03-31": "0.15310", "2006-12-31": "0.14630", "2006-09-30": "0.17950", "2006-06-30": "0.19000", "2006-03-31": "0.19140", "2005-12-31": "0.16940", "2005-09-30": "0.16680", "2005-06-30": "0.12810", "2005-03-31": "0.11590"}, "Inventory Turnover Ratio": {"2020-09-30": "1.88460", "2020-06-30": "1.78170", "2020-03-31": "1.63300", "2019-12-31": "1.37990", "2019-09-30": "1.32990", "2019-06-30": "1.46090", "2019-03-31": "1.27970", "2018-12-31": "1.36790", "2018-09-30": "1.50710", "2018-06-30": "1.62000", "2018-03-31": "1.65050", "2017-12-31": "1.93890", "2017-09-30": "1.66560", "2017-06-30": "1.99330", "2017-03-31": "0.94400", "2016-12-31": "1.19110", "2016-09-30": "1.59140", "2016-06-30": "1.92550", "2016-03-31": "1.24880", "2015-12-31": "0.99240", "2015-09-30": "1.61460", "2015-06-30": "1.75810", "2015-03-31": "1.23900", "2014-12-31": "1.55060", "2014-09-30": "2.00120", "2014-06-30": "1.85340", "2014-03-31": "1.12030", "2013-12-31": "0.90940", "2013-09-30": "1.45560", "2013-06-30": "1.46370", "2013-03-31": "0.85170", "2012-12-31": "0.88230", "2012-09-30": "1.50790", "2012-06-30": "1.73160", "2012-03-31": "1.48840", "2011-12-31": "1.01910", "2011-09-30": "1.30510", "2011-06-30": "1.38390", "2011-03-31": "1.42080", "2010-12-31": "1.24230", "2010-09-30": "2.13510", "2010-06-30": "2.31890", "2010-03-31": "1.77520", "2009-12-31": "1.24260", "2009-09-30": "1.38790", "2009-06-30": "0.96650", "2009-03-31": "0.52770", "2008-12-31": "0.69370", "2008-09-30": "1.40350", "2008-06-30": "1.38340", "2008-03-31": "1.53160", "2007-12-31": "1.76620", "2007-09-30": "1.68980", "2007-06-30": "1.72060", "2007-03-31": "1.71500", "2006-12-31": "1.46010", "2006-09-30": "1.87310", "2006-06-30": "1.76000", "2006-03-31": "1.66250", "2005-12-31": "1.20220", "2005-09-30": "0.92000", "2005-06-30": "0.54880", "2005-03-31": "0.51710"}, "Receiveable Turnover": {"2020-09-30": "1.39550", "2020-06-30": "1.20750", "2020-03-31": "1.44520", "2019-12-31": "1.80660", "2019-09-30": "1.62630", "2019-06-30": "1.51580", "2019-03-31": "1.48000", "2018-12-31": "1.78380", "2018-09-30": "1.60820", "2018-06-30": "1.16030", "2018-03-31": "1.17750", "2017-12-31": "1.75750", "2017-09-30": "1.87780", "2017-06-30": "1.71670", "2017-03-31": "1.45070", "2016-12-31": "1.97450", "2016-09-30": "2.51500", "2016-06-30": "1.52140", "2016-03-31": "1.69700", "2015-12-31": "1.50710", "2015-09-30": "1.90020", "2015-06-30": "1.72840", "2015-03-31": "1.94790", "2014-12-31": "2.14020", "2014-09-30": "1.48770", "2014-06-30": "1.74740", "2014-03-31": "1.48260", "2013-12-31": "1.80980", "2013-09-30": "2.06970", "2013-06-30": "1.87940", "2013-03-31": "1.68270", "2012-12-31": "1.61910", "2012-09-30": "2.25540", "2012-06-30": "1.58410", "2012-03-31": "1.79040", "2011-12-31": "2.29640", "2011-09-30": "2.39950", "2011-06-30": "1.97530", "2011-03-31": "2.02500", "2010-12-31": "1.83790", "2010-09-30": "1.60310", "2010-06-30": "1.79530", "2010-03-31": "1.78660", "2009-12-31": "1.79720", "2009-09-30": "1.87670", "2009-06-30": "2.29430", "2009-03-31": "1.09430", "2008-12-31": "1.77670", "2008-09-30": "1.53330", "2008-06-30": "1.49540", "2008-03-31": "1.47250", "2007-12-31": "1.37430", "2007-09-30": "1.29320", "2007-06-30": "1.36530", "2007-03-31": "1.49750", "2006-12-31": "1.61650", "2006-09-30": "1.53040", "2006-06-30": "1.39670", "2006-03-31": "1.40010", "2005-12-31": "1.35520", "2005-09-30": "1.09020", "2005-06-30": "0.96120", "2005-03-31": "0.96210"}, "Days Sales In Receivables": {"2020-09-30": "64.49410", "2020-06-30": "74.53180", "2020-03-31": "62.27380", "2019-12-31": "49.81760", "2019-09-30": "55.33960", "2019-06-30": "59.37470", "2019-03-31": "60.80890", "2018-12-31": "50.45450", "2018-09-30": "55.96360", "2018-06-30": "77.56450", "2018-03-31": "76.43190", "2017-12-31": "51.20930", "2017-09-30": "47.92840", "2017-06-30": "52.42520", "2017-03-31": "62.03930", "2016-12-31": "45.58020", "2016-09-30": "35.78580", "2016-06-30": "59.15700", "2016-03-31": "53.03520", "2015-12-31": "59.71650", "2015-09-30": "47.36320", "2015-06-30": "52.07110", "2015-03-31": "46.20450", "2014-12-31": "42.05290", "2014-09-30": "60.49680", "2014-06-30": "51.50440", "2014-03-31": "60.70580", "2013-12-31": "49.72920", "2013-09-30": "43.48360", "2013-06-30": "47.88820", "2013-03-31": "53.48440", "2012-12-31": "55.58720", "2012-09-30": "39.90510", "2012-06-30": "56.81570", "2012-03-31": "50.26680", "2011-12-31": "39.19200", "2011-09-30": "37.50720", "2011-06-30": "45.56200", "2011-03-31": "44.44480", "2010-12-31": "48.96810", "2010-09-30": "56.14060", "2010-06-30": "50.13040", "2010-03-31": "50.37480", "2009-12-31": "50.07770", "2009-09-30": "47.95650", "2009-06-30": "39.22790", "2009-03-31": "82.24450", "2008-12-31": "50.65670", "2008-09-30": "58.69810", "2008-06-30": "60.18550", "2008-03-31": "61.11880", "2007-12-31": "65.48690", "2007-09-30": "69.59330", "2007-06-30": "65.91910", "2007-03-31": "60.09980", "2006-12-31": "55.67660", "2006-09-30": "58.80780", "2006-06-30": "64.43990", "2006-03-31": "64.27990", "2005-12-31": "66.41290", "2005-09-30": "82.55350", "2005-06-30": "93.63100", "2005-03-31": "93.54170"}, "ROE - Return On Equity": {"2020-09-30": "11.17200", "2020-06-30": "10.82850", "2020-03-31": "11.36220", "2019-12-31": "8.45000", "2019-09-30": "9.16340", "2019-06-30": "6.58350", "2019-03-31": "7.42320", "2018-12-31": "9.44500", "2018-09-30": "7.19410", "2018-06-30": "5.80690", "2018-03-31": "4.56560", "2017-12-31": "-5.42190", "2017-09-30": "4.90170", "2017-06-30": "8.54100", "2017-03-31": "4.43890", "2016-12-31": "3.62810", "2016-09-30": "3.57960", "2016-06-30": "-12.80640", "2016-03-31": "2.50440", "2015-12-31": "-0.03270", "2015-09-30": "3.49300", "2015-06-30": "4.95990", "2015-03-31": "1.59380", "2014-12-31": "-4.99340", "2014-09-30": "3.78780", "2014-06-30": "4.81590", "2014-03-31": "0.04670", "2013-12-31": "1.12550", "2013-09-30": "3.55930", "2013-06-30": "3.56580", "2013-03-31": "0.36780", "2012-12-31": "-0.93020", "2012-09-30": "4.96520", "2012-06-30": "6.60880", "2012-03-31": "2.16720", "2011-12-31": "8.58630", "2011-09-30": "4.13950", "2011-06-30": "6.60330", "2011-03-31": "5.69790", "2010-12-31": "5.55690", "2010-09-30": "13.65120", "2010-06-30": "13.48330", "2010-03-31": "6.76700", "2009-12-31": "2.31700", "2009-09-30": "1.07090", "2009-06-30": "-10.97050", "2009-03-31": "-15.10330", "2008-12-31": "-54.24460", "2008-09-30": "-1.97530", "2008-06-30": "0.92490", "2008-03-31": "0.19160", "2007-12-31": "1.39550", "2007-09-30": "2.77270", "2007-06-30": "1.96330", "2007-03-31": "-0.56340", "2006-12-31": "0.93590", "2006-09-30": "4.85750", "2006-06-30": "6.03690", "2006-03-31": "3.44220", "2005-12-31": "6.95490", "2005-09-30": "-4.25970", "2005-06-30": "-4.77370", "2005-03-31": "-5.06050"}, "Return On Tangible Equity": {"2020-09-30": "15.31110", "2020-06-30": "15.54820", "2020-03-31": "17.16560", "2019-12-31": "13.33050", "2019-09-30": "13.38070", "2019-06-30": "9.87820", "2019-03-31": "11.23580", "2018-12-31": "14.16590", "2018-09-30": "10.57290", "2018-06-30": "8.39780", "2018-03-31": "5.62990", "2017-12-31": "-6.52830", "2017-09-30": "5.82680", "2017-06-30": "10.19780", "2017-03-31": "5.34320", "2016-12-31": "4.40860", "2016-09-30": "4.46300", "2016-06-30": "-16.12540", "2016-03-31": "3.91510", "2015-12-31": "-0.05190", "2015-09-30": "5.55210", "2015-06-30": "7.91580", "2015-03-31": "2.04030", "2014-12-31": "-6.42820", "2014-09-30": "5.08700", "2014-06-30": "6.64120", "2014-03-31": "0.06660", "2013-12-31": "1.62970", "2013-09-30": "5.19700", "2013-06-30": "5.39570", "2013-03-31": "0.57740", "2012-12-31": "-1.49010", "2012-09-30": "8.07160", "2012-06-30": "11.40640", "2012-03-31": "4.08630", "2011-12-31": "17.01930", "2011-09-30": "4.47110", "2011-06-30": "7.18710", "2011-03-31": "6.29060", "2010-12-31": "6.24060", "2010-09-30": "15.54830", "2010-06-30": "15.88750", "2010-03-31": "8.45460", "2009-12-31": "3.00510", "2009-09-30": "1.44260", "2009-06-30": "-15.24140", "2009-03-31": "-21.50770", "2008-12-31": "-73.65000", "2008-09-30": "-2.74850", "2008-06-30": "1.28890", "2008-03-31": "0.27370", "2007-12-31": "1.48640", "2007-09-30": "3.02470", "2007-06-30": "2.12190", "2007-03-31": "-0.61090", "2006-12-31": "1.01410", "2006-09-30": "5.11670", "2006-06-30": "6.35180", "2006-03-31": "3.63480", "2005-12-31": "7.59470", "2005-09-30": "-4.80160", "2005-06-30": "-5.35910", "2005-03-31": "-5.66070"}, "ROA - Return On Assets": {"2020-09-30": "6.48090", "2020-06-30": "5.81400", "2020-03-31": "6.24700", "2019-12-31": "4.48770", "2019-09-30": "5.03410", "2019-06-30": "3.64580", "2019-03-31": "4.17090", "2018-12-31": "5.31240", "2018-09-30": "4.16240", "2018-06-30": "3.44630", "2018-03-31": "2.90380", "2017-12-31": "-3.40640", "2017-09-30": "3.34770", "2017-06-30": "5.77440", "2017-03-31": "2.99830", "2016-12-31": "2.40160", "2016-09-30": "2.69660", "2016-06-30": "-9.28400", "2016-03-31": "1.96100", "2015-12-31": "-0.02520", "2015-09-30": "2.68430", "2015-06-30": "3.82050", "2015-03-31": "1.30510", "2014-12-31": "-4.08940", "2014-09-30": "3.07790", "2014-06-30": "3.84710", "2014-03-31": "0.03820", "2013-12-31": "0.84960", "2013-09-30": "2.65960", "2013-06-30": "2.65570", "2013-03-31": "0.27570", "2012-12-31": "-0.68100", "2012-09-30": "3.59850", "2012-06-30": "4.57500", "2012-03-31": "1.49960", "2011-12-31": "5.90450", "2011-09-30": "2.88920", "2011-06-30": "4.40800", "2011-03-31": "3.73060", "2010-12-31": "3.44460", "2010-09-30": "8.13260", "2010-06-30": "8.45430", "2010-03-31": "3.89160", "2009-12-31": "1.24650", "2009-09-30": "0.54420", "2009-06-30": "-6.05670", "2009-03-31": "-7.85420", "2008-12-31": "-31.00570", "2008-09-30": "-1.50310", "2008-06-30": "0.70080", "2008-03-31": "0.14700", "2007-12-31": "1.10290", "2007-09-30": "2.20500", "2007-06-30": "1.59550", "2007-03-31": "-0.46560", "2006-12-31": "0.74020", "2006-09-30": "3.35580", "2006-06-30": "4.13570", "2006-03-31": "2.36830", "2005-12-31": "4.64720", "2005-09-30": "-2.49090", "2005-06-30": "-2.87710", "2005-03-31": "-3.05410"}, "ROI - Return On Investment": {"2020-09-30": "9.28100", "2020-06-30": "8.79930", "2020-03-31": "9.03940", "2019-12-31": "6.67110", "2019-09-30": "7.25140", "2019-06-30": "5.21770", "2019-03-31": "5.88720", "2018-12-31": "9.44500", "2018-09-30": "5.86940", "2018-06-30": "4.78210", "2018-03-31": "3.82400", "2017-12-31": "-4.56650", "2017-09-30": "4.18280", "2017-06-30": "7.26680", "2017-03-31": "3.74470", "2016-12-31": "3.04150", "2016-09-30": "3.57960", "2016-06-30": "-12.80640", "2016-03-31": "2.50440", "2015-12-31": "-0.03270", "2015-09-30": "3.49300", "2015-06-30": "4.95990", "2015-03-31": "1.59380", "2014-12-31": "-4.99340", "2014-09-30": "3.78780", "2014-06-30": "4.81590", "2014-03-31": "0.04670", "2013-12-31": "1.12550", "2013-09-30": "3.55930", "2013-06-30": "3.56580", "2013-03-31": "0.36780", "2012-12-31": "-0.84860", "2012-09-30": "4.53920", "2012-06-30": "6.01860", "2012-03-31": "1.96220", "2011-12-31": "7.76140", "2011-09-30": "3.71420", "2011-06-30": "5.91660", "2011-03-31": "5.07100", "2010-12-31": "4.90100", "2010-09-30": "11.99580", "2010-06-30": "11.62250", "2010-03-31": "5.65650", "2009-12-31": "1.91120", "2009-09-30": "0.87570", "2009-06-30": "-8.95370", "2009-03-31": "-14.90330", "2008-12-31": "-54.24460", "2008-09-30": "-1.97530", "2008-06-30": "0.92490", "2008-03-31": "0.19160", "2007-12-31": "1.39550", "2007-09-30": "2.77270", "2007-06-30": "1.96330", "2007-03-31": "-0.56340", "2006-12-31": "0.93590", "2006-09-30": "4.85750", "2006-06-30": "6.03690", "2006-03-31": "3.44220", "2005-12-31": "6.95490", "2005-09-30": "-3.13020", "2005-06-30": "-3.53810", "2005-03-31": "-3.77920"}, "Book Value Per Share": {"2020-09-30": "12.00620", "2020-06-30": "10.52160", "2020-03-31": "9.34490", "2019-12-31": "8.89460", "2019-09-30": "8.79950", "2019-06-30": "8.68020", "2019-03-31": "8.53030", "2018-12-31": "8.67330", "2018-09-30": "9.09910", "2018-06-30": "9.25690", "2018-03-31": "9.82920", "2017-12-31": "9.99060", "2017-09-30": "10.72590", "2017-06-30": "10.34680", "2017-03-31": "9.61870", "2016-12-31": "9.18110", "2016-09-30": "8.83810", "2016-06-30": "8.60570", "2016-03-31": "9.79790", "2015-12-31": "9.65320", "2015-09-30": "9.87070", "2015-06-30": "9.76070", "2015-03-31": "9.52850", "2014-12-31": "9.59770", "2014-09-30": "10.11590", "2014-06-30": "10.70430", "2014-03-31": "10.25590", "2013-12-31": "10.35350", "2013-09-30": "10.19600", "2013-06-30": "9.78650", "2013-03-31": "9.40680", "2012-12-31": "9.46400", "2012-09-30": "9.51360", "2012-06-30": "9.00270", "2012-03-31": "8.30760", "2011-12-31": "8.19810", "2011-09-30": "7.44010", "2011-06-30": "7.17160", "2011-03-31": "6.62580", "2010-12-31": "6.16470", "2010-09-30": "5.88630", "2010-06-30": "5.01630", "2010-03-31": "4.09270", "2009-12-31": "3.79960", "2009-09-30": "3.56900", "2009-06-30": "3.49130", "2009-03-31": "3.47920", "2008-12-31": "4.18340", "2008-09-30": "7.02410", "2008-06-30": "7.13800", "2008-03-31": "7.18230", "2007-12-31": "7.10140", "2007-09-30": "7.13900", "2007-06-30": "7.35900", "2007-03-31": "7.21900", "2006-12-31": "7.20390", "2006-09-30": "7.16990", "2006-06-30": "7.03270", "2006-03-31": "6.58460", "2005-12-31": "6.30760", "2005-09-30": "5.22930", "2005-06-30": "5.41010", "2005-03-31": "5.60060"}, "Operating Cash Flow Per Share": {"2020-09-30": 1.8254, "2020-06-30": 1.2372, "2020-03-31": "0.23850", "2019-12-31": 1.2171, "2019-09-30": 1.0937, "2019-06-30": 0.8124, "2019-03-31": "0.10180", "2018-12-31": 0.9511, "2018-09-30": 1.2688, "2018-06-30": 0.6587, "2018-03-31": "-0.40260", "2017-12-31": 0.7211, "2017-09-30": 1.5464, "2017-06-30": 1.1422, "2017-03-31": "-0.30270", "2016-12-31": 0.1974, "2016-09-30": 0.9828, "2016-06-30": 0.8932, "2016-03-31": "0.17360", "2015-12-31": 0.2235, "2015-09-30": 0.8621, "2015-06-30": 0.7262, "2015-03-31": "0.17150", "2014-12-31": 0.7586, "2014-09-30": 0.6058, "2014-06-30": 0.9558, "2014-03-31": "-0.10920", "2013-12-31": 0.1888, "2013-09-30": 0.6581, "2013-06-30": 0.4491, "2013-03-31": "-0.15550", "2012-12-31": 0.1697, "2012-09-30": 1.0872, "2012-06-30": 0.4449, "2012-03-31": "0.04830", "2011-12-31": 0.2449, "2011-09-30": 0.4393, "2011-06-30": 0.4431, "2011-03-31": "0.08450", "2010-12-31": 0.7975, "2010-09-30": 1.1207, "2010-06-30": 0.4633, "2010-03-31": "0.11530", "2009-12-31": 0.3914, "2009-09-30": 0.5808, "2009-06-30": 0.1108, "2009-03-31": "-0.38100", "2008-12-31": 0.2418, "2008-09-30": 0.2482, "2008-06-30": 0.2751, "2008-03-31": "0.19590", "2007-12-31": 0.473, "2007-09-30": 0.1592, "2007-06-30": 0.2171, "2007-03-31": "-0.15900", "2006-12-31": 0.5303, "2006-09-30": 0.7055, "2006-06-30": 0.6058, "2006-03-31": "0.36020", "2005-12-31": 0.2897, "2005-09-30": 0.1931, "2005-06-30": -0.1301, "2005-03-31": "-0.28380"}, "Free Cash Flow Per Share": {"2020-09-30": 1.4947, "2020-06-30": 0.9742, "2020-03-31": "0.03540", "2019-12-31": 0.9989, "2019-09-30": 0.8917, "2019-06-30": 0.6276, "2019-03-31": "-0.04350", "2018-12-31": 0.8205, "2018-09-30": 1.127, "2018-06-30": 0.5082, "2018-03-31": "-0.57360", "2017-12-31": 0.5634, "2017-09-30": 1.4095, "2017-06-30": 1.0234, "2017-03-31": "-0.41190", "2016-12-31": 0.1014, "2016-09-30": 0.8874, "2016-06-30": 0.7625, "2016-03-31": "0.07480", "2015-12-31": 0.1174, "2015-09-30": 0.7608, "2015-06-30": 0.6089, "2015-03-31": "0.07490", "2014-12-31": 0.6696, "2014-09-30": 0.3575, "2014-06-30": 0.6657, "2014-03-31": "-0.24110", "2013-12-31": 0.0874, "2013-09-30": 0.5227, "2013-06-30": 0.3289, "2013-03-31": "-0.25150", "2012-12-31": 0.0501, "2012-09-30": 0.9413, "2012-06-30": 0.3103, "2012-03-31": "-0.06880", "2011-12-31": 0.1655, "2011-09-30": 0.3321, "2011-06-30": 0.3454, "2011-03-31": "-0.01080", "2010-12-31": 0.6975, "2010-09-30": 1.0396, "2010-06-30": 0.3868, "2010-03-31": "0.03760", "2009-12-31": 0.3004, "2009-09-30": 0.5346, "2009-06-30": 0.0454, "2009-03-31": "-0.41640", "2008-12-31": 0.1752, "2008-09-30": 0.2858, "2008-06-30": 0.2162, "2008-03-31": "0.03090", "2007-12-31": 0.3528, "2007-09-30": 0.0906, "2007-06-30": 0.1002, "2007-03-31": "-0.27520", "2006-12-31": 0.4214, "2006-09-30": 0.7667, "2006-06-30": 0.6567, "2006-03-31": "0.23280", "2005-12-31": 0.2634, "2005-09-30": 0.1116, "2005-06-30": -0.2308, "2005-03-31": "-0.47610"}}, "revenue": {"Teradyne Annual Revenue (Millions of US $)": {"2020": "$3,121", "2019": "$2,295", "2018": "$2,101", "2017": "$2,137", "2016": "$1,753", "2015": "$1,640", "2014": "$1,648", "2013": "$1,428", "2012": "$1,657", "2011": "$1,429", "2010": "$1,566", "2009": "$777", "2008": "$1,107", "2007": "$1,102", "2006": "$1,356", "2005": "$1,045"}, "Teradyne Quarterly Revenue (Millions of US $)": {"2020-12-31": "$759", "2020-09-30": "$819", "2020-06-30": "$839", "2020-03-31": "$704", "2019-12-31": "$655", "2019-09-30": "$582", "2019-06-30": "$564", "2019-03-31": "$494", "2018-12-31": "$520", "2018-09-30": "$567", "2018-06-30": "$527", "2018-03-31": "$487", "2017-12-31": "$479", "2017-09-30": "$503", "2017-06-30": "$697", "2017-03-31": "$457", "2016-12-31": "$380", "2016-09-30": "$410", "2016-06-30": "$532", "2016-03-31": "$431", "2015-12-31": "$318", "2015-09-30": "$466", "2015-06-30": "$513", "2015-03-31": "$342", "2014-12-31": "$323", "2014-09-30": "$478", "2014-06-30": "$526", "2014-03-31": "$321", "2013-12-31": "$285", "2013-09-30": "$433", "2013-06-30": "$429", "2013-03-31": "$280", "2012-12-31": "$248", "2012-09-30": "$463", "2012-06-30": "$548", "2012-03-31": "$397", "2011-12-31": "$297", "2011-09-30": "$344", "2011-06-30": "$411", "2011-03-31": "$377", "2010-12-31": "$310", "2010-09-30": "$491", "2010-06-30": "$445", "2010-03-31": "$319", "2009-12-31": "$225", "2009-09-30": "$262", "2009-06-30": "$170", "2009-03-31": "$121", "2008-12-31": "$195", "2008-09-30": "$297", "2008-06-30": "$318", "2008-03-31": "$297", "2007-12-31": "$260", "2007-09-30": "$299", "2007-06-30": "$289", "2007-03-31": "$254", "2006-12-31": "$252", "2006-09-30": "$355", "2006-06-30": "$387", "2006-03-31": "$363", "2005-12-31": "$315", "2005-09-30": "$294", "2005-06-30": "$226", "2005-03-31": "$210"}}, "gross-profit": {"Teradyne Annual Gross Profit (Millions of US $)": {"2020": "$1,786", "2019": "$1,340", "2018": "$1,220", "2017": "$1,221", "2016": "$959", "2015": "$916", "2014": "$879", "2013": "$809", "2012": "$886", "2011": "$712", "2010": "$858", "2009": "$299", "2008": "$498", "2007": "$513", "2006": "$652", "2005": "$395"}, "Teradyne Quarterly Gross Profit (Millions of US $)": {"2020-12-31": "$450", "2020-09-30": "$459", "2020-06-30": "$471", "2020-03-31": "$406", "2019-12-31": "$383", "2019-09-30": "$345", "2019-06-30": "$324", "2019-03-31": "$288", "2018-12-31": "$310", "2018-09-30": "$334", "2018-06-30": "$307", "2018-03-31": "$270", "2017-12-31": "$271", "2017-09-30": "$295", "2017-06-30": "$391", "2017-03-31": "$265", "2016-12-31": "$218", "2016-09-30": "$227", "2016-06-30": "$283", "2016-03-31": "$230", "2015-12-31": "$166", "2015-09-30": "$259", "2015-06-30": "$299", "2015-03-31": "$192", "2014-12-31": "$160", "2014-09-30": "$261", "2014-06-30": "$290", "2014-03-31": "$167", "2013-12-31": "$160", "2013-09-30": "$254", "2013-06-30": "$241", "2013-03-31": "$153", "2012-12-31": "$125", "2012-09-30": "$260", "2012-06-30": "$310", "2012-03-31": "$191", "2011-12-31": "$134", "2011-09-30": "$170", "2011-06-30": "$215", "2011-03-31": "$193", "2010-12-31": "$165", "2010-09-30": "$272", "2010-06-30": "$251", "2010-03-31": "$170", "2009-12-31": "$112", "2009-09-30": "$107", "2009-06-30": "$47", "2009-03-31": "$33", "2008-12-31": "$78", "2008-09-30": "$128", "2008-06-30": "$154", "2008-03-31": "$139", "2007-12-31": "$119", "2007-09-30": "$144", "2007-06-30": "$137", "2007-03-31": "$113", "2006-12-31": "$116", "2006-09-30": "$174", "2006-06-30": "$191", "2006-03-31": "$171", "2005-12-31": "$143", "2005-09-30": "$89", "2005-06-30": "$85", "2005-03-31": "$78"}}, "operating-income": {"Teradyne Annual Operating Income (Millions of US $)": {"2020": "$928", "2019": "$554", "2018": "$474", "2017": "$525", "2016": "$-63", "2015": "$243", "2014": "$96", "2013": "$191", "2012": "$287", "2011": "$231", "2010": "$415", "2009": "$-125", "2008": "$-381", "2007": "$41", "2006": "$203", "2005": "$-85"}, "Teradyne Quarterly Operating Income (Millions of US $)": {"2020-12-31": "$234", "2020-09-30": "$270", "2020-06-30": "$218", "2020-03-31": "$207", "2019-12-31": "$172", "2019-09-30": "$155", "2019-06-30": "$134", "2019-03-31": "$93", "2018-12-31": "$112", "2018-09-30": "$144", "2018-06-30": "$120", "2018-03-31": "$98", "2017-12-31": "$95", "2017-09-30": "$129", "2017-06-30": "$208", "2017-03-31": "$94", "2016-12-31": "$56", "2016-09-30": "$57", "2016-06-30": "$-232", "2016-03-31": "$56", "2015-12-31": "$-10", "2015-09-30": "$87", "2015-06-30": "$131", "2015-03-31": "$35", "2014-12-31": "$-126", "2014-09-30": "$98", "2014-06-30": "$121", "2014-03-31": "$4", "2013-12-31": "$7", "2013-09-30": "$94", "2013-06-30": "$86", "2013-03-31": "$4", "2012-12-31": "$-25", "2012-09-30": "$108", "2012-06-30": "$157", "2012-03-31": "$46", "2011-12-31": "$-10", "2011-09-30": "$61", "2011-06-30": "$100", "2011-03-31": "$80", "2010-12-31": "$63", "2010-09-30": "$157", "2010-06-30": "$136", "2010-03-31": "$59", "2009-12-31": "$22", "2009-09-30": "$9", "2009-06-30": "$-62", "2009-03-31": "$-93", "2008-12-31": "$-380", "2008-09-30": "$-17", "2008-06-30": "$15", "2008-03-31": "$1", "2007-12-31": "$7", "2007-09-30": "$32", "2007-06-30": "$21", "2007-03-31": "$-19", "2006-12-31": "$3", "2006-09-30": "$67", "2006-06-30": "$85", "2006-03-31": "$47", "2005-12-31": "$57", "2005-09-30": "$-41", "2005-06-30": "$-46", "2005-03-31": "$-54"}}, "ebitda": {"Teradyne Annual EBITDA (Millions of US $)": {"2019": "$674", "2018": "$587", "2017": "$633", "2016": "$312", "2015": "$384", "2014": "$348", "2013": "$341", "2012": "$433", "2011": "$338", "2010": "$508", "2009": "$-20", "2008": "$44", "2007": "$109", "2006": "$276", "2005": "$5"}, "Teradyne Quarterly EBITDA (Millions of US $)": {"2020-09-30": "$300", "2020-06-30": "$251", "2020-03-31": "$239", "2019-12-31": "$204", "2019-09-30": "$184", "2019-06-30": "$163", "2019-03-31": "$123", "2018-12-31": "$143", "2018-09-30": "$173", "2018-06-30": "$148", "2018-03-31": "$123", "2017-12-31": "$121", "2017-09-30": "$156", "2017-06-30": "$235", "2017-03-31": "$121", "2016-12-31": "$82", "2016-09-30": "$82", "2016-06-30": "$56", "2016-03-31": "$93", "2015-12-31": "$26", "2015-09-30": "$124", "2015-06-30": "$164", "2015-03-31": "$70", "2014-12-31": "$10", "2014-09-30": "$136", "2014-06-30": "$158", "2014-03-31": "$43", "2013-12-31": "$46", "2013-09-30": "$131", "2013-06-30": "$122", "2013-03-31": "$42", "2012-12-31": "$14", "2012-09-30": "$146", "2012-06-30": "$193", "2012-03-31": "$81", "2011-12-31": "$27", "2011-09-30": "$84", "2011-06-30": "$123", "2011-03-31": "$104", "2010-12-31": "$82", "2010-09-30": "$181", "2010-06-30": "$161", "2010-03-31": "$84", "2009-12-31": "$47", "2009-09-30": "$36", "2009-06-30": "$-36", "2009-03-31": "$-68", "2008-12-31": "$-27", "2008-09-30": "$6", "2008-06-30": "$40", "2008-03-31": "$25", "2007-12-31": "$23", "2007-09-30": "$48", "2007-06-30": "$38", "2007-03-31": "$-0", "2006-12-31": "$20", "2006-09-30": "$86", "2006-06-30": "$103", "2006-03-31": "$67", "2005-12-31": "$73", "2005-09-30": "$-16", "2005-06-30": "$-20", "2005-03-31": "$-32"}}, "net-income": {"Teradyne Annual Net Income (Millions of US $)": {"2020": "$784", "2019": "$467", "2018": "$452", "2017": "$258", "2016": "$-43", "2015": "$206", "2014": "$81", "2013": "$165", "2012": "$217", "2011": "$370", "2010": "$385", "2009": "$-134", "2008": "$-394", "2007": "$78", "2006": "$199", "2005": "$91"}, "Teradyne Quarterly Net Income (Millions of US $)": {"2020-12-31": "$196", "2020-09-30": "$223", "2020-06-30": "$189", "2020-03-31": "$176", "2019-12-31": "$125", "2019-09-30": "$136", "2019-06-30": "$97", "2019-03-31": "$109", "2018-12-31": "$144", "2018-09-30": "$120", "2018-06-30": "$101", "2018-03-31": "$87", "2017-12-31": "$-106", "2017-09-30": "$103", "2017-06-30": "$175", "2017-03-31": "$85", "2016-12-31": "$66", "2016-09-30": "$64", "2016-06-30": "$-224", "2016-03-31": "$50", "2015-12-31": "$-1", "2015-09-30": "$71", "2015-06-30": "$103", "2015-03-31": "$33", "2014-12-31": "$-104", "2014-09-30": "$83", "2014-06-30": "$101", "2014-03-31": "$1", "2013-12-31": "$22", "2013-09-30": "$69", "2013-06-30": "$67", "2013-03-31": "$7", "2012-12-31": "$-17", "2012-09-30": "$89", "2012-06-30": "$111", "2012-03-31": "$34", "2011-12-31": "$129", "2011-09-30": "$57", "2011-06-30": "$87", "2011-03-31": "$97", "2010-12-31": "$65", "2010-09-30": "$147", "2010-06-30": "$122", "2010-03-31": "$50", "2009-12-31": "$17", "2009-09-30": "$7", "2009-06-30": "$-67", "2009-03-31": "$-91", "2008-12-31": "$-385", "2008-09-30": "$-23", "2008-06-30": "$11", "2008-03-31": "$2", "2007-12-31": "$17", "2007-09-30": "$41", "2007-06-30": "$28", "2007-03-31": "$-8", "2006-12-31": "$11", "2006-09-30": "$61", "2006-06-30": "$82", "2006-03-31": "$45", "2005-12-31": "$224", "2005-09-30": "$-35", "2005-06-30": "$-45", "2005-03-31": "$-53"}}, "eps-earnings-per-share-diluted": {"Teradyne Annual EPS": {"2020": "$4.28", "2019": "$2.60", "2018": "$2.35", "2017": "$1.28", "2016": "$-0.21", "2015": "$0.97", "2014": "$0.37", "2013": "$0.70", "2012": "$0.94", "2011": "$1.63", "2010": "$1.75", "2009": "$-0.77", "2008": "$-2.31", "2007": "$0.42", "2006": "$1.01", "2005": "$0.46"}, "Teradyne Quarterly EPS": {"2020-12-31": "$1.05", "2020-09-30": "$1.21", "2020-06-30": "$1.05", "2020-03-31": "$0.97", "2019-12-31": "$0.68", "2019-09-30": "$0.75", "2019-06-30": "$0.55", "2019-03-31": "$0.62", "2018-12-31": "$0.77", "2018-09-30": "$0.63", "2018-06-30": "$0.52", "2018-03-31": "$0.43", "2017-12-31": "$-0.53", "2017-09-30": "$0.52", "2017-06-30": "$0.87", "2017-03-31": "$0.42", "2016-12-31": "$0.34", "2016-09-30": "$0.31", "2016-06-30": "$-1.10", "2016-03-31": "$0.24", "2015-12-31": "$0.00", "2015-09-30": "$0.34", "2015-06-30": "$0.48", "2015-03-31": "$0.15", "2014-12-31": "$-0.48", "2014-09-30": "$0.38", "2014-06-30": "$0.47", "2014-03-31": "$0.00", "2013-12-31": "$0.10", "2013-09-30": "$0.29", "2013-06-30": "$0.28", "2013-03-31": "$0.03", "2012-12-31": "$-0.09", "2012-09-30": "$0.39", "2012-06-30": "$0.49", "2012-03-31": "$0.15", "2011-12-31": "$0.57", "2011-09-30": "$0.26", "2011-06-30": "$0.38", "2011-03-31": "$0.42", "2010-12-31": "$0.30", "2010-09-30": "$0.66", "2010-06-30": "$0.55", "2010-03-31": "$0.24", "2009-12-31": "$0.11", "2009-09-30": "$0.04", "2009-06-30": "$-0.39", "2009-03-31": "$-0.53", "2008-12-31": "$-2.25", "2008-09-30": "$-0.13", "2008-06-30": "$0.06", "2008-03-31": "$0.01", "2007-12-31": "$0.10", "2007-09-30": "$0.22", "2007-06-30": "$0.14", "2007-03-31": "$-0.04", "2006-12-31": "$0.07", "2006-09-30": "$0.31", "2006-06-30": "$0.40", "2006-03-31": "$0.23", "2005-12-31": "$1.14", "2005-09-30": "$-0.18", "2005-06-30": "$-0.23", "2005-03-31": "$-0.27"}}, "shares-outstanding": {"Teradyne Annual Shares Outstanding (Millions of Shares)": {"2020": "183", "2019": "179", "2018": "193", "2017": "202", "2016": "203", "2015": "213", "2014": "223", "2013": "236", "2012": "230", "2011": "227", "2010": "227", "2009": "174", "2008": "171", "2007": "185", "2006": "204", "2005": "196"}, "Teradyne Quarterly Shares Outstanding (Millions of Shares)": {"2020-12-31": "187", "2020-09-30": "184", "2020-06-30": "180", "2020-03-31": "181", "2019-12-31": "179", "2019-09-30": "180", "2019-06-30": "179", "2019-03-31": "177", "2018-12-31": "193", "2018-09-30": "191", "2018-06-30": "195", "2018-03-31": "203", "2017-12-31": "202", "2017-09-30": "201", "2017-06-30": "202", "2017-03-31": "202", "2016-12-31": "203", "2016-09-30": "204", "2016-06-30": "203", "2016-03-31": "206", "2015-12-31": "213", "2015-09-30": "212", "2015-06-30": "215", "2015-03-31": "219", "2014-12-31": "223", "2014-09-30": "218", "2014-06-30": "217", "2014-03-31": "236", "2013-12-31": "236", "2013-09-30": "236", "2013-06-30": "235", "2013-03-31": "235", "2012-12-31": "230", "2012-09-30": "229", "2012-06-30": "230", "2012-03-31": "231", "2011-12-31": "227", "2011-09-30": "222", "2011-06-30": "230", "2011-03-31": "232", "2010-12-31": "227", "2010-09-30": "229", "2010-06-30": "232", "2010-03-31": "226", "2009-12-31": "174", "2009-09-30": "181", "2009-06-30": "173", "2009-03-31": "172", "2008-12-31": "171", "2008-09-30": "169", "2008-06-30": "174", "2008-03-31": "176", "2007-12-31": "185", "2007-09-30": "185", "2007-06-30": "191", "2007-03-31": "190", "2006-12-31": "204", "2006-09-30": "205", "2006-06-30": "210", "2006-03-31": "200", "2005-12-31": "196", "2005-09-30": "197", "2005-06-30": "196", "2005-03-31": "196"}}, "total-assets": {"Teradyne Annual Total Assets (Millions of US $)": {"2019": "$2,787", "2018": "$2,707", "2017": "$3,110", "2016": "$2,762", "2015": "$2,549", "2014": "$2,539", "2013": "$2,630", "2012": "$2,429", "2011": "$2,189", "2010": "$1,810", "2009": "$1,235", "2008": "$1,242", "2007": "$1,555", "2006": "$1,721", "2005": "$1,860"}, "Teradyne Quarterly Total Assets (Millions of US $)": {"2020-09-30": "$3,437", "2020-06-30": "$3,249", "2020-03-31": "$2,820", "2019-12-31": "$2,787", "2019-09-30": "$2,699", "2019-06-30": "$2,672", "2019-03-31": "$2,617", "2018-12-31": "$2,707", "2018-09-30": "$2,882", "2018-06-30": "$2,932", "2018-03-31": "$2,995", "2017-12-31": "$3,110", "2017-09-30": "$3,089", "2017-06-30": "$3,030", "2017-03-31": "$2,842", "2016-12-31": "$2,762", "2016-09-30": "$2,366", "2016-06-30": "$2,408", "2016-03-31": "$2,549", "2015-12-31": "$2,549", "2015-09-30": "$2,662", "2015-06-30": "$2,693", "2015-03-31": "$2,512", "2014-12-31": "$2,539", "2014-09-30": "$2,695", "2014-06-30": "$2,631", "2014-03-31": "$2,433", "2013-12-31": "$2,630", "2013-09-30": "$2,612", "2013-06-30": "$2,506", "2013-03-31": "$2,390", "2012-12-31": "$2,429", "2012-09-30": "$2,463", "2012-06-30": "$2,435", "2012-03-31": "$2,238", "2011-12-31": "$2,189", "2011-09-30": "$1,963", "2011-06-30": "$1,998", "2011-03-31": "$1,875", "2010-12-31": "$1,810", "2010-09-30": "$1,792", "2010-06-30": "$1,449", "2010-03-31": "$1,262", "2009-12-31": "$1,235", "2009-09-30": "$1,226", "2009-06-30": "$1,102", "2009-03-31": "$1,154", "2008-12-31": "$1,242", "2008-09-30": "$1,561", "2008-06-30": "$1,581", "2008-03-31": "$1,611", "2007-12-31": "$1,555", "2007-09-30": "$1,596", "2007-06-30": "$1,708", "2007-03-31": "$1,657", "2006-12-31": "$1,721", "2006-09-30": "$1,976", "2006-06-30": "$2,036", "2006-03-31": "$1,896", "2005-12-31": "$1,860", "2005-09-30": "$1,761", "2005-06-30": "$1,765", "2005-03-31": "$1,816"}}, "cash-on-hand": {"Teradyne Annual Cash on Hand (Millions of US $)": {"2019": "$911", "2018": "$1,117", "2017": "$1,778", "2016": "$1,179", "2015": "$742", "2014": "$828", "2013": "$929", "2012": "$770", "2011": "$670", "2010": "$807", "2009": "$464", "2008": "$323", "2007": "$638", "2006": "$616", "2005": "$695"}, "Teradyne Quarterly Cash on Hand (Millions of US $)": {"2020-09-30": "$1,233", "2020-06-30": "$955", "2020-03-31": "$804", "2019-12-31": "$911", "2019-09-30": "$936", "2019-06-30": "$895", "2019-03-31": "$905", "2018-12-31": "$1,117", "2018-09-30": "$1,232", "2018-06-30": "$1,193", "2018-03-31": "$1,498", "2017-12-31": "$1,778", "2017-09-30": "$1,637", "2017-06-30": "$1,408", "2017-03-31": "$1,220", "2016-12-31": "$1,179", "2016-09-30": "$896", "2016-06-30": "$823", "2016-03-31": "$729", "2015-12-31": "$742", "2015-09-30": "$820", "2015-06-30": "$753", "2015-03-31": "$868", "2014-12-31": "$828", "2014-09-30": "$807", "2014-06-30": "$743", "2014-03-31": "$695", "2013-12-31": "$929", "2013-09-30": "$957", "2013-06-30": "$729", "2013-03-31": "$710", "2012-12-31": "$770", "2012-09-30": "$831", "2012-06-30": "$695", "2012-03-31": "$621", "2011-12-31": "$670", "2011-09-30": "$1,192", "2011-06-30": "$909", "2011-03-31": "$856", "2010-12-31": "$807", "2010-09-30": "$698", "2010-06-30": "$566", "2010-03-31": "$460", "2009-12-31": "$464", "2009-09-30": "$412", "2009-06-30": "$334", "2009-03-31": "$279", "2008-12-31": "$323", "2008-09-30": "$308", "2008-06-30": "$306", "2008-03-31": "$355", "2007-12-31": "$638", "2007-09-30": "$616", "2007-06-30": "$580", "2007-03-31": "$482", "2006-12-31": "$616", "2006-09-30": "$820", "2006-06-30": "$617", "2006-03-31": "$644", "2005-12-31": "$695", "2005-09-30": "$322", "2005-06-30": "$272", "2005-03-31": "$237"}}, "long-term-debt": {"Teradyne Annual Long Term Debt (Millions of US $)": {"2019": "$", "2018": "$", "2017": "$366", "2016": "$353", "2015": "$", "2014": "$", "2013": "$", "2012": "$171", "2011": "$160", "2010": "$150", "2009": "$141", "2008": "$", "2007": "$", "2006": "$", "2005": "$"}, "Teradyne Quarterly Long Term Debt (Millions of US $)": {"2020-09-30": "$406", "2020-06-30": "$402", "2020-03-31": "$398", "2019-12-31": "$395", "2019-09-30": "$391", "2019-06-30": "$387", "2019-03-31": "$384", "2018-12-31": "", "2018-09-30": "$376", "2018-06-30": "$373", "2018-03-31": "$369", "2017-12-31": "$366", "2017-09-30": "$363", "2017-06-30": "$359", "2017-03-31": "$356", "2016-12-31": "$353", "2016-09-30": "", "2016-06-30": "", "2016-03-31": "", "2015-12-31": "", "2015-09-30": "", "2015-06-30": "", "2015-03-31": "", "2014-12-31": "", "2014-09-30": "", "2014-06-30": "", "2014-03-31": "", "2013-12-31": "", "2013-09-30": "", "2013-06-30": "", "2013-03-31": "", "2012-12-31": "$171", "2012-09-30": "$168", "2012-06-30": "$165", "2012-03-31": "$162", "2011-12-31": "$160", "2011-09-30": "$157", "2011-06-30": "$155", "2011-03-31": "$152", "2010-12-31": "$150", "2010-09-30": "$147", "2010-06-30": "$145", "2010-03-31": "$142", "2009-12-31": "$141", "2009-09-30": "$139", "2009-06-30": "$137", "2009-03-31": "$8", "2008-12-31": "", "2008-09-30": "", "2008-06-30": "", "2008-03-31": "", "2007-12-31": "", "2007-09-30": "", "2007-06-30": "", "2007-03-31": "", "2006-12-31": "", "2006-09-30": "", "2006-06-30": "", "2006-03-31": "", "2005-12-31": "", "2005-09-30": "$372", "2005-06-30": "$372", "2005-03-31": "$372"}}, "total-liabilities": {"Teradyne Annual Total Liabilities (Millions of US $)": {"2019": "$1,307", "2018": "$1,184", "2017": "$1,156", "2016": "$934", "2015": "$583", "2014": "$460", "2013": "$645", "2012": "$651", "2011": "$684", "2010": "$688", "2009": "$571", "2008": "$532", "2007": "$326", "2006": "$360", "2005": "$617"}, "Teradyne Quarterly Total Liabilities (Millions of US $)": {"2020-09-30": "$1,443", "2020-06-30": "$1,505", "2020-03-31": "$1,270", "2019-12-31": "$1,307", "2019-09-30": "$1,216", "2019-06-30": "$1,192", "2019-03-31": "$1,146", "2018-12-31": "$1,184", "2018-09-30": "$1,215", "2018-06-30": "$1,192", "2018-03-31": "$1,090", "2017-12-31": "$1,156", "2017-09-30": "$979", "2017-06-30": "$982", "2017-03-31": "$922", "2016-12-31": "$934", "2016-09-30": "$584", "2016-06-30": "$662", "2016-03-31": "$553", "2015-12-31": "$583", "2015-09-30": "$616", "2015-06-30": "$619", "2015-03-31": "$455", "2014-12-31": "$460", "2014-09-30": "$505", "2014-06-30": "$529", "2014-03-31": "$444", "2013-12-31": "$645", "2013-09-30": "$660", "2013-06-30": "$640", "2013-03-31": "$598", "2012-12-31": "$651", "2012-09-30": "$678", "2012-06-30": "$749", "2012-03-31": "$689", "2011-12-31": "$684", "2011-09-30": "$593", "2011-06-30": "$664", "2011-03-31": "$647", "2010-12-31": "$688", "2010-09-30": "$724", "2010-06-30": "$541", "2010-03-31": "$536", "2009-12-31": "$571", "2009-09-30": "$603", "2009-06-30": "$494", "2009-03-31": "$554", "2008-12-31": "$532", "2008-09-30": "$373", "2008-06-30": "$383", "2008-03-31": "$375", "2007-12-31": "$326", "2007-09-30": "$327", "2007-06-30": "$320", "2007-03-31": "$287", "2006-12-31": "$360", "2006-09-30": "$611", "2006-06-30": "$641", "2006-03-31": "$592", "2005-12-31": "$617", "2005-09-30": "$731", "2005-06-30": "$701", "2005-03-31": "$720"}}, "total-share-holder-equity": {"Teradyne Annual Share Holder Equity (Millions of US $)": {"2019": "$1,480", "2018": "$1,522", "2017": "$1,954", "2016": "$1,829", "2015": "$1,966", "2014": "$2,079", "2013": "$1,985", "2012": "$1,778", "2011": "$1,505", "2010": "$1,122", "2009": "$665", "2008": "$710", "2007": "$1,229", "2006": "$1,361", "2005": "$1,243"}, "Teradyne Quarterly Share Holder Equity (Millions of US $)": {"2020-09-30": "$1,994", "2020-06-30": "$1,745", "2020-03-31": "$1,551", "2019-12-31": "$1,480", "2019-09-30": "$1,483", "2019-06-30": "$1,479", "2019-03-31": "$1,470", "2018-12-31": "$1,522", "2018-09-30": "$1,668", "2018-06-30": "$1,740", "2018-03-31": "$1,905", "2017-12-31": "$1,954", "2017-09-30": "$2,110", "2017-06-30": "$2,049", "2017-03-31": "$1,920", "2016-12-31": "$1,829", "2016-09-30": "$1,782", "2016-06-30": "$1,746", "2016-03-31": "$1,996", "2015-12-31": "$1,966", "2015-09-30": "$2,046", "2015-06-30": "$2,074", "2015-03-31": "$2,057", "2014-12-31": "$2,079", "2014-09-30": "$2,190", "2014-06-30": "$2,101", "2014-03-31": "$1,990", "2013-12-31": "$1,985", "2013-09-30": "$1,952", "2013-06-30": "$1,866", "2013-03-31": "$1,791", "2012-12-31": "$1,778", "2012-09-30": "$1,785", "2012-06-30": "$1,685", "2012-03-31": "$1,549", "2011-12-31": "$1,505", "2011-09-30": "$1,370", "2011-06-30": "$1,334", "2011-03-31": "$1,227", "2010-12-31": "$1,122", "2010-09-30": "$1,067", "2010-06-30": "$909", "2010-03-31": "$726", "2009-12-31": "$665", "2009-09-30": "$623", "2009-06-30": "$609", "2009-03-31": "$600", "2008-12-31": "$710", "2008-09-30": "$1,188", "2008-06-30": "$1,198", "2008-03-31": "$1,236", "2007-12-31": "$1,229", "2007-09-30": "$1,269", "2007-06-30": "$1,388", "2007-03-31": "$1,369", "2006-12-31": "$1,361", "2006-09-30": "$1,365", "2006-06-30": "$1,395", "2006-03-31": "$1,305", "2005-12-31": "$1,243", "2005-09-30": "$1,029", "2005-06-30": "$1,064", "2005-03-31": "$1,096"}}, "profit-margins": {"current": "25.12%"}, "gross margin": {"2020-12-31": "57.23%", "2020-09-30": "56.98%", "2020-06-30": "57.73%", "2020-03-31": "58.20%", "2019-12-31": "58.39%", "2019-09-30": "58.66%", "2019-06-30": "58.55%", "2019-03-31": "58.78%", "2018-12-31": "58.12%", "2018-09-30": "57.38%", "2018-06-30": "57.26%", "2018-03-31": "56.65%", "2017-12-31": "57.21%", "2017-09-30": "57.39%", "2017-06-30": "56.64%", "2017-03-31": "55.82%", "2016-12-31": "54.65%", "2016-09-30": "53.58%", "2016-06-30": "53.69%", "2016-03-31": "55.21%", "2015-12-31": "55.89%", "2015-09-30": "55.35%", "2015-06-30": "55.07%", "2015-03-31": "54.10%", "2014-12-31": "53.28%", "2014-09-30": "54.53%", "2014-06-30": "55.65%", "2014-03-31": "55.99%", "2013-12-31": "56.62%", "2013-09-30": "55.61%", "2013-06-30": "54.86%", "2013-03-31": "55.10%", "2012-12-31": "53.50%", "2012-09-30": "52.49%", "2012-06-30": "50.76%", "2012-03-31": "49.00%", "2011-12-31": "49.83%", "2011-09-30": "51.53%", "2011-06-30": "53.18%", "2011-03-31": "54.28%", "2010-12-31": "54.82%", "2010-09-30": "54.39%", "2010-06-30": "51.16%", "2010-03-31": "44.67%", "2009-12-31": "38.43%", "2009-09-30": "35.43%", "2009-06-30": "36.53%", "2009-03-31": "42.21%", "2008-12-31": "45.08%", "2008-09-30": "46.08%", "2008-06-30": "47.36%", "2008-03-31": "47.07%", "2007-12-31": "46.55%", "2007-09-30": "46.62%", "2007-06-30": "46.96%", "2007-03-31": "47.60%", "2006-12-31": "48.05%", "2006-09-30": "47.82%", "2006-06-30": "43.71%", "2006-03-31": "40.73%", "2005-12-31": "37.80%"}, "operating margin": {"2020-12-31": "29.77%", "2020-09-30": "28.74%", "2020-06-30": "27.05%", "2020-03-31": "26.67%", "2019-12-31": "24.14%", "2019-09-30": "22.87%", "2019-06-30": "22.52%", "2019-03-31": "22.25%", "2018-12-31": "22.56%", "2018-09-30": "22.18%", "2018-06-30": "22.14%", "2018-03-31": "24.47%", "2017-12-31": "24.63%", "2017-09-30": "23.91%", "2017-06-30": "21.35%", "2017-03-31": "-1.41%", "2016-12-31": "-3.59%", "2016-09-30": "-7.63%", "2016-06-30": "-5.67%", "2016-03-31": "15.28%", "2015-12-31": "14.83%", "2015-09-30": "7.73%", "2015-06-30": "8.33%", "2015-03-31": "7.67%", "2014-12-31": "5.89%", "2014-09-30": "14.29%", "2014-06-30": "14.44%", "2014-03-31": "13.01%", "2013-12-31": "13.38%", "2013-09-30": "11.44%", "2013-06-30": "12.18%", "2013-03-31": "15.85%", "2012-12-31": "17.27%", "2012-09-30": "17.65%", "2012-06-30": "16.02%", "2012-03-31": "13.60%", "2011-12-31": "16.17%", "2011-09-30": "21.08%", "2011-06-30": "25.17%", "2011-03-31": "26.86%", "2010-12-31": "26.52%", "2010-09-30": "25.27%", "2010-06-30": "18.07%", "2010-03-31": "2.87%", "2009-12-31": "-15.94%", "2009-09-30": "-70.32%", "2009-06-30": "-70.50%", "2009-03-31": "-51.02%", "2008-12-31": "-34.42%", "2008-09-30": "0.51%", "2008-06-30": "4.68%", "2008-03-31": "5.33%", "2007-12-31": "3.72%", "2007-09-30": "3.38%", "2007-06-30": "6.26%", "2007-03-31": "10.90%", "2006-12-31": "14.89%", "2006-09-30": "18.03%", "2006-06-30": "10.89%", "2006-03-31": "1.42%", "2005-12-31": "-8.04%"}, "ebitda margin": {"2020-09-30": "32.95%", "2020-06-30": "31.58%", "2020-03-31": "31.54%", "2019-12-31": "29.37%", "2019-09-30": "28.38%", "2019-06-30": "28.07%", "2019-03-31": "27.85%", "2018-12-31": "27.94%", "2018-09-30": "27.43%", "2018-06-30": "27.45%", "2018-03-31": "29.32%", "2017-12-31": "29.63%", "2017-09-30": "29.16%", "2017-06-30": "26.75%", "2017-03-31": "19.17%", "2016-12-31": "17.86%", "2016-09-30": "15.20%", "2016-06-30": "17.12%", "2016-03-31": "23.55%", "2015-12-31": "23.43%", "2015-09-30": "22.38%", "2015-06-30": "22.95%", "2015-03-31": "22.41%", "2014-12-31": "21.06%", "2014-09-30": "23.79%", "2014-06-30": "24.15%", "2014-03-31": "23.30%", "2013-12-31": "23.90%", "2013-09-30": "22.23%", "2013-06-30": "22.82%", "2013-03-31": "25.67%", "2012-12-31": "26.21%", "2012-09-30": "26.22%", "2012-06-30": "24.27%", "2012-03-31": "21.74%", "2011-12-31": "23.65%", "2011-09-30": "27.25%", "2011-06-30": "30.84%", "2011-03-31": "32.53%", "2010-12-31": "32.46%", "2010-09-30": "31.96%", "2010-06-30": "26.22%", "2010-03-31": "13.42%", "2009-12-31": "-2.70%", "2009-09-30": "-12.70%", "2009-06-30": "-15.96%", "2009-03-31": "-5.26%", "2008-12-31": "3.97%", "2008-09-30": "8.02%", "2008-06-30": "11.58%", "2008-03-31": "11.70%", "2007-12-31": "9.89%", "2007-09-30": "9.69%", "2007-06-30": "12.52%", "2007-03-31": "16.75%", "2006-12-31": "20.34%", "2006-09-30": "23.17%", "2006-06-30": "16.70%", "2006-03-31": "8.68%", "2005-12-31": "0.48%"}, "pre tax profit margin": {"2020-12-31": "28.87%", "2020-09-30": "27.41%", "2020-06-30": "25.72%", "2020-03-31": "25.11%", "2019-12-31": "22.92%", "2019-09-30": "22.59%", "2019-06-30": "22.24%", "2019-03-31": "22.11%", "2018-12-31": "22.28%", "2018-09-30": "22.09%", "2018-06-30": "22.09%", "2018-03-31": "24.38%", "2017-12-31": "24.53%", "2017-09-30": "23.81%", "2017-06-30": "21.50%", "2017-03-31": "-1.12%", "2016-12-31": "-3.14%", "2016-09-30": "-7.27%", "2016-06-30": "-5.50%", "2016-03-31": "15.45%", "2015-12-31": "15.38%", "2015-09-30": "8.27%", "2015-06-30": "9.06%", "2015-03-31": "8.33%", "2014-12-31": "5.76%", "2014-09-30": "15.84%", "2014-06-30": "15.46%", "2014-03-31": "13.69%", "2013-12-31": "14.16%", "2013-09-30": "9.86%", "2013-06-30": "10.70%", "2013-03-31": "14.55%", "2012-12-31": "16.06%", "2012-09-30": "16.48%", "2012-06-30": "14.88%", "2012-03-31": "12.42%", "2011-12-31": "14.98%", "2011-09-30": "19.90%", "2011-06-30": "23.98%", "2011-03-31": "25.69%", "2010-12-31": "25.30%", "2010-09-30": "24.05%", "2010-06-30": "16.71%", "2010-03-31": "0.82%", "2009-12-31": "-18.51%", "2009-09-30": "-73.26%", "2009-06-30": "-73.18%", "2009-03-31": "-52.31%", "2008-12-31": "-34.60%", "2008-09-30": "1.54%", "2008-06-30": "6.64%", "2008-03-31": "8.03%", "2007-12-31": "7.26%", "2007-09-30": "7.13%", "2007-06-30": "9.91%", "2007-03-31": "14.18%", "2006-12-31": "17.39%", "2006-09-30": "19.86%", "2006-06-30": "12.14%", "2006-03-31": "2.09%", "2005-12-31": "-7.85%"}, "net profit margin": {"2020-12-31": "25.12%", "2020-09-30": "23.63%", "2020-06-30": "22.52%", "2020-03-31": "21.32%", "2019-12-31": "20.35%", "2019-09-30": "22.50%", "2019-06-30": "21.91%", "2019-03-31": "22.49%", "2018-12-31": "21.51%", "2018-09-30": "9.81%", "2018-06-30": "9.27%", "2018-03-31": "11.96%", "2017-12-31": "12.03%", "2017-09-30": "21.06%", "2017-06-30": "20.06%", "2017-03-31": "-0.51%", "2016-12-31": "-2.51%", "2016-09-30": "-6.56%", "2016-06-30": "-5.95%", "2016-03-31": "12.91%", "2015-12-31": "12.57%", "2015-09-30": "6.27%", "2015-06-30": "6.94%", "2015-03-31": "6.77%", "2014-12-31": "4.92%", "2014-09-30": "12.86%", "2014-06-30": "12.33%", "2014-03-31": "10.83%", "2013-12-31": "11.56%", "2013-09-30": "9.06%", "2013-06-30": "10.28%", "2013-03-31": "12.35%", "2012-12-31": "13.10%", "2012-09-30": "21.29%", "2012-06-30": "20.87%", "2012-03-31": "21.19%", "2011-12-31": "25.89%", "2011-09-30": "21.22%", "2011-06-30": "24.92%", "2011-03-31": "26.56%", "2010-12-31": "24.54%", "2010-09-30": "22.70%", "2010-06-30": "15.67%", "2010-03-31": "0.72%", "2009-12-31": "-17.22%", "2009-09-30": "-71.66%", "2009-06-30": "-72.29%", "2009-03-31": "-52.42%", "2008-12-31": "-35.68%", "2008-09-30": "0.60%", "2008-06-30": "6.05%", "2008-03-31": "7.69%", "2007-12-31": "7.08%", "2007-09-30": "6.58%", "2007-06-30": "8.00%", "2007-03-31": "11.70%", "2006-12-31": "14.66%", "2006-09-30": "29.01%", "2006-06-30": "23.25%", "2006-03-31": "15.78%", "2005-12-31": "8.71%"}, "pe ratio": {"current": "27.36", "2021-02-05": "39.05", "2020-12-31": "37.12", "2020-09-30": "19.95", "2020-06-30": "23.96", "2020-03-31": "17.87", "2019-12-31": "25.41", "2019-09-30": "21.23", "2019-06-30": "18.35", "2019-03-31": "15.40", "2018-12-31": "13.08", "2018-09-30": "35.03", "2018-06-30": "40.24", "2018-03-31": "35.02", "2017-12-31": "32.27", "2017-09-30": "17.03", "2017-06-30": "15.17", "2017-03-31": "0.00", "2016-12-31": "0.00", "2016-09-30": "0.00", "2016-06-30": "0.00", "2016-03-31": "19.61", "2015-12-31": "20.46", "2015-09-30": "35.18", "2015-06-30": "34.72", "2015-03-31": "34.48", "2014-12-31": "50.72", "2014-09-30": "19.50", "2014-06-30": "21.74", "2014-03-31": "28.31", "2013-12-31": "23.99", "2013-09-30": "30.43", "2013-06-30": "27.06", "2013-03-31": "18.58", "2012-12-31": "16.88", "2012-09-30": "8.40", "2012-06-30": "9.11", "2012-03-31": "11.75", "2011-12-31": "7.95", "2011-09-30": "7.84", "2011-06-30": "8.04", "2011-03-31": "8.85", "2010-12-31": "7.67", "2010-09-30": "6.80", "2010-06-30": "9.96", "2010-03-31": "0.00", "2009-12-31": "0.00", "2009-09-30": "0.00", "2009-06-30": "0.00", "2009-03-31": "0.00", "2008-12-31": "0.00", "2008-09-30": "183.44", "2008-06-30": "26.67", "2008-03-31": "24.83", "2007-12-31": "23.13", "2007-09-30": "34.12", "2007-06-30": "35.14", "2007-03-31": "21.29", "2006-12-31": "14.05"}, "price sales": {"2021-02-05": "7.39", "2020-12-31": "7.03", "2020-09-30": "4.77", "2020-06-30": "5.47", "2020-03-31": "3.88", "2019-12-31": "5.29", "2019-09-30": "4.85", "2019-06-30": "4.09", "2019-03-31": "3.53", "2018-12-31": "2.88", "2018-09-30": "3.49", "2018-06-30": "3.75", "2018-03-31": "4.17", "2017-12-31": "3.86", "2017-09-30": "3.61", "2017-06-30": "3.05", "2017-03-31": "3.45", "2016-12-31": "2.87", "2016-09-30": "2.54", "2016-06-30": "2.26", "2016-03-31": "2.55", "2015-12-31": "2.60", "2015-09-30": "2.27", "2015-06-30": "2.43", "2015-03-31": "2.35", "2014-12-31": "2.53", "2014-09-30": "2.55", "2014-06-30": "2.70", "2014-03-31": "3.00", "2013-12-31": "2.73", "2013-09-30": "2.61", "2013-06-30": "2.70", "2013-03-31": "2.28", "2012-12-31": "2.20", "2012-09-30": "1.80", "2012-06-30": "1.90", "2012-03-31": "2.50", "2011-12-31": "2.04", "2011-09-30": "1.64", "2011-06-30": "2.01", "2011-03-31": "2.37", "2010-12-31": "1.93", "2010-09-30": "1.55", "2010-06-30": "1.51", "2010-03-31": "2.04", "2009-12-31": "2.28", "2009-09-30": "2.03", "2009-06-30": "1.41", "2009-03-31": "0.76", "2008-12-31": "0.62", "2008-09-30": "1.10", "2008-06-30": "1.59", "2008-03-31": "1.88", "2007-12-31": "1.66", "2007-09-30": "2.28", "2007-06-30": "2.84", "2007-03-31": "2.53", "2006-12-31": "2.12"}, "price book": {"current": "9.49", "2021-02-05": "10.50", "2020-09-30": "6.61", "2020-06-30": "8.02", "2020-03-31": "5.78", "2019-12-31": "7.63", "2019-09-30": "6.54", "2019-06-30": "5.47", "2019-03-31": "4.62", "2018-12-31": "3.57", "2018-09-30": "4.00", "2018-06-30": "4.04", "2018-03-31": "4.56", "2017-12-31": "4.10", "2017-09-30": "3.40", "2017-06-30": "2.83", "2017-03-31": "3.15", "2016-12-31": "2.69", "2016-09-30": "2.37", "2016-06-30": "2.21", "2016-03-31": "2.12", "2015-12-31": "2.06", "2015-09-30": "1.75", "2015-06-30": "1.89", "2015-03-31": "1.88", "2014-12-31": "1.96", "2014-09-30": "1.81", "2014-06-30": "1.73", "2014-03-31": "1.82", "2013-12-31": "1.60", "2013-09-30": "1.52", "2013-06-30": "1.69", "2013-03-31": "1.62", "2012-12-31": "1.68", "2012-09-30": "1.40", "2012-06-30": "1.47", "2012-03-31": "1.91", "2011-12-31": "1.56", "2011-09-30": "1.39", "2011-06-30": "1.94", "2011-03-31": "2.53", "2010-12-31": "2.14", "2010-09-30": "1.78", "2010-06-30": "1.83", "2010-03-31": "2.56", "2009-12-31": "2.65", "2009-09-30": "2.43", "2009-06-30": "1.85", "2009-03-31": "1.18", "2008-12-31": "0.95", "2008-09-30": "1.04", "2008-06-30": "1.46", "2008-03-31": "1.62", "2007-12-31": "1.37", "2007-09-30": "1.82", "2007-06-30": "2.24", "2007-03-31": "2.15", "2006-12-31": "1.95", "2006-09-30": "1.72", "2006-06-30": "1.86", "2006-03-31": "2.21"}, "price fcf": {"2021-02-05": "", "2020-09-30": "$3.50", "2020-06-30": "$2.90", "2020-03-31": "$2.55", "2019-12-31": "$2.47", "2019-09-30": "$2.30", "2019-06-30": "$2.53", "2019-03-31": "$2.41", "2018-12-31": "$1.88", "2018-09-30": "$1.63", "2018-06-30": "$1.91", "2018-03-31": "$2.42", "2017-12-31": "$2.58", "2017-09-30": "$2.12", "2017-06-30": "$1.60", "2017-03-31": "$1.34", "2016-12-31": "$1.83", "2016-09-30": "$1.84", "2016-06-30": "$1.72", "2016-03-31": "$1.56", "2015-12-31": "$1.56", "2015-09-30": "$2.11", "2015-06-30": "$1.71", "2015-03-31": "$1.77", "2014-12-31": "$1.45", "2014-09-30": "$0.87", "2014-06-30": "$1.03", "2014-03-31": "$0.70", "2013-12-31": "$0.69", "2013-09-30": "$0.65", "2013-06-30": "$1.07", "2013-03-31": "$1.05", "2012-12-31": "$1.23", "2012-09-30": "$1.35", "2012-06-30": "$0.74", "2012-03-31": "$0.77", "2011-12-31": "$0.83", "2011-09-30": "$1.36", "2011-06-30": "$2.07", "2011-03-31": "$2.11", "2010-12-31": "$2.16", "2010-09-30": "$1.76", "2010-06-30": "$1.26", "2010-03-31": "$0.92", "2009-12-31": "$0.46", "2009-09-30": "$0.34", "2009-06-30": "$0.09", "2009-03-31": "$0.26", "2008-12-31": "$0.71", "2008-09-30": "$0.89", "2008-06-30": "$0.69", "2008-03-31": "$0.57", "2007-12-31": "$0.27", "2007-09-30": "$0.34", "2007-06-30": "$1.01", "2007-03-31": "$1.57", "2006-12-31": "$2.08"}, "net worth": {"value": "$20.94B"}, "current ratio": {"2020-12-31": "3.45", "2020-09-30": "3.34", "2020-06-30": "2.87", "2020-03-31": "3.31", "2019-12-31": "3.08", "2019-09-30": "3.35", "2019-06-30": "3.46", "2019-03-31": "3.61", "2018-12-31": "3.64", "2018-09-30": "4.10", "2018-06-30": "4.19", "2018-03-31": "5.51", "2017-12-31": "5.00", "2017-09-30": "4.96", "2017-06-30": "4.74", "2017-03-31": "4.72", "2016-12-31": "4.36", "2016-09-30": "3.48", "2016-06-30": "3.10", "2016-03-31": "3.61", "2015-12-31": "3.38", "2015-09-30": "3.38", "2015-06-30": "3.27", "2015-03-31": "4.51", "2014-12-31": "4.27", "2014-09-30": "4.25", "2014-06-30": "3.75", "2014-03-31": "4.62", "2013-12-31": "3.03", "2013-09-30": "3.06", "2013-06-30": "2.76", "2013-03-31": "2.89", "2012-12-31": "4.15", "2012-09-30": "3.75", "2012-06-30": "3.09", "2012-03-31": "2.98", "2011-12-31": "2.94", "2011-09-30": "5.31", "2011-06-30": "3.81", "2011-03-31": "3.75", "2010-12-31": "3.24", "2010-09-30": "2.96", "2010-06-30": "3.28", "2010-03-31": "3.07", "2009-12-31": "2.69", "2009-09-30": "2.45", "2009-06-30": "3.06", "2009-03-31": "1.65", "2008-12-31": "1.87", "2008-09-30": "2.79", "2008-06-30": "2.79", "2008-03-31": "2.95", "2007-12-31": "4.23", "2007-09-30": "4.37", "2007-06-30": "4.13", "2007-03-31": "4.00", "2006-12-31": "3.43", "2006-09-30": "2.25", "2006-06-30": "1.87", "2006-03-31": "2.04", "2005-12-31": "2.12", "2005-09-30": "3.19", "2005-06-30": "3.58", "2005-03-31": "3.22"}, "quick ratio": {"2020-12-31": "3.13", "2020-09-30": "3.06", "2020-06-30": "2.59", "2020-03-31": "2.96", "2019-12-31": "2.71", "2019-09-30": "2.99", "2019-06-30": "3.11", "2019-03-31": "3.24", "2018-12-31": "3.32", "2018-09-30": "3.76", "2018-06-30": "3.89", "2018-03-31": "5.17", "2017-12-31": "4.76", "2017-09-30": "4.67", "2017-06-30": "4.39", "2017-03-31": "4.20", "2016-12-31": "3.99", "2016-09-30": "3.17", "2016-06-30": "2.82", "2016-03-31": "3.14", "2015-12-31": "2.97", "2015-09-30": "3.05", "2015-06-30": "2.97", "2015-03-31": "4.09", "2014-12-31": "3.91", "2014-09-30": "3.92", "2014-06-30": "3.40", "2014-03-31": "4.12", "2013-12-31": "2.74", "2013-09-30": "2.81", "2013-06-30": "2.48", "2013-03-31": "2.54", "2012-12-31": "3.68", "2012-09-30": "3.37", "2012-06-30": "2.77", "2012-03-31": "2.62", "2011-12-31": "2.52", "2011-09-30": "4.86", "2011-06-30": "3.41", "2011-03-31": "3.36", "2010-12-31": "2.91", "2010-09-30": "2.70", "2010-06-30": "3.00", "2010-03-31": "2.74", "2009-12-31": "2.37", "2009-09-30": "2.08", "2009-06-30": "2.42", "2009-03-31": "1.22", "2008-12-31": "1.41", "2008-09-30": "2.31", "2008-06-30": "2.32", "2008-03-31": "2.53", "2007-12-31": "3.87", "2007-09-30": "3.96", "2007-06-30": "3.73", "2007-03-31": "3.56", "2006-12-31": "3.07", "2006-09-30": "2.06", "2006-06-30": "1.67", "2006-03-31": "1.82", "2005-12-31": "1.85", "2005-09-30": "2.35", "2005-06-30": "2.43", "2005-03-31": "2.12"}, "debt equity ratio": {"current": "0.17", "2020-12-31": "0.66", "2020-09-30": "0.72", "2020-06-30": "0.86", "2020-03-31": "0.82", "2019-12-31": "0.88", "2019-09-30": "0.82", "2019-06-30": "0.81", "2019-03-31": "0.78", "2018-12-31": "0.78", "2018-09-30": "0.73", "2018-06-30": "0.69", "2018-03-31": "0.57", "2017-12-31": "0.59", "2017-09-30": "0.46", "2017-06-30": "0.48", "2017-03-31": "0.48", "2016-12-31": "0.51", "2016-09-30": "0.33", "2016-06-30": "0.38", "2016-03-31": "0.28", "2015-12-31": "0.30", "2015-09-30": "0.30", "2015-06-30": "0.30", "2015-03-31": "0.22", "2014-12-31": "0.22", "2014-09-30": "0.23", "2014-06-30": "0.25", "2014-03-31": "0.22", "2013-12-31": "0.33", "2013-09-30": "0.34", "2013-06-30": "0.34", "2013-03-31": "0.33", "2012-12-31": "0.37", "2012-09-30": "0.38", "2012-06-30": "0.45", "2012-03-31": "0.45", "2011-12-31": "0.45", "2011-09-30": "0.43", "2011-06-30": "0.50", "2011-03-31": "0.53", "2010-12-31": "0.61", "2010-09-30": "0.68", "2010-06-30": "0.60", "2010-03-31": "0.74", "2009-12-31": "0.86", "2009-09-30": "0.97", "2009-06-30": "0.81", "2009-03-31": "0.92", "2008-12-31": "0.75", "2008-09-30": "0.31", "2008-06-30": "0.32", "2008-03-31": "0.30", "2007-12-31": "0.27", "2007-09-30": "0.26", "2007-06-30": "0.23", "2007-03-31": "0.21", "2006-12-31": "0.26", "2006-09-30": "0.45", "2006-06-30": "0.46", "2006-03-31": "0.45", "2005-12-31": "0.50", "2005-09-30": "0.71", "2005-06-30": "0.66", "2005-03-31": "0.66"}, "return on equity": {"2020-12-31": "41.83%", "2020-09-30": "42.13%", "2020-06-30": "40.01%", "2020-03-31": "35.64%", "2019-12-31": "31.60%", "2019-09-30": "32.65%", "2019-06-30": "30.62%", "2019-03-31": "29.63%", "2018-12-31": "26.45%", "2018-09-30": "11.12%", "2018-06-30": "9.60%", "2018-03-31": "12.92%", "2017-12-31": "12.80%", "2017-09-30": "21.70%", "2017-06-30": "20.58%", "2017-03-31": "-0.49%", "2016-12-31": "-2.39%", "2016-09-30": "-5.93%", "2016-06-30": "-5.36%", "2016-03-31": "11.04%", "2015-12-31": "10.12%", "2015-09-30": "4.99%", "2015-06-30": "5.48%", "2015-03-31": "5.36%", "2014-12-31": "3.88%", "2014-09-30": "10.02%", "2014-06-30": "9.62%", "2014-03-31": "8.16%", "2013-12-31": "8.69%", "2013-09-30": "6.82%", "2013-06-30": "8.09%", "2013-03-31": "10.80%", "2012-12-31": "12.77%", "2012-09-30": "22.26%", "2012-06-30": "21.67%", "2012-03-31": "21.33%", "2011-12-31": "27.23%", "2011-09-30": "24.22%", "2011-06-30": "33.35%", "2011-03-31": "39.86%", "2010-12-31": "40.17%", "2010-09-30": "39.92%", "2010-06-30": "26.82%", "2010-03-31": "1.07%", "2009-12-31": "-21.47%", "2009-09-30": "-84.34%", "2009-06-30": "-72.87%", "2009-03-31": "-52.81%", "2008-12-31": "-36.47%", "2008-09-30": "0.58%", "2008-06-30": "5.76%", "2008-03-31": "6.87%", "2007-12-31": "5.94%", "2007-09-30": "5.35%", "2007-06-30": "6.71%", "2007-03-31": "10.64%", "2006-12-31": "14.67%", "2006-09-30": "31.05%", "2006-06-30": "25.42%", "2006-03-31": "16.29%", "2005-12-31": "8.21%"}, "return on assets": {"2020-12-31": "23.83%", "2020-09-30": "23.20%", "2020-06-30": "21.67%", "2020-03-31": "19.46%", "2019-12-31": "17.34%", "2019-09-30": "18.18%", "2019-06-30": "17.28%", "2019-03-31": "17.02%", "2018-12-31": "15.70%", "2018-09-30": "6.78%", "2018-06-30": "6.10%", "2018-03-31": "8.48%", "2017-12-31": "8.52%", "2017-09-30": "14.64%", "2017-06-30": "14.18%", "2017-03-31": "-0.35%", "2016-12-31": "-1.75%", "2016-09-30": "-4.50%", "2016-06-30": "-4.09%", "2016-03-31": "8.53%", "2015-12-31": "7.91%", "2015-09-30": "3.96%", "2015-06-30": "4.41%", "2015-03-31": "4.36%", "2014-12-31": "3.15%", "2014-09-30": "7.97%", "2014-06-30": "7.49%", "2014-03-31": "6.25%", "2013-12-31": "6.51%", "2013-09-30": "5.07%", "2013-06-30": "5.97%", "2013-03-31": "7.82%", "2012-12-31": "9.07%", "2012-09-30": "15.57%", "2012-06-30": "15.00%", "2012-03-31": "14.64%", "2011-12-31": "18.44%", "2011-09-30": "16.01%", "2011-06-30": "21.19%", "2011-03-31": "24.89%", "2010-12-31": "24.33%", "2010-09-30": "23.42%", "2010-06-30": "15.16%", "2010-03-31": "0.58%", "2009-12-31": "-11.36%", "2009-09-30": "-45.39%", "2009-06-30": "-44.75%", "2009-03-31": "-35.25%", "2008-12-31": "-26.36%", "2008-09-30": "0.44%", "2008-06-30": "4.48%", "2008-03-31": "5.44%", "2007-12-31": "4.79%", "2007-09-30": "4.31%", "2007-06-30": "5.21%", "2007-03-31": "7.90%", "2006-12-31": "10.43%", "2006-09-30": "21.22%", "2006-06-30": "16.74%", "2006-03-31": "10.38%", "2005-12-31": "5.05%"}, "return on investments": {"2020-12-31": "40.93%", "2020-09-30": "41.43%", "2020-06-30": "38.34%", "2020-03-31": "35.32%", "2019-12-31": "29.67%", "2019-09-30": "35.32%", "2019-06-30": "33.51%", "2019-03-31": "31.21%", "2018-12-31": "29.48%", "2018-09-30": "20.89%", "2018-06-30": "19.26%", "2018-03-31": "22.38%", "2017-12-31": "22.20%", "2017-09-30": "20.86%", "2017-06-30": "24.18%", "2017-03-31": "-2.24%", "2016-12-31": "-11.55%", "2016-09-30": "inf%", "2016-06-30": "inf%", "2016-03-31": "inf%", "2015-12-31": "inf%", "2015-09-30": "inf%", "2015-06-30": "inf%", "2015-03-31": "inf%", "2014-12-31": "inf%", "2014-09-30": "inf%", "2014-06-30": "inf%", "2014-03-31": "inf%", "2013-12-31": "inf%", "2013-09-30": "32.63%", "2013-06-30": "17.73%", "2013-03-31": "16.97%", "2012-12-31": "15.33%", "2012-09-30": "16.77%", "2012-06-30": "15.05%", "2012-03-31": "12.33%", "2011-12-31": "15.25%", "2011-09-30": "21.46%", "2011-06-30": "29.88%", "2011-03-31": "35.45%", "2010-12-31": "37.65%", "2010-09-30": "37.94%", "2010-06-30": "25.90%", "2010-03-31": "3.52%", "2009-12-31": "-16.97%", "2009-09-30": "-99.43%", "2009-06-30": "-163.07%", "2009-03-31": "-312.50%", "2008-12-31": "inf%", "2008-09-30": "inf%", "2008-06-30": "inf%", "2008-03-31": "inf%", "2007-12-31": "inf%", "2007-09-30": "inf%", "2007-06-30": "inf%", "2007-03-31": "inf%", "2006-12-31": "inf%", "2006-09-30": "inf%", "2006-06-30": "42.26%", "2006-03-31": "2.40%", "2005-12-31": "-7.81%"}, "return on tangible equity": {"2020-09-30": "61.55%", "2020-06-30": "59.70%", "2020-03-31": "53.87%", "2019-12-31": "47.77%", "2019-09-30": "48.76%", "2019-06-30": "45.78%", "2019-03-31": "43.85%", "2018-12-31": "36.91%", "2018-09-30": "14.67%", "2018-06-30": "12.04%", "2018-03-31": "15.56%", "2017-12-31": "15.32%", "2017-09-30": "26.04%", "2017-06-30": "24.98%", "2017-03-31": "-0.61%", "2016-12-31": "-3.14%", "2016-09-30": "-8.33%", "2016-06-30": "-8.02%", "2016-03-31": "17.48%", "2015-12-31": "15.17%", "2015-09-30": "7.09%", "2015-06-30": "7.48%", "2015-03-31": "7.09%", "2014-12-31": "5.26%", "2014-09-30": "13.99%", "2014-06-30": "13.72%", "2014-03-31": "11.92%", "2013-12-31": "12.99%", "2013-09-30": "10.45%", "2013-06-30": "12.75%", "2013-03-31": "17.57%", "2012-12-31": "21.67%", "2012-09-30": "39.73%", "2012-06-30": "34.61%", "2012-03-31": "30.14%", "2011-12-31": "33.91%", "2011-09-30": "26.58%", "2011-06-30": "37.06%", "2011-03-31": "45.14%", "2010-12-31": "46.72%", "2010-09-30": "47.98%", "2010-06-30": "33.69%", "2010-03-31": "1.40%", "2009-12-31": "-29.21%", "2009-09-30": "-116.14%", "2009-06-30": "-101.25%", "2009-03-31": "-73.44%", "2008-12-31": "-50.95%", "2008-09-30": "0.75%", "2008-06-30": "7.02%", "2008-03-31": "7.88%", "2007-12-31": "6.41%", "2007-09-30": "5.80%", "2007-06-30": "7.22%", "2007-03-31": "11.36%", "2006-12-31": "15.57%", "2006-09-30": "32.99%", "2006-06-30": "27.41%", "2006-03-31": "17.85%", "2005-12-31": "9.15%"}, "dividend yield history": {"last payout": "$0.40", "last yield": "0.32%"}}