{"ticker": "TEX", "price": {"title": "Terex Historical Annual Stock Price Data", "value": 38.17, "historical": {"2021": {"Average Stock Price": "37.2692", "Year Open": "34.4200", "Year High": "38.9700", "Year Low": "34.4200", "Year Close": "38.1700", "Annual % Change": "9.40%"}, "2020": {"Average Stock Price": "21.9240", "Year Open": "30.1700", "Year High": "36.7400", "Year Low": "12.4700", "Year Close": "34.8900", "Annual % Change": "17.16%"}, "2019": {"Average Stock Price": "29.4695", "Year Open": "27.4400", "Year High": "35.9300", "Year Low": "23.2800", "Year Close": "29.7800", "Annual % Change": "8.02%"}, "2018": {"Average Stock Price": "38.8955", "Year Open": "48.5900", "Year High": "49.7900", "Year Low": "25.6100", "Year Close": "27.5700", "Annual % Change": "-42.82%"}, "2017": {"Average Stock Price": "37.7382", "Year Open": "31.9400", "Year High": "48.5900", "Year Low": "29.5700", "Year Close": "48.2200", "Annual % Change": "52.93%"}, "2016": {"Average Stock Price": "23.7338", "Year Open": "18.5700", "Year High": "33.0500", "Year Low": "14.4600", "Year Close": "31.5300", "Annual % Change": "70.62%"}, "2015": {"Average Stock Price": "23.2707", "Year Open": "28.4500", "Year High": "28.8500", "Year Low": "16.8300", "Year Close": "18.4800", "Annual % Change": "-33.72%"}, "2014": {"Average Stock Price": "36.8806", "Year Open": "41.1100", "Year High": "44.7400", "Year Low": "25.6600", "Year Close": "27.8800", "Annual % Change": "-33.60%"}, "2013": {"Average Stock Price": "32.4724", "Year Open": "29.6500", "Year High": "41.9900", "Year Low": "26.0100", "Year Close": "41.9900", "Annual % Change": "49.38%"}, "2012": {"Average Stock Price": "21.5241", "Year Open": "14.4300", "Year High": "28.1100", "Year Low": "14.1100", "Year Close": "28.1100", "Annual % Change": "108.07%"}, "2011": {"Average Stock Price": "24.2403", "Year Open": "31.4500", "Year High": "38.3000", "Year Low": "9.6100", "Year Close": "13.5100", "Annual % Change": "-56.48%"}, "2010": {"Average Stock Price": "22.5886", "Year Open": "20.9700", "Year High": "31.0400", "Year Low": "17.3000", "Year Close": "31.0400", "Annual % Change": "56.69%"}, "2009": {"Average Stock Price": "15.4707", "Year Open": "18.7400", "Year High": "24.1100", "Year Low": "7.5700", "Year Close": "19.8100", "Annual % Change": "14.38%"}, "2008": {"Average Stock Price": "46.8996", "Year Open": "62.6600", "Year High": "74.8000", "Year Low": "9.3300", "Year Close": "17.3200", "Annual % Change": "-73.59%"}, "2007": {"Average Stock Price": "74.4299", "Year Open": "59.0600", "Year High": "94.1300", "Year Low": "56.5700", "Year Close": "65.5700", "Annual % Change": "1.53%"}, "2006": {"Average Stock Price": "44.9209", "Year Open": "30.4200", "Year High": "66.2900", "Year Low": "30.4200", "Year Close": "64.5800", "Annual % Change": "117.44%"}, "2005": {"Average Stock Price": "23.4703", "Year Open": "22.8900", "Year High": "31.1650", "Year Low": "18.1550", "Year Close": "29.7000", "Annual % Change": "24.66%"}, "2004": {"Average Stock Price": "18.3843", "Year Open": "14.4650", "Year High": "23.8250", "Year Low": "14.0650", "Year Close": "23.8250", "Annual % Change": "67.31%"}, "2003": {"Average Stock Price": "9.2416", "Year Open": "5.6400", "Year High": "14.7350", "Year Low": "4.8500", "Year Close": "14.2400", "Annual % Change": "155.66%"}, "2002": {"Average Stock Price": "9.3766", "Year Open": "8.7600", "Year High": "13.3550", "Year Low": "5.2450", "Year Close": "5.5700", "Annual % Change": "-36.49%"}, "2001": {"Average Stock Price": "9.6340", "Year Open": "7.8100", "Year High": "12.1250", "Year Low": "7.7800", "Year Close": "8.7700", "Annual % Change": "8.34%"}, "2000": {"Average Stock Price": "8.0259", "Year Open": "13.2500", "Year High": "14.3100", "Year Low": "5.8100", "Year Close": "8.0950", "Annual % Change": "-41.66%"}, "1999": {"Average Stock Price": "13.9754", "Year Open": "13.7500", "Year High": "17.6900", "Year Low": "11.1250", "Year Close": "13.8750", "Annual % Change": "-2.84%"}, "1998": {"Average Stock Price": "12.1459", "Year Open": "11.5600", "Year High": "15.6550", "Year Low": "7.0000", "Year Close": "14.2800", "Annual % Change": "21.53%"}, "1997": {"Average Stock Price": "8.7217", "Year Open": "5.0000", "Year High": "12.7500", "Year Low": "4.8100", "Year Close": "11.7500", "Annual % Change": "132.21%"}, "1996": {"Average Stock Price": "3.6359", "Year Open": "2.2500", "Year High": "5.0600", "Year Low": "2.0600", "Year Close": "5.0600", "Annual % Change": "113.05%"}, "1995": {"Average Stock Price": "2.7182", "Year Open": "3.3750", "Year High": "3.5000", "Year Low": "1.7500", "Year Close": "2.3750", "Annual % Change": "-32.14%"}, "1994": {"Average Stock Price": "3.4824", "Year Open": "3.4400", "Year High": "4.8750", "Year Low": "2.2500", "Year Close": "3.5000", "Annual % Change": "1.74%"}, "1993": {"Average Stock Price": "4.1177", "Year Open": "5.0000", "Year High": "5.7500", "Year Low": "3.1900", "Year Close": "3.4400", "Annual % Change": "-32.02%"}, "1992": {"Average Stock Price": "6.0914", "Year Open": "6.6250", "Year High": "9.2500", "Year Low": "3.6250", "Year Close": "5.0600", "Annual % Change": "-22.15%"}, "1991": {"Average Stock Price": "6.0636", "Year Open": "4.7500", "Year High": "8.7500", "Year Low": "3.8750", "Year Close": "6.5000", "Annual % Change": "40.54%"}}}, "market cap": {"value": "$2.65B"}, "income statement": {"Revenue": {"2019-12-31": "4353.10000", "2018-12-31": "4517.20000", "2017-12-31": "3793.70000", "2016-12-31": "4443.10000", "2015-12-31": "5021.70000", "2014-12-31": "5484.00000", "2013-12-31": "7084.00000", "2012-12-31": "6982.20000", "2011-12-31": "6158.00000", "2010-12-31": "4418.20000", "2009-12-31": "3858.40000", "2008-12-31": "7958.90000", "2007-12-31": "7976.10000", "2006-12-31": "7647.60000", "2005-12-31": "6156.50000"}, "Cost Of Goods Sold": {"2019-12-31": "3465.30000", "2018-12-31": "3555.30000", "2017-12-31": "3026.40000", "2016-12-31": "3730.70000", "2015-12-31": "4050.50000", "2014-12-31": "4432.50000", "2013-12-31": "5644.50000", "2012-12-31": "5582.10000", "2011-12-31": "5234.50000", "2010-12-31": "3815.30000", "2009-12-31": "3561.40000", "2008-12-31": "6427.80000", "2007-12-31": "6329.70000", "2006-12-31": "6204.50000", "2005-12-31": "5209.20000"}, "Gross Profit": {"2019-12-31": "887.80000", "2018-12-31": "961.90010", "2017-12-31": "767.30000", "2016-12-31": "712.40010", "2015-12-31": "971.20020", "2014-12-31": "1051.50000", "2013-12-31": "1439.50000", "2012-12-31": "1400.10000", "2011-12-31": "923.50000", "2010-12-31": "602.90010", "2009-12-31": "297.00000", "2008-12-31": "1531.10000", "2007-12-31": "1646.40000", "2006-12-31": "1443.10000", "2005-12-31": "947.29980"}, "Research And Development Expenses": {"2019-12-31": "", "2018-12-31": "", "2017-12-31": "", "2016-12-31": "", "2015-12-31": "", "2014-12-31": "", "2013-12-31": "", "2012-12-31": "", "2011-12-31": "", "2010-12-31": "", "2009-12-31": "", "2008-12-31": "", "2007-12-31": "", "2006-12-31": "", "2005-12-31": ""}, "SG&A Expenses": {"2019-12-31": "552.80000", "2018-12-31": "549.40000", "2017-12-31": "539.10000", "2016-12-31": "678.20000", "2015-12-31": "647.50000", "2014-12-31": "651.50000", "2013-12-31": "1020.40000", "2012-12-31": "1033.30000", "2011-12-31": "863.60000", "2010-12-31": "676.70000", "2009-12-31": "698.70000", "2008-12-31": "900.40000", "2007-12-31": "814.20000", "2006-12-31": "733.60000", "2005-12-31": "573.60000"}, "Other Operating Income Or Expenses": {"2019-12-31": "", "2018-12-31": "", "2017-12-31": "", "2016-12-31": "", "2015-12-31": "", "2014-12-31": "", "2013-12-31": "", "2012-12-31": "", "2011-12-31": "", "2010-12-31": "", "2009-12-31": "", "2008-12-31": "", "2007-12-31": "", "2006-12-31": "", "2005-12-31": ""}, "Operating Expenses": {"2019-12-31": "4018.10000", "2018-12-31": "4104.70000", "2017-12-31": "3565.50000", "2016-12-31": "4584.90000", "2015-12-31": "4698.00000", "2014-12-31": "5084.00000", "2013-12-31": "6664.90000", "2012-12-31": "6615.40000", "2011-12-31": "6098.10000", "2010-12-31": "4492.00000", "2009-12-31": "4260.10000", "2008-12-31": "7788.10000", "2007-12-31": "7143.90000", "2006-12-31": "6938.10000", "2005-12-31": "5786.10000"}, "Operating Income": {"2019-12-31": "335.00000", "2018-12-31": "412.50000", "2017-12-31": "228.20000", "2016-12-31": "-141.79980", "2015-12-31": "323.70020", "2014-12-31": "400.00000", "2013-12-31": "419.10010", "2012-12-31": "366.79980", "2011-12-31": "59.89990", "2010-12-31": "-73.79980", "2009-12-31": "-401.70020", "2008-12-31": "170.80030", "2007-12-31": "832.19970", "2006-12-31": "709.50000", "2005-12-31": "370.39990"}, "Total Non-Operating Income/Expense": {"2019-12-31": "-87.50000", "2018-12-31": "-125.40000", "2017-12-31": "-64.80000", "2016-12-31": "-128.90000", "2015-12-31": "-128.00000", "2014-12-31": "-121.40000", "2013-12-31": "-127.80000", "2012-12-31": "-240.50000", "2011-12-31": "5.70000", "2010-12-31": "-164.50000", "2009-12-31": "-122.10000", "2008-12-31": "-86.80000", "2007-12-31": "-37.80000", "2006-12-31": "-94.80000", "2005-12-31": "-81.50000"}, "Pre-Tax Income": {"2019-12-31": "247.50000", "2018-12-31": "287.10000", "2017-12-31": "163.40000", "2016-12-31": "-270.70000", "2015-12-31": "195.70000", "2014-12-31": "278.60000", "2013-12-31": "291.30000", "2012-12-31": "126.30000", "2011-12-31": "65.60000", "2010-12-31": "-238.30000", "2009-12-31": "-523.80000", "2008-12-31": "84.00000", "2007-12-31": "794.40000", "2006-12-31": "614.70000", "2005-12-31": "288.90000"}, "Income Taxes": {"2019-12-31": "37.80000", "2018-12-31": "45.40000", "2017-12-31": "52.40000", "2016-12-31": "-77.40000", "2015-12-31": "67.50000", "2014-12-31": "26.60000", "2013-12-31": "87.40000", "2012-12-31": "51.50000", "2011-12-31": "45.40000", "2010-12-31": "-26.80000", "2009-12-31": "-117.40000", "2008-12-31": "158.70000", "2007-12-31": "260.10000", "2006-12-31": "218.20000", "2005-12-31": "101.30000"}, "Income After Taxes": {"2019-12-31": "209.70000", "2018-12-31": "241.70000", "2017-12-31": "111.00000", "2016-12-31": "-193.30000", "2015-12-31": "128.20000", "2014-12-31": "252.00000", "2013-12-31": "203.90000", "2012-12-31": "74.80000", "2011-12-31": "20.20000", "2010-12-31": "-211.50000", "2009-12-31": "-406.40000", "2008-12-31": "-74.70000", "2007-12-31": "534.30000", "2006-12-31": "396.50000", "2005-12-31": "187.60000"}, "Other Income": {"2019-12-31": "", "2018-12-31": "", "2017-12-31": "", "2016-12-31": "", "2015-12-31": "", "2014-12-31": "", "2013-12-31": "", "2012-12-31": "", "2011-12-31": "", "2010-12-31": "", "2009-12-31": "", "2008-12-31": "", "2007-12-31": "", "2006-12-31": "", "2005-12-31": ""}, "Income From Continuous Operations": {"2019-12-31": "209.70000", "2018-12-31": "241.70000", "2017-12-31": "111.00000", "2016-12-31": "-193.30000", "2015-12-31": "128.20000", "2014-12-31": "252.00000", "2013-12-31": "203.90000", "2012-12-31": "74.80000", "2011-12-31": "20.20000", "2010-12-31": "-211.50000", "2009-12-31": "-406.40000", "2008-12-31": "-74.70000", "2007-12-31": "534.30000", "2006-12-31": "396.50000", "2005-12-31": "187.60000"}, "Income From Discontinued Operations": {"2019-12-31": "-155.30000", "2018-12-31": "-128.00000", "2017-12-31": "17.70000", "2016-12-31": "17.80000", "2015-12-31": "20.80000", "2014-12-31": "67.50000", "2013-12-31": "17.00000", "2012-12-31": "28.80000", "2011-12-31": "20.50000", "2010-12-31": "574.00000", "2009-12-31": "9.10000", "2008-12-31": "150.40000", "2007-12-31": "84.90000", "2006-12-31": "3.40000", "2005-12-31": "0.90000"}, "Net Income": {"2019-12-31": "54.40000", "2018-12-31": "113.70000", "2017-12-31": "128.70000", "2016-12-31": "-176.10000", "2015-12-31": "145.90000", "2014-12-31": "319.00000", "2013-12-31": "226.00000", "2012-12-31": "105.80000", "2011-12-31": "45.20000", "2010-12-31": "358.50000", "2009-12-31": "-398.40000", "2008-12-31": "71.90000", "2007-12-31": "613.90000", "2006-12-31": "399.90000", "2005-12-31": "188.50000"}, "EBITDA": {"2019-12-31": "384.60000", "2018-12-31": "472.20000", "2017-12-31": "294.70000", "2016-12-31": "-45.09980", "2015-12-31": "456.10020", "2014-12-31": "565.50000", "2013-12-31": "571.40010", "2012-12-31": "519.79980", "2011-12-31": "186.49990", "2010-12-31": "31.00020", "2009-12-31": "-308.30020", "2008-12-31": "251.10030", "2007-12-31": "900.19970", "2006-12-31": "782.50000", "2005-12-31": "445.99990"}, "EBIT": {"2019-12-31": "335.00000", "2018-12-31": "412.50000", "2017-12-31": "228.20000", "2016-12-31": "-141.79980", "2015-12-31": "323.70020", "2014-12-31": "400.00000", "2013-12-31": "419.10010", "2012-12-31": "366.79980", "2011-12-31": "59.89990", "2010-12-31": "-73.79980", "2009-12-31": "-401.70020", "2008-12-31": "170.80030", "2007-12-31": "832.19970", "2006-12-31": "709.50000", "2005-12-31": "370.39990"}, "Basic Shares Outstanding": {"2019-12-31": "71.10000", "2018-12-31": "75.40000", "2017-12-31": "92.80000", "2016-12-31": "107.90000", "2015-12-31": "107.40000", "2014-12-31": "109.70000", "2013-12-31": "111.10000", "2012-12-31": "110.30000", "2011-12-31": "109.50000", "2010-12-31": "108.70000", "2009-12-31": "102.60000", "2008-12-31": "98.10000", "2007-12-31": "102.40000", "2006-12-31": "100.70000", "2005-12-31": "99.40000"}, "Shares Outstanding": {"2019-12-31": "71.80000", "2018-12-31": "76.90000", "2017-12-31": "94.90000", "2016-12-31": "107.90000", "2015-12-31": "109.60000", "2014-12-31": "114.20000", "2013-12-31": "117.00000", "2012-12-31": "113.90000", "2011-12-31": "110.70000", "2010-12-31": "108.70000", "2009-12-31": "102.60000", "2008-12-31": "98.10000", "2007-12-31": "104.90000", "2006-12-31": "103.00000", "2005-12-31": "102.20000"}, "Basic EPS": {"2019-12-31": "0.77000", "2018-12-31": "1.51000", "2017-12-31": "1.39000", "2016-12-31": "-1.63000", "2015-12-31": "1.36000", "2014-12-31": "2.91000", "2013-12-31": "2.03000", "2012-12-31": "0.96000", "2011-12-31": "0.41000", "2010-12-31": "3.30000", "2009-12-31": "-3.88000", "2008-12-31": "0.73000", "2007-12-31": "6.00000", "2006-12-31": "3.97000", "2005-12-31": "1.90000"}, "EPS - Earnings Per Share": {"2019-12-31": "0.76000", "2018-12-31": "1.48000", "2017-12-31": "1.36000", "2016-12-31": "-1.63000", "2015-12-31": "1.33000", "2014-12-31": "2.79000", "2013-12-31": "1.93000", "2012-12-31": "0.93000", "2011-12-31": "0.41000", "2010-12-31": "3.30000", "2009-12-31": "-3.88000", "2008-12-31": "0.73000", "2007-12-31": "5.85000", "2006-12-31": "3.88000", "2005-12-31": "1.84000"}}, "income statement, quarterly": {"Revenue": {"2020-09-30": "765.60000", "2020-06-30": "690.50000", "2020-03-31": "833.60000", "2019-12-31": "885.00000", "2019-09-30": "1024.60000", "2019-06-30": "1306.90000", "2019-03-31": "1136.60000", "2018-12-31": "1048.80000", "2018-09-30": "1098.80000", "2018-06-30": "1253.00000", "2018-03-31": "1116.60000", "2017-12-31": "493.90000", "2017-09-30": "1111.20000", "2017-06-30": "1181.70000", "2017-03-31": "1006.90000", "2016-12-31": "974.70020", "2016-09-30": "1056.40000", "2016-06-30": "1297.70000", "2016-03-31": "1114.30000", "2015-12-31": "1577.70000", "2015-09-30": "1255.40000", "2015-06-30": "1442.90000", "2015-03-31": "1495.60000", "2014-12-31": "1789.40000", "2014-09-30": "1809.80000", "2014-06-30": "2055.10000", "2014-03-31": "1654.60000", "2013-12-31": "1811.80000", "2013-09-30": "1757.00000", "2013-06-30": "1861.50000", "2013-03-31": "1653.70000", "2012-12-31": "1329.30000", "2012-09-30": "1822.00000", "2012-06-30": "2011.50000", "2012-03-31": "1819.40000", "2011-12-31": "1610.00000", "2011-09-30": "1803.60000", "2011-06-30": "1488.20000", "2011-03-31": "1256.20000", "2010-12-31": "1326.60000", "2010-09-30": "1075.80000", "2010-06-30": "1079.90000", "2010-03-31": "935.90000", "2009-12-31": "1011.40000", "2009-09-30": "933.90000", "2009-06-30": "947.30000", "2009-03-31": "965.80000", "2008-12-31": "145.70000", "2008-09-30": "2514.60000", "2008-06-30": "2935.90000", "2008-03-31": "2362.70000", "2007-12-31": "1424.70000", "2007-09-30": "2196.50000", "2007-06-30": "2342.20000", "2007-03-31": "2012.70000", "2006-12-31": "2029.60000", "2006-09-30": "1903.70000", "2006-06-30": "2020.40000", "2006-03-31": "1693.90000", "2005-12-31": "1451.50000", "2005-09-30": "1494.80000", "2005-06-30": "1759.10000", "2005-03-31": "1451.10000"}, "Cost Of Goods Sold": {"2020-09-30": "619.30000", "2020-06-30": "583.40000", "2020-03-31": "696.90000", "2019-12-31": "716.40010", "2019-09-30": "815.00000", "2019-06-30": "1035.10000", "2019-03-31": "898.80000", "2018-12-31": "834.20010", "2018-09-30": "858.70000", "2018-06-30": "974.40000", "2018-03-31": "888.00000", "2017-12-31": "338.60000", "2017-09-30": "892.20000", "2017-06-30": "941.00000", "2017-03-31": "854.60000", "2016-12-31": "870.00000", "2016-09-30": "872.50000", "2016-06-30": "1055.60000", "2016-03-31": "932.60000", "2015-12-31": "1266.60000", "2015-09-30": "1003.00000", "2015-06-30": "1140.70000", "2015-03-31": "1219.00000", "2014-12-31": "1450.40000", "2014-09-30": "1452.50000", "2014-06-30": "1631.30000", "2014-03-31": "1321.20000", "2013-12-31": "1426.10000", "2013-09-30": "1375.60000", "2013-06-30": "1510.30000", "2013-03-31": "1332.50000", "2012-12-31": "1067.20000", "2012-09-30": "1443.40000", "2012-06-30": "1582.90000", "2012-03-31": "1488.60000", "2011-12-31": "1344.20000", "2011-09-30": "1528.00000", "2011-06-30": "1273.30000", "2011-03-31": "1089.00000", "2010-12-31": "1141.00000", "2010-09-30": "911.90000", "2010-06-30": "925.00000", "2010-03-31": "837.40000", "2009-12-31": "916.80000", "2009-09-30": "864.40000", "2009-06-30": "881.50000", "2009-03-31": "898.70000", "2008-12-31": "226.00000", "2008-09-30": "2068.40000", "2008-06-30": "2284.70000", "2008-03-31": "1848.70000", "2007-12-31": "1161.70000", "2007-09-30": "1732.20000", "2007-06-30": "1835.10000", "2007-03-31": "1600.70000", "2006-12-31": "1654.10000", "2006-09-30": "1536.30000", "2006-06-30": "1627.70000", "2006-03-31": "1386.40000", "2005-12-31": "1232.60000", "2005-09-30": "1254.80000", "2005-06-30": "1476.90000", "2005-03-31": "1244.90000"}, "Gross Profit": {"2020-09-30": "146.30000", "2020-06-30": "107.10000", "2020-03-31": "136.70000", "2019-12-31": "168.59990", "2019-09-30": "209.60000", "2019-06-30": "271.80000", "2019-03-31": "237.80000", "2018-12-31": "214.60010", "2018-09-30": "240.10000", "2018-06-30": "278.60000", "2018-03-31": "228.60000", "2017-12-31": "155.30000", "2017-09-30": "218.99990", "2017-06-30": "240.70000", "2017-03-31": "152.30000", "2016-12-31": "104.70020", "2016-09-30": "183.90000", "2016-06-30": "242.10000", "2016-03-31": "181.70010", "2015-12-31": "311.10000", "2015-09-30": "252.40000", "2015-06-30": "302.20010", "2015-03-31": "276.60000", "2014-12-31": "339.00000", "2014-09-30": "357.30000", "2014-06-30": "423.80000", "2014-03-31": "333.40000", "2013-12-31": "385.70020", "2013-09-30": "381.40000", "2013-06-30": "351.20000", "2013-03-31": "321.20000", "2012-12-31": "262.09990", "2012-09-30": "378.60000", "2012-06-30": "428.60000", "2012-03-31": "330.80000", "2011-12-31": "265.80000", "2011-09-30": "275.60000", "2011-06-30": "214.89990", "2011-03-31": "167.20000", "2010-12-31": "185.60010", "2010-09-30": "163.90000", "2010-06-30": "154.90000", "2010-03-31": "98.50000", "2009-12-31": "94.60000", "2009-09-30": "69.50000", "2009-06-30": "65.80000", "2009-03-31": "67.10000", "2008-12-31": "-80.30010", "2008-09-30": "446.20020", "2008-06-30": "651.20000", "2008-03-31": "514.00000", "2007-12-31": "263.00020", "2007-09-30": "464.30000", "2007-06-30": "507.10000", "2007-03-31": "412.00000", "2006-12-31": "375.50020", "2006-09-30": "367.39990", "2006-06-30": "392.70010", "2006-03-31": "307.50000", "2005-12-31": "218.90010", "2005-09-30": "240.00000", "2005-06-30": "282.20000", "2005-03-31": "206.20000"}, "Research And Development Expenses": {"2020-09-30": "", "2020-06-30": "", "2020-03-31": "", "2019-12-31": "", "2019-09-30": "", "2019-06-30": "", "2019-03-31": "", "2018-12-31": "", "2018-09-30": "", "2018-06-30": "", "2018-03-31": "", "2017-12-31": "", "2017-09-30": "", "2017-06-30": "", "2017-03-31": "", "2016-12-31": "", "2016-09-30": "", "2016-06-30": "", "2016-03-31": "", "2015-12-31": "", "2015-09-30": "", "2015-06-30": "", "2015-03-31": "", "2014-12-31": "", "2014-09-30": "", "2014-06-30": "", "2014-03-31": "", "2013-12-31": "", "2013-09-30": "", "2013-06-30": "", "2013-03-31": "", "2012-12-31": "", "2012-09-30": "", "2012-06-30": "", "2012-03-31": "", "2011-12-31": "", "2011-09-30": "", "2011-06-30": "", "2011-03-31": "", "2010-12-31": "", "2010-09-30": "", "2010-06-30": "", "2010-03-31": "", "2009-12-31": "", "2009-09-30": "", "2009-06-30": "", "2009-03-31": "", "2008-12-31": "", "2008-09-30": "", "2008-06-30": "", "2008-03-31": "", "2007-12-31": "", "2007-09-30": "", "2007-06-30": "", "2007-03-31": "", "2006-12-31": "", "2006-09-30": "", "2006-06-30": "", "2006-03-31": "", "2005-12-31": "", "2005-09-30": "", "2005-06-30": "", "2005-03-31": ""}, "SG&A Expenses": {"2020-09-30": "109.80000", "2020-06-30": "99.70000", "2020-03-31": "143.80000", "2019-12-31": "145.70000", "2019-09-30": "123.20000", "2019-06-30": "145.80000", "2019-03-31": "138.10000", "2018-12-31": "133.00000", "2018-09-30": "135.90000", "2018-06-30": "146.20000", "2018-03-31": "134.30000", "2017-12-31": "66.00000", "2017-09-30": "153.10000", "2017-06-30": "163.00000", "2017-03-31": "157.00000", "2016-12-31": "194.80000", "2016-09-30": "144.30000", "2016-06-30": "168.70000", "2016-03-31": "170.40000", "2015-12-31": "225.60000", "2015-09-30": "160.30000", "2015-06-30": "166.10000", "2015-03-31": "232.40000", "2014-12-31": "268.60000", "2014-09-30": "240.50000", "2014-06-30": "262.90000", "2014-03-31": "258.40000", "2013-12-31": "254.30000", "2013-09-30": "242.80000", "2013-06-30": "267.70000", "2013-03-31": "255.60000", "2012-12-31": "266.00000", "2012-09-30": "246.70000", "2012-06-30": "253.60000", "2012-03-31": "267.00000", "2011-12-31": "256.00000", "2011-09-30": "223.00000", "2011-06-30": "208.10000", "2011-03-31": "176.50000", "2010-12-31": "186.10000", "2010-09-30": "160.30000", "2010-06-30": "165.30000", "2010-03-31": "165.00000", "2009-12-31": "169.90000", "2009-09-30": "169.80000", "2009-06-30": "180.90000", "2009-03-31": "178.10000", "2008-12-31": "83.40000", "2008-09-30": "279.00000", "2008-06-30": "280.30000", "2008-03-31": "257.70000", "2007-12-31": "152.30000", "2007-09-30": "228.00000", "2007-06-30": "222.60000", "2007-03-31": "211.30000", "2006-12-31": "206.20000", "2006-09-30": "176.30000", "2006-06-30": "185.50000", "2006-03-31": "165.60000", "2005-12-31": "156.20000", "2005-09-30": "137.40000", "2005-06-30": "145.30000", "2005-03-31": "134.70000"}, "Other Operating Income Or Expenses": {"2020-09-30": "", "2020-06-30": "", "2020-03-31": "", "2019-12-31": "", "2019-09-30": "", "2019-06-30": "", "2019-03-31": "", "2018-12-31": "", "2018-09-30": "", "2018-06-30": "", "2018-03-31": "", "2017-12-31": "", "2017-09-30": "", "2017-06-30": "", "2017-03-31": "", "2016-12-31": "", "2016-09-30": "", "2016-06-30": "", "2016-03-31": "", "2015-12-31": "", "2015-09-30": "", "2015-06-30": "", "2015-03-31": "", "2014-12-31": "", "2014-09-30": "", "2014-06-30": "", "2014-03-31": "", "2013-12-31": "", "2013-09-30": "", "2013-06-30": "", "2013-03-31": "", "2012-12-31": "", "2012-09-30": "", "2012-06-30": "", "2012-03-31": "", "2011-12-31": "", "2011-09-30": "", "2011-06-30": "", "2011-03-31": "", "2010-12-31": "", "2010-09-30": "", "2010-06-30": "", "2010-03-31": "", "2009-12-31": "", "2009-09-30": "", "2009-06-30": "", "2009-03-31": "", "2008-12-31": "", "2008-09-30": "", "2008-06-30": "", "2008-03-31": "", "2007-12-31": "", "2007-09-30": "", "2007-06-30": "", "2007-03-31": "", "2006-12-31": "", "2006-09-30": "", "2006-06-30": "", "2006-03-31": "", "2005-12-31": "", "2005-09-30": "", "2005-06-30": "", "2005-03-31": ""}, "Operating Expenses": {"2020-09-30": "729.10000", "2020-06-30": "683.10000", "2020-03-31": "840.70000", "2019-12-31": "862.10010", "2019-09-30": "938.20000", "2019-06-30": "1180.90000", "2019-03-31": "1036.90000", "2018-12-31": "967.20010", "2018-09-30": "994.60000", "2018-06-30": "1120.60000", "2018-03-31": "1022.30000", "2017-12-31": "404.60000", "2017-09-30": "1045.30000", "2017-06-30": "1104.00000", "2017-03-31": "1011.60000", "2016-12-31": "1240.80000", "2016-09-30": "1016.80000", "2016-06-30": "1224.30000", "2016-03-31": "1103.00000", "2015-12-31": "1526.90000", "2015-09-30": "1163.30000", "2015-06-30": "1306.80000", "2015-03-31": "1451.40000", "2014-12-31": "1719.00000", "2014-09-30": "1693.00000", "2014-06-30": "1894.20000", "2014-03-31": "1579.60000", "2013-12-31": "1680.40000", "2013-09-30": "1618.40000", "2013-06-30": "1778.00000", "2013-03-31": "1588.10000", "2012-12-31": "1333.20000", "2012-09-30": "1690.10000", "2012-06-30": "1836.50000", "2012-03-31": "1755.60000", "2011-12-31": "1600.20000", "2011-09-30": "1751.00000", "2011-06-30": "1481.40000", "2011-03-31": "1265.50000", "2010-12-31": "1327.10000", "2010-09-30": "1072.20000", "2010-06-30": "1090.30000", "2010-03-31": "1002.40000", "2009-12-31": "1086.70000", "2009-09-30": "1034.20000", "2009-06-30": "1062.40000", "2009-03-31": "1076.80000", "2008-12-31": "769.29980", "2008-09-30": "2347.40000", "2008-06-30": "2565.00000", "2008-03-31": "2106.40000", "2007-12-31": "1314.00000", "2007-09-30": "1960.20000", "2007-06-30": "2057.70000", "2007-03-31": "1812.00000", "2006-12-31": "1860.30000", "2006-09-30": "1712.60000", "2006-06-30": "1813.20000", "2006-03-31": "1552.00000", "2005-12-31": "1392.10000", "2005-09-30": "1392.20000", "2005-06-30": "1622.20000", "2005-03-31": "1379.60000"}, "Operating Income": {"2020-09-30": "36.50000", "2020-06-30": "7.40000", "2020-03-31": "-7.10000", "2019-12-31": "22.89990", "2019-09-30": "86.40000", "2019-06-30": "126.00000", "2019-03-31": "99.70000", "2018-12-31": "81.60000", "2018-09-30": "104.20010", "2018-06-30": "132.40000", "2018-03-31": "94.30000", "2017-12-31": "89.30010", "2017-09-30": "65.89990", "2017-06-30": "77.70000", "2017-03-31": "-4.70000", "2016-12-31": "-266.09960", "2016-09-30": "39.60000", "2016-06-30": "73.40000", "2016-03-31": "11.30010", "2015-12-31": "50.80010", "2015-09-30": "92.10000", "2015-06-30": "136.10010", "2015-03-31": "44.20000", "2014-12-31": "70.40000", "2014-09-30": "116.80000", "2014-06-30": "160.90000", "2014-03-31": "75.00000", "2013-12-31": "131.40000", "2013-09-30": "138.60000", "2013-06-30": "83.50000", "2013-03-31": "65.60000", "2012-12-31": "-3.90010", "2012-09-30": "131.90000", "2012-06-30": "175.00000", "2012-03-31": "63.80010", "2011-12-31": "9.79980", "2011-09-30": "52.60000", "2011-06-30": "6.79990", "2011-03-31": "-9.30000", "2010-12-31": "-0.49980", "2010-09-30": "3.60000", "2010-06-30": "-10.40000", "2010-03-31": "-66.50000", "2009-12-31": "-75.30000", "2009-09-30": "-100.30000", "2009-06-30": "-115.10000", "2009-03-31": "-111.00010", "2008-12-31": "-623.59990", "2008-09-30": "167.20020", "2008-06-30": "370.89990", "2008-03-31": "256.30000", "2007-12-31": "110.70000", "2007-09-30": "236.30000", "2007-06-30": "284.50000", "2007-03-31": "200.70000", "2006-12-31": "169.30040", "2006-09-30": "191.09990", "2006-06-30": "207.20010", "2006-03-31": "141.90000", "2005-12-31": "59.40040", "2005-09-30": "102.60000", "2005-06-30": "136.89990", "2005-03-31": "71.50000"}, "Total Non-Operating Income/Expense": {"2020-09-30": "-15.60000", "2020-06-30": "-13.60000", "2020-03-31": "-18.40000", "2019-12-31": "-20.40000", "2019-09-30": "-18.50000", "2019-06-30": "-24.10000", "2019-03-31": "-24.50000", "2018-12-31": "-75.80000", "2018-09-30": "-20.40000", "2018-06-30": "-17.80000", "2018-03-31": "-11.40000", "2017-12-31": "-12.50000", "2017-09-30": "-9.20000", "2017-06-30": "40.80000", "2017-03-31": "-83.90000", "2016-12-31": "-42.90000", "2016-09-30": "-25.70000", "2016-06-30": "-30.90000", "2016-03-31": "-29.40000", "2015-12-31": "-30.50000", "2015-09-30": "-36.20000", "2015-06-30": "-30.40000", "2015-03-31": "-34.10000", "2014-12-31": "-31.00000", "2014-09-30": "-30.40000", "2014-06-30": "-32.50000", "2014-03-31": "-32.00000", "2013-12-31": "-25.40000", "2013-09-30": "-32.00000", "2013-06-30": "-37.10000", "2013-03-31": "-33.30000", "2012-12-31": "-61.90000", "2012-09-30": "-94.80000", "2012-06-30": "-50.40000", "2012-03-31": "-33.40000", "2011-12-31": "-38.20000", "2011-09-30": "14.70000", "2011-06-30": "9.70000", "2011-03-31": "19.50000", "2010-12-31": "-37.10000", "2010-09-30": "-54.80000", "2010-06-30": "-24.90000", "2010-03-31": "-47.70000", "2009-12-31": "-40.40000", "2009-09-30": "-32.70000", "2009-06-30": "-23.50000", "2009-03-31": "-25.50000", "2008-12-31": "-33.20000", "2008-09-30": "-27.80000", "2008-06-30": "-17.00000", "2008-03-31": "-8.80000", "2007-12-31": "0.40000", "2007-09-30": "-6.30000", "2007-06-30": "-13.20000", "2007-03-31": "-18.70000", "2006-12-31": "-12.40000", "2006-09-30": "-32.30000", "2006-06-30": "-28.90000", "2006-03-31": "-21.20000", "2005-12-31": "-14.10000", "2005-09-30": "-20.20000", "2005-06-30": "-22.90000", "2005-03-31": "-24.30000"}, "Pre-Tax Income": {"2020-09-30": "20.90000", "2020-06-30": "-6.20000", "2020-03-31": "-25.50000", "2019-12-31": "2.50000", "2019-09-30": "67.90000", "2019-06-30": "101.90000", "2019-03-31": "75.20000", "2018-12-31": "5.80000", "2018-09-30": "83.80000", "2018-06-30": "114.60000", "2018-03-31": "82.90000", "2017-12-31": "76.80000", "2017-09-30": "56.70000", "2017-06-30": "118.50000", "2017-03-31": "-88.60000", "2016-12-31": "-309.00000", "2016-09-30": "13.90000", "2016-06-30": "42.50000", "2016-03-31": "-18.10000", "2015-12-31": "20.30000", "2015-09-30": "55.90000", "2015-06-30": "105.70010", "2015-03-31": "10.10000", "2014-12-31": "39.40000", "2014-09-30": "86.40000", "2014-06-30": "128.40000", "2014-03-31": "43.00000", "2013-12-31": "106.00000", "2013-09-30": "106.60000", "2013-06-30": "46.40000", "2013-03-31": "32.30000", "2012-12-31": "-65.80000", "2012-09-30": "37.10000", "2012-06-30": "124.60000", "2012-03-31": "30.40000", "2011-12-31": "-28.40000", "2011-09-30": "67.30000", "2011-06-30": "16.50000", "2011-03-31": "10.20000", "2010-12-31": "-37.60000", "2010-09-30": "-51.20000", "2010-06-30": "-35.30000", "2010-03-31": "-114.20000", "2009-12-31": "-115.70000", "2009-09-30": "-133.00000", "2009-06-30": "-138.60000", "2009-03-31": "-136.50000", "2008-12-31": "-656.80000", "2008-09-30": "139.40000", "2008-06-30": "353.90000", "2008-03-31": "247.50000", "2007-12-31": "111.10000", "2007-09-30": "230.00000", "2007-06-30": "271.30000", "2007-03-31": "182.00000", "2006-12-31": "156.90000", "2006-09-30": "158.80000", "2006-06-30": "178.30000", "2006-03-31": "120.70000", "2005-12-31": "45.30000", "2005-09-30": "82.40000", "2005-06-30": "114.00000", "2005-03-31": "47.20000"}, "Income Taxes": {"2020-09-30": "-1.10000", "2020-06-30": "-3.00000", "2020-03-31": "-0.80000", "2019-12-31": "-16.00000", "2019-09-30": "15.50000", "2019-06-30": "20.30000", "2019-03-31": "18.00000", "2018-12-31": "-13.80000", "2018-09-30": "14.60000", "2018-06-30": "30.40000", "2018-03-31": "14.20000", "2017-12-31": "57.50000", "2017-09-30": "0.10000", "2017-06-30": "23.10000", "2017-03-31": "-28.30000", "2016-12-31": "5.10000", "2016-09-30": "-19.30000", "2016-06-30": "-67.10000", "2016-03-31": "3.90000", "2015-12-31": "5.60000", "2015-09-30": "25.60000", "2015-06-30": "29.80000", "2015-03-31": "11.60000", "2014-12-31": "-41.50000", "2014-09-30": "27.70000", "2014-06-30": "40.00000", "2014-03-31": "11.50000", "2013-12-31": "22.30000", "2013-09-30": "22.80000", "2013-06-30": "27.70000", "2013-03-31": "14.60000", "2012-12-31": "-10.20000", "2012-09-30": "8.80000", "2012-06-30": "44.10000", "2012-03-31": "8.80000", "2011-12-31": "-11.10000", "2011-09-30": "34.20000", "2011-06-30": "16.30000", "2011-03-31": "6.00000", "2010-12-31": "-4.90000", "2010-09-30": "38.60000", "2010-06-30": "-23.60000", "2010-03-31": "-36.90000", "2009-12-31": "-12.10000", "2009-09-30": "-27.50000", "2009-06-30": "-39.40000", "2009-03-31": "-38.40000", "2008-12-31": "-86.20000", "2008-09-30": "44.90000", "2008-06-30": "116.80000", "2008-03-31": "83.20000", "2007-12-31": "16.70000", "2007-09-30": "78.50000", "2007-06-30": "96.70000", "2007-03-31": "68.20000", "2006-12-31": "56.10000", "2006-09-30": "53.20000", "2006-06-30": "65.10000", "2006-03-31": "43.80000", "2005-12-31": "11.10000", "2005-09-30": "30.80000", "2005-06-30": "42.80000", "2005-03-31": "16.60000"}, "Income After Taxes": {"2020-09-30": "22.00000", "2020-06-30": "-3.20000", "2020-03-31": "-24.70000", "2019-12-31": "18.50000", "2019-09-30": "52.40000", "2019-06-30": "81.60000", "2019-03-31": "57.20000", "2018-12-31": "19.60000", "2018-09-30": "69.20000", "2018-06-30": "84.20000", "2018-03-31": "68.70000", "2017-12-31": "19.30000", "2017-09-30": "56.60000", "2017-06-30": "95.40000", "2017-03-31": "-60.30000", "2016-12-31": "-314.10000", "2016-09-30": "33.20000", "2016-06-30": "109.60000", "2016-03-31": "-22.00000", "2015-12-31": "14.70000", "2015-09-30": "30.30000", "2015-06-30": "75.90010", "2015-03-31": "-1.50000", "2014-12-31": "80.90000", "2014-09-30": "58.70000", "2014-06-30": "88.40000", "2014-03-31": "31.50000", "2013-12-31": "83.70000", "2013-09-30": "83.80000", "2013-06-30": "18.70000", "2013-03-31": "17.70000", "2012-12-31": "-55.60000", "2012-09-30": "28.30000", "2012-06-30": "80.50000", "2012-03-31": "21.60000", "2011-12-31": "-17.30000", "2011-09-30": "33.10000", "2011-06-30": "0.20000", "2011-03-31": "4.20000", "2010-12-31": "-32.70000", "2010-09-30": "-89.80000", "2010-06-30": "-11.70000", "2010-03-31": "-77.30000", "2009-12-31": "-103.60000", "2009-09-30": "-105.50000", "2009-06-30": "-99.20000", "2009-03-31": "-98.10000", "2008-12-31": "-570.60000", "2008-09-30": "94.50000", "2008-06-30": "237.10000", "2008-03-31": "164.30000", "2007-12-31": "94.40010", "2007-09-30": "151.50000", "2007-06-30": "174.60000", "2007-03-31": "113.80000", "2006-12-31": "100.80000", "2006-09-30": "105.60000", "2006-06-30": "113.20000", "2006-03-31": "76.90000", "2005-12-31": "34.20000", "2005-09-30": "51.60000", "2005-06-30": "71.20000", "2005-03-31": "30.60000"}, "Other Income": {"2020-09-30": "", "2020-06-30": "", "2020-03-31": "", "2019-12-31": "", "2019-09-30": "", "2019-06-30": "", "2019-03-31": "", "2018-12-31": "", "2018-09-30": "", "2018-06-30": "", "2018-03-31": "", "2017-12-31": "", "2017-09-30": "", "2017-06-30": "", "2017-03-31": "", "2016-12-31": "", "2016-09-30": "", "2016-06-30": "", "2016-03-31": "", "2015-12-31": "", "2015-09-30": "", "2015-06-30": "", "2015-03-31": "", "2014-12-31": "", "2014-09-30": "", "2014-06-30": "", "2014-03-31": "", "2013-12-31": "", "2013-09-30": "", "2013-06-30": "", "2013-03-31": "", "2012-12-31": "", "2012-09-30": "", "2012-06-30": "", "2012-03-31": "", "2011-12-31": "", "2011-09-30": "", "2011-06-30": "", "2011-03-31": "", "2010-12-31": "", "2010-09-30": "", "2010-06-30": "", "2010-03-31": "", "2009-12-31": "", "2009-09-30": "", "2009-06-30": "", "2009-03-31": "", "2008-12-31": "", "2008-09-30": "", "2008-06-30": "", "2008-03-31": "", "2007-12-31": "", "2007-09-30": "", "2007-06-30": "", "2007-03-31": "", "2006-12-31": "", "2006-09-30": "", "2006-06-30": "", "2006-03-31": "", "2005-12-31": "", "2005-09-30": "", "2005-06-30": "", "2005-03-31": ""}, "Income From Continuous Operations": {"2020-09-30": "22.00000", "2020-06-30": "-3.20000", "2020-03-31": "-24.70000", "2019-12-31": "18.50000", "2019-09-30": "52.40000", "2019-06-30": "81.60000", "2019-03-31": "57.20000", "2018-12-31": "19.60000", "2018-09-30": "69.20000", "2018-06-30": "84.20000", "2018-03-31": "68.70000", "2017-12-31": "19.30000", "2017-09-30": "56.60000", "2017-06-30": "95.40000", "2017-03-31": "-60.30000", "2016-12-31": "-314.10000", "2016-09-30": "33.20000", "2016-06-30": "109.60000", "2016-03-31": "-22.00000", "2015-12-31": "14.70000", "2015-09-30": "30.30000", "2015-06-30": "75.90000", "2015-03-31": "-1.50000", "2014-12-31": "80.90000", "2014-09-30": "58.70000", "2014-06-30": "88.40000", "2014-03-31": "31.50000", "2013-12-31": "83.70000", "2013-09-30": "83.80000", "2013-06-30": "18.70000", "2013-03-31": "17.70000", "2012-12-31": "-55.60000", "2012-09-30": "28.30000", "2012-06-30": "80.50000", "2012-03-31": "21.60000", "2011-12-31": "-17.30000", "2011-09-30": "33.10000", "2011-06-30": "0.20000", "2011-03-31": "4.20000", "2010-12-31": "-32.70000", "2010-09-30": "-89.80000", "2010-06-30": "-11.70000", "2010-03-31": "-77.30000", "2009-12-31": "-103.60000", "2009-09-30": "-105.50000", "2009-06-30": "-99.20000", "2009-03-31": "-98.10000", "2008-12-31": "-570.60000", "2008-09-30": "94.50000", "2008-06-30": "237.10000", "2008-03-31": "164.30000", "2007-12-31": "94.40000", "2007-09-30": "151.50000", "2007-06-30": "174.60000", "2007-03-31": "113.80000", "2006-12-31": "100.80000", "2006-09-30": "105.60000", "2006-06-30": "113.20000", "2006-03-31": "76.90000", "2005-12-31": "34.20000", "2005-09-30": "51.60000", "2005-06-30": "71.20000", "2005-03-31": "30.60000"}, "Income From Discontinued Operations": {"2020-09-30": "-16.20000", "2020-06-30": "-6.00000", "2020-03-31": "-0.20000", "2019-12-31": "6.00000", "2019-09-30": "-31.00000", "2019-06-30": "-6.50000", "2019-03-31": "-123.80000", "2018-12-31": "-52.60000", "2018-09-30": "-30.60000", "2018-06-30": "-26.40000", "2018-03-31": "-18.40000", "2017-12-31": "-46.00000", "2017-09-30": "2.60000", "2017-06-30": "5.40000", "2017-03-31": "55.70000", "2016-12-31": "47.70000", "2016-09-30": "64.10000", "2016-06-30": "-45.00000", "2016-03-31": "-49.00000", "2015-12-31": "1.90000", "2015-09-30": "14.60000", "2015-06-30": "8.90000", "2015-03-31": "3.10000", "2014-12-31": "0.10000", "2014-09-30": "5.50000", "2014-06-30": "52.00000", "2014-03-31": "2.40000", "2013-12-31": "1.60000", "2013-09-30": "9.90000", "2013-06-30": "0.90000", "2013-03-31": "4.60000", "2012-12-31": "24.00000", "2012-09-30": "", "2012-06-30": "2.30000", "2012-03-31": "2.50000", "2011-12-31": "15.20000", "2011-09-30": "", "2011-06-30": "-1.40000", "2011-03-31": "6.70000", "2010-12-31": "-12.80000", "2010-09-30": "-4.90000", "2010-06-30": "-27.20000", "2010-03-31": "618.90000", "2009-12-31": "-39.80000", "2009-09-30": "3.30000", "2009-06-30": "22.00000", "2009-03-31": "23.60000", "2008-12-31": "", "2008-09-30": "", "2008-06-30": "", "2008-03-31": "", "2007-12-31": "", "2007-09-30": "", "2007-06-30": "", "2007-03-31": "", "2006-12-31": "0.10000", "2006-09-30": "-4.60000", "2006-06-30": "6.00000", "2006-03-31": "1.90000", "2005-12-31": "0.60000", "2005-09-30": "0.30000", "2005-06-30": "", "2005-03-31": ""}, "Net Income": {"2020-09-30": "5.80000", "2020-06-30": "-9.20000", "2020-03-31": "-24.90000", "2019-12-31": "24.50000", "2019-09-30": "21.40000", "2019-06-30": "75.10000", "2019-03-31": "-66.60000", "2018-12-31": "-33.00000", "2018-09-30": "38.60000", "2018-06-30": "57.80000", "2018-03-31": "50.30000", "2017-12-31": "-26.70000", "2017-09-30": "59.20000", "2017-06-30": "100.80000", "2017-03-31": "-4.60000", "2016-12-31": "-267.20000", "2016-09-30": "96.80000", "2016-06-30": "65.10000", "2016-03-31": "-70.80000", "2015-12-31": "16.50000", "2015-09-30": "43.60000", "2015-06-30": "84.80000", "2015-03-31": "1.00000", "2014-12-31": "80.00000", "2014-09-30": "64.20000", "2014-06-30": "139.80000", "2014-03-31": "35.00000", "2013-12-31": "86.40000", "2013-09-30": "94.40000", "2013-06-30": "21.30000", "2013-03-31": "23.90000", "2012-12-31": "-33.30000", "2012-09-30": "30.20000", "2012-06-30": "85.90000", "2012-03-31": "23.00000", "2011-12-31": "-2.90000", "2011-09-30": "36.90000", "2011-06-30": "-0.50000", "2011-03-31": "11.70000", "2010-12-31": "-45.30010", "2010-09-30": "-95.80000", "2010-06-30": "-40.30000", "2010-03-31": "539.90000", "2009-12-31": "-142.80000", "2009-09-30": "-103.10000", "2009-06-30": "-77.60000", "2009-03-31": "-74.90000", "2008-12-31": "-421.50000", "2008-09-30": "93.80000", "2008-06-30": "236.30000", "2008-03-31": "163.30000", "2007-12-31": "174.00000", "2007-09-30": "151.50000", "2007-06-30": "174.60000", "2007-03-31": "113.80000", "2006-12-31": "100.90000", "2006-09-30": "101.00000", "2006-06-30": "119.20000", "2006-03-31": "78.80000", "2005-12-31": "34.80000", "2005-09-30": "51.90000", "2005-06-30": "71.20000", "2005-03-31": "30.60000"}, "EBITDA": {"2020-09-30": "49.20000", "2020-06-30": "19.20000", "2020-03-31": "4.70000", "2019-12-31": "33.89990", "2019-09-30": "99.20000", "2019-06-30": "138.30000", "2019-03-31": "113.20000", "2018-12-31": "95.90000", "2018-09-30": "118.30010", "2018-06-30": "147.70000", "2018-03-31": "110.30000", "2017-12-31": "107.10010", "2017-09-30": "83.29990", "2017-06-30": "92.70000", "2017-03-31": "11.60010", "2016-12-31": "-246.79960", "2016-09-30": "59.30000", "2016-06-30": "101.20000", "2016-03-31": "41.20010", "2015-12-31": "83.40000", "2015-09-30": "119.00000", "2015-06-30": "176.10010", "2015-03-31": "77.10000", "2014-12-31": "117.70000", "2014-09-30": "155.00000", "2014-06-30": "201.80000", "2014-03-31": "114.10000", "2013-12-31": "166.10000", "2013-09-30": "177.90000", "2013-06-30": "123.40000", "2013-03-31": "104.00000", "2012-12-31": "36.79990", "2012-09-30": "167.60000", "2012-06-30": "212.80000", "2012-03-31": "102.60010", "2011-12-31": "47.09980", "2011-09-30": "88.80000", "2011-06-30": "33.69990", "2011-03-31": "16.90000", "2010-12-31": "30.00020", "2010-09-30": "28.50000", "2010-06-30": "11.80000", "2010-03-31": "-39.30000", "2009-12-31": "-46.30000", "2009-09-30": "-76.10000", "2009-06-30": "-96.30000", "2009-03-31": "-89.60010", "2008-12-31": "-617.19980", "2008-09-30": "194.20020", "2008-06-30": "395.39990", "2008-03-31": "278.70000", "2007-12-31": "124.50000", "2007-09-30": "253.90010", "2007-06-30": "302.80000", "2007-03-31": "219.00000", "2006-12-31": "187.90040", "2006-09-30": "208.69980", "2006-06-30": "225.30010", "2006-03-31": "160.60000", "2005-12-31": "78.20040", "2005-09-30": "121.50000", "2005-06-30": "156.19990", "2005-03-31": "90.10000"}, "EBIT": {"2020-09-30": "36.50000", "2020-06-30": "7.40000", "2020-03-31": "-7.10000", "2019-12-31": "22.90010", "2019-09-30": "86.40000", "2019-06-30": "126.00000", "2019-03-31": "99.70000", "2018-12-31": "81.59990", "2018-09-30": "104.20010", "2018-06-30": "132.40000", "2018-03-31": "94.30000", "2017-12-31": "89.30010", "2017-09-30": "65.89990", "2017-06-30": "77.70000", "2017-03-31": "-4.70000", "2016-12-31": "-266.09990", "2016-09-30": "39.60000", "2016-06-30": "73.40000", "2016-03-31": "11.30010", "2015-12-31": "50.80010", "2015-09-30": "92.10000", "2015-06-30": "136.10010", "2015-03-31": "44.20000", "2014-12-31": "70.40000", "2014-09-30": "116.80000", "2014-06-30": "160.90000", "2014-03-31": "75.00000", "2013-12-31": "131.40010", "2013-09-30": "138.60000", "2013-06-30": "83.50000", "2013-03-31": "65.60000", "2012-12-31": "-3.90030", "2012-09-30": "131.90000", "2012-06-30": "175.00000", "2012-03-31": "63.80010", "2011-12-31": "9.80000", "2011-09-30": "52.60000", "2011-06-30": "6.79990", "2011-03-31": "-9.30000", "2010-12-31": "-0.49980", "2010-09-30": "3.60000", "2010-06-30": "-10.40000", "2010-03-31": "-66.50000", "2009-12-31": "-75.30010", "2009-09-30": "-100.30000", "2009-06-30": "-115.10000", "2009-03-31": "-111.00010", "2008-12-31": "-623.59990", "2008-09-30": "167.20020", "2008-06-30": "370.89990", "2008-03-31": "256.30000", "2007-12-31": "110.69970", "2007-09-30": "236.30000", "2007-06-30": "284.50000", "2007-03-31": "200.70000", "2006-12-31": "169.30000", "2006-09-30": "191.09990", "2006-06-30": "207.20010", "2006-03-31": "141.90000", "2005-12-31": "59.40000", "2005-09-30": "102.60000", "2005-06-30": "136.89990", "2005-03-31": "71.50000"}, "Basic Shares Outstanding": {"2020-09-30": "69.30000", "2020-06-30": "69.30000", "2020-03-31": "70.50000", "2019-12-31": "71.10000", "2019-09-30": "71.30000", "2019-06-30": "71.20000", "2019-03-31": "70.60000", "2018-12-31": "75.40000", "2018-09-30": "73.70000", "2018-06-30": "75.50000", "2018-03-31": "79.70000", "2017-12-31": "92.80000", "2017-09-30": "88.00000", "2017-06-30": "95.70000", "2017-03-31": "105.20000", "2016-12-31": "107.90000", "2016-09-30": "107.60000", "2016-06-30": "109.20000", "2016-03-31": "108.80000", "2015-12-31": "108.50000", "2015-09-30": "108.50000", "2015-06-30": "106.20000", "2015-03-31": "106.30000", "2014-12-31": "107.80000", "2014-09-30": "110.20000", "2014-06-30": "110.30000", "2014-03-31": "110.80000", "2013-12-31": "111.10000", "2013-09-30": "111.30000", "2013-06-30": "111.20000", "2013-03-31": "110.80000", "2012-12-31": "110.30000", "2012-09-30": "110.50000", "2012-06-30": "110.40000", "2012-03-31": "109.90000", "2011-12-31": "109.50000", "2011-09-30": "109.60000", "2011-06-30": "109.50000", "2011-03-31": "109.20000", "2010-12-31": "108.70000", "2010-09-30": "108.80000", "2010-06-30": "108.70000", "2010-03-31": "108.40000", "2009-12-31": "102.60000", "2009-09-30": "108.10000", "2009-06-30": "99.10000", "2009-03-31": "94.80000", "2008-12-31": "98.10000", "2008-09-30": "96.10000", "2008-06-30": "100.50000", "2008-03-31": "101.10000", "2007-12-31": "102.40000", "2007-09-30": "102.60000", "2007-06-30": "102.80000", "2007-03-31": "102.20000", "2006-12-31": "100.70000", "2006-09-30": "101.00000", "2006-06-30": "100.20000", "2006-03-31": "99.80000", "2005-12-31": "99.40000", "2005-09-30": "99.60000", "2005-06-30": "99.40000", "2005-03-31": "99.00000"}, "Shares Outstanding": {"2020-09-30": "69.50000", "2020-06-30": "69.30000", "2020-03-31": "70.50000", "2019-12-31": "71.80000", "2019-09-30": "71.80000", "2019-06-30": "71.70000", "2019-03-31": "71.80000", "2018-12-31": "76.90000", "2018-09-30": "75.10000", "2018-06-30": "76.70000", "2018-03-31": "81.70000", "2017-12-31": "94.90000", "2017-09-30": "90.00000", "2017-06-30": "97.10000", "2017-03-31": "105.20000", "2016-12-31": "107.90000", "2016-09-30": "108.60000", "2016-06-30": "109.60000", "2016-03-31": "108.80000", "2015-12-31": "109.40000", "2015-09-30": "109.20000", "2015-06-30": "109.00000", "2015-03-31": "106.30000", "2014-12-31": "112.20000", "2014-09-30": "115.40000", "2014-06-30": "115.80000", "2014-03-31": "117.30000", "2013-12-31": "117.00000", "2013-09-30": "116.20000", "2013-06-30": "115.80000", "2013-03-31": "116.10000", "2012-12-31": "113.90000", "2012-09-30": "113.30000", "2012-06-30": "111.40000", "2012-03-31": "114.30000", "2011-12-31": "110.70000", "2011-09-30": "110.30000", "2011-06-30": "114.80000", "2011-03-31": "116.60000", "2010-12-31": "108.70000", "2010-09-30": "108.80000", "2010-06-30": "108.70000", "2010-03-31": "108.40000", "2009-12-31": "102.60000", "2009-09-30": "108.10000", "2009-06-30": "99.10000", "2009-03-31": "94.80000", "2008-12-31": "98.10000", "2008-09-30": "98.10000", "2008-06-30": "102.00000", "2008-03-31": "103.00000", "2007-12-31": "104.90000", "2007-09-30": "104.60000", "2007-06-30": "104.90000", "2007-03-31": "104.70000", "2006-12-31": "103.00000", "2006-09-30": "103.20000", "2006-06-30": "102.60000", "2006-03-31": "102.40000", "2005-12-31": "102.20000", "2005-09-30": "102.20000", "2005-06-30": "101.80000", "2005-03-31": "102.00000"}, "Basic EPS": {"2020-09-30": "0.08000", "2020-06-30": "-0.13000", "2020-03-31": "-0.35000", "2019-12-31": "0.36000", "2019-09-30": "0.30000", "2019-06-30": "1.05000", "2019-03-31": "-0.94000", "2018-12-31": "-0.41000", "2018-09-30": "0.52000", "2018-06-30": "0.77000", "2018-03-31": "0.63000", "2017-12-31": "-0.29000", "2017-09-30": "0.67000", "2017-06-30": "1.05000", "2017-03-31": "-0.04000", "2016-12-31": "-2.48000", "2016-09-30": "0.90000", "2016-06-30": "0.60000", "2016-03-31": "-0.65000", "2015-12-31": "0.15000", "2015-09-30": "0.40000", "2015-06-30": "0.80000", "2015-03-31": "0.01000", "2014-12-31": "0.74000", "2014-09-30": "0.58000", "2014-06-30": "1.27000", "2014-03-31": "0.32000", "2013-12-31": "0.77000", "2013-09-30": "0.85000", "2013-06-30": "0.19000", "2013-03-31": "0.22000", "2012-12-31": "-0.30000", "2012-09-30": "0.27000", "2012-06-30": "0.78000", "2012-03-31": "0.21000", "2011-12-31": "-0.03540", "2011-09-30": "0.34000", "2011-06-30": "-0.00460", "2011-03-31": "0.11000", "2010-12-31": "-0.43000", "2010-09-30": "-0.88000", "2010-06-30": "-0.37000", "2010-03-31": "4.98000", "2009-12-31": "-1.36000", "2009-09-30": "-0.95000", "2009-06-30": "-0.78000", "2009-03-31": "-0.79000", "2008-12-31": "-4.22000", "2008-09-30": "0.98000", "2008-06-30": "2.35000", "2008-03-31": "1.62000", "2007-12-31": "1.71000", "2007-09-30": "1.48000", "2007-06-30": "1.70000", "2007-03-31": "1.11000", "2006-12-31": "0.99000", "2006-09-30": "1.00000", "2006-06-30": "1.19000", "2006-03-31": "0.79000", "2005-12-31": "0.35000", "2005-09-30": "0.52000", "2005-06-30": "0.72000", "2005-03-31": "0.31000"}, "EPS - Earnings Per Share": {"2020-09-30": "0.08000", "2020-06-30": "-0.13000", "2020-03-31": "-0.35000", "2019-12-31": "0.34000", "2019-09-30": "0.30000", "2019-06-30": "1.05000", "2019-03-31": "-0.93000", "2018-12-31": "-0.40000", "2018-09-30": "0.51000", "2018-06-30": "0.75000", "2018-03-31": "0.62000", "2017-12-31": "-0.30000", "2017-09-30": "0.66000", "2017-06-30": "1.04000", "2017-03-31": "-0.04000", "2016-12-31": "-2.46000", "2016-09-30": "0.89000", "2016-06-30": "0.59000", "2016-03-31": "-0.65000", "2015-12-31": "0.15000", "2015-09-30": "0.40000", "2015-06-30": "0.78000", "2015-03-31": "0.01000", "2014-12-31": "0.71000", "2014-09-30": "0.56000", "2014-06-30": "1.21000", "2014-03-31": "0.30000", "2013-12-31": "0.73000", "2013-09-30": "0.81000", "2013-06-30": "0.18000", "2013-03-31": "0.21000", "2012-12-31": "-0.31000", "2012-09-30": "0.27000", "2012-06-30": "0.77000", "2012-03-31": "0.20000", "2011-12-31": "-0.01560", "2011-09-30": "0.33000", "2011-06-30": "-0.00440", "2011-03-31": "0.10000", "2010-12-31": "-0.43000", "2010-09-30": "-0.88000", "2010-06-30": "-0.37000", "2010-03-31": "4.98000", "2009-12-31": "-1.36000", "2009-09-30": "-0.95000", "2009-06-30": "-0.78000", "2009-03-31": "-0.79000", "2008-12-31": "-4.14000", "2008-09-30": "0.96000", "2008-06-30": "2.32000", "2008-03-31": "1.59000", "2007-12-31": "1.65000", "2007-09-30": "1.45000", "2007-06-30": "1.66000", "2007-03-31": "1.09000", "2006-12-31": "0.97000", "2006-09-30": "0.98000", "2006-06-30": "1.16000", "2006-03-31": "0.77000", "2005-12-31": "0.33000", "2005-09-30": "0.51000", "2005-06-30": "0.70000", "2005-03-31": "0.30000"}}, "balance sheet": {"Cash On Hand": {"2019-12-31": "535.10000", "2018-12-31": "339.50000", "2017-12-31": "626.50000", "2016-12-31": "428.50000", "2015-12-31": "371.20000", "2014-12-31": "478.20000", "2013-12-31": "408.10000", "2012-12-31": "678.00000", "2011-12-31": "774.10000", "2010-12-31": "1415.60000", "2009-12-31": "930.10000", "2008-12-31": "450.40000", "2007-12-31": "1272.40000", "2006-12-31": "676.70000", "2005-12-31": "553.60000"}, "Receivables": {"2019-12-31": "401.90000", "2018-12-31": "535.00000", "2017-12-31": "579.90000", "2016-12-31": "512.50000", "2015-12-31": "703.30000", "2014-12-31": "1086.40000", "2013-12-31": "1176.80000", "2012-12-31": "1026.60000", "2011-12-31": "1178.10000", "2010-12-31": "782.50000", "2009-12-31": "593.80000", "2008-12-31": "804.10000", "2007-12-31": "1195.80000", "2006-12-31": "950.50000", "2005-12-31": "735.00000"}, "Inventory": {"2019-12-31": "847.70000", "2018-12-31": "918.90000", "2017-12-31": "969.60000", "2016-12-31": "853.80000", "2015-12-31": "1063.60000", "2014-12-31": "1460.90000", "2013-12-31": "1613.20000", "2012-12-31": "1632.20000", "2011-12-31": "1758.10000", "2010-12-31": "1448.70000", "2009-12-31": "1343.90000", "2008-12-31": "1733.80000", "2007-12-31": "1934.30000", "2006-12-31": "1502.00000", "2005-12-31": "1318.20000"}, "Pre-Paid Expenses": {"2019-12-31": "225.80000", "2018-12-31": "170.10000", "2017-12-31": "207.00000", "2016-12-31": "172.80000", "2015-12-31": "252.50000", "2014-12-31": "248.00000", "2013-12-31": "220.90000", "2012-12-31": "", "2011-12-31": "", "2010-12-31": "", "2009-12-31": "", "2008-12-31": "", "2007-12-31": "", "2006-12-31": "", "2005-12-31": ""}, "Other Current Assets": {"2019-12-31": "9.20000", "2018-12-31": "459.50000", "2017-12-31": "", "2016-12-31": "732.90000", "2015-12-31": "749.60000", "2014-12-31": "82.70000", "2013-12-31": "91.10000", "2012-12-31": "319.60000", "2011-12-31": "342.90000", "2010-12-31": "298.70000", "2009-12-31": "203.00000", "2008-12-31": "170.60000", "2007-12-31": "208.10000", "2006-12-31": "170.70000", "2005-12-31": "123.90000"}, "Total Current Assets": {"2019-12-31": "2019.70000", "2018-12-31": "2423.00000", "2017-12-31": "2383.00000", "2016-12-31": "2700.50000", "2015-12-31": "3140.20000", "2014-12-31": "3356.20000", "2013-12-31": "3639.40000", "2012-12-31": "3797.40000", "2011-12-31": "4053.20000", "2010-12-31": "3968.90000", "2009-12-31": "3914.60000", "2008-12-31": "4040.90000", "2007-12-31": "4776.90000", "2006-12-31": "3432.80000", "2005-12-31": "2903.50000"}, "Property, Plant, And Equipment": {"2019-12-31": "389.40000", "2018-12-31": "317.30000", "2017-12-31": "311.00000", "2016-12-31": "304.60000", "2015-12-31": "371.90000", "2014-12-31": "690.30000", "2013-12-31": "789.40000", "2012-12-31": "806.80000", "2011-12-31": "835.50000", "2010-12-31": "573.50000", "2009-12-31": "605.00000", "2008-12-31": "435.00000", "2007-12-31": "419.40000", "2006-12-31": "338.50000", "2005-12-31": "329.90000"}, "Long-Term Investments": {"2019-12-31": "", "2018-12-31": "", "2017-12-31": "", "2016-12-31": "", "2015-12-31": "", "2014-12-31": "", "2013-12-31": "", "2012-12-31": "", "2011-12-31": "", "2010-12-31": "", "2009-12-31": "", "2008-12-31": "", "2007-12-31": "", "2006-12-31": "", "2005-12-31": ""}, "Goodwill And Intangible Assets": {"2019-12-31": "279.60000", "2018-12-31": "276.60000", "2017-12-31": "287.40000", "2016-12-31": "278.10000", "2015-12-31": "481.70000", "2014-12-31": "1456.40000", "2013-12-31": "1690.40000", "2012-12-31": "1719.70000", "2011-12-31": "1752.40000", "2010-12-31": "633.30000", "2009-12-31": "511.10000", "2008-12-31": "386.30000", "2007-12-31": "699.00000", "2006-12-31": "632.80000", "2005-12-31": "555.70000"}, "Other Long-Term Assets": {"2019-12-31": "506.90000", "2018-12-31": "469.00000", "2017-12-31": "481.10000", "2016-12-31": "1723.60000", "2015-12-31": "1622.20000", "2014-12-31": "425.10000", "2013-12-31": "401.90000", "2012-12-31": "410.80000", "2011-12-31": "422.30000", "2010-12-31": "250.20000", "2009-12-31": "322.80000", "2008-12-31": "337.20000", "2007-12-31": "277.90000", "2006-12-31": "209.30000", "2005-12-31": "251.40000"}, "Total Long-Term Assets": {"2019-12-31": "1175.90000", "2018-12-31": "1062.90000", "2017-12-31": "1079.50000", "2016-12-31": "2306.30000", "2015-12-31": "2475.80000", "2014-12-31": "2571.80000", "2013-12-31": "2897.30000", "2012-12-31": "2948.80000", "2011-12-31": "3010.20000", "2010-12-31": "1547.50000", "2009-12-31": "1799.20000", "2008-12-31": "1404.50000", "2007-12-31": "1539.40000", "2006-12-31": "1353.10000", "2005-12-31": "1296.80000"}, "Total Assets": {"2019-12-31": "3195.60000", "2018-12-31": "3485.90000", "2017-12-31": "3462.50000", "2016-12-31": "5006.80000", "2015-12-31": "5616.00000", "2014-12-31": "5928.00000", "2013-12-31": "6536.70000", "2012-12-31": "6746.20000", "2011-12-31": "7063.40000", "2010-12-31": "5516.40000", "2009-12-31": "5713.80000", "2008-12-31": "5445.40000", "2007-12-31": "6316.30000", "2006-12-31": "4785.90000", "2005-12-31": "4200.30000"}, "Total Current Liabilities": {"2019-12-31": "872.40000", "2018-12-31": "1214.70000", "2017-12-31": "1035.50000", "2016-12-31": "1407.00000", "2015-12-31": "1458.60000", "2014-12-31": "1643.10000", "2013-12-31": "1724.70000", "2012-12-31": "1708.80000", "2011-12-31": "1890.90000", "2010-12-31": "1674.20000", "2009-12-31": "1554.70000", "2008-12-31": "1824.60000", "2007-12-31": "2175.30000", "2006-12-31": "2027.20000", "2005-12-31": "1524.60000"}, "Long Term Debt": {"2019-12-31": "1168.80000", "2018-12-31": "1210.60000", "2017-12-31": "979.60000", "2016-12-31": "1562.00000", "2015-12-31": "1729.80000", "2014-12-31": "1636.30000", "2013-12-31": "1889.90000", "2012-12-31": "2014.90000", "2011-12-31": "2223.40000", "2010-12-31": "1339.50000", "2009-12-31": "1892.70000", "2008-12-31": "1396.40000", "2007-12-31": "1319.50000", "2006-12-31": "536.10000", "2005-12-31": "1075.80000"}, "Other Non-Current Liabilities": {"2019-12-31": "222.10000", "2018-12-31": "199.60000", "2017-12-31": "73.60000", "2016-12-31": "362.80000", "2015-12-31": "358.60000", "2014-12-31": "177.00000", "2013-12-31": "259.50000", "2012-12-31": "308.00000", "2011-12-31": "416.10000", "2010-12-31": "236.30000", "2009-12-31": "", "2008-12-31": "", "2007-12-31": "", "2006-12-31": "", "2005-12-31": ""}, "Total Long Term Liabilities": {"2019-12-31": "1390.90000", "2018-12-31": "1410.20000", "2017-12-31": "1204.50000", "2016-12-31": "2078.60000", "2015-12-31": "2245.40000", "2014-12-31": "2245.80000", "2013-12-31": "2597.20000", "2012-12-31": "3006.10000", "2011-12-31": "2984.10000", "2010-12-31": "1730.80000", "2009-12-31": "2484.70000", "2008-12-31": "1876.90000", "2007-12-31": "1797.80000", "2006-12-31": "1007.70000", "2005-12-31": "1514.70000"}, "Total Liabilities": {"2019-12-31": "2263.30000", "2018-12-31": "2624.90000", "2017-12-31": "2240.00000", "2016-12-31": "3485.60000", "2015-12-31": "3704.00000", "2014-12-31": "3888.90000", "2013-12-31": "4321.90000", "2012-12-31": "4714.90000", "2011-12-31": "4875.00000", "2010-12-31": "3405.00000", "2009-12-31": "4039.40000", "2008-12-31": "3701.50000", "2007-12-31": "3973.10000", "2006-12-31": "3034.90000", "2005-12-31": "3039.30000"}, "Common Stock Net": {"2019-12-31": "0.80000", "2018-12-31": "0.80000", "2017-12-31": "1.30000", "2016-12-31": "1.30000", "2015-12-31": "1.30000", "2014-12-31": "1.20000", "2013-12-31": "1.20000", "2012-12-31": "1.20000", "2011-12-31": "1.20000", "2010-12-31": "1.20000", "2009-12-31": "1.20000", "2008-12-31": "1.10000", "2007-12-31": "1.10000", "2006-12-31": "1.00000", "2005-12-31": "0.50000"}, "Retained Earnings (Accumulated Deficit)": {"2019-12-31": "771.40000", "2018-12-31": "749.00000", "2017-12-31": "1995.90000", "2016-12-31": "1897.90000", "2015-12-31": "2104.60000", "2014-12-31": "1984.90000", "2013-12-31": "1688.10000", "2012-12-31": "1467.70000", "2011-12-31": "1361.90000", "2010-12-31": "1316.70000", "2009-12-31": "958.20000", "2008-12-31": "1356.60000", "2007-12-31": "1284.70000", "2006-12-31": "707.30000", "2005-12-31": "307.40000"}, "Comprehensive Income": {"2019-12-31": "-257.50000", "2018-12-31": "-284.80000", "2017-12-31": "-239.50000", "2016-12-31": "-779.40000", "2015-12-31": "-649.60000", "2014-12-31": "-429.80000", "2013-12-31": "-116.50000", "2012-12-31": "-124.10000", "2011-12-31": "-125.50000", "2010-12-31": "100.40000", "2009-12-31": "36.00000", "2008-12-31": "-82.30000", "2007-12-31": "256.60000", "2006-12-31": "155.20000", "2005-12-31": "26.20000"}, "Other Share Holders Equity": {"2019-12-31": "", "2018-12-31": "", "2017-12-31": "", "2016-12-31": "", "2015-12-31": "", "2014-12-31": "", "2013-12-31": "", "2012-12-31": "", "2011-12-31": "", "2010-12-31": "", "2009-12-31": "", "2008-12-31": "", "2007-12-31": "", "2006-12-31": "", "2005-12-31": ""}, "Share Holder Equity": {"2019-12-31": "932.30000", "2018-12-31": "861.00000", "2017-12-31": "1222.50000", "2016-12-31": "1521.20000", "2015-12-31": "1912.00000", "2014-12-31": "2039.10000", "2013-12-31": "2214.80000", "2012-12-31": "2031.30000", "2011-12-31": "2188.40000", "2010-12-31": "2111.40000", "2009-12-31": "1674.40000", "2008-12-31": "1743.90000", "2007-12-31": "2343.20000", "2006-12-31": "1751.00000", "2005-12-31": "1161.00000"}, "Total Liabilities And Share Holders Equity": {"2019-12-31": "3195.60000", "2018-12-31": "3485.90000", "2017-12-31": "3462.50000", "2016-12-31": "5006.80000", "2015-12-31": "5616.00000", "2014-12-31": "5928.00000", "2013-12-31": "6536.70000", "2012-12-31": "6746.20000", "2011-12-31": "7063.40000", "2010-12-31": "5516.40000", "2009-12-31": "5713.80000", "2008-12-31": "5445.40000", "2007-12-31": "6316.30000", "2006-12-31": "4785.90000", "2005-12-31": "4200.30000"}}, "balance sheet, quarterly": {"Cash On Hand": {"2020-09-30": "508.30000", "2020-06-30": "426.00000", "2020-03-31": "511.30000", "2019-12-31": "535.10000", "2019-09-30": "470.60000", "2019-06-30": "367.50000", "2019-03-31": "304.60000", "2018-12-31": "339.50000", "2018-09-30": "326.00000", "2018-06-30": "373.60000", "2018-03-31": "447.90000", "2017-12-31": "626.50000", "2017-09-30": "592.70000", "2017-06-30": "555.50000", "2017-03-31": "813.90000", "2016-12-31": "428.50000", "2016-09-30": "248.80000", "2016-06-30": "200.80000", "2016-03-31": "323.60000", "2015-12-31": "371.20000", "2015-09-30": "301.10000", "2015-06-30": "332.70000", "2015-03-31": "351.30000", "2014-12-31": "478.20000", "2014-09-30": "344.50000", "2014-06-30": "364.30000", "2014-03-31": "390.50000", "2013-12-31": "408.10000", "2013-09-30": "370.60000", "2013-06-30": "548.20000", "2013-03-31": "729.70000", "2012-12-31": "678.00000", "2012-09-30": "542.60000", "2012-06-30": "841.50000", "2012-03-31": "973.20000", "2011-12-31": "774.10000", "2011-09-30": "687.60000", "2011-06-30": "956.60000", "2011-03-31": "1091.00000", "2010-12-31": "1415.60000", "2010-09-30": "1758.10000", "2010-06-30": "1789.90000", "2010-03-31": "2180.50000", "2009-12-31": "930.10000", "2009-09-30": "1033.20000", "2009-06-30": "938.50000", "2009-03-31": "344.30000", "2008-12-31": "450.40000", "2008-09-30": "487.90000", "2008-06-30": "590.00000", "2008-03-31": "604.20000", "2007-12-31": "1272.40000", "2007-09-30": "516.60000", "2007-06-30": "453.40000", "2007-03-31": "405.20000", "2006-12-31": "676.70000", "2006-09-30": "428.30000", "2006-06-30": "525.70000", "2006-03-31": "506.90000", "2005-12-31": "553.60000", "2005-09-30": "387.50000", "2005-06-30": "425.90000", "2005-03-31": "286.30000"}, "Receivables": {"2020-09-30": "403.20000", "2020-06-30": "351.30000", "2020-03-31": "402.00000", "2019-12-31": "401.90000", "2019-09-30": "491.70000", "2019-06-30": "643.80000", "2019-03-31": "661.60000", "2018-12-31": "535.00000", "2018-09-30": "679.10000", "2018-06-30": "724.80000", "2018-03-31": "687.60000", "2017-12-31": "579.90000", "2017-09-30": "712.60000", "2017-06-30": "726.60000", "2017-03-31": "651.00000", "2016-12-31": "512.50000", "2016-09-30": "656.80000", "2016-06-30": "795.70000", "2016-03-31": "1018.60000", "2015-12-31": "703.30000", "2015-09-30": "1183.40000", "2015-06-30": "1252.50000", "2015-03-31": "1131.40000", "2014-12-31": "1086.40000", "2014-09-30": "1196.20000", "2014-06-30": "1368.40000", "2014-03-31": "1141.40000", "2013-12-31": "1176.80000", "2013-09-30": "1164.50000", "2013-06-30": "1179.70000", "2013-03-31": "1133.90000", "2012-12-31": "1026.60000", "2012-09-30": "1174.10000", "2012-06-30": "1266.70000", "2012-03-31": "1210.00000", "2011-12-31": "1178.10000", "2011-09-30": "1202.30000", "2011-06-30": "940.20000", "2011-03-31": "896.60000", "2010-12-31": "782.50000", "2010-09-30": "727.40000", "2010-06-30": "669.40000", "2010-03-31": "608.90000", "2009-12-31": "593.80000", "2009-09-30": "678.30000", "2009-06-30": "639.80000", "2009-03-31": "701.80000", "2008-12-31": "804.10000", "2008-09-30": "1300.80000", "2008-06-30": "1512.80000", "2008-03-31": "1407.50000", "2007-12-31": "1195.80000", "2007-09-30": "1182.30000", "2007-06-30": "1214.70000", "2007-03-31": "1137.70000", "2006-12-31": "950.50000", "2006-09-30": "950.00000", "2006-06-30": "1029.40000", "2006-03-31": "897.90000", "2005-12-31": "735.00000", "2005-09-30": "800.80000", "2005-06-30": "822.10000", "2005-03-31": "789.60000"}, "Inventory": {"2020-09-30": "635.50000", "2020-06-30": "699.80000", "2020-03-31": "823.00000", "2019-12-31": "847.70000", "2019-09-30": "858.00000", "2019-06-30": "863.10000", "2019-03-31": "955.40000", "2018-12-31": "918.90000", "2018-09-30": "1112.30000", "2018-06-30": "1004.60000", "2018-03-31": "1009.10000", "2017-12-31": "969.60000", "2017-09-30": "904.40000", "2017-06-30": "912.50000", "2017-03-31": "909.20000", "2016-12-31": "853.80000", "2016-09-30": "978.40000", "2016-06-30": "1035.30000", "2016-03-31": "1554.30000", "2015-12-31": "1063.60000", "2015-09-30": "1545.60000", "2015-06-30": "1564.20000", "2015-03-31": "1520.70000", "2014-12-31": "1460.90000", "2014-09-30": "1676.80000", "2014-06-30": "1779.00000", "2014-03-31": "1788.20000", "2013-12-31": "1613.20000", "2013-09-30": "1742.90000", "2013-06-30": "1670.00000", "2013-03-31": "1702.20000", "2012-12-31": "1632.20000", "2012-09-30": "1760.90000", "2012-06-30": "1734.80000", "2012-03-31": "1827.00000", "2011-12-31": "1758.10000", "2011-09-30": "1893.50000", "2011-06-30": "1685.70000", "2011-03-31": "1565.90000", "2010-12-31": "1448.70000", "2010-09-30": "1488.10000", "2010-06-30": "1336.20000", "2010-03-31": "1322.50000", "2009-12-31": "1343.90000", "2009-09-30": "2018.50000", "2009-06-30": "2002.10000", "2009-03-31": "2151.90000", "2008-12-31": "1733.80000", "2008-09-30": "2449.30000", "2008-06-30": "2530.20000", "2008-03-31": "2362.00000", "2007-12-31": "1934.30000", "2007-09-30": "2031.10000", "2007-06-30": "1907.40000", "2007-03-31": "1759.70000", "2006-12-31": "1502.00000", "2006-09-30": "1550.00000", "2006-06-30": "1539.40000", "2006-03-31": "1435.50000", "2005-12-31": "1318.20000", "2005-09-30": "1352.80000", "2005-06-30": "1288.60000", "2005-03-31": "1362.10000"}, "Pre-Paid Expenses": {"2020-09-30": "214.10000", "2020-06-30": "230.00000", "2020-03-31": "229.30000", "2019-12-31": "235.00000", "2019-09-30": "198.40000", "2019-06-30": "163.20000", "2019-03-31": "179.80000", "2018-12-31": "170.10000", "2018-09-30": "172.70000", "2018-06-30": "188.10000", "2018-03-31": "195.10000", "2017-12-31": "207.00000", "2017-09-30": "241.70000", "2017-06-30": "201.00000", "2017-03-31": "195.80000", "2016-12-31": "172.80000", "2016-09-30": "229.60000", "2016-06-30": "207.20000", "2016-03-31": "256.90000", "2015-12-31": "252.50000", "2015-09-30": "239.90000", "2015-06-30": "260.10000", "2015-03-31": "270.50000", "2014-12-31": "248.00000", "2014-09-30": "", "2014-06-30": "", "2014-03-31": "", "2013-12-31": "220.90000", "2013-09-30": "", "2013-06-30": "", "2013-03-31": "", "2012-12-31": "", "2012-09-30": "", "2012-06-30": "", "2012-03-31": "", "2011-12-31": "", "2011-09-30": "", "2011-06-30": "", "2011-03-31": "", "2010-12-31": "", "2010-09-30": "", "2010-06-30": "", "2010-03-31": "", "2009-12-31": "", "2009-09-30": "", "2009-06-30": "", "2009-03-31": "", "2008-12-31": "", "2008-09-30": "", "2008-06-30": "", "2008-03-31": "", "2007-12-31": "", "2007-09-30": "", "2007-06-30": "", "2007-03-31": "", "2006-12-31": "", "2006-09-30": "", "2006-06-30": "", "2006-03-31": "", "2005-12-31": "", "2005-09-30": "", "2005-06-30": "", "2005-03-31": ""}, "Other Current Assets": {"2020-09-30": "", "2020-06-30": "", "2020-03-31": "", "2019-12-31": "", "2019-09-30": "16.20000", "2019-06-30": "402.00000", "2019-03-31": "406.60000", "2018-12-31": "459.50000", "2018-09-30": "", "2018-06-30": "", "2018-03-31": "", "2017-12-31": "", "2017-09-30": "5.70000", "2017-06-30": "8.00000", "2017-03-31": "27.80000", "2016-12-31": "732.90000", "2016-09-30": "806.80000", "2016-06-30": "827.70000", "2016-03-31": "6.80000", "2015-12-31": "749.60000", "2015-09-30": "79.20000", "2015-06-30": "74.80000", "2015-03-31": "85.60000", "2014-12-31": "82.70000", "2014-09-30": "320.20000", "2014-06-30": "300.70000", "2014-03-31": "312.60000", "2013-12-31": "91.10000", "2013-09-30": "325.50000", "2013-06-30": "310.70000", "2013-03-31": "303.90000", "2012-12-31": "319.60000", "2012-09-30": "209.70000", "2012-06-30": "222.20000", "2012-03-31": "207.60000", "2011-12-31": "342.90000", "2011-09-30": "264.10000", "2011-06-30": "224.70000", "2011-03-31": "229.50000", "2010-12-31": "298.70000", "2010-09-30": "151.90000", "2010-06-30": "146.00000", "2010-03-31": "143.70000", "2009-12-31": "203.00000", "2009-09-30": "218.00000", "2009-06-30": "188.70000", "2009-03-31": "184.40000", "2008-12-31": "170.60000", "2008-09-30": "218.00000", "2008-06-30": "247.50000", "2008-03-31": "252.40000", "2007-12-31": "208.10000", "2007-09-30": "196.00000", "2007-06-30": "180.30000", "2007-03-31": "149.10000", "2006-12-31": "170.70000", "2006-09-30": "149.50000", "2006-06-30": "156.10000", "2006-03-31": "124.20000", "2005-12-31": "123.90000", "2005-09-30": "117.30000", "2005-06-30": "114.80000", "2005-03-31": "139.20000"}, "Total Current Assets": {"2020-09-30": "1761.10000", "2020-06-30": "1707.10000", "2020-03-31": "1965.60000", "2019-12-31": "2019.70000", "2019-09-30": "2034.90000", "2019-06-30": "2439.60000", "2019-03-31": "2508.00000", "2018-12-31": "2423.00000", "2018-09-30": "2290.10000", "2018-06-30": "2291.10000", "2018-03-31": "2339.70000", "2017-12-31": "2383.00000", "2017-09-30": "2457.10000", "2017-06-30": "2403.60000", "2017-03-31": "2597.70000", "2016-12-31": "2700.50000", "2016-09-30": "2920.40000", "2016-06-30": "3066.70000", "2016-03-31": "3160.20000", "2015-12-31": "3140.20000", "2015-09-30": "3349.20000", "2015-06-30": "3484.30000", "2015-03-31": "3359.50000", "2014-12-31": "3356.20000", "2014-09-30": "3537.70000", "2014-06-30": "3812.40000", "2014-03-31": "3743.60000", "2013-12-31": "3639.40000", "2013-09-30": "3603.50000", "2013-06-30": "3708.60000", "2013-03-31": "3869.70000", "2012-12-31": "3797.40000", "2012-09-30": "3795.20000", "2012-06-30": "4168.20000", "2012-03-31": "4292.50000", "2011-12-31": "4053.20000", "2011-09-30": "4171.80000", "2011-06-30": "3846.40000", "2011-03-31": "3809.60000", "2010-12-31": "3968.90000", "2010-09-30": "4159.40000", "2010-06-30": "4068.50000", "2010-03-31": "4394.10000", "2009-12-31": "3914.60000", "2009-09-30": "4124.20000", "2009-06-30": "3942.00000", "2009-03-31": "3523.20000", "2008-12-31": "4040.90000", "2008-09-30": "4603.20000", "2008-06-30": "5044.20000", "2008-03-31": "4788.90000", "2007-12-31": "4776.90000", "2007-09-30": "4063.60000", "2007-06-30": "3895.80000", "2007-03-31": "3589.80000", "2006-12-31": "3432.80000", "2006-09-30": "3242.00000", "2006-06-30": "3416.10000", "2006-03-31": "3124.40000", "2005-12-31": "2903.50000", "2005-09-30": "2764.90000", "2005-06-30": "2759.20000", "2005-03-31": "2685.00000"}, "Property, Plant, And Equipment": {"2020-09-30": "401.70000", "2020-06-30": "400.80000", "2020-03-31": "388.80000", "2019-12-31": "389.40000", "2019-09-30": "359.40000", "2019-06-30": "339.50000", "2019-03-31": "327.60000", "2018-12-31": "317.30000", "2018-09-30": "330.70000", "2018-06-30": "329.10000", "2018-03-31": "334.60000", "2017-12-31": "311.00000", "2017-09-30": "300.80000", "2017-06-30": "303.70000", "2017-03-31": "302.70000", "2016-12-31": "304.60000", "2016-09-30": "355.80000", "2016-06-30": "355.60000", "2016-03-31": "689.10000", "2015-12-31": "371.90000", "2015-09-30": "672.80000", "2015-06-30": "680.60000", "2015-03-31": "647.90000", "2014-12-31": "690.30000", "2014-09-30": "739.50000", "2014-06-30": "776.50000", "2014-03-31": "784.40000", "2013-12-31": "789.40000", "2013-09-30": "793.40000", "2013-06-30": "780.10000", "2013-03-31": "791.70000", "2012-12-31": "806.80000", "2012-09-30": "805.90000", "2012-06-30": "801.70000", "2012-03-31": "837.10000", "2011-12-31": "835.50000", "2011-09-30": "879.30000", "2011-06-30": "588.40000", "2011-03-31": "590.20000", "2010-12-31": "573.50000", "2010-09-30": "570.70000", "2010-06-30": "541.10000", "2010-03-31": "573.60000", "2009-12-31": "605.00000", "2009-09-30": "705.60000", "2009-06-30": "495.50000", "2009-03-31": "475.60000", "2008-12-31": "435.00000", "2008-09-30": "485.00000", "2008-06-30": "502.60000", "2008-03-31": "475.60000", "2007-12-31": "419.40000", "2007-09-30": "386.60000", "2007-06-30": "362.30000", "2007-03-31": "350.90000", "2006-12-31": "338.50000", "2006-09-30": "318.30000", "2006-06-30": "366.60000", "2006-03-31": "340.60000", "2005-12-31": "329.90000", "2005-09-30": "336.50000", "2005-06-30": "336.20000", "2005-03-31": "349.60000"}, "Long-Term Investments": {"2020-09-30": "", "2020-06-30": "", "2020-03-31": "", "2019-12-31": "", "2019-09-30": "", "2019-06-30": "", "2019-03-31": "", "2018-12-31": "", "2018-09-30": "", "2018-06-30": "", "2018-03-31": "", "2017-12-31": "", "2017-09-30": "", "2017-06-30": "218.00000", "2017-03-31": "431.00000", "2016-12-31": "", "2016-09-30": "", "2016-06-30": "", "2016-03-31": "", "2015-12-31": "", "2015-09-30": "", "2015-06-30": "", "2015-03-31": "", "2014-12-31": "", "2014-09-30": "", "2014-06-30": "", "2014-03-31": "", "2013-12-31": "", "2013-09-30": "", "2013-06-30": "", "2013-03-31": "", "2012-12-31": "", "2012-09-30": "", "2012-06-30": "", "2012-03-31": "", "2011-12-31": "", "2011-09-30": "", "2011-06-30": "", "2011-03-31": "", "2010-12-31": "", "2010-09-30": "", "2010-06-30": "", "2010-03-31": "", "2009-12-31": "", "2009-09-30": "", "2009-06-30": "", "2009-03-31": "", "2008-12-31": "", "2008-09-30": "", "2008-06-30": "", "2008-03-31": "", "2007-12-31": "", "2007-09-30": "", "2007-06-30": "", "2007-03-31": "", "2006-12-31": "", "2006-09-30": "", "2006-06-30": "", "2006-03-31": "", "2005-12-31": "", "2005-09-30": "", "2005-06-30": "", "2005-03-31": ""}, "Goodwill And Intangible Assets": {"2020-09-30": "275.70000", "2020-06-30": "270.00000", "2020-03-31": "270.40000", "2019-12-31": "279.60000", "2019-09-30": "269.70000", "2019-06-30": "275.00000", "2019-03-31": "278.70000", "2018-12-31": "276.60000", "2018-09-30": "280.00000", "2018-06-30": "282.70000", "2018-03-31": "292.60000", "2017-12-31": "287.40000", "2017-09-30": "286.40000", "2017-06-30": "285.50000", "2017-03-31": "280.10000", "2016-12-31": "278.10000", "2016-09-30": "470.00000", "2016-06-30": "472.30000", "2016-03-31": "1317.90000", "2015-12-31": "481.70000", "2015-09-30": "1340.30000", "2015-06-30": "1367.30000", "2015-03-31": "1322.40000", "2014-12-31": "1456.40000", "2014-09-30": "1582.20000", "2014-06-30": "1697.60000", "2014-03-31": "1705.90000", "2013-12-31": "1690.40000", "2013-09-30": "1690.80000", "2013-06-30": "1654.70000", "2013-03-31": "1677.40000", "2012-12-31": "1719.70000", "2012-09-30": "1706.70000", "2012-06-30": "1689.60000", "2012-03-31": "1797.00000", "2011-12-31": "1752.40000", "2011-09-30": "1831.00000", "2011-06-30": "515.30000", "2011-03-31": "508.60000", "2010-12-31": "633.30000", "2010-09-30": "496.20000", "2010-06-30": "469.90000", "2010-03-31": "491.50000", "2009-12-31": "511.10000", "2009-09-30": "564.70000", "2009-06-30": "476.30000", "2009-03-31": "451.10000", "2008-12-31": "386.30000", "2008-09-30": "950.40000", "2008-06-30": "1010.60000", "2008-03-31": "1022.30000", "2007-12-31": "699.00000", "2007-09-30": "637.80000", "2007-06-30": "636.30000", "2007-03-31": "635.60000", "2006-12-31": "632.80000", "2006-09-30": "611.30000", "2006-06-30": "602.60000", "2006-03-31": "561.70000", "2005-12-31": "555.70000", "2005-09-30": "618.60000", "2005-06-30": "624.20000", "2005-03-31": "647.50000"}, "Other Long-Term Assets": {"2020-09-30": "476.70000", "2020-06-30": "486.40000", "2020-03-31": "489.90000", "2019-12-31": "506.90000", "2019-09-30": "377.40000", "2019-06-30": "427.10000", "2019-03-31": "418.60000", "2018-12-31": "469.00000", "2018-09-30": "438.60000", "2018-06-30": "434.20000", "2018-03-31": "453.20000", "2017-12-31": "481.10000", "2017-09-30": "558.40000", "2017-06-30": "549.20000", "2017-03-31": "551.60000", "2016-12-31": "1723.60000", "2016-09-30": "1823.10000", "2016-06-30": "1719.20000", "2016-03-31": "570.30000", "2015-12-31": "1622.20000", "2015-09-30": "516.60000", "2015-06-30": "474.70000", "2015-03-31": "404.30000", "2014-12-31": "425.10000", "2014-09-30": "430.30000", "2014-06-30": "418.10000", "2014-03-31": "426.20000", "2013-12-31": "401.90000", "2013-09-30": "401.80000", "2013-06-30": "411.60000", "2013-03-31": "413.00000", "2012-12-31": "410.80000", "2012-09-30": "380.80000", "2012-06-30": "360.60000", "2012-03-31": "351.80000", "2011-12-31": "422.30000", "2011-09-30": "380.50000", "2011-06-30": "446.70000", "2011-03-31": "418.20000", "2010-12-31": "250.20000", "2010-09-30": "369.50000", "2010-06-30": "356.70000", "2010-03-31": "326.70000", "2009-12-31": "322.80000", "2009-09-30": "406.40000", "2009-06-30": "365.60000", "2009-03-31": "377.20000", "2008-12-31": "337.20000", "2008-09-30": "359.60000", "2008-06-30": "338.20000", "2008-03-31": "321.60000", "2007-12-31": "277.90000", "2007-09-30": "218.90000", "2007-06-30": "205.10000", "2007-03-31": "195.60000", "2006-12-31": "209.30000", "2006-09-30": "253.90000", "2006-06-30": "267.20000", "2006-03-31": "253.00000", "2005-12-31": "251.40000", "2005-09-30": "283.50000", "2005-06-30": "277.50000", "2005-03-31": "280.10000"}, "Total Long-Term Assets": {"2020-09-30": "1154.10000", "2020-06-30": "1157.20000", "2020-03-31": "1149.10000", "2019-12-31": "1175.90000", "2019-09-30": "1125.80000", "2019-06-30": "1163.50000", "2019-03-31": "1146.80000", "2018-12-31": "1062.90000", "2018-09-30": "1049.30000", "2018-06-30": "1046.00000", "2018-03-31": "1080.40000", "2017-12-31": "1079.50000", "2017-09-30": "1145.60000", "2017-06-30": "1356.40000", "2017-03-31": "1565.40000", "2016-12-31": "2306.30000", "2016-09-30": "2648.90000", "2016-06-30": "2547.10000", "2016-03-31": "2577.30000", "2015-12-31": "2475.80000", "2015-09-30": "2529.70000", "2015-06-30": "2522.60000", "2015-03-31": "2374.60000", "2014-12-31": "2571.80000", "2014-09-30": "2752.00000", "2014-06-30": "2892.20000", "2014-03-31": "2933.80000", "2013-12-31": "2897.30000", "2013-09-30": "2886.00000", "2013-06-30": "2846.40000", "2013-03-31": "2882.10000", "2012-12-31": "2948.80000", "2012-09-30": "2959.10000", "2012-06-30": "2919.30000", "2012-03-31": "3053.80000", "2011-12-31": "3010.20000", "2011-09-30": "3154.90000", "2011-06-30": "1636.50000", "2011-03-31": "1603.30000", "2010-12-31": "1547.50000", "2010-09-30": "1547.30000", "2010-06-30": "1504.80000", "2010-03-31": "1602.00000", "2009-12-31": "1799.20000", "2009-09-30": "1783.50000", "2009-06-30": "1435.20000", "2009-03-31": "1397.60000", "2008-12-31": "1404.50000", "2008-09-30": "1882.90000", "2008-06-30": "1949.60000", "2008-03-31": "1942.40000", "2007-12-31": "1539.40000", "2007-09-30": "1425.40000", "2007-06-30": "1384.80000", "2007-03-31": "1360.80000", "2006-12-31": "1353.10000", "2006-09-30": "1351.00000", "2006-06-30": "1403.00000", "2006-03-31": "1316.90000", "2005-12-31": "1296.80000", "2005-09-30": "1422.30000", "2005-06-30": "1437.70000", "2005-03-31": "1504.00000"}, "Total Assets": {"2020-09-30": "2915.20000", "2020-06-30": "2864.30000", "2020-03-31": "3114.70000", "2019-12-31": "3195.60000", "2019-09-30": "3160.70000", "2019-06-30": "3603.10000", "2019-03-31": "3654.80000", "2018-12-31": "3485.90000", "2018-09-30": "3339.40000", "2018-06-30": "3337.10000", "2018-03-31": "3420.10000", "2017-12-31": "3462.50000", "2017-09-30": "3602.70000", "2017-06-30": "3760.00000", "2017-03-31": "4163.10000", "2016-12-31": "5006.80000", "2016-09-30": "5569.30000", "2016-06-30": "5613.80000", "2016-03-31": "5737.50000", "2015-12-31": "5616.00000", "2015-09-30": "5878.90000", "2015-06-30": "6006.90000", "2015-03-31": "5734.10000", "2014-12-31": "5928.00000", "2014-09-30": "6289.70000", "2014-06-30": "6704.60000", "2014-03-31": "6677.40000", "2013-12-31": "6536.70000", "2013-09-30": "6489.50000", "2013-06-30": "6555.00000", "2013-03-31": "6751.80000", "2012-12-31": "6746.20000", "2012-09-30": "6754.30000", "2012-06-30": "7087.50000", "2012-03-31": "7346.30000", "2011-12-31": "7063.40000", "2011-09-30": "7326.70000", "2011-06-30": "5482.90000", "2011-03-31": "5412.90000", "2010-12-31": "5516.40000", "2010-09-30": "5706.70000", "2010-06-30": "5573.30000", "2010-03-31": "5996.10000", "2009-12-31": "5713.80000", "2009-09-30": "5907.70000", "2009-06-30": "5377.20000", "2009-03-31": "4920.80000", "2008-12-31": "5445.40000", "2008-09-30": "6486.10000", "2008-06-30": "6993.80000", "2008-03-31": "6731.30000", "2007-12-31": "6316.30000", "2007-09-30": "5489.00000", "2007-06-30": "5280.60000", "2007-03-31": "4950.60000", "2006-12-31": "4785.90000", "2006-09-30": "4593.00000", "2006-06-30": "4819.10000", "2006-03-31": "4441.30000", "2005-12-31": "4200.30000", "2005-09-30": "4187.20000", "2005-06-30": "4196.90000", "2005-03-31": "4189.00000"}, "Total Current Liabilities": {"2020-09-30": "681.00000", "2020-06-30": "675.60000", "2020-03-31": "775.60000", "2019-12-31": "872.40000", "2019-09-30": "922.30000", "2019-06-30": "1102.00000", "2019-03-31": "1103.20000", "2018-12-31": "1214.70000", "2018-09-30": "1030.10000", "2018-06-30": "1084.80000", "2018-03-31": "1034.60000", "2017-12-31": "1035.50000", "2017-09-30": "1013.60000", "2017-06-30": "1020.70000", "2017-03-31": "1277.70000", "2016-12-31": "1407.00000", "2016-09-30": "1475.40000", "2016-06-30": "1524.80000", "2016-03-31": "1634.60000", "2015-12-31": "1458.60000", "2015-09-30": "1592.40000", "2015-06-30": "1670.20000", "2015-03-31": "1693.60000", "2014-12-31": "1643.10000", "2014-09-30": "1768.20000", "2014-06-30": "1995.30000", "2014-03-31": "1838.60000", "2013-12-31": "1724.70000", "2013-09-30": "1827.90000", "2013-06-30": "1839.00000", "2013-03-31": "1799.90000", "2012-12-31": "1708.80000", "2012-09-30": "1759.80000", "2012-06-30": "1798.20000", "2012-03-31": "1977.90000", "2011-12-31": "1890.90000", "2011-09-30": "2023.40000", "2011-06-30": "1538.80000", "2011-03-31": "1485.20000", "2010-12-31": "1674.20000", "2010-09-30": "1539.80000", "2010-06-30": "1388.40000", "2010-03-31": "1429.00000", "2009-12-31": "1554.70000", "2009-09-30": "1601.70000", "2009-06-30": "1312.00000", "2009-03-31": "1426.70000", "2008-12-31": "1824.60000", "2008-09-30": "2174.50000", "2008-06-30": "2520.90000", "2008-03-31": "2363.50000", "2007-12-31": "2175.30000", "2007-09-30": "2011.00000", "2007-06-30": "2057.80000", "2007-03-31": "1916.70000", "2006-12-31": "2027.20000", "2006-09-30": "1820.00000", "2006-06-30": "2113.10000", "2006-03-31": "1641.30000", "2005-12-31": "1524.60000", "2005-09-30": "1542.50000", "2005-06-30": "1585.00000", "2005-03-31": "1557.70000"}, "Long Term Debt": {"2020-09-30": "1167.00000", "2020-06-30": "1167.40000", "2020-03-31": "1338.10000", "2019-12-31": "1168.80000", "2019-09-30": "1166.60000", "2019-06-30": "1341.70000", "2019-03-31": "1467.30000", "2018-12-31": "1210.60000", "2018-09-30": "1128.20000", "2018-06-30": "1089.00000", "2018-03-31": "1077.80000", "2017-12-31": "979.60000", "2017-09-30": "980.00000", "2017-06-30": "980.30000", "2017-03-31": "979.60000", "2016-12-31": "1562.00000", "2016-09-30": "1653.00000", "2016-06-30": "1679.50000", "2016-03-31": "1668.90000", "2015-12-31": "1729.80000", "2015-09-30": "1814.20000", "2015-06-30": "1834.00000", "2015-03-31": "1712.70000", "2014-12-31": "1636.30000", "2014-09-30": "1691.50000", "2014-06-30": "1731.80000", "2014-03-31": "1984.00000", "2013-12-31": "1889.90000", "2013-09-30": "1815.40000", "2013-06-30": "1800.10000", "2013-03-31": "2006.70000", "2012-12-31": "2014.90000", "2012-09-30": "1984.80000", "2012-06-30": "2342.30000", "2012-03-31": "2365.20000", "2011-12-31": "2223.40000", "2011-09-30": "2242.00000", "2011-06-30": "1352.60000", "2011-03-31": "1354.30000", "2010-12-31": "1339.50000", "2010-09-30": "1656.40000", "2010-06-30": "1901.10000", "2010-03-31": "1904.40000", "2009-12-31": "1892.70000", "2009-09-30": "1912.10000", "2009-06-30": "1685.20000", "2009-03-31": "1445.20000", "2008-12-31": "1396.40000", "2008-09-30": "1533.20000", "2008-06-30": "1319.80000", "2008-03-31": "1346.50000", "2007-12-31": "1319.50000", "2007-09-30": "678.00000", "2007-06-30": "627.20000", "2007-03-31": "661.20000", "2006-12-31": "536.10000", "2006-09-30": "749.80000", "2006-06-30": "760.40000", "2006-03-31": "1070.30000", "2005-12-31": "1075.80000", "2005-09-30": "1093.10000", "2005-06-30": "1102.30000", "2005-03-31": "1101.10000"}, "Other Non-Current Liabilities": {"2020-09-30": "214.50000", "2020-06-30": "220.90000", "2020-03-31": "214.80000", "2019-12-31": "222.10000", "2019-09-30": "38.20000", "2019-06-30": "128.00000", "2019-03-31": "126.00000", "2018-12-31": "199.60000", "2018-09-30": "67.10000", "2018-06-30": "71.60000", "2018-03-31": "76.80000", "2017-12-31": "73.60000", "2017-09-30": "68.80000", "2017-06-30": "60.50000", "2017-03-31": "56.60000", "2016-12-31": "362.80000", "2016-09-30": "377.10000", "2016-06-30": "368.40000", "2016-03-31": "157.30000", "2015-12-31": "358.60000", "2015-09-30": "147.80000", "2015-06-30": "150.40000", "2015-03-31": "155.70000", "2014-12-31": "177.00000", "2014-09-30": "232.50000", "2014-06-30": "231.20000", "2014-03-31": "246.90000", "2013-12-31": "259.50000", "2013-09-30": "239.40000", "2013-06-30": "285.40000", "2013-03-31": "294.90000", "2012-12-31": "308.00000", "2012-09-30": "370.20000", "2012-06-30": "376.10000", "2012-03-31": "388.10000", "2011-12-31": "416.10000", "2011-09-30": "", "2011-06-30": "", "2011-03-31": "", "2010-12-31": "236.30000", "2010-09-30": "", "2010-06-30": "", "2010-03-31": "", "2009-12-31": "", "2009-09-30": "", "2009-06-30": "", "2009-03-31": "", "2008-12-31": "", "2008-09-30": "", "2008-06-30": "", "2008-03-31": "", "2007-12-31": "", "2007-09-30": "", "2007-06-30": "", "2007-03-31": "", "2006-12-31": "", "2006-09-30": "431.50000", "2006-06-30": "455.10000", "2006-03-31": "455.60000", "2005-12-31": "", "2005-09-30": "401.50000", "2005-06-30": "405.10000", "2005-03-31": "419.40000"}, "Total Long Term Liabilities": {"2020-09-30": "1381.50000", "2020-06-30": "1388.30000", "2020-03-31": "1552.90000", "2019-12-31": "1390.90000", "2019-09-30": "1372.10000", "2019-06-30": "1640.50000", "2019-03-31": "1769.30000", "2018-12-31": "1410.20000", "2018-09-30": "1334.60000", "2018-06-30": "1304.20000", "2018-03-31": "1306.60000", "2017-12-31": "1204.50000", "2017-09-30": "1208.80000", "2017-06-30": "1199.10000", "2017-03-31": "1189.70000", "2016-12-31": "2078.60000", "2016-09-30": "2180.30000", "2016-06-30": "2199.50000", "2016-03-31": "2213.70000", "2015-12-31": "2245.40000", "2015-09-30": "2360.80000", "2015-06-30": "2387.10000", "2015-03-31": "2259.20000", "2014-12-31": "2245.80000", "2014-09-30": "2272.90000", "2014-06-30": "2346.80000", "2014-03-31": "2624.30000", "2013-12-31": "2597.20000", "2013-09-30": "2541.60000", "2013-06-30": "2734.00000", "2013-03-31": "2964.60000", "2012-12-31": "3006.10000", "2012-09-30": "2920.40000", "2012-06-30": "3277.70000", "2012-03-31": "3098.90000", "2011-12-31": "2984.10000", "2011-09-30": "3034.50000", "2011-06-30": "1736.90000", "2011-03-31": "1741.00000", "2010-12-31": "1730.80000", "2010-09-30": "2081.80000", "2010-06-30": "2283.90000", "2010-03-31": "2443.00000", "2009-12-31": "2484.70000", "2009-09-30": "2463.50000", "2009-06-30": "2186.50000", "2009-03-31": "1904.60000", "2008-12-31": "1876.90000", "2008-09-30": "2008.70000", "2008-06-30": "1808.30000", "2008-03-31": "1829.70000", "2007-12-31": "1797.80000", "2007-09-30": "1223.60000", "2007-06-30": "1149.40000", "2007-03-31": "1182.00000", "2006-12-31": "1007.70000", "2006-09-30": "1181.30000", "2006-06-30": "1215.50000", "2006-03-31": "1525.90000", "2005-12-31": "1514.70000", "2005-09-30": "1494.60000", "2005-06-30": "1507.40000", "2005-03-31": "1520.50000"}, "Total Liabilities": {"2020-09-30": "2062.50000", "2020-06-30": "2063.90000", "2020-03-31": "2328.50000", "2019-12-31": "2263.30000", "2019-09-30": "2294.40000", "2019-06-30": "2742.50000", "2019-03-31": "2872.50000", "2018-12-31": "2624.90000", "2018-09-30": "2364.70000", "2018-06-30": "2389.00000", "2018-03-31": "2341.20000", "2017-12-31": "2240.00000", "2017-09-30": "2222.40000", "2017-06-30": "2219.80000", "2017-03-31": "2467.40000", "2016-12-31": "3485.60000", "2016-09-30": "3655.70000", "2016-06-30": "3724.30000", "2016-03-31": "3848.30000", "2015-12-31": "3704.00000", "2015-09-30": "3953.20000", "2015-06-30": "4057.30000", "2015-03-31": "3952.80000", "2014-12-31": "3888.90000", "2014-09-30": "4041.10000", "2014-06-30": "4342.10000", "2014-03-31": "4462.90000", "2013-12-31": "4321.90000", "2013-09-30": "4369.50000", "2013-06-30": "4573.00000", "2013-03-31": "4764.50000", "2012-12-31": "4714.90000", "2012-09-30": "4680.20000", "2012-06-30": "5075.90000", "2012-03-31": "5076.80000", "2011-12-31": "4875.00000", "2011-09-30": "5057.90000", "2011-06-30": "3275.70000", "2011-03-31": "3226.20000", "2010-12-31": "3405.00000", "2010-09-30": "3621.60000", "2010-06-30": "3672.30000", "2010-03-31": "3872.00000", "2009-12-31": "4039.40000", "2009-09-30": "4065.20000", "2009-06-30": "3498.50000", "2009-03-31": "3331.30000", "2008-12-31": "3701.50000", "2008-09-30": "4183.20000", "2008-06-30": "4329.20000", "2008-03-31": "4193.20000", "2007-12-31": "3973.10000", "2007-09-30": "3234.60000", "2007-06-30": "3207.20000", "2007-03-31": "3098.70000", "2006-12-31": "3034.90000", "2006-09-30": "3001.30000", "2006-06-30": "3328.60000", "2006-03-31": "3167.20000", "2005-12-31": "3039.30000", "2005-09-30": "3037.10000", "2005-06-30": "3092.40000", "2005-03-31": "3078.20000"}, "Common Stock Net": {"2020-09-30": "0.90000", "2020-06-30": "0.90000", "2020-03-31": "0.90000", "2019-12-31": "0.80000", "2019-09-30": "0.80000", "2019-06-30": "0.80000", "2019-03-31": "0.80000", "2018-12-31": "0.80000", "2018-09-30": "1.30000", "2018-06-30": "1.30000", "2018-03-31": "1.30000", "2017-12-31": "1.30000", "2017-09-30": "1.30000", "2017-06-30": "1.30000", "2017-03-31": "1.30000", "2016-12-31": "1.30000", "2016-09-30": "1.30000", "2016-06-30": "1.30000", "2016-03-31": "1.30000", "2015-12-31": "1.30000", "2015-09-30": "1.30000", "2015-06-30": "1.30000", "2015-03-31": "1.30000", "2014-12-31": "1.20000", "2014-09-30": "1.20000", "2014-06-30": "1.20000", "2014-03-31": "1.20000", "2013-12-31": "1.20000", "2013-09-30": "1.20000", "2013-06-30": "1.20000", "2013-03-31": "1.20000", "2012-12-31": "1.20000", "2012-09-30": "1.20000", "2012-06-30": "1.20000", "2012-03-31": "1.20000", "2011-12-31": "1.20000", "2011-09-30": "1.20000", "2011-06-30": "1.20000", "2011-03-31": "1.20000", "2010-12-31": "1.20000", "2010-09-30": "1.20000", "2010-06-30": "1.20000", "2010-03-31": "1.20000", "2009-12-31": "1.20000", "2009-09-30": "1.20000", "2009-06-30": "1.20000", "2009-03-31": "1.10000", "2008-12-31": "1.10000", "2008-09-30": "1.10000", "2008-06-30": "1.10000", "2008-03-31": "1.10000", "2007-12-31": "1.10000", "2007-09-30": "1.10000", "2007-06-30": "1.10000", "2007-03-31": "1.10000", "2006-12-31": "1.00000", "2006-09-30": "1.00000", "2006-06-30": "0.50000", "2006-03-31": "0.50000", "2005-12-31": "0.50000", "2005-09-30": "0.50000", "2005-06-30": "0.50000", "2005-03-31": "0.50000"}, "Retained Earnings (Accumulated Deficit)": {"2020-09-30": "732.60000", "2020-06-30": "726.90000", "2020-03-31": "736.00000", "2019-12-31": "771.40000", "2019-09-30": "754.90000", "2019-06-30": "741.50000", "2019-03-31": "674.40000", "2018-12-31": "749.00000", "2018-09-30": "2121.90000", "2018-06-30": "2090.90000", "2018-03-31": "2040.80000", "2017-12-31": "1995.90000", "2017-09-30": "2029.50000", "2017-06-30": "1977.60000", "2017-03-31": "1884.50000", "2016-12-31": "1897.90000", "2016-09-30": "2172.50000", "2016-06-30": "2083.40000", "2016-03-31": "2026.10000", "2015-12-31": "2104.60000", "2015-09-30": "2094.60000", "2015-06-30": "2057.60000", "2015-03-31": "1979.30000", "2014-12-31": "1984.90000", "2014-09-30": "1910.30000", "2014-06-30": "1851.70000", "2014-03-31": "1717.60000", "2013-12-31": "1688.10000", "2013-09-30": "1607.30000", "2013-06-30": "1512.90000", "2013-03-31": "1491.60000", "2012-12-31": "1467.70000", "2012-09-30": "1501.00000", "2012-06-30": "1472.10000", "2012-03-31": "1384.90000", "2011-12-31": "1361.90000", "2011-09-30": "1364.80000", "2011-06-30": "1327.90000", "2011-03-31": "1328.40000", "2010-12-31": "1316.70000", "2010-09-30": "1362.00000", "2010-06-30": "1457.80000", "2010-03-31": "1498.10000", "2009-12-31": "958.20000", "2009-09-30": "1101.00000", "2009-06-30": "1204.10000", "2009-03-31": "1281.80000", "2008-12-31": "1356.60000", "2008-09-30": "1778.10000", "2008-06-30": "1684.30000", "2008-03-31": "1448.00000", "2007-12-31": "1284.70000", "2007-09-30": "1110.70000", "2007-06-30": "959.20000", "2007-03-31": "784.60000", "2006-12-31": "707.30000", "2006-09-30": "606.40000", "2006-06-30": "505.40000", "2006-03-31": "386.20000", "2005-12-31": "307.40000", "2005-09-30": "272.60000", "2005-06-30": "220.70000", "2005-03-31": "149.50000"}, "Comprehensive Income": {"2020-09-30": "-253.90000", "2020-06-30": "-294.80000", "2020-03-31": "-313.70000", "2019-12-31": "-257.50000", "2019-09-30": "-300.30000", "2019-06-30": "-287.30000", "2019-03-31": "-287.10000", "2018-12-31": "-284.80000", "2018-09-30": "-304.30000", "2018-06-30": "-288.20000", "2018-03-31": "-213.30000", "2017-12-31": "-239.50000", "2017-09-30": "-261.60000", "2017-06-30": "-293.60000", "2017-03-31": "-351.30000", "2016-12-31": "-779.40000", "2016-09-30": "-653.80000", "2016-06-30": "-656.30000", "2016-03-31": "-591.20000", "2015-12-31": "-649.60000", "2015-09-30": "-620.20000", "2015-06-30": "-548.70000", "2015-03-31": "-629.60000", "2014-12-31": "-429.80000", "2014-09-30": "-246.20000", "2014-06-30": "-75.40000", "2014-03-31": "-100.20000", "2013-12-31": "-116.50000", "2013-09-30": "-146.20000", "2013-06-30": "-235.80000", "2013-03-31": "-203.00000", "2012-12-31": "-124.10000", "2012-09-30": "-108.60000", "2012-06-30": "-152.10000", "2012-03-31": "-62.40000", "2011-12-31": "-125.50000", "2011-09-30": "-47.90000", "2011-06-30": "180.10000", "2011-03-31": "165.90000", "2010-12-31": "100.40000", "2010-09-30": "40.90000", "2010-06-30": "-230.80000", "2010-03-31": "-41.60000", "2009-12-31": "36.00000", "2009-09-30": "66.50000", "2009-06-30": "11.10000", "2009-03-31": "-156.70000", "2008-12-31": "-82.30000", "2008-09-30": "86.50000", "2008-06-30": "354.90000", "2008-03-31": "337.30000", "2007-12-31": "256.60000", "2007-09-30": "267.80000", "2007-06-30": "204.20000", "2007-03-31": "165.80000", "2006-12-31": "155.20000", "2006-09-30": "113.30000", "2006-06-30": "125.50000", "2006-03-31": "47.90000", "2005-12-31": "26.20000", "2005-09-30": "60.80000", "2005-06-30": "70.40000", "2005-03-31": "150.00000"}, "Other Share Holders Equity": {"2020-09-30": "", "2020-06-30": "", "2020-03-31": "", "2019-12-31": "", "2019-09-30": "", "2019-06-30": "", "2019-03-31": "", "2018-12-31": "", "2018-09-30": "", "2018-06-30": "", "2018-03-31": "", "2017-12-31": "", "2017-09-30": "", "2017-06-30": "", "2017-03-31": "", "2016-12-31": "", "2016-09-30": "", "2016-06-30": "", "2016-03-31": "", "2015-12-31": "", "2015-09-30": "", "2015-06-30": "", "2015-03-31": "", "2014-12-31": "", "2014-09-30": "", "2014-06-30": "", "2014-03-31": "", "2013-12-31": "", "2013-09-30": "", "2013-06-30": "", "2013-03-31": "", "2012-12-31": "", "2012-09-30": "", "2012-06-30": "", "2012-03-31": "", "2011-12-31": "", "2011-09-30": "", "2011-06-30": "", "2011-03-31": "", "2010-12-31": "", "2010-09-30": "", "2010-06-30": "", "2010-03-31": "", "2009-12-31": "", "2009-09-30": "", "2009-06-30": "", "2009-03-31": "", "2008-12-31": "", "2008-09-30": "", "2008-06-30": "", "2008-03-31": "", "2007-12-31": "", "2007-09-30": "", "2007-06-30": "", "2007-03-31": "", "2006-12-31": "", "2006-09-30": "", "2006-06-30": "", "2006-03-31": "", "2005-12-31": "", "2005-09-30": "", "2005-06-30": "", "2005-03-31": ""}, "Share Holder Equity": {"2020-09-30": "852.70000", "2020-06-30": "800.40000", "2020-03-31": "786.20000", "2019-12-31": "932.30000", "2019-09-30": "866.30000", "2019-06-30": "860.60000", "2019-03-31": "782.30000", "2018-12-31": "861.00000", "2018-09-30": "974.70000", "2018-06-30": "948.10000", "2018-03-31": "1078.90000", "2017-12-31": "1222.50000", "2017-09-30": "1380.30000", "2017-06-30": "1540.20000", "2017-03-31": "1695.70000", "2016-12-31": "1521.20000", "2016-09-30": "1913.60000", "2016-06-30": "1889.50000", "2016-03-31": "1889.20000", "2015-12-31": "1912.00000", "2015-09-30": "1925.70000", "2015-06-30": "1949.60000", "2015-03-31": "1781.30000", "2014-12-31": "2039.10000", "2014-09-30": "2248.60000", "2014-06-30": "2362.50000", "2014-03-31": "2214.50000", "2013-12-31": "2214.80000", "2013-09-30": "2120.00000", "2013-06-30": "1982.00000", "2013-03-31": "1987.30000", "2012-12-31": "2031.30000", "2012-09-30": "2074.10000", "2012-06-30": "2011.60000", "2012-03-31": "2269.50000", "2011-12-31": "2188.40000", "2011-09-30": "2268.80000", "2011-06-30": "2207.20000", "2011-03-31": "2186.70000", "2010-12-31": "2111.40000", "2010-09-30": "2085.10000", "2010-06-30": "1901.00000", "2010-03-31": "2124.10000", "2009-12-31": "1674.40000", "2009-09-30": "1842.50000", "2009-06-30": "1878.70000", "2009-03-31": "1589.50000", "2008-12-31": "1743.90000", "2008-09-30": "2302.90000", "2008-06-30": "2664.60000", "2008-03-31": "2538.10000", "2007-12-31": "2343.20000", "2007-09-30": "2254.40000", "2007-06-30": "2073.40000", "2007-03-31": "1851.90000", "2006-12-31": "1751.00000", "2006-09-30": "1591.70000", "2006-06-30": "1490.50000", "2006-03-31": "1274.10000", "2005-12-31": "1161.00000", "2005-09-30": "1150.10000", "2005-06-30": "1104.50000", "2005-03-31": "1110.80000"}, "Total Liabilities And Share Holders Equity": {"2020-09-30": "2915.20000", "2020-06-30": "2864.30000", "2020-03-31": "3114.70000", "2019-12-31": "3195.60000", "2019-09-30": "3160.70000", "2019-06-30": "3603.10000", "2019-03-31": "3654.80000", "2018-12-31": "3485.90000", "2018-09-30": "3339.40000", "2018-06-30": "3337.10000", "2018-03-31": "3420.10000", "2017-12-31": "3462.50000", "2017-09-30": "3602.70000", "2017-06-30": "3760.00000", "2017-03-31": "4163.10000", "2016-12-31": "5006.80000", "2016-09-30": "5569.30000", "2016-06-30": "5613.80000", "2016-03-31": "5737.50000", "2015-12-31": "5616.00000", "2015-09-30": "5878.90000", "2015-06-30": "6006.90000", "2015-03-31": "5734.10000", "2014-12-31": "5928.00000", "2014-09-30": "6289.70000", "2014-06-30": "6704.60000", "2014-03-31": "6677.40000", "2013-12-31": "6536.70000", "2013-09-30": "6489.50000", "2013-06-30": "6555.00000", "2013-03-31": "6751.80000", "2012-12-31": "6746.20000", "2012-09-30": "6754.30000", "2012-06-30": "7087.50000", "2012-03-31": "7346.30000", "2011-12-31": "7063.40000", "2011-09-30": "7326.70000", "2011-06-30": "5482.90000", "2011-03-31": "5412.90000", "2010-12-31": "5516.40000", "2010-09-30": "5706.70000", "2010-06-30": "5573.30000", "2010-03-31": "5996.10000", "2009-12-31": "5713.80000", "2009-09-30": "5907.70000", "2009-06-30": "5377.20000", "2009-03-31": "4920.80000", "2008-12-31": "5445.40000", "2008-09-30": "6486.10000", "2008-06-30": "6993.80000", "2008-03-31": "6731.30000", "2007-12-31": "6316.30000", "2007-09-30": "5489.00000", "2007-06-30": "5280.60000", "2007-03-31": "4950.60000", "2006-12-31": "4785.90000", "2006-09-30": "4593.00000", "2006-06-30": "4819.10000", "2006-03-31": "4441.30000", "2005-12-31": "4200.30000", "2005-09-30": "4187.20000", "2005-06-30": "4196.90000", "2005-03-31": "4189.00000"}}, "cash flow statement": {"Net Income/Loss": {"2019-12-31": "54.40000", "2018-12-31": "113.70000", "2017-12-31": "128.70000", "2016-12-31": "-175.50000", "2015-12-31": "149.00000", "2014-12-31": "319.50000", "2013-12-31": "220.90000", "2012-12-31": "103.60000", "2011-12-31": "40.70000", "2010-12-31": "362.50000", "2009-12-31": "-397.30000", "2008-12-31": "75.70000", "2007-12-31": "619.20000", "2006-12-31": "399.90000", "2005-12-31": "188.50000"}, "Total Depreciation And Amortization - Cash Flow": {"2019-12-31": "49.60000", "2018-12-31": "59.70000", "2017-12-31": "66.50000", "2016-12-31": "96.70000", "2015-12-31": "132.40000", "2014-12-31": "165.50000", "2013-12-31": "152.30000", "2012-12-31": "153.00000", "2011-12-31": "126.60000", "2010-12-31": "104.80000", "2009-12-31": "93.40000", "2008-12-31": "80.30000", "2007-12-31": "68.00000", "2006-12-31": "73.00000", "2005-12-31": "75.60000"}, "Other Non-Cash Items": {"2019-12-31": "102.50000", "2018-12-31": "94.50000", "2017-12-31": "-21.20000", "2016-12-31": "93.80000", "2015-12-31": "118.80000", "2014-12-31": "32.10000", "2013-12-31": "101.60000", "2012-12-31": "166.70000", "2011-12-31": "-52.10000", "2010-12-31": "-332.60000", "2009-12-31": "-19.60000", "2008-12-31": "366.20000", "2007-12-31": "-52.60000", "2006-12-31": "103.70000", "2005-12-31": "30.20000"}, "Total Non-Cash Items": {"2019-12-31": "152.10000", "2018-12-31": "154.20000", "2017-12-31": "45.30000", "2016-12-31": "190.50000", "2015-12-31": "251.20000", "2014-12-31": "197.60000", "2013-12-31": "253.90000", "2012-12-31": "319.70000", "2011-12-31": "74.50000", "2010-12-31": "-227.80000", "2009-12-31": "73.80000", "2008-12-31": "446.50000", "2007-12-31": "15.40000", "2006-12-31": "176.70000", "2005-12-31": "105.80000"}, "Change In Accounts Receivable": {"2019-12-31": "176.10000", "2018-12-31": "-107.90000", "2017-12-31": "-0.50000", "2016-12-31": "33.00000", "2015-12-31": "74.10000", "2014-12-31": "-4.20000", "2013-12-31": "-153.10000", "2012-12-31": "122.50000", "2011-12-31": "-181.20000", "2010-12-31": "-215.10000", "2009-12-31": "293.70000", "2008-12-31": "183.60000", "2007-12-31": "-169.20000", "2006-12-31": "-214.20000", "2005-12-31": "-100.90000"}, "Change In Inventories": {"2019-12-31": "67.90000", "2018-12-31": "-253.90000", "2017-12-31": "0.50000", "2016-12-31": "157.50000", "2015-12-31": "-90.60000", "2014-12-31": "-27.10000", "2013-12-31": "-70.40000", "2012-12-31": "-55.00000", "2011-12-31": "-26.10000", "2010-12-31": "-194.20000", "2009-12-31": "448.30000", "2008-12-31": "-275.30000", "2007-12-31": "-253.80000", "2006-12-31": "-168.50000", "2005-12-31": "-128.30000"}, "Change In Accounts Payable": {"2019-12-31": "-220.10000", "2018-12-31": "213.20000", "2017-12-31": "25.00000", "2016-12-31": "-21.00000", "2015-12-31": "41.70000", "2014-12-31": "85.80000", "2013-12-31": "86.90000", "2012-12-31": "-126.30000", "2011-12-31": "64.60000", "2010-12-31": "36.10000", "2009-12-31": "-392.80000", "2008-12-31": "-175.30000", "2007-12-31": "114.20000", "2006-12-31": "103.00000", "2005-12-31": "89.00000"}, "Change In Assets/Liabilities": {"2019-12-31": "-57.00000", "2018-12-31": "-25.10000", "2017-12-31": "-46.00000", "2016-12-31": "192.60000", "2015-12-31": "-214.00000", "2014-12-31": "-92.60000", "2013-12-31": "-62.90000", "2012-12-31": "65.50000", "2011-12-31": "-62.50000", "2010-12-31": "-213.60000", "2009-12-31": "-64.10000", "2008-12-31": "-25.90000", "2007-12-31": "46.40000", "2006-12-31": "43.20000", "2005-12-31": "12.80000"}, "Total Change In Assets/Liabilities": {"2019-12-31": "-33.10000", "2018-12-31": "-173.70000", "2017-12-31": "-21.00000", "2016-12-31": "362.10000", "2015-12-31": "-172.70000", "2014-12-31": "-106.40000", "2013-12-31": "-280.20000", "2012-12-31": "-138.10000", "2011-12-31": "-124.60000", "2010-12-31": "-730.40000", "2009-12-31": "222.00000", "2008-12-31": "-328.60000", "2007-12-31": "-248.00000", "2006-12-31": "-182.20000", "2005-12-31": "-50.50000"}, "Cash Flow From Operating Activities": {"2019-12-31": "173.40000", "2018-12-31": "94.20000", "2017-12-31": "153.00000", "2016-12-31": "377.10000", "2015-12-31": "227.50000", "2014-12-31": "410.70000", "2013-12-31": "188.50000", "2012-12-31": "292.30000", "2011-12-31": "22.70000", "2010-12-31": "-610.10000", "2009-12-31": "-40.60000", "2008-12-31": "176.20000", "2007-12-31": "258.20000", "2006-12-31": "492.30000", "2005-12-31": "273.40000"}, "Net Change In Property, Plant, And Equipment": {"2019-12-31": "-104.60000", "2018-12-31": "-101.00000", "2017-12-31": "-23.30000", "2016-12-31": "-5.80000", "2015-12-31": "-100.70000", "2014-12-31": "-38.20000", "2013-12-31": "-36.70000", "2012-12-31": "-47.90000", "2011-12-31": "-79.10000", "2010-12-31": "-45.00000", "2009-12-31": "-44.30000", "2008-12-31": "-83.00000", "2007-12-31": "-81.50000", "2006-12-31": "-66.80000", "2005-12-31": "-47.00000"}, "Net Change In Intangible Assets": {"2019-12-31": "", "2018-12-31": "", "2017-12-31": "", "2016-12-31": "", "2015-12-31": "", "2014-12-31": "", "2013-12-31": "", "2012-12-31": "", "2011-12-31": "", "2010-12-31": "", "2009-12-31": "", "2008-12-31": "", "2007-12-31": "", "2006-12-31": "", "2005-12-31": ""}, "Net Acquisitions/Divestitures": {"2019-12-31": "177.70000", "2018-12-31": "2.50000", "2017-12-31": "775.70000", "2016-12-31": "-3.50000", "2015-12-31": "-71.40000", "2014-12-31": "154.80000", "2013-12-31": "0.70000", "2012-12-31": "3.50000", "2011-12-31": "-495.60000", "2010-12-31": "989.20000", "2009-12-31": "-9.80000", "2008-12-31": "-481.50000", "2007-12-31": "-11.20000", "2006-12-31": "22.00000", "2005-12-31": "-5.10000"}, "Net Change In Short-term Investments": {"2019-12-31": "", "2018-12-31": "", "2017-12-31": "", "2016-12-31": "", "2015-12-31": "", "2014-12-31": "", "2013-12-31": "", "2012-12-31": "", "2011-12-31": "", "2010-12-31": "-21.10000", "2009-12-31": "0.00000", "2008-12-31": "0.00000", "2007-12-31": "", "2006-12-31": "", "2005-12-31": ""}, "Net Change In Long-Term Investments": {"2019-12-31": "30.70000", "2018-12-31": "19.30000", "2017-12-31": "783.20000", "2016-12-31": "", "2015-12-31": "", "2014-12-31": "-20.00000", "2013-12-31": "", "2012-12-31": "-24.10000", "2011-12-31": "-16.10000", "2010-12-31": "-19.30000", "2009-12-31": "", "2008-12-31": "", "2007-12-31": "-0.90000", "2006-12-31": "-7.10000", "2005-12-31": "-4.60000"}, "Net Change In Investments - Total": {"2019-12-31": "30.70000", "2018-12-31": "19.30000", "2017-12-31": "783.20000", "2016-12-31": "", "2015-12-31": "", "2014-12-31": "-20.00000", "2013-12-31": "", "2012-12-31": "-24.10000", "2011-12-31": "-16.10000", "2010-12-31": "-40.40000", "2009-12-31": "", "2008-12-31": "", "2007-12-31": "-0.90000", "2006-12-31": "-7.10000", "2005-12-31": "-4.60000"}, "Investing Activities - Other": {"2019-12-31": "", "2018-12-31": "-6.70000", "2017-12-31": "", "2016-12-31": "-2.50000", "2015-12-31": "-0.60000", "2014-12-31": "-1.60000", "2013-12-31": "-1.40000", "2012-12-31": "-7.80000", "2011-12-31": "-1.70000", "2010-12-31": "", "2009-12-31": "", "2008-12-31": "", "2007-12-31": "", "2006-12-31": "", "2005-12-31": ""}, "Cash Flow From Investing Activities": {"2019-12-31": "103.80000", "2018-12-31": "-85.90000", "2017-12-31": "1535.60000", "2016-12-31": "-11.80000", "2015-12-31": "-172.70000", "2014-12-31": "95.00000", "2013-12-31": "-37.40000", "2012-12-31": "-76.30000", "2011-12-31": "-592.50000", "2010-12-31": "903.80000", "2009-12-31": "-54.10000", "2008-12-31": "-564.50000", "2007-12-31": "-93.60000", "2006-12-31": "-51.90000", "2005-12-31": "-56.70000"}, "Net Long-Term Debt": {"2019-12-31": "-43.90000", "2018-12-31": "232.20010", "2017-12-31": "-583.40000", "2016-12-31": "-188.60010", "2015-12-31": "65.00000", "2014-12-31": "-117.60010", "2013-12-31": "-146.60000", "2012-12-31": "-298.70000", "2011-12-31": "478.90000", "2010-12-31": "-291.60000", "2009-12-31": "429.30000", "2008-12-31": "", "2007-12-31": "600.00000", "2006-12-31": "-300.00000", "2005-12-31": ""}, "Net Current Debt": {"2019-12-31": "", "2018-12-31": "", "2017-12-31": "", "2016-12-31": "", "2015-12-31": "", "2014-12-31": "", "2013-12-31": "", "2012-12-31": "", "2011-12-31": "", "2010-12-31": "", "2009-12-31": "", "2008-12-31": "36.70000", "2007-12-31": "-22.30000", "2006-12-31": "-73.40000", "2005-12-31": "-35.50000"}, "Debt Issuance/Retirement Net - Total": {"2019-12-31": "-43.90000", "2018-12-31": "232.20010", "2017-12-31": "-583.40000", "2016-12-31": "-188.60010", "2015-12-31": "65.00000", "2014-12-31": "-117.60010", "2013-12-31": "-146.60000", "2012-12-31": "-298.70000", "2011-12-31": "478.90000", "2010-12-31": "-291.60000", "2009-12-31": "429.30000", "2008-12-31": "36.70000", "2007-12-31": "577.70000", "2006-12-31": "-373.40000", "2005-12-31": "-35.50000"}, "Net Common Equity Issued/Repurchased": {"2019-12-31": "-7.40000", "2018-12-31": "-427.50000", "2017-12-31": "-924.90000", "2016-12-31": "-82.70000", "2015-12-31": "-50.80000", "2014-12-31": "-171.20000", "2013-12-31": "-31.40000", "2012-12-31": "", "2011-12-31": "", "2010-12-31": "", "2009-12-31": "156.30000", "2008-12-31": "-395.50000", "2007-12-31": "-156.20000", "2006-12-31": "15.30000", "2005-12-31": "5.10000"}, "Net Total Equity Issued/Repurchased": {"2019-12-31": "-7.40000", "2018-12-31": "-427.50000", "2017-12-31": "-924.90000", "2016-12-31": "-82.70000", "2015-12-31": "-50.80000", "2014-12-31": "-171.20000", "2013-12-31": "-31.40000", "2012-12-31": "", "2011-12-31": "", "2010-12-31": "", "2009-12-31": "156.30000", "2008-12-31": "-395.50000", "2007-12-31": "-156.20000", "2006-12-31": "15.30000", "2005-12-31": "5.10000"}, "Total Common And Preferred Stock Dividends Paid": {"2019-12-31": "-31.40000", "2018-12-31": "-30.00000", "2017-12-31": "-29.50000", "2016-12-31": "-30.00000", "2015-12-31": "-25.80000", "2014-12-31": "-21.80000", "2013-12-31": "-24.00000", "2012-12-31": "-4.90000", "2011-12-31": "", "2010-12-31": "-3.40000", "2009-12-31": "-7.10000", "2008-12-31": "-2.60000", "2007-12-31": "", "2006-12-31": "", "2005-12-31": ""}, "Financial Activities - Other": {"2019-12-31": "-21.00000", "2018-12-31": "-19.60000", "2017-12-31": "-68.70000", "2016-12-31": "-8.90000", "2015-12-31": "-17.40000", "2014-12-31": "-86.10000", "2013-12-31": "-218.10000", "2012-12-31": "-19.70000", "2011-12-31": "-28.30000", "2010-12-31": "-20.70000", "2009-12-31": "-19.70000", "2008-12-31": "10.20000", "2007-12-31": "14.50000", "2006-12-31": "5.40000", "2005-12-31": "-18.60000"}, "Cash Flow From Financial Activities": {"2019-12-31": "-103.70000", "2018-12-31": "-244.90000", "2017-12-31": "-1606.50000", "2016-12-31": "-310.20000", "2015-12-31": "-29.00000", "2014-12-31": "-396.70000", "2013-12-31": "-420.10000", "2012-12-31": "-323.30000", "2011-12-31": "450.60000", "2010-12-31": "-315.70000", "2009-12-31": "558.80000", "2008-12-31": "-351.20000", "2007-12-31": "436.00000", "2006-12-31": "-352.70000", "2005-12-31": "-49.00000"}, "Net Cash Flow": {"2019-12-31": "168.00000", "2018-12-31": "-258.00000", "2017-12-31": "128.20000", "2016-12-31": "35.40000", "2015-12-31": "-11.70000", "2014-12-31": "70.10000", "2013-12-31": "-269.90000", "2012-12-31": "-96.10000", "2011-12-31": "-120.10000", "2010-12-31": "-77.00000", "2009-12-31": "486.80000", "2008-12-31": "-788.00000", "2007-12-31": "595.70000", "2006-12-31": "123.10000", "2005-12-31": "134.80000"}, "Stock-Based Compensation": {"2019-12-31": "43.10000", "2018-12-31": "36.70000", "2017-12-31": "38.50000", "2016-12-31": "37.80000", "2015-12-31": "38.50000", "2014-12-31": "46.50000", "2013-12-31": "43.90000", "2012-12-31": "29.10000", "2011-12-31": "23.40000", "2010-12-31": "34.90000", "2009-12-31": "31.80000", "2008-12-31": "58.20000", "2007-12-31": "64.90000", "2006-12-31": "43.50000", "2005-12-31": "10.70000"}, "Common Stock Dividends Paid": {"2019-12-31": "-31.40000", "2018-12-31": "-30.00000", "2017-12-31": "-29.50000", "2016-12-31": "-30.00000", "2015-12-31": "-25.80000", "2014-12-31": "-21.80000", "2013-12-31": "-24.00000", "2012-12-31": "-4.90000", "2011-12-31": "", "2010-12-31": "-3.40000", "2009-12-31": "-7.10000", "2008-12-31": "-2.60000", "2007-12-31": "", "2006-12-31": "", "2005-12-31": ""}}, "cash flow statement, quarterly": {"Net Income/Loss": {"2020-09-30": 5.8, "2020-06-30": -9.2, "2020-03-31": "-24.90000", "2019-12-31": 24.5, "2019-09-30": 21.4, "2019-06-30": 75.1, "2019-03-31": "-66.60000", "2018-12-31": -33, "2018-09-30": 38.6, "2018-06-30": 57.8, "2018-03-31": "50.30000", "2017-12-31": -26.7, "2017-09-30": 59.2, "2017-06-30": 100.8, "2017-03-31": "-4.60000", "2016-12-31": -266.4, "2016-09-30": 97.3, "2016-06-30": 64.6, "2016-03-31": "-71.00000", "2015-12-31": 16.6, "2015-09-30": 44.9, "2015-06-30": 85.9, "2015-03-31": "1.60000", "2014-12-31": 81, "2014-09-30": 64.2, "2014-06-30": 140.4, "2014-03-31": "33.90000", "2013-12-31": 85.3, "2013-09-30": 93.7, "2013-06-30": 19.6, "2013-03-31": "22.30000", "2012-12-31": -31.6, "2012-09-30": 28.3, "2012-06-30": 82.8, "2012-03-31": "24.10000", "2011-12-31": -2.1, "2011-09-30": 33.1, "2011-06-30": -1.2, "2011-03-31": "10.90000", "2010-12-31": -45.5, "2010-09-30": -94.7, "2010-06-30": -38.9, "2010-03-31": "541.60000", "2009-12-31": -143.4, "2009-09-30": -102.2, "2009-06-30": -77.2, "2009-03-31": "-74.50000", "2008-12-31": -420.1, "2008-09-30": 94.5, "2008-06-30": 237, "2008-03-31": "164.30000", "2007-12-31": 179.3, "2007-09-30": 151.5, "2007-06-30": 174.6, "2007-03-31": "113.80000", "2006-12-31": 100.9, "2006-09-30": 101, "2006-06-30": 119.2, "2006-03-31": "78.80000", "2005-12-31": 34.8, "2005-09-30": 51.9, "2005-06-30": 71.2, "2005-03-31": "30.60000"}, "Total Depreciation And Amortization - Cash Flow": {"2020-09-30": 12.7, "2020-06-30": 11.8, "2020-03-31": "11.80000", "2019-12-31": 11, "2019-09-30": 12.8, "2019-06-30": 12.3, "2019-03-31": "13.50000", "2018-12-31": 14.3, "2018-09-30": 14.1, "2018-06-30": 15.3, "2018-03-31": "16.00000", "2017-12-31": 17.8, "2017-09-30": 17.4, "2017-06-30": 15, "2017-03-31": "16.30000", "2016-12-31": 19.3, "2016-09-30": 19.7, "2016-06-30": 27.8, "2016-03-31": "29.90000", "2015-12-31": 32.6, "2015-09-30": 26.9, "2015-06-30": 40, "2015-03-31": "32.90000", "2014-12-31": 47.3, "2014-09-30": 38.2, "2014-06-30": 40.9, "2014-03-31": "39.10000", "2013-12-31": 34.7, "2013-09-30": 39.3, "2013-06-30": 39.9, "2013-03-31": "38.40000", "2012-12-31": 40.7, "2012-09-30": 35.7, "2012-06-30": 37.8, "2012-03-31": "38.80000", "2011-12-31": 37.3, "2011-09-30": 36.2, "2011-06-30": 26.9, "2011-03-31": "26.20000", "2010-12-31": 30.5, "2010-09-30": 24.9, "2010-06-30": 22.2, "2010-03-31": "27.20000", "2009-12-31": 29, "2009-09-30": 24.2, "2009-06-30": 18.8, "2009-03-31": "21.40000", "2008-12-31": 6.4, "2008-09-30": 27, "2008-06-30": 24.5, "2008-03-31": "22.40000", "2007-12-31": 13.8, "2007-09-30": 17.6, "2007-06-30": 18.3, "2007-03-31": "18.30000", "2006-12-31": 18.6, "2006-09-30": 17.6, "2006-06-30": 18.1, "2006-03-31": "18.70000", "2005-12-31": 18.8, "2005-09-30": 18.9, "2005-06-30": 19.3, "2005-03-31": "18.60000"}, "Other Non-Cash Items": {"2020-09-30": 19.4, "2020-06-30": -7.5, "2020-03-31": "18.20000", "2019-12-31": -5.8, "2019-09-30": 23, "2019-06-30": -34.3, "2019-03-31": "119.60000", "2018-12-31": 51, "2018-09-30": 15.3, "2018-06-30": 23.9, "2018-03-31": "4.30000", "2017-12-31": 33, "2017-09-30": -45.9, "2017-06-30": 2.1, "2017-03-31": "-10.40000", "2016-12-31": 154.3, "2016-09-30": -55, "2016-06-30": -26.1, "2016-03-31": "20.60000", "2015-12-31": 106.7, "2015-09-30": -5.8, "2015-06-30": 9.2, "2015-03-31": "8.70000", "2014-12-31": 65.2, "2014-09-30": 12.2, "2014-06-30": -50.5, "2014-03-31": "5.20000", "2013-12-31": 80.3, "2013-09-30": 20.4, "2013-06-30": 2.2, "2013-03-31": "-1.30000", "2012-12-31": 96.2, "2012-09-30": 54.3, "2012-06-30": 10, "2012-03-31": "6.20000", "2011-12-31": 124.4, "2011-09-30": -87.5, "2011-06-30": -44.3, "2011-03-31": "-44.70000", "2010-12-31": 121.1, "2010-09-30": 175.6, "2010-06-30": 22.9001, "2010-03-31": "-652.20010", "2009-12-31": 97.7, "2009-09-30": -17.4, "2009-06-30": -62.8, "2009-03-31": "-37.10000", "2008-12-31": 305, "2008-09-30": 17.7, "2008-06-30": 10.1, "2008-03-31": "33.40000", "2007-12-31": -75.6, "2007-09-30": 13, "2007-06-30": 9.4, "2007-03-31": "0.60000", "2006-12-31": 85.7, "2006-09-30": 9.8, "2006-06-30": -3.9, "2006-03-31": "12.10000", "2005-12-31": 32.2, "2005-09-30": -1.5, "2005-06-30": -0.6, "2005-03-31": "0.10000"}, "Total Non-Cash Items": {"2020-09-30": 32.1, "2020-06-30": 4.3, "2020-03-31": "30.00000", "2019-12-31": 5.2, "2019-09-30": 35.8, "2019-06-30": -22, "2019-03-31": "133.10000", "2018-12-31": 65.3, "2018-09-30": 29.4, "2018-06-30": 39.2, "2018-03-31": "20.30000", "2017-12-31": 50.8, "2017-09-30": -28.5, "2017-06-30": 17.1, "2017-03-31": "5.90000", "2016-12-31": 173.6, "2016-09-30": -35.3, "2016-06-30": 1.7, "2016-03-31": "50.50000", "2015-12-31": 139.3, "2015-09-30": 21.1, "2015-06-30": 49.2, "2015-03-31": "41.60000", "2014-12-31": 112.5, "2014-09-30": 50.4, "2014-06-30": -9.6, "2014-03-31": "44.30000", "2013-12-31": 115, "2013-09-30": 59.7, "2013-06-30": 42.1, "2013-03-31": "37.10000", "2012-12-31": 136.9, "2012-09-30": 90, "2012-06-30": 47.8, "2012-03-31": "45.00000", "2011-12-31": 161.7, "2011-09-30": -51.3, "2011-06-30": -17.4, "2011-03-31": "-18.50000", "2010-12-31": 151.6, "2010-09-30": 200.5, "2010-06-30": 45.1001, "2010-03-31": "-625.00010", "2009-12-31": 126.7, "2009-09-30": 6.8, "2009-06-30": -44, "2009-03-31": "-15.70000", "2008-12-31": 311.4, "2008-09-30": 44.7, "2008-06-30": 34.6, "2008-03-31": "55.80000", "2007-12-31": -61.8, "2007-09-30": 30.6, "2007-06-30": 27.7, "2007-03-31": "18.90000", "2006-12-31": 104.3, "2006-09-30": 27.4, "2006-06-30": 14.2, "2006-03-31": "30.80000", "2005-12-31": 51, "2005-09-30": 17.4, "2005-06-30": 18.7, "2005-03-31": "18.70000"}, "Change In Accounts Receivable": {"2020-09-30": -47.3, "2020-06-30": 49.9, "2020-03-31": "-16.30000", "2019-12-31": 109.1, "2019-09-30": 133, "2019-06-30": 30.2, "2019-03-31": "-96.20000", "2018-12-31": 13.3, "2018-09-30": 40.4, "2018-06-30": -60.2, "2018-03-31": "-101.40000", "2017-12-31": 140.9, "2017-09-30": 40, "2017-06-30": -50.7, "2017-03-31": "-130.70000", "2016-12-31": 52.2, "2016-09-30": 103.8, "2016-06-30": -65.3, "2016-03-31": "-57.70000", "2015-12-31": 219.2, "2015-09-30": 51.8, "2015-06-30": -95.5, "2015-03-31": "-101.40000", "2014-12-31": 61.7, "2014-09-30": 117.7, "2014-06-30": -244.8, "2014-03-31": "61.20000", "2013-12-31": -57.2, "2013-09-30": 34.4, "2013-06-30": -49.2, "2013-03-31": "-81.10000", "2012-12-31": 103.2, "2012-09-30": 107.2, "2012-06-30": -79.5, "2012-03-31": "-8.40000", "2011-12-31": 12.6, "2011-09-30": -61.6, "2011-06-30": -37.8, "2011-03-31": "-94.40000", "2010-12-31": -57.5, "2010-09-30": -32.4, "2010-06-30": -88.8, "2010-03-31": "-36.40000", "2009-12-31": -90.3, "2009-09-30": 62.3, "2009-06-30": 102.1, "2009-03-31": "219.60000", "2008-12-31": 305.7, "2008-09-30": 110.6, "2008-06-30": -98.9, "2008-03-31": "-133.80000", "2007-12-31": 16.4, "2007-09-30": 59.2, "2007-06-30": -62.5, "2007-03-31": "-182.30000", "2006-12-31": 7.5, "2006-09-30": 33.8, "2006-06-30": -105.9, "2006-03-31": "-149.60000", "2005-12-31": 57.9, "2005-09-30": 18.9, "2005-06-30": -57.3, "2005-03-31": "-120.40000"}, "Change In Inventories": {"2020-09-30": 88.8, "2020-06-30": 142.9, "2020-03-31": "2.10000", "2019-12-31": 35, "2019-09-30": -2.4, "2019-06-30": 104.9, "2019-03-31": "-69.60000", "2018-12-31": -79.3, "2018-09-30": -113.6, "2018-06-30": -34.8, "2018-03-31": "-26.20000", "2017-12-31": -7.4, "2017-09-30": 16.2, "2017-06-30": 31.1, "2017-03-31": "-39.40000", "2016-12-31": 189, "2016-09-30": 59.5, "2016-06-30": 2.3, "2016-03-31": "-93.30000", "2015-12-31": 49.2, "2015-09-30": -14.6, "2015-06-30": 7.5, "2015-03-31": "-132.70000", "2014-12-31": 137.6, "2014-09-30": -2.3, "2014-06-30": 33.1, "2014-03-31": "-195.50000", "2013-12-31": 43.9, "2013-09-30": -42.5, "2013-06-30": -27.2, "2013-03-31": "-44.60000", "2012-12-31": 48.1, "2012-09-30": -19.5, "2012-06-30": -16.6, "2012-03-31": "-67.00000", "2011-12-31": 119.2, "2011-09-30": 67.1, "2011-06-30": -106.3, "2011-03-31": "-106.10000", "2010-12-31": 12.3, "2010-09-30": -95.8, "2010-06-30": -85.2, "2010-03-31": "-25.50000", "2009-12-31": 74.4, "2009-09-30": 137.2, "2009-06-30": 177.5, "2009-03-31": "59.20000", "2008-12-31": 254.8, "2008-09-30": -83.7, "2008-06-30": -157, "2008-03-31": "-289.40000", "2007-12-31": 201.1, "2007-09-30": -81.2, "2007-06-30": -125.6, "2007-03-31": "-248.10000", "2006-12-31": 36.9, "2006-09-30": -80.2, "2006-06-30": -32.6, "2006-03-31": "-92.60000", "2005-12-31": 20.8, "2005-09-30": -68.1, "2005-06-30": 28.1, "2005-03-31": "-109.10000"}, "Change In Accounts Payable": {"2020-09-30": -25.2, "2020-06-30": -113.3, "2020-03-31": "-35.50000", "2019-12-31": -68.6, "2019-09-30": -26.6, "2019-06-30": -54.8, "2019-03-31": "-70.10000", "2018-12-31": 138.4, "2018-09-30": -14.8, "2018-06-30": 29.9, "2018-03-31": "59.70000", "2017-12-31": 32.5, "2017-09-30": -25.6, "2017-06-30": -6.8, "2017-03-31": "24.90000", "2016-12-31": 84.4, "2016-09-30": -98.1, "2016-06-30": -11.5, "2016-03-31": "4.20000", "2015-12-31": 4.5, "2015-09-30": -61, "2015-06-30": 48.4, "2015-03-31": "49.80000", "2014-12-31": 34.4, "2014-09-30": -56.8, "2014-06-30": 53.4, "2014-03-31": "54.80000", "2013-12-31": 7.9, "2013-09-30": -41.9, "2013-06-30": 23.1, "2013-03-31": "97.80000", "2012-12-31": -113.2, "2012-09-30": -104.7, "2012-06-30": 31.1, "2012-03-31": "60.50000", "2011-12-31": -36.9, "2011-09-30": 45.9, "2011-06-30": 17.4, "2011-03-31": "38.20000", "2010-12-31": 4.1, "2010-09-30": -90.1, "2010-06-30": 59.8, "2010-03-31": "62.30000", "2009-12-31": 37.1, "2009-09-30": -50.4, "2009-06-30": -126.2, "2009-03-31": "-253.30000", "2008-12-31": -217.9, "2008-09-30": -134, "2008-06-30": 64.3, "2008-03-31": "112.30000", "2007-12-31": 16.8, "2007-09-30": -95.5, "2007-06-30": 64.1, "2007-03-31": "128.80000", "2006-12-31": 8.3, "2006-09-30": -37, "2006-06-30": 66.4, "2006-03-31": "65.30000", "2005-12-31": 26.6, "2005-09-30": -40.9, "2005-06-30": 36.6, "2005-03-31": "66.70000"}, "Change In Assets/Liabilities": {"2020-09-30": 22.4, "2020-06-30": 21.9, "2020-03-31": "-39.60000", "2019-12-31": -10.2, "2019-09-30": -34.5, "2019-06-30": 90, "2019-03-31": "-102.30000", "2018-12-31": 9.1, "2018-09-30": -35.2, "2018-06-30": 48.1, "2018-03-31": "-47.10000", "2017-12-31": 19.1, "2017-09-30": 5.6, "2017-06-30": -50, "2017-03-31": "-20.70000", "2016-12-31": 45.2, "2016-09-30": -10.5, "2016-06-30": 97.4, "2016-03-31": "60.50000", "2015-12-31": -127.9, "2015-09-30": -22.2, "2015-06-30": -80.6, "2015-03-31": "16.70000", "2014-12-31": -27.3, "2014-09-30": -94.8, "2014-06-30": 9, "2014-03-31": "20.50000", "2013-12-31": -23.8, "2013-09-30": -95.6, "2013-06-30": 26.4, "2013-03-31": "30.10000", "2012-12-31": 198.9, "2012-09-30": 16.7, "2012-06-30": -2.5, "2012-03-31": "-147.60000", "2011-12-31": -136.4, "2011-09-30": 29.9, "2011-06-30": -31.9, "2011-03-31": "75.90000", "2010-12-31": 0, "2010-09-30": -142.5, "2010-06-30": -73.1, "2010-03-31": "2.00000", "2009-12-31": -149.9, "2009-09-30": 15.1, "2009-06-30": 65.7, "2009-03-31": "5.00000", "2008-12-31": 8, "2008-09-30": 44.2, "2008-06-30": -30, "2008-03-31": "-48.10000", "2007-12-31": -4.3, "2007-09-30": 39.1, "2007-06-30": -6.6, "2007-03-31": "18.20000", "2006-12-31": 43.2, "2006-09-30": 0, "2006-06-30": 0, "2006-03-31": "", "2005-12-31": 12.8, "2005-09-30": 0, "2005-06-30": 0, "2005-03-31": ""}, "Total Change In Assets/Liabilities": {"2020-09-30": 38.7, "2020-06-30": 101.4, "2020-03-31": "-89.30000", "2019-12-31": 65.3, "2019-09-30": 69.5, "2019-06-30": 170.3, "2019-03-31": "-338.20000", "2018-12-31": 81.5, "2018-09-30": -123.2, "2018-06-30": -17, "2018-03-31": "-115.00000", "2017-12-31": 185.1, "2017-09-30": 36.2, "2017-06-30": -76.4, "2017-03-31": "-165.90000", "2016-12-31": 369.6, "2016-09-30": 44.7, "2016-06-30": 29.1, "2016-03-31": "-81.30000", "2015-12-31": 161.1, "2015-09-30": -46, "2015-06-30": -120.2, "2015-03-31": "-167.60000", "2014-12-31": 138.1, "2014-09-30": -36.2, "2014-06-30": -149.3, "2014-03-31": "-59.00000", "2013-12-31": -109.9, "2013-09-30": -145.6, "2013-06-30": -26.9, "2013-03-31": "2.20000", "2012-12-31": 92.2, "2012-09-30": -0.3, "2012-06-30": -67.5, "2012-03-31": "-162.50000", "2011-12-31": 39.1, "2011-09-30": 81.3, "2011-06-30": -158.6, "2011-03-31": "-86.40000", "2010-12-31": -184.7, "2010-09-30": -360.8, "2010-06-30": -179, "2010-03-31": "-5.90000", "2009-12-31": -89.2, "2009-09-30": 146.3, "2009-06-30": 186, "2009-03-31": "-21.10000", "2008-12-31": 272.4, "2008-09-30": -80.0001, "2008-06-30": -179.3999, "2008-03-31": "-341.60000", "2007-12-31": 232.5999, "2007-09-30": -115.6999, "2007-06-30": -102.4, "2007-03-31": "-262.50000", "2006-12-31": 72.1, "2006-09-30": -65.1, "2006-06-30": -23.2, "2006-03-31": "-166.00000", "2005-12-31": 145.6, "2005-09-30": -93.3, "2005-06-30": 35.7, "2005-03-31": "-138.50000"}, "Cash Flow From Operating Activities": {"2020-09-30": 76.6, "2020-06-30": 101, "2020-03-31": "-88.70000", "2019-12-31": 95, "2019-09-30": 126.7, "2019-06-30": 217.1, "2019-03-31": "-265.40000", "2018-12-31": 113.8, "2018-09-30": -55.2, "2018-06-30": 80, "2018-03-31": "-44.40000", "2017-12-31": 209.2, "2017-09-30": 66.9, "2017-06-30": 41.5, "2017-03-31": "-164.60000", "2016-12-31": 276.8, "2016-09-30": 106.7, "2016-06-30": 114.3, "2016-03-31": "-120.70000", "2015-12-31": 284.1, "2015-09-30": 28.2, "2015-06-30": 25.9, "2015-03-31": "-110.70000", "2014-12-31": 294.1, "2014-09-30": 92.1, "2014-06-30": -0.7, "2014-03-31": "25.20000", "2013-12-31": 25.4, "2013-09-30": 33.2, "2013-06-30": 71.1, "2013-03-31": "58.80000", "2012-12-31": 153.5, "2012-09-30": 121, "2012-06-30": 96.3, "2012-03-31": "-78.50000", "2011-12-31": 130.3, "2011-09-30": 111.3, "2011-06-30": -142.3, "2011-03-31": "-76.60000", "2010-12-31": -141.3, "2010-09-30": -228.4, "2010-06-30": -156.3, "2010-03-31": "-84.10000", "2009-12-31": -47.4, "2009-09-30": 50.5, "2009-06-30": 53.9, "2009-03-31": "-97.60000", "2008-12-31": 208.7, "2008-09-30": 23.6, "2008-06-30": 134.3, "2008-03-31": "-190.40000", "2007-12-31": 292.7, "2007-09-30": 54.5, "2007-06-30": 75.8, "2007-03-31": "-164.80000", "2006-12-31": 275.5, "2006-09-30": 108.1, "2006-06-30": 129.9, "2006-03-31": "-21.20000", "2005-12-31": 203.4, "2005-09-30": -22.9, "2005-06-30": 177.4, "2005-03-31": "-84.50000"}, "Net Change In Property, Plant, And Equipment": {"2020-09-30": -10.5, "2020-06-30": -16.2, "2020-03-31": "-24.70000", "2019-12-31": -30, "2019-09-30": -40.1, "2019-06-30": -23.9, "2019-03-31": "-10.60000", "2018-12-31": -39.1, "2018-09-30": -12, "2018-06-30": -15.4, "2018-03-31": "-34.50000", "2017-12-31": -799.4, "2017-09-30": 215, "2017-06-30": 277.1, "2017-03-31": "284.00000", "2016-12-31": -5.3, "2016-09-30": 43.6, "2016-06-30": -23.9, "2016-03-31": "-20.20000", "2015-12-31": -28.1, "2015-09-30": -23.9, "2015-06-30": -22.5, "2015-03-31": "-26.20000", "2014-12-31": 20.4, "2014-09-30": -21.3, "2014-06-30": -18.3, "2014-03-31": "-19.00000", "2013-12-31": -21, "2013-09-30": -15, "2013-06-30": 21.8, "2013-03-31": "-22.50000", "2012-12-31": -23.1, "2012-09-30": -3.1, "2012-06-30": -4.9, "2012-03-31": "-16.80000", "2011-12-31": -552.5, "2011-09-30": 211.6, "2011-06-30": 109.1, "2011-03-31": "152.70000", "2010-12-31": -15.4, "2010-09-30": -14.9, "2010-06-30": -10.5, "2010-03-31": "-4.20000", "2009-12-31": -3.9, "2009-09-30": -10.5, "2009-06-30": -12.3, "2009-03-31": "-17.60000", "2008-12-31": -11.8, "2008-09-30": -10.2, "2008-06-30": -38.2, "2008-03-31": "-22.80000", "2007-12-31": -19.9, "2007-09-30": -27.3, "2007-06-30": -21, "2007-03-31": "-13.30000", "2006-12-31": -13.4, "2006-09-30": -19.6, "2006-06-30": -19.7, "2006-03-31": "-14.10000", "2005-12-31": -12.6, "2005-09-30": -10.8, "2005-06-30": -15.5, "2005-03-31": "-8.10000"}, "Net Change In Intangible Assets": {"2020-09-30": 0, "2020-06-30": 0, "2020-03-31": "", "2019-12-31": 0, "2019-09-30": 0, "2019-06-30": 0, "2019-03-31": "", "2018-12-31": 0, "2018-09-30": 0, "2018-06-30": 0, "2018-03-31": "", "2017-12-31": 0, "2017-09-30": 0, "2017-06-30": 0, "2017-03-31": "", "2016-12-31": 0, "2016-09-30": 0, "2016-06-30": 0, "2016-03-31": "", "2015-12-31": 0, "2015-09-30": 0, "2015-06-30": 0, "2015-03-31": "", "2014-12-31": 0, "2014-09-30": 0, "2014-06-30": 0, "2014-03-31": "", "2013-12-31": 0, "2013-09-30": 0, "2013-06-30": 0, "2013-03-31": "", "2012-12-31": 0, "2012-09-30": 0, "2012-06-30": 0, "2012-03-31": "", "2011-12-31": 0, "2011-09-30": 0, "2011-06-30": 0, "2011-03-31": "", "2010-12-31": 0, "2010-09-30": 0, "2010-06-30": 0, "2010-03-31": "", "2009-12-31": 0, "2009-09-30": 0, "2009-06-30": 0, "2009-03-31": "", "2008-12-31": 0, "2008-09-30": 0, "2008-06-30": 0, "2008-03-31": "", "2007-12-31": 0, "2007-09-30": 0, "2007-06-30": 0, "2007-03-31": "", "2006-12-31": 0, "2006-09-30": 0, "2006-06-30": 0, "2006-03-31": "", "2005-12-31": 0, "2005-09-30": 0, "2005-06-30": 0, "2005-03-31": ""}, "Net Acquisitions/Divestitures": {"2020-09-30": 5.1, "2020-06-30": 1.8, "2020-03-31": "4.50000", "2019-12-31": -25.4, "2019-09-30": 200.9, "2019-06-30": 2.2, "2019-03-31": "", "2018-12-31": -0.5, "2018-09-30": 3, "2018-06-30": 0, "2018-03-31": "", "2017-12-31": 2, "2017-09-30": 5.7, "2017-06-30": 3.7, "2017-03-31": "764.30000", "2016-12-31": -3.8, "2016-09-30": 0, "2016-06-30": 3.5, "2016-03-31": "-3.20000", "2015-12-31": 0.1, "2015-09-30": -12.4, "2015-06-30": -37, "2015-03-31": "-22.10000", "2014-12-31": 0, "2014-09-30": 0, "2014-06-30": 162.2, "2014-03-31": "-7.40000", "2013-12-31": 0, "2013-09-30": 0, "2013-06-30": -32.3, "2013-03-31": "33.00000", "2012-12-31": 3.5, "2012-09-30": 0, "2012-06-30": 0, "2012-03-31": "", "2011-12-31": 517.9, "2011-09-30": -1013.5, "2011-06-30": 0, "2011-03-31": "", "2010-12-31": -12.8, "2010-09-30": 0, "2010-06-30": 0, "2010-03-31": "1002.00000", "2009-12-31": 0, "2009-09-30": -9.8, "2009-06-30": 0, "2009-03-31": "", "2008-12-31": -3.4, "2008-09-30": 0, "2008-06-30": -39, "2008-03-31": "-439.10000", "2007-12-31": -11.2, "2007-09-30": 0, "2007-06-30": 0, "2007-03-31": "", "2006-12-31": 0, "2006-09-30": 55.1, "2006-06-30": -17.9, "2006-03-31": "-15.20000", "2005-12-31": 0, "2005-09-30": -5, "2005-06-30": 0, "2005-03-31": "-0.10000"}, "Net Change In Short-term Investments": {"2020-09-30": 0, "2020-06-30": 0, "2020-03-31": "", "2019-12-31": 0, "2019-09-30": 0, "2019-06-30": 0, "2019-03-31": "", "2018-12-31": 0, "2018-09-30": 0, "2018-06-30": 0, "2018-03-31": "", "2017-12-31": 0, "2017-09-30": 0, "2017-06-30": 0, "2017-03-31": "", "2016-12-31": 0, "2016-09-30": 0, "2016-06-30": 0, "2016-03-31": "", "2015-12-31": 0, "2015-09-30": 0, "2015-06-30": 0, "2015-03-31": "", "2014-12-31": 0, "2014-09-30": 0, "2014-06-30": 0, "2014-03-31": "", "2013-12-31": 0, "2013-09-30": 0, "2013-06-30": 0, "2013-03-31": "", "2012-12-31": 0, "2012-09-30": 0, "2012-06-30": 0, "2012-03-31": "", "2011-12-31": 0, "2011-09-30": 11.5, "2011-06-30": -11.5, "2011-03-31": "", "2010-12-31": 0, "2010-09-30": 0, "2010-06-30": 0, "2010-03-31": "-21.10000", "2009-12-31": 0, "2009-09-30": 0, "2009-06-30": 0, "2009-03-31": "", "2008-12-31": 0, "2008-09-30": 0, "2008-06-30": 0, "2008-03-31": "", "2007-12-31": 0, "2007-09-30": 0, "2007-06-30": 0, "2007-03-31": "", "2006-12-31": 0, "2006-09-30": 0, "2006-06-30": 0, "2006-03-31": "", "2005-12-31": 0, "2005-09-30": 0, "2005-06-30": 0, "2005-03-31": ""}, "Net Change In Long-Term Investments": {"2020-09-30": 0, "2020-06-30": 0, "2020-03-31": "", "2019-12-31": 30.7, "2019-09-30": -7.1, "2019-06-30": 7.1, "2019-03-31": "", "2018-12-31": -0.5, "2018-09-30": 0, "2018-06-30": 0, "2018-03-31": "19.80000", "2017-12-31": 783.2, "2017-09-30": 0, "2017-06-30": 0, "2017-03-31": "", "2016-12-31": 0, "2016-09-30": 0, "2016-06-30": 0, "2016-03-31": "", "2015-12-31": 0, "2015-09-30": 0, "2015-06-30": 0, "2015-03-31": "", "2014-12-31": -20, "2014-09-30": 0, "2014-06-30": 0, "2014-03-31": "", "2013-12-31": 0, "2013-09-30": 0, "2013-06-30": 0, "2013-03-31": "", "2012-12-31": -10, "2012-09-30": 0, "2012-06-30": -14.1, "2012-03-31": "", "2011-12-31": 0, "2011-09-30": -16.1, "2011-06-30": 0, "2011-03-31": "", "2010-12-31": -19.3, "2010-09-30": 0, "2010-06-30": 0, "2010-03-31": "", "2009-12-31": 0, "2009-09-30": 0, "2009-06-30": 0, "2009-03-31": "", "2008-12-31": 0, "2008-09-30": 0, "2008-06-30": 0, "2008-03-31": "", "2007-12-31": 0, "2007-09-30": -0.9, "2007-06-30": 0, "2007-03-31": "", "2006-12-31": 0, "2006-09-30": -0.3, "2006-06-30": -3.4, "2006-03-31": "-3.40000", "2005-12-31": -0.1, "2005-09-30": -0.5, "2005-06-30": -0.5, "2005-03-31": "-3.50000"}, "Net Change In Investments - Total": {"2020-09-30": 0, "2020-06-30": 0, "2020-03-31": "", "2019-12-31": 30.7, "2019-09-30": -7.1, "2019-06-30": 7.1, "2019-03-31": "", "2018-12-31": -0.5, "2018-09-30": 0, "2018-06-30": 0, "2018-03-31": "19.80000", "2017-12-31": 783.2, "2017-09-30": 0, "2017-06-30": 0, "2017-03-31": "", "2016-12-31": 0, "2016-09-30": 0, "2016-06-30": 0, "2016-03-31": "", "2015-12-31": 0, "2015-09-30": 0, "2015-06-30": 0, "2015-03-31": "", "2014-12-31": -20, "2014-09-30": 0, "2014-06-30": 0, "2014-03-31": "", "2013-12-31": 0, "2013-09-30": 0, "2013-06-30": 0, "2013-03-31": "", "2012-12-31": -10, "2012-09-30": 0, "2012-06-30": -14.1, "2012-03-31": "", "2011-12-31": 0, "2011-09-30": -4.6, "2011-06-30": -11.5, "2011-03-31": "", "2010-12-31": -19.3, "2010-09-30": 0, "2010-06-30": 0, "2010-03-31": "-21.10000", "2009-12-31": 0, "2009-09-30": 0, "2009-06-30": 0, "2009-03-31": "", "2008-12-31": 0, "2008-09-30": 0, "2008-06-30": 0, "2008-03-31": "", "2007-12-31": 0, "2007-09-30": -0.9, "2007-06-30": 0, "2007-03-31": "", "2006-12-31": 0, "2006-09-30": -0.3, "2006-06-30": -3.4, "2006-03-31": "-3.40000", "2005-12-31": -0.1, "2005-09-30": -0.5, "2005-06-30": -0.5, "2005-03-31": "-3.50000"}, "Investing Activities - Other": {"2020-09-30": 0, "2020-06-30": 0, "2020-03-31": "", "2019-12-31": 0, "2019-09-30": 0, "2019-06-30": 0, "2019-03-31": "", "2018-12-31": 0.2, "2018-09-30": -3.3, "2018-06-30": -3, "2018-03-31": "-0.60000", "2017-12-31": 0, "2017-09-30": 0, "2017-06-30": 0, "2017-03-31": "", "2016-12-31": 0, "2016-09-30": -2.4, "2016-06-30": 2.4, "2016-03-31": "-2.50000", "2015-12-31": -0.6, "2015-09-30": -0.6, "2015-06-30": 2.6, "2015-03-31": "-2.00000", "2014-12-31": -4.6, "2014-09-30": 0.4, "2014-06-30": 2.1, "2014-03-31": "0.50000", "2013-12-31": 0, "2013-09-30": 0, "2013-06-30": 1.4, "2013-03-31": "-2.80000", "2012-12-31": -2.6, "2012-09-30": 0, "2012-06-30": -0.8, "2012-03-31": "-4.40000", "2011-12-31": 0, "2011-09-30": 2, "2011-06-30": -3.7, "2011-03-31": "", "2010-12-31": 4.7, "2010-09-30": -4.7, "2010-06-30": 0, "2010-03-31": "", "2009-12-31": 0, "2009-09-30": 0, "2009-06-30": 0, "2009-03-31": "", "2008-12-31": 0, "2008-09-30": 0, "2008-06-30": 0, "2008-03-31": "", "2007-12-31": 0, "2007-09-30": 0, "2007-06-30": 0, "2007-03-31": "", "2006-12-31": 0, "2006-09-30": 0, "2006-06-30": 0, "2006-03-31": "", "2005-12-31": 0, "2005-09-30": 0, "2005-06-30": 0, "2005-03-31": ""}, "Cash Flow From Investing Activities": {"2020-09-30": -5.4, "2020-06-30": -14.4, "2020-03-31": "-20.20000", "2019-12-31": -24.7, "2019-09-30": 153.7, "2019-06-30": -14.6, "2019-03-31": "-10.60000", "2018-12-31": -39.9, "2018-09-30": -12.3, "2018-06-30": -18.4, "2018-03-31": "-15.30000", "2017-12-31": -14.2, "2017-09-30": 220.7, "2017-06-30": 280.8, "2017-03-31": "1048.30000", "2016-12-31": -9.1, "2016-09-30": 41.2, "2016-06-30": -18, "2016-03-31": "-25.90000", "2015-12-31": -28.6, "2015-09-30": -36.9, "2015-06-30": -56.9, "2015-03-31": "-50.30000", "2014-12-31": -4.2, "2014-09-30": -20.9, "2014-06-30": 146, "2014-03-31": "-25.90000", "2013-12-31": -21, "2013-09-30": -15, "2013-06-30": -9.1, "2013-03-31": "7.70000", "2012-12-31": -32.2, "2012-09-30": -3.1, "2012-06-30": -19.8, "2012-03-31": "-21.20000", "2011-12-31": -34.6, "2011-09-30": -804.5, "2011-06-30": 93.9, "2011-03-31": "152.70000", "2010-12-31": -42.8, "2010-09-30": -19.6, "2010-06-30": -10.5, "2010-03-31": "976.70000", "2009-12-31": -3.9, "2009-09-30": -20.3, "2009-06-30": -12.3, "2009-03-31": "-17.60000", "2008-12-31": -15.2, "2008-09-30": -10.2, "2008-06-30": -77.2, "2008-03-31": "-461.90000", "2007-12-31": -31.1, "2007-09-30": -28.2, "2007-06-30": -21, "2007-03-31": "-13.30000", "2006-12-31": -13.4, "2006-09-30": 35.2, "2006-06-30": -41, "2006-03-31": "-32.70000", "2005-12-31": -12.7, "2005-09-30": -16.3, "2005-06-30": -16, "2005-03-31": "-11.70000"}, "Net Long-Term Debt": {"2020-09-30": -1.5, "2020-06-30": -171.5, "2020-03-31": "168.50000", "2019-12-31": -4.5001, "2019-09-30": -173.1, "2019-06-30": -126.5999, "2019-03-31": "260.30000", "2018-12-31": 85.4001, "2018-09-30": 38.6, "2018-06-30": 10.9, "2018-03-31": "97.30000", "2017-12-31": -0.9, "2017-09-30": 3.5, "2017-06-30": -255.5, "2017-03-31": "-330.50000", "2016-12-31": -73.7001, "2016-09-30": -18.5, "2016-06-30": -107.3, "2016-03-31": "10.90000", "2015-12-31": -59.2, "2015-09-30": -8.6, "2015-06-30": 21.7, "2015-03-31": "111.10000", "2014-12-31": -9.4, "2014-09-30": -51.2001, "2014-06-30": -133, "2014-03-31": "76.00000", "2013-12-31": 63.3, "2013-09-30": 20.5, "2013-06-30": -221.2, "2013-03-31": "-9.20000", "2012-12-31": 16.8, "2012-09-30": -424.3, "2012-06-30": -185.4, "2012-03-31": "294.20000", "2011-12-31": 6, "2011-09-30": 748.6, "2011-06-30": 9.3, "2011-03-31": "-285.00000", "2010-12-31": -289.6, "2010-09-30": -0.7, "2010-06-30": -0.7, "2010-03-31": "-0.60000", "2009-12-31": -61.6, "2009-09-30": 83.9, "2009-06-30": 407, "2009-03-31": "", "2008-12-31": 0, "2008-09-30": 0, "2008-06-30": 0, "2008-03-31": "", "2007-12-31": 800, "2007-09-30": 0, "2007-06-30": 0, "2007-03-31": "-200.00000", "2006-12-31": 0, "2006-09-30": -200, "2006-06-30": -100, "2006-03-31": "", "2005-12-31": 0, "2005-09-30": 0, "2005-06-30": 0, "2005-03-31": ""}, "Net Current Debt": {"2020-09-30": 0, "2020-06-30": 0, "2020-03-31": "", "2019-12-31": 0, "2019-09-30": 0, "2019-06-30": 0, "2019-03-31": "", "2018-12-31": 0, "2018-09-30": 0, "2018-06-30": 0, "2018-03-31": "", "2017-12-31": 0, "2017-09-30": 0, "2017-06-30": 0, "2017-03-31": "", "2016-12-31": 0, "2016-09-30": 0, "2016-06-30": 0, "2016-03-31": "", "2015-12-31": 0, "2015-09-30": 0, "2015-06-30": 0, "2015-03-31": "", "2014-12-31": 0, "2014-09-30": 0, "2014-06-30": 0, "2014-03-31": "", "2013-12-31": 0, "2013-09-30": 0, "2013-06-30": 0, "2013-03-31": "", "2012-12-31": 0, "2012-09-30": 0, "2012-06-30": 0, "2012-03-31": "", "2011-12-31": 0, "2011-09-30": 0, "2011-06-30": 0, "2011-03-31": "", "2010-12-31": 25.5, "2010-09-30": -12, "2010-06-30": -3.4, "2010-03-31": "-10.10000", "2009-12-31": 38.4, "2009-09-30": -7.8, "2009-06-30": -75.9, "2009-03-31": "45.30000", "2008-12-31": -167.9, "2008-09-30": 203.6, "2008-06-30": 7.6, "2008-03-31": "-6.60000", "2007-12-31": -159.9, "2007-09-30": 53.2, "2007-06-30": -30.7, "2007-03-31": "115.10000", "2006-12-31": -28, "2006-09-30": -45.6, "2006-06-30": 1.7, "2006-03-31": "-1.50000", "2005-12-31": -20.2, "2005-09-30": 3.1, "2005-06-30": -2.4, "2005-03-31": "-16.00000"}, "Debt Issuance/Retirement Net - Total": {"2020-09-30": -1.5, "2020-06-30": -171.5, "2020-03-31": "168.50000", "2019-12-31": -4.5001, "2019-09-30": -173.1, "2019-06-30": -126.5999, "2019-03-31": "260.30000", "2018-12-31": 85.4001, "2018-09-30": 38.6, "2018-06-30": 10.9, "2018-03-31": "97.30000", "2017-12-31": -0.9, "2017-09-30": 3.5, "2017-06-30": -255.5, "2017-03-31": "-330.50000", "2016-12-31": -73.7001, "2016-09-30": -18.5, "2016-06-30": -107.3, "2016-03-31": "10.90000", "2015-12-31": -59.2, "2015-09-30": -8.6, "2015-06-30": 21.7, "2015-03-31": "111.10000", "2014-12-31": -9.4, "2014-09-30": -51.2001, "2014-06-30": -133, "2014-03-31": "76.00000", "2013-12-31": 63.3, "2013-09-30": 20.5, "2013-06-30": -221.2, "2013-03-31": "-9.20000", "2012-12-31": 16.8, "2012-09-30": -424.3, "2012-06-30": -185.4, "2012-03-31": "294.20000", "2011-12-31": 6, "2011-09-30": 748.6, "2011-06-30": 9.3, "2011-03-31": "-285.00000", "2010-12-31": -264.1, "2010-09-30": -12.7, "2010-06-30": -4.1, "2010-03-31": "-10.70000", "2009-12-31": -23.2, "2009-09-30": 76.1, "2009-06-30": 331.1, "2009-03-31": "45.30000", "2008-12-31": -167.9, "2008-09-30": 203.6, "2008-06-30": 7.6, "2008-03-31": "-6.60000", "2007-12-31": 640.1, "2007-09-30": 53.2, "2007-06-30": -30.7, "2007-03-31": "-84.90000", "2006-12-31": -28, "2006-09-30": -245.6, "2006-06-30": -98.3, "2006-03-31": "-1.50000", "2005-12-31": -20.2, "2005-09-30": 3.1, "2005-06-30": -2.4, "2005-03-31": "-16.00000"}, "Net Common Equity Issued/Repurchased": {"2020-09-30": -0.1, "2020-06-30": -1, "2020-03-31": "-54.80000", "2019-12-31": -5, "2019-09-30": -0.2, "2019-06-30": -2, "2019-03-31": "-0.20000", "2018-12-31": -100.2, "2018-09-30": -4.3, "2018-06-30": -117.7, "2018-03-31": "-205.30000", "2017-12-31": -163.2, "2017-09-30": -254.9, "2017-06-30": -328.6, "2017-03-31": "-178.20000", "2016-12-31": -1.8, "2016-09-30": -79.9, "2016-06-30": -1, "2016-03-31": "", "2015-12-31": -0.4, "2015-09-30": -0.1, "2015-06-30": -10.1, "2015-03-31": "-40.20000", "2014-12-31": -109.7, "2014-09-30": -6.6, "2014-06-30": -30.9, "2014-03-31": "-24.00000", "2013-12-31": -30.3, "2013-09-30": -0.1, "2013-06-30": -0.7, "2013-03-31": "-0.30000", "2012-12-31": 0, "2012-09-30": 0, "2012-06-30": 0, "2012-03-31": "", "2011-12-31": 0, "2011-09-30": 0, "2011-06-30": 0, "2011-03-31": "", "2010-12-31": 0, "2010-09-30": 0, "2010-06-30": 0, "2010-03-31": "", "2009-12-31": 0, "2009-09-30": 0, "2009-06-30": 156.3, "2009-03-31": "", "2008-12-31": -2.3, "2008-09-30": -259.6, "2008-06-30": -89.9, "2008-03-31": "-43.70000", "2007-12-31": -94, "2007-09-30": -45.6, "2007-06-30": -15.4, "2007-03-31": "-1.20000", "2006-12-31": 7.2, "2006-09-30": 2, "2006-06-30": 6.1, "2006-03-31": "", "2005-12-31": 1.7, "2005-09-30": 2, "2005-06-30": 0.7, "2005-03-31": "0.70000"}, "Net Total Equity Issued/Repurchased": {"2020-09-30": -0.1, "2020-06-30": -1, "2020-03-31": "-54.80000", "2019-12-31": -5, "2019-09-30": -0.2, "2019-06-30": -2, "2019-03-31": "-0.20000", "2018-12-31": -100.2, "2018-09-30": -4.3, "2018-06-30": -117.7, "2018-03-31": "-205.30000", "2017-12-31": -163.2, "2017-09-30": -254.9, "2017-06-30": -328.6, "2017-03-31": "-178.20000", "2016-12-31": -1.8, "2016-09-30": -79.9, "2016-06-30": -1, "2016-03-31": "", "2015-12-31": -0.4, "2015-09-30": -0.1, "2015-06-30": -10.1, "2015-03-31": "-40.20000", "2014-12-31": -109.7, "2014-09-30": -6.6, "2014-06-30": -30.9, "2014-03-31": "-24.00000", "2013-12-31": -30.3, "2013-09-30": -0.1, "2013-06-30": -0.7, "2013-03-31": "-0.30000", "2012-12-31": 0, "2012-09-30": 0, "2012-06-30": 0, "2012-03-31": "", "2011-12-31": 0, "2011-09-30": 0, "2011-06-30": 0, "2011-03-31": "", "2010-12-31": 0, "2010-09-30": 0, "2010-06-30": 0, "2010-03-31": "", "2009-12-31": 0, "2009-09-30": 0, "2009-06-30": 156.3, "2009-03-31": "", "2008-12-31": -2.3, "2008-09-30": -259.6, "2008-06-30": -89.9, "2008-03-31": "-43.70000", "2007-12-31": -94, "2007-09-30": -45.6, "2007-06-30": -15.4, "2007-03-31": "-1.20000", "2006-12-31": 7.2, "2006-09-30": 2, "2006-06-30": 6.1, "2006-03-31": "", "2005-12-31": 1.7, "2005-09-30": 2, "2005-06-30": 0.7, "2005-03-31": "0.70000"}, "Total Common And Preferred Stock Dividends Paid": {"2020-09-30": 0, "2020-06-30": 0, "2020-03-31": "-8.40000", "2019-12-31": -7.9, "2019-09-30": -7.8, "2019-06-30": -7.9, "2019-03-31": "-7.80000", "2018-12-31": -7.4, "2018-09-30": -7.3, "2018-06-30": -7.5, "2018-03-31": "-7.80000", "2017-12-31": -6.7, "2017-09-30": -7.1, "2017-06-30": -7.4, "2017-03-31": "-8.30000", "2016-12-31": -7.3, "2016-09-30": -7.5, "2016-06-30": -7.6, "2016-03-31": "-7.60000", "2015-12-31": -6.5, "2015-09-30": -6.5, "2015-06-30": -6.4, "2015-03-31": "-6.40000", "2014-12-31": -5.3, "2014-09-30": -5.5, "2014-06-30": -5.5, "2014-03-31": "-5.50000", "2013-12-31": -5.6, "2013-09-30": 0, "2013-06-30": -18.4, "2013-03-31": "", "2012-12-31": 0, "2012-09-30": 0, "2012-06-30": -4.9, "2012-03-31": "", "2011-12-31": 0, "2011-09-30": 0, "2011-06-30": 0, "2011-03-31": "", "2010-12-31": 0, "2010-09-30": -0.2, "2010-06-30": -3.2, "2010-03-31": "", "2009-12-31": -0.1, "2009-09-30": -7, "2009-06-30": 0, "2009-03-31": "", "2008-12-31": 0, "2008-09-30": -2.6, "2008-06-30": 0, "2008-03-31": "", "2007-12-31": 0, "2007-09-30": 0, "2007-06-30": 0, "2007-03-31": "", "2006-12-31": 0, "2006-09-30": 0, "2006-06-30": 0, "2006-03-31": "", "2005-12-31": 0, "2005-09-30": 0, "2005-06-30": 0, "2005-03-31": ""}, "Financial Activities - Other": {"2020-09-30": -0.3, "2020-06-30": -4.7, "2020-03-31": "-7.00000", "2019-12-31": -0.8, "2019-09-30": -2.3, "2019-06-30": -2, "2019-03-31": "-15.90000", "2018-12-31": -4.3, "2018-09-30": -1, "2018-06-30": -1.8, "2018-03-31": "-12.50000", "2017-12-31": -1.6, "2017-09-30": -1.1, "2017-06-30": -6.8, "2017-03-31": "-59.20000", "2016-12-31": -0.6, "2016-09-30": 1.7, "2016-06-30": -0.9, "2016-03-31": "-9.10000", "2015-12-31": -16.1, "2015-09-30": -0.2, "2015-06-30": -1.1, "2015-03-31": "", "2014-12-31": -10.7, "2014-09-30": -9.2, "2014-06-30": -2.3, "2014-03-31": "-63.90000", "2013-12-31": 0.4, "2013-09-30": -228.1, "2013-06-30": 0, "2013-03-31": "9.60000", "2012-12-31": -13.3, "2012-09-30": -3.4, "2012-06-30": 4.6, "2012-03-31": "-7.60000", "2011-12-31": -7.4, "2011-09-30": -25, "2011-06-30": 0.5, "2011-03-31": "3.60000", "2010-12-31": -0.7, "2010-09-30": 0, "2010-06-30": -6.2, "2010-03-31": "-13.80000", "2009-12-31": -0.1, "2009-09-30": -0.7, "2009-06-30": -13.9, "2009-03-31": "-5.00000", "2008-12-31": 4.5, "2008-09-30": 0.4, "2008-06-30": -0.1, "2008-03-31": "5.40000", "2007-12-31": -10.4, "2007-09-30": 6.3, "2007-06-30": 5.5, "2007-03-31": "13.10000", "2006-12-31": -5.7, "2006-09-30": 1.9, "2006-06-30": 5.2, "2006-03-31": "4.00000", "2005-12-31": -1.2, "2005-09-30": -2.5, "2005-06-30": -3.7, "2005-03-31": "-11.20000"}, "Cash Flow From Financial Activities": {"2020-09-30": -1.9, "2020-06-30": -177.2, "2020-03-31": "98.30000", "2019-12-31": -18.2, "2019-09-30": -183.4, "2019-06-30": -138.5, "2019-03-31": "236.40000", "2018-12-31": -26.5, "2018-09-30": 26, "2018-06-30": -116.1, "2018-03-31": "-128.30000", "2017-12-31": -172.4, "2017-09-30": -259.6, "2017-06-30": -598.3, "2017-03-31": "-576.20000", "2016-12-31": -83.4, "2016-09-30": -104.2, "2016-06-30": -116.8, "2016-03-31": "-5.80000", "2015-12-31": -82.2, "2015-09-30": -15.4, "2015-06-30": 4.1, "2015-03-31": "64.50000", "2014-12-31": -135.1, "2014-09-30": -72.5, "2014-06-30": -171.7, "2014-03-31": "-17.40000", "2013-12-31": 27.8, "2013-09-30": -207.7, "2013-06-30": -240.3, "2013-03-31": "0.10000", "2012-12-31": 3.5, "2012-09-30": -427.7, "2012-06-30": -185.7, "2012-03-31": "286.60000", "2011-12-31": -1.4, "2011-09-30": 723.6, "2011-06-30": 9.8, "2011-03-31": "-281.40000", "2010-12-31": -264.8, "2010-09-30": -12.9, "2010-06-30": -13.5, "2010-03-31": "-24.50000", "2009-12-31": -23.4, "2009-09-30": 68.4, "2009-06-30": 473.5, "2009-03-31": "40.30000", "2008-12-31": -165.7, "2008-09-30": -58.2, "2008-06-30": -82.4, "2008-03-31": "-44.90000", "2007-12-31": 535.7, "2007-09-30": 13.9, "2007-06-30": -40.6, "2007-03-31": "-73.00000", "2006-12-31": -26.5, "2006-09-30": -241.7, "2006-06-30": -87, "2006-03-31": "2.50000", "2005-12-31": -19.7, "2005-09-30": 2.6, "2005-06-30": -5.4, "2005-03-31": "-26.50000"}, "Net Cash Flow": {"2020-09-30": 82.7, "2020-06-30": -85.1, "2020-03-31": "-25.10000", "2019-12-31": 64.6, "2019-09-30": 80.9, "2019-06-30": 64.4, "2019-03-31": "-41.90000", "2018-12-31": 42.6, "2018-09-30": -47.6, "2018-06-30": -74.3, "2018-03-31": "-178.70000", "2017-12-31": 34.4, "2017-09-30": 37.1, "2017-06-30": -257.8, "2017-03-31": "314.50000", "2016-12-31": 158.2, "2016-09-30": 45.6, "2016-06-30": -25.5, "2016-03-31": "-142.90000", "2015-12-31": 165.4, "2015-09-30": -31.6, "2015-06-30": -18.6, "2015-03-31": "-126.90000", "2014-12-31": 133.7, "2014-09-30": -19.8, "2014-06-30": -26.2, "2014-03-31": "-17.60000", "2013-12-31": 37.5, "2013-09-30": -177.6, "2013-06-30": -181.5, "2013-03-31": "51.70000", "2012-12-31": 135.4, "2012-09-30": -298.9, "2012-06-30": -131.7, "2012-03-31": "199.10000", "2011-12-31": 89.2, "2011-09-30": -17.1, "2011-06-30": -21.7, "2011-03-31": "-170.50000", "2010-12-31": -460.1, "2010-09-30": -159.3, "2010-06-30": -282.6, "2010-03-31": "825.00000", "2009-12-31": -62, "2009-09-30": 94.7, "2009-06-30": 594.2, "2009-03-31": "-140.10000", "2008-12-31": -3.5, "2008-09-30": -102.1, "2008-06-30": -14.2, "2008-03-31": "-668.20000", "2007-12-31": 755.8, "2007-09-30": 63.2, "2007-06-30": 22.2, "2007-03-31": "-245.50000", "2006-12-31": 248.4, "2006-09-30": -97.4, "2006-06-30": 18.8, "2006-03-31": "-46.70000", "2005-12-31": 166.1, "2005-09-30": -38.4, "2005-06-30": 139.6, "2005-03-31": "-132.50000"}, "Stock-Based Compensation": {"2020-09-30": 5.9, "2020-06-30": 4.6, "2020-03-31": "7.30000", "2019-12-31": 11.6, "2019-09-30": 7.3, "2019-06-30": 12.5, "2019-03-31": "11.70000", "2018-12-31": 8.6, "2018-09-30": 9.6, "2018-06-30": 10.6, "2018-03-31": "7.90000", "2017-12-31": 8.6, "2017-09-30": 9.7, "2017-06-30": 10.5, "2017-03-31": "9.70000", "2016-12-31": 9.6, "2016-09-30": 9.5, "2016-06-30": 10, "2016-03-31": "8.70000", "2015-12-31": 6.6, "2015-09-30": 10.1, "2015-06-30": 11.3, "2015-03-31": "10.50000", "2014-12-31": 10.4, "2014-09-30": 9.9, "2014-06-30": 15.1, "2014-03-31": "11.10000", "2013-12-31": 13.9, "2013-09-30": 8.1, "2013-06-30": 12.8, "2013-03-31": "9.10000", "2012-12-31": 7, "2012-09-30": 6.6, "2012-06-30": 9.8, "2012-03-31": "5.70000", "2011-12-31": 5.1, "2011-09-30": 4.6, "2011-06-30": 8.1, "2011-03-31": "5.60000", "2010-12-31": 6.8, "2010-09-30": 9.5, "2010-06-30": 9.8, "2010-03-31": "8.80000", "2009-12-31": 6.2, "2009-09-30": 6.5, "2009-06-30": 9.9, "2009-03-31": "9.20000", "2008-12-31": 11.7, "2008-09-30": 14.6, "2008-06-30": 14.9, "2008-03-31": "17.00000", "2007-12-31": 15.8, "2007-09-30": 15.7, "2007-06-30": 17.7, "2007-03-31": "15.70000", "2006-12-31": 10.5, "2006-09-30": 8.9, "2006-06-30": 10.4, "2006-03-31": "13.70000", "2005-12-31": 10.7, "2005-09-30": 0, "2005-06-30": 0, "2005-03-31": ""}, "Common Stock Dividends Paid": {"2020-09-30": 0, "2020-06-30": 0, "2020-03-31": "-8.40000", "2019-12-31": -7.9, "2019-09-30": -7.8, "2019-06-30": -7.9, "2019-03-31": "-7.80000", "2018-12-31": -7.4, "2018-09-30": -7.3, "2018-06-30": -7.5, "2018-03-31": "-7.80000", "2017-12-31": -6.7, "2017-09-30": -7.1, "2017-06-30": -7.4, "2017-03-31": "-8.30000", "2016-12-31": -7.3, "2016-09-30": -7.5, "2016-06-30": -7.6, "2016-03-31": "-7.60000", "2015-12-31": -6.5, "2015-09-30": -6.5, "2015-06-30": -6.4, "2015-03-31": "-6.40000", "2014-12-31": -5.3, "2014-09-30": -5.5, "2014-06-30": -5.5, "2014-03-31": "-5.50000", "2013-12-31": -5.6, "2013-09-30": 0, "2013-06-30": -18.4, "2013-03-31": "", "2012-12-31": 0, "2012-09-30": 0, "2012-06-30": -4.9, "2012-03-31": "", "2011-12-31": 0, "2011-09-30": 0, "2011-06-30": 0, "2011-03-31": "0.00000", "2010-12-31": 0, "2010-09-30": -0.2, "2010-06-30": -3.2, "2010-03-31": "", "2009-12-31": -0.1, "2009-09-30": -7, "2009-06-30": 0, "2009-03-31": "", "2008-12-31": 0, "2008-09-30": -2.6, "2008-06-30": 0, "2008-03-31": "", "2007-12-31": 0, "2007-09-30": 0, "2007-06-30": 0, "2007-03-31": "", "2006-12-31": 0, "2006-09-30": 0, "2006-06-30": 0, "2006-03-31": "", "2005-12-31": 0, "2005-09-30": 0, "2005-06-30": 0, "2005-03-31": ""}}, "financial ratios": {"Current Ratio": {"2019-12-31": "2.31510", "2018-12-31": "1.99470", "2017-12-31": "2.30130", "2016-12-31": "1.91930", "2015-12-31": "2.15290", "2014-12-31": "2.04260", "2013-12-31": "2.11020", "2012-12-31": "2.22230", "2011-12-31": "2.14350", "2010-12-31": "2.37060", "2009-12-31": "2.51790", "2008-12-31": "2.21470", "2007-12-31": "2.19600", "2006-12-31": "1.69340", "2005-12-31": "1.90440"}, "Long-term Debt / Capital": {"2019-12-31": "0.55630", "2018-12-31": "0.58440", "2017-12-31": "0.44480", "2016-12-31": "0.50660", "2015-12-31": "0.47500", "2014-12-31": "0.44520", "2013-12-31": "0.46040", "2012-12-31": "0.49800", "2011-12-31": "0.50400", "2010-12-31": "0.38820", "2009-12-31": "0.53060", "2008-12-31": "0.44470", "2007-12-31": "0.36030", "2006-12-31": "0.23440", "2005-12-31": "0.48100"}, "Debt/Equity Ratio": {"2019-12-31": "1.26110", "2018-12-31": "1.41080", "2017-12-31": "0.80560", "2016-12-31": "1.03590", "2015-12-31": "0.93940", "2014-12-31": "0.87720", "2013-12-31": "0.89250", "2012-12-31": "1.03320", "2011-12-31": "1.05120", "2010-12-31": "0.79870", "2009-12-31": "1.17440", "2008-12-31": "0.82320", "2007-12-31": "0.57700", "2006-12-31": "0.43580", "2005-12-31": "0.96800"}, "Gross Margin": {"2019-12-31": "20.39470", "2018-12-31": "21.29420", "2017-12-31": "20.22560", "2016-12-31": "16.03390", "2015-12-31": "19.34010", "2014-12-31": "19.17400", "2013-12-31": "20.32040", "2012-12-31": "20.05240", "2011-12-31": "14.99680", "2010-12-31": "13.64580", "2009-12-31": "7.69750", "2008-12-31": "19.23760", "2007-12-31": "20.64170", "2006-12-31": "18.87000", "2005-12-31": "15.38700"}, "Operating Margin": {"2019-12-31": "7.69570", "2018-12-31": "9.13180", "2017-12-31": "6.01520", "2016-12-31": "-3.19150", "2015-12-31": "6.44600", "2014-12-31": "7.29390", "2013-12-31": "5.91620", "2012-12-31": "5.25340", "2011-12-31": "0.97270", "2010-12-31": "-1.67040", "2009-12-31": "-10.41110", "2008-12-31": "2.14600", "2007-12-31": "10.43370", "2006-12-31": "9.27740", "2005-12-31": "6.01640"}, "EBIT Margin": {"2019-12-31": "7.69570", "2018-12-31": "9.13180", "2017-12-31": "6.01520", "2016-12-31": "-3.19150", "2015-12-31": "6.44600", "2014-12-31": "7.29390", "2013-12-31": "5.91620", "2012-12-31": "5.25340", "2011-12-31": "0.97270", "2010-12-31": "-1.67040", "2009-12-31": "-10.41110", "2008-12-31": "2.14600", "2007-12-31": "10.43370", "2006-12-31": "9.27740", "2005-12-31": "6.01640"}, "EBITDA Margin": {"2019-12-31": "8.83510", "2018-12-31": "10.45340", "2017-12-31": "7.76810", "2016-12-31": "-1.01510", "2015-12-31": "9.08260", "2014-12-31": "10.31180", "2013-12-31": "8.06610", "2012-12-31": "7.44460", "2011-12-31": "3.02860", "2010-12-31": "0.70160", "2009-12-31": "-7.99040", "2008-12-31": "3.15500", "2007-12-31": "11.28620", "2006-12-31": "10.23200", "2005-12-31": "7.24440"}, "Pre-Tax Profit Margin": {"2019-12-31": "5.68560", "2018-12-31": "6.35570", "2017-12-31": "4.30710", "2016-12-31": "-6.09260", "2015-12-31": "3.89710", "2014-12-31": "5.08020", "2013-12-31": "4.11210", "2012-12-31": "1.80890", "2011-12-31": "1.06530", "2010-12-31": "-5.39360", "2009-12-31": "-13.57560", "2008-12-31": "1.05540", "2007-12-31": "9.95980", "2006-12-31": "8.03780", "2005-12-31": "4.69260"}, "Net Profit Margin": {"2019-12-31": "1.24970", "2018-12-31": "2.51700", "2017-12-31": "3.39250", "2016-12-31": "-3.96340", "2015-12-31": "2.90540", "2014-12-31": "5.81690", "2013-12-31": "3.19030", "2012-12-31": "1.51530", "2011-12-31": "0.73400", "2010-12-31": "8.11420", "2009-12-31": "-10.32550", "2008-12-31": "0.90340", "2007-12-31": "7.69670", "2006-12-31": "5.22910", "2005-12-31": "3.06180"}, "Asset Turnover": {"2019-12-31": "1.36220", "2018-12-31": "1.29580", "2017-12-31": "1.09570", "2016-12-31": "0.88740", "2015-12-31": "0.89420", "2014-12-31": "0.92510", "2013-12-31": "1.08370", "2012-12-31": "1.03500", "2011-12-31": "0.87180", "2010-12-31": "0.80090", "2009-12-31": "0.67530", "2008-12-31": "1.46160", "2007-12-31": "1.26280", "2006-12-31": "1.59790", "2005-12-31": "1.46570"}, "Inventory Turnover Ratio": {"2019-12-31": "4.08790", "2018-12-31": "3.86910", "2017-12-31": "3.12130", "2016-12-31": "4.36950", "2015-12-31": "3.80830", "2014-12-31": "3.03410", "2013-12-31": "3.49890", "2012-12-31": "3.42000", "2011-12-31": "2.97740", "2010-12-31": "2.63360", "2009-12-31": "2.65000", "2008-12-31": "3.70730", "2007-12-31": "3.27230", "2006-12-31": "4.13080", "2005-12-31": "3.95180"}, "Receiveable Turnover": {"2019-12-31": "10.83130", "2018-12-31": "8.44340", "2017-12-31": "6.54200", "2016-12-31": "8.66950", "2015-12-31": "7.14020", "2014-12-31": "5.04790", "2013-12-31": "6.01970", "2012-12-31": "6.80130", "2011-12-31": "5.22710", "2010-12-31": "5.64630", "2009-12-31": "6.49780", "2008-12-31": "9.89790", "2007-12-31": "6.67010", "2006-12-31": "8.04590", "2005-12-31": "8.37620"}, "Days Sales In Receivables": {"2019-12-31": "33.69860", "2018-12-31": "43.22920", "2017-12-31": "55.79340", "2016-12-31": "42.10180", "2015-12-31": "51.11900", "2014-12-31": "72.30780", "2013-12-31": "60.63410", "2012-12-31": "53.66630", "2011-12-31": "69.82890", "2010-12-31": "64.64450", "2009-12-31": "56.17280", "2008-12-31": "36.87650", "2007-12-31": "54.72190", "2006-12-31": "45.36490", "2005-12-31": "43.57590"}, "ROE - Return On Equity": {"2019-12-31": "22.49280", "2018-12-31": "28.07200", "2017-12-31": "9.07980", "2016-12-31": "-12.70710", "2015-12-31": "6.70500", "2014-12-31": "12.35840", "2013-12-31": "9.20620", "2012-12-31": "3.68240", "2011-12-31": "0.92300", "2010-12-31": "-10.01710", "2009-12-31": "-24.27140", "2008-12-31": "-4.28350", "2007-12-31": "22.80220", "2006-12-31": "22.64420", "2005-12-31": "16.15850"}, "Return On Tangible Equity": {"2019-12-31": "32.12810", "2018-12-31": "41.35870", "2017-12-31": "11.87040", "2016-12-31": "-15.54980", "2015-12-31": "8.96320", "2014-12-31": "43.24700", "2013-12-31": "38.88250", "2012-12-31": "24.00510", "2011-12-31": "4.63300", "2010-12-31": "-14.30890", "2009-12-31": "-34.93510", "2008-12-31": "-5.50240", "2007-12-31": "32.49610", "2006-12-31": "35.45880", "2005-12-31": "30.99290"}, "ROA - Return On Assets": {"2019-12-31": "6.56210", "2018-12-31": "6.93360", "2017-12-31": "3.20580", "2016-12-31": "-3.86080", "2015-12-31": "2.28280", "2014-12-31": "4.25100", "2013-12-31": "3.11930", "2012-12-31": "1.10880", "2011-12-31": "0.28600", "2010-12-31": "-3.83400", "2009-12-31": "-7.11260", "2008-12-31": "-1.37180", "2007-12-31": "8.45910", "2006-12-31": "8.28480", "2005-12-31": "4.46630"}, "ROI - Return On Investment": {"2019-12-31": "9.98050", "2018-12-31": "11.66730", "2017-12-31": "5.04060", "2016-12-31": "-6.26950", "2015-12-31": "3.52020", "2014-12-31": "6.85640", "2013-12-31": "4.96750", "2012-12-31": "1.84860", "2011-12-31": "0.45790", "2010-12-31": "-6.12880", "2009-12-31": "-11.39300", "2008-12-31": "-2.37880", "2007-12-31": "14.58760", "2006-12-31": "17.33640", "2005-12-31": "8.38700"}, "Book Value Per Share": {"2019-12-31": "13.24290", "2018-12-31": "12.37070", "2017-12-31": "15.24310", "2016-12-31": "14.48760", "2015-12-31": "17.75300", "2014-12-31": "19.34630", "2013-12-31": "20.15290", "2012-12-31": "18.48320", "2011-12-31": "20.11400", "2010-12-31": "19.53190", "2009-12-31": "15.60490", "2008-12-31": "18.55210", "2007-12-31": "23.36190", "2006-12-31": "17.31950", "2005-12-31": "23.54970"}, "Operating Cash Flow Per Share": {"2019-12-31": 1.19, "2018-12-31": -0.3872, "2017-12-31": -1.8827, "2016-12-31": 1.4192, "2015-12-31": -1.5206, "2014-12-31": 1.9852, "2013-12-31": -0.9552, "2012-12-31": 2.3612, "2011-12-31": 5.8178, "2010-12-31": -5.217, "2009-12-31": -2.1918, "2008-12-31": -0.6653, "2007-12-31": -2.3182, "2006-12-31": 2.1045, "2005-12-31": 2.6751}, "Free Cash Flow Per Share": {"2019-12-31": 1.0466, "2018-12-31": -1.4551, "2017-12-31": -2.0744, "2016-12-31": 2.2842, "2015-12-31": -2.1049, "2014-12-31": 1.9644, "2013-12-31": -0.8483, "2012-12-31": 2.6552, "2011-12-31": 5.5172, "2010-12-31": -5.1992, "2009-12-31": -1.7776, "2008-12-31": -0.7344, "2007-12-31": -2.4466, "2006-12-31": 1.9158, "2005-12-31": 2.2153}}, "financial ratios, quarterly": {"Current Ratio": {"2020-09-30": "2.58610", "2020-06-30": "2.52680", "2020-03-31": "2.53430", "2019-12-31": "2.31510", "2019-09-30": "2.20630", "2019-06-30": "2.21380", "2019-03-31": "2.27340", "2018-12-31": "1.99470", "2018-09-30": "2.22320", "2018-06-30": "2.11200", "2018-03-31": "2.26150", "2017-12-31": "2.30130", "2017-09-30": "2.42410", "2017-06-30": "2.35490", "2017-03-31": "2.03310", "2016-12-31": "1.91930", "2016-09-30": "1.97940", "2016-06-30": "2.01120", "2016-03-31": "1.93330", "2015-12-31": "2.15290", "2015-09-30": "2.10320", "2015-06-30": "2.08620", "2015-03-31": "1.98360", "2014-12-31": "2.04260", "2014-09-30": "2.00070", "2014-06-30": "1.91070", "2014-03-31": "2.03610", "2013-12-31": "2.11020", "2013-09-30": "1.97140", "2013-06-30": "2.01660", "2013-03-31": "2.15000", "2012-12-31": "2.22230", "2012-09-30": "2.15660", "2012-06-30": "2.31800", "2012-03-31": "2.17020", "2011-12-31": "2.14350", "2011-09-30": "2.06180", "2011-06-30": "2.49960", "2011-03-31": "2.56500", "2010-12-31": "2.37060", "2010-09-30": "2.70130", "2010-06-30": "2.93040", "2010-03-31": "3.07490", "2009-12-31": "2.51790", "2009-09-30": "2.57490", "2009-06-30": "3.00460", "2009-03-31": "2.46950", "2008-12-31": "2.21470", "2008-09-30": "2.11690", "2008-06-30": "2.00100", "2008-03-31": "2.02620", "2007-12-31": "2.19600", "2007-09-30": "2.02070", "2007-06-30": "1.89320", "2007-03-31": "1.87290", "2006-12-31": "1.69340", "2006-09-30": "1.78130", "2006-06-30": "1.61660", "2006-03-31": "1.90360", "2005-12-31": "1.90440", "2005-09-30": "1.79250", "2005-06-30": "1.74080", "2005-03-31": "1.72370"}, "Long-term Debt / Capital": {"2020-09-30": "0.57780", "2020-06-30": "0.59330", "2020-03-31": "0.62990", "2019-12-31": "0.55630", "2019-09-30": "0.57390", "2019-06-30": "0.60920", "2019-03-31": "0.65220", "2018-12-31": "0.58440", "2018-09-30": "0.53650", "2018-06-30": "0.53460", "2018-03-31": "0.49970", "2017-12-31": "0.44480", "2017-09-30": "0.41520", "2017-06-30": "0.38890", "2017-03-31": "0.36620", "2016-12-31": "0.50660", "2016-09-30": "0.46350", "2016-06-30": "0.47060", "2016-03-31": "0.46900", "2015-12-31": "0.47500", "2015-09-30": "0.48510", "2015-06-30": "0.48470", "2015-03-31": "0.49020", "2014-12-31": "0.44520", "2014-09-30": "0.42930", "2014-06-30": "0.42300", "2014-03-31": "0.47250", "2013-12-31": "0.46040", "2013-09-30": "0.46130", "2013-06-30": "0.47600", "2013-03-31": "0.50240", "2012-12-31": "0.49800", "2012-09-30": "0.48900", "2012-06-30": "0.53800", "2012-03-31": "0.51030", "2011-12-31": "0.50400", "2011-09-30": "0.49700", "2011-06-30": "0.38000", "2011-03-31": "0.38250", "2010-12-31": "0.38820", "2010-09-30": "0.44270", "2010-06-30": "0.50000", "2010-03-31": "0.47270", "2009-12-31": "0.53060", "2009-09-30": "0.50930", "2009-06-30": "0.47290", "2009-03-31": "0.47620", "2008-12-31": "0.44470", "2008-09-30": "0.39970", "2008-06-30": "0.33120", "2008-03-31": "0.34660", "2007-12-31": "0.36030", "2007-09-30": "0.23120", "2007-06-30": "0.23220", "2007-03-31": "0.26310", "2006-12-31": "0.23440", "2006-09-30": "0.32020", "2006-06-30": "0.33780", "2006-03-31": "0.45650", "2005-12-31": "0.48100", "2005-09-30": "0.48730", "2005-06-30": "0.49950", "2005-03-31": "0.49780"}, "Debt/Equity Ratio": {"2020-09-30": "1.37740", "2020-06-30": "1.46740", "2020-03-31": "1.71090", "2019-12-31": "1.26110", "2019-09-30": "1.35700", "2019-06-30": "1.56600", "2019-03-31": "1.88340", "2018-12-31": "1.41080", "2018-09-30": "1.16280", "2018-06-30": "1.15410", "2018-03-31": "1.00380", "2017-12-31": "0.80560", "2017-09-30": "0.71350", "2017-06-30": "0.64410", "2017-03-31": "0.73290", "2016-12-31": "1.03590", "2016-09-30": "0.86930", "2016-06-30": "0.89250", "2016-03-31": "0.96910", "2015-12-31": "0.93940", "2015-09-30": "0.98540", "2015-06-30": "0.97790", "2015-03-31": "1.05140", "2014-12-31": "0.87720", "2014-09-30": "0.82360", "2014-06-30": "0.81380", "2014-03-31": "0.92840", "2013-12-31": "0.89250", "2013-09-30": "0.89900", "2013-06-30": "0.94370", "2013-03-31": "1.04790", "2012-12-31": "1.03320", "2012-09-30": "0.99500", "2012-06-30": "1.19450", "2012-03-31": "1.14940", "2011-12-31": "1.05120", "2011-09-30": "1.02110", "2011-06-30": "0.64630", "2011-03-31": "0.64810", "2010-12-31": "0.79870", "2010-09-30": "0.94630", "2010-06-30": "1.03150", "2010-03-31": "0.92650", "2009-12-31": "1.17440", "2009-09-30": "1.08710", "2009-06-30": "0.92440", "2009-03-31": "0.93290", "2008-12-31": "0.82320", "2008-09-30": "0.68100", "2008-06-30": "0.50890", "2008-03-31": "0.54110", "2007-12-31": "0.57700", "2007-09-30": "0.31300", "2007-06-30": "0.31430", "2007-03-31": "0.36630", "2006-12-31": "0.43580", "2006-09-30": "0.49740", "2006-06-30": "0.70840", "2006-03-31": "0.88090", "2005-12-31": "0.96800", "2005-09-30": "1.00030", "2005-06-30": "1.04980", "2005-03-31": "1.04320"}, "Gross Margin": {"2020-09-30": "19.10920", "2020-06-30": "15.51050", "2020-03-31": "16.39880", "2019-12-31": "19.05080", "2019-09-30": "20.45680", "2019-06-30": "20.79730", "2019-03-31": "20.92210", "2018-12-31": "20.46150", "2018-09-30": "21.85110", "2018-06-30": "22.23460", "2018-03-31": "20.47290", "2017-12-31": "31.44360", "2017-09-30": "19.70840", "2017-06-30": "20.36900", "2017-03-31": "15.12560", "2016-12-31": "10.74180", "2016-09-30": "17.40820", "2016-06-30": "18.65610", "2016-03-31": "16.30620", "2015-12-31": "19.71860", "2015-09-30": "20.10510", "2015-06-30": "20.94390", "2015-03-31": "18.49430", "2014-12-31": "18.94490", "2014-09-30": "19.74250", "2014-06-30": "20.62190", "2014-03-31": "20.14990", "2013-12-31": "21.28820", "2013-09-30": "21.70750", "2013-06-30": "18.86650", "2013-03-31": "19.42310", "2012-12-31": "19.71710", "2012-09-30": "20.77940", "2012-06-30": "21.30750", "2012-03-31": "18.18180", "2011-12-31": "16.50930", "2011-09-30": "15.28060", "2011-06-30": "14.44030", "2011-03-31": "13.31000", "2010-12-31": "13.99070", "2010-09-30": "15.23520", "2010-06-30": "14.34390", "2010-03-31": "10.52460", "2009-12-31": "9.35340", "2009-09-30": "7.44190", "2009-06-30": "6.94610", "2009-03-31": "6.94760", "2008-12-31": "-55.11330", "2008-09-30": "17.74440", "2008-06-30": "22.18060", "2008-03-31": "21.75480", "2007-12-31": "18.46000", "2007-09-30": "21.13820", "2007-06-30": "21.65060", "2007-03-31": "20.47000", "2006-12-31": "18.50120", "2006-09-30": "19.29930", "2006-06-30": "19.43670", "2006-03-31": "18.15340", "2005-12-31": "15.08100", "2005-09-30": "16.05570", "2005-06-30": "16.04230", "2005-03-31": "14.20990"}, "Operating Margin": {"2020-09-30": "4.76750", "2020-06-30": "1.07170", "2020-03-31": "-0.85170", "2019-12-31": "2.58760", "2019-09-30": "8.43260", "2019-06-30": "9.64110", "2019-03-31": "8.77180", "2018-12-31": "7.78030", "2018-09-30": "9.48310", "2018-06-30": "10.56660", "2018-03-31": "8.44530", "2017-12-31": "18.08060", "2017-09-30": "5.93050", "2017-06-30": "6.57530", "2017-03-31": "-0.46680", "2016-12-31": "-27.30070", "2016-09-30": "3.74860", "2016-06-30": "5.65620", "2016-03-31": "1.01410", "2015-12-31": "3.21990", "2015-09-30": "7.33630", "2015-06-30": "9.43240", "2015-03-31": "2.95530", "2014-12-31": "3.93430", "2014-09-30": "6.45380", "2014-06-30": "7.82930", "2014-03-31": "4.53280", "2013-12-31": "7.25250", "2013-09-30": "7.88840", "2013-06-30": "4.48560", "2013-03-31": "3.96690", "2012-12-31": "-0.29340", "2012-09-30": "7.23930", "2012-06-30": "8.70000", "2012-03-31": "3.50670", "2011-12-31": "0.60870", "2011-09-30": "2.91640", "2011-06-30": "0.45690", "2011-03-31": "-0.74030", "2010-12-31": "-0.03770", "2010-09-30": "0.33460", "2010-06-30": "-0.96310", "2010-03-31": "-7.10550", "2009-12-31": "-7.44510", "2009-09-30": "-10.73990", "2009-06-30": "-12.15030", "2009-03-31": "-11.49310", "2008-12-31": "-428.00280", "2008-09-30": "6.64920", "2008-06-30": "12.63330", "2008-03-31": "10.84780", "2007-12-31": "7.77010", "2007-09-30": "10.75800", "2007-06-30": "12.14670", "2007-03-31": "9.97170", "2006-12-31": "8.34160", "2006-09-30": "10.03830", "2006-06-30": "10.25540", "2006-03-31": "8.37710", "2005-12-31": "4.09230", "2005-09-30": "6.86380", "2005-06-30": "7.78240", "2005-03-31": "4.92730"}, "EBIT Margin": {"2020-09-30": "4.76750", "2020-06-30": "1.07170", "2020-03-31": "-0.85170", "2019-12-31": "2.58760", "2019-09-30": "8.43260", "2019-06-30": "9.64110", "2019-03-31": "8.77180", "2018-12-31": "7.78030", "2018-09-30": "9.48310", "2018-06-30": "10.56660", "2018-03-31": "8.44530", "2017-12-31": "18.08060", "2017-09-30": "5.93050", "2017-06-30": "6.57530", "2017-03-31": "-0.46680", "2016-12-31": "-27.30070", "2016-09-30": "3.74860", "2016-06-30": "5.65620", "2016-03-31": "1.01410", "2015-12-31": "3.21990", "2015-09-30": "7.33630", "2015-06-30": "9.43240", "2015-03-31": "2.95530", "2014-12-31": "3.93430", "2014-09-30": "6.45380", "2014-06-30": "7.82930", "2014-03-31": "4.53280", "2013-12-31": "7.25250", "2013-09-30": "7.88840", "2013-06-30": "4.48560", "2013-03-31": "3.96690", "2012-12-31": "-0.29340", "2012-09-30": "7.23930", "2012-06-30": "8.70000", "2012-03-31": "3.50670", "2011-12-31": "0.60870", "2011-09-30": "2.91640", "2011-06-30": "0.45690", "2011-03-31": "-0.74030", "2010-12-31": "-0.03770", "2010-09-30": "0.33460", "2010-06-30": "-0.96310", "2010-03-31": "-7.10550", "2009-12-31": "-7.44510", "2009-09-30": "-10.73990", "2009-06-30": "-12.15030", "2009-03-31": "-11.49310", "2008-12-31": "-428.00280", "2008-09-30": "6.64920", "2008-06-30": "12.63330", "2008-03-31": "10.84780", "2007-12-31": "7.77000", "2007-09-30": "10.75800", "2007-06-30": "12.14670", "2007-03-31": "9.97170", "2006-12-31": "8.34150", "2006-09-30": "10.03830", "2006-06-30": "10.25540", "2006-03-31": "8.37710", "2005-12-31": "4.09230", "2005-09-30": "6.86380", "2005-06-30": "7.78240", "2005-03-31": "4.92730"}, "EBITDA Margin": {"2020-09-30": "", "2020-06-30": "", "2020-03-31": "", "2019-12-31": "", "2019-09-30": "", "2019-06-30": "", "2019-03-31": "", "2018-12-31": "", "2018-09-30": "", "2018-06-30": "", "2018-03-31": "", "2017-12-31": "", "2017-09-30": "", "2017-06-30": "", "2017-03-31": "", "2016-12-31": "", "2016-09-30": "", "2016-06-30": "", "2016-03-31": "", "2015-12-31": "", "2015-09-30": "", "2015-06-30": "", "2015-03-31": "", "2014-12-31": "", "2014-09-30": "", "2014-06-30": "", "2014-03-31": "", "2013-12-31": "", "2013-09-30": "", "2013-06-30": "", "2013-03-31": "", "2012-12-31": "", "2012-09-30": "", "2012-06-30": "", "2012-03-31": "", "2011-12-31": "", "2011-09-30": "", "2011-06-30": "", "2011-03-31": "", "2010-12-31": "", "2010-09-30": "", "2010-06-30": "", "2010-03-31": "", "2009-12-31": "", "2009-09-30": "", "2009-06-30": "", "2009-03-31": "", "2008-12-31": "", "2008-09-30": "", "2008-06-30": "", "2008-03-31": "", "2007-12-31": "", "2007-09-30": "", "2007-06-30": "", "2007-03-31": "", "2006-12-31": "", "2006-09-30": "", "2006-06-30": "", "2006-03-31": "", "2005-12-31": "", "2005-09-30": "", "2005-06-30": "", "2005-03-31": ""}, "Pre-Tax Profit Margin": {"2020-09-30": "2.72990", "2020-06-30": "-0.89790", "2020-03-31": "-3.05900", "2019-12-31": "0.28250", "2019-09-30": "6.62700", "2019-06-30": "7.79710", "2019-03-31": "6.61620", "2018-12-31": "0.55300", "2018-09-30": "7.62650", "2018-06-30": "9.14600", "2018-03-31": "7.42430", "2017-12-31": "15.54970", "2017-09-30": "5.10260", "2017-06-30": "10.02790", "2017-03-31": "-8.79930", "2016-12-31": "-31.70210", "2016-09-30": "1.31580", "2016-06-30": "3.27500", "2016-03-31": "-1.62430", "2015-12-31": "1.28670", "2015-09-30": "4.45280", "2015-06-30": "7.32550", "2015-03-31": "0.67530", "2014-12-31": "2.20190", "2014-09-30": "4.77400", "2014-06-30": "6.24790", "2014-03-31": "2.59880", "2013-12-31": "5.85050", "2013-09-30": "6.06720", "2013-06-30": "2.49260", "2013-03-31": "1.95320", "2012-12-31": "-4.95000", "2012-09-30": "2.03620", "2012-06-30": "6.19440", "2012-03-31": "1.67090", "2011-12-31": "-1.76400", "2011-09-30": "3.73140", "2011-06-30": "1.10870", "2011-03-31": "0.81200", "2010-12-31": "-2.83430", "2010-09-30": "-4.75920", "2010-06-30": "-3.26880", "2010-03-31": "-12.20220", "2009-12-31": "-11.43960", "2009-09-30": "-14.24140", "2009-06-30": "-14.63110", "2009-03-31": "-14.13340", "2008-12-31": "-450.78950", "2008-09-30": "5.54360", "2008-06-30": "12.05420", "2008-03-31": "10.47530", "2007-12-31": "7.79810", "2007-09-30": "10.47120", "2007-06-30": "11.58310", "2007-03-31": "9.04260", "2006-12-31": "7.73060", "2006-09-30": "8.34170", "2006-06-30": "8.82500", "2006-03-31": "7.12560", "2005-12-31": "3.12090", "2005-09-30": "5.51240", "2005-06-30": "6.48060", "2005-03-31": "3.25270"}, "Net Profit Margin": {"2020-09-30": "0.75760", "2020-06-30": "-1.33240", "2020-03-31": "-2.98700", "2019-12-31": "2.76840", "2019-09-30": "2.08860", "2019-06-30": "5.74640", "2019-03-31": "-5.85960", "2018-12-31": "-3.14650", "2018-09-30": "3.51290", "2018-06-30": "4.61290", "2018-03-31": "4.50470", "2017-12-31": "-5.40600", "2017-09-30": "5.32760", "2017-06-30": "8.53010", "2017-03-31": "-0.45680", "2016-12-31": "-27.41360", "2016-09-30": "9.16320", "2016-06-30": "5.01660", "2016-03-31": "-6.35380", "2015-12-31": "1.04580", "2015-09-30": "3.47300", "2015-06-30": "5.87710", "2015-03-31": "0.06690", "2014-12-31": "4.47080", "2014-09-30": "3.54740", "2014-06-30": "6.80260", "2014-03-31": "2.11530", "2013-12-31": "4.76870", "2013-09-30": "5.37280", "2013-06-30": "1.14420", "2013-03-31": "1.44520", "2012-12-31": "-2.50510", "2012-09-30": "1.65750", "2012-06-30": "4.27040", "2012-03-31": "1.26420", "2011-12-31": "-0.18010", "2011-09-30": "2.04590", "2011-06-30": "-0.03360", "2011-03-31": "0.93140", "2010-12-31": "-3.41470", "2010-09-30": "-8.90500", "2010-06-30": "-3.73180", "2010-03-31": "57.68780", "2009-12-31": "-14.11900", "2009-09-30": "-11.03970", "2009-06-30": "-8.19170", "2009-03-31": "-7.75520", "2008-12-31": "-289.29320", "2008-09-30": "3.73020", "2008-06-30": "8.04860", "2008-03-31": "6.91160", "2007-12-31": "12.21310", "2007-09-30": "6.89730", "2007-06-30": "7.45450", "2007-03-31": "5.65410", "2006-12-31": "4.97140", "2006-09-30": "5.30550", "2006-06-30": "5.89980", "2006-03-31": "4.65200", "2005-12-31": "2.39750", "2005-09-30": "3.47200", "2005-06-30": "4.04750", "2005-03-31": "2.10870"}, "Asset Turnover": {"2020-09-30": "0.26260", "2020-06-30": "0.24110", "2020-03-31": "0.26760", "2019-12-31": "0.27690", "2019-09-30": "0.32420", "2019-06-30": "0.36270", "2019-03-31": "0.31100", "2018-12-31": "0.30090", "2018-09-30": "0.32900", "2018-06-30": "0.37550", "2018-03-31": "0.32650", "2017-12-31": "0.14260", "2017-09-30": "0.30840", "2017-06-30": "0.31430", "2017-03-31": "0.24190", "2016-12-31": "0.19470", "2016-09-30": "0.18970", "2016-06-30": "0.23120", "2016-03-31": "0.19420", "2015-12-31": "0.28090", "2015-09-30": "0.21350", "2015-06-30": "0.24020", "2015-03-31": "0.26080", "2014-12-31": "0.30190", "2014-09-30": "0.28770", "2014-06-30": "0.30650", "2014-03-31": "0.24780", "2013-12-31": "0.27720", "2013-09-30": "0.27070", "2013-06-30": "0.28400", "2013-03-31": "0.24490", "2012-12-31": "0.19700", "2012-09-30": "0.26980", "2012-06-30": "0.28380", "2012-03-31": "0.24770", "2011-12-31": "0.22790", "2011-09-30": "0.24620", "2011-06-30": "0.27140", "2011-03-31": "0.23210", "2010-12-31": "0.24050", "2010-09-30": "0.18850", "2010-06-30": "0.19380", "2010-03-31": "0.15610", "2009-12-31": "0.17700", "2009-09-30": "0.15810", "2009-06-30": "0.17620", "2009-03-31": "0.19630", "2008-12-31": "0.02680", "2008-09-30": "0.38770", "2008-06-30": "0.41980", "2008-03-31": "0.35100", "2007-12-31": "0.22560", "2007-09-30": "0.40020", "2007-06-30": "0.44350", "2007-03-31": "0.40660", "2006-12-31": "0.42410", "2006-09-30": "0.41450", "2006-06-30": "0.41920", "2006-03-31": "0.38140", "2005-12-31": "0.34560", "2005-09-30": "0.35700", "2005-06-30": "0.41910", "2005-03-31": "0.34640"}, "Inventory Turnover Ratio": {"2020-09-30": "0.97450", "2020-06-30": "0.83370", "2020-03-31": "0.84680", "2019-12-31": "0.84510", "2019-09-30": "0.94990", "2019-06-30": "1.19930", "2019-03-31": "0.94080", "2018-12-31": "0.90780", "2018-09-30": "0.77200", "2018-06-30": "0.96990", "2018-03-31": "0.88000", "2017-12-31": "0.34920", "2017-09-30": "0.98650", "2017-06-30": "1.03120", "2017-03-31": "0.93990", "2016-12-31": "1.01900", "2016-09-30": "0.89180", "2016-06-30": "1.01960", "2016-03-31": "0.60000", "2015-12-31": "1.19090", "2015-09-30": "0.64890", "2015-06-30": "0.72930", "2015-03-31": "0.80160", "2014-12-31": "0.99280", "2014-09-30": "0.86620", "2014-06-30": "0.91700", "2014-03-31": "0.73880", "2013-12-31": "0.88400", "2013-09-30": "0.78930", "2013-06-30": "0.90440", "2013-03-31": "0.78280", "2012-12-31": "0.65380", "2012-09-30": "0.81970", "2012-06-30": "0.91240", "2012-03-31": "0.81480", "2011-12-31": "0.76460", "2011-09-30": "0.80700", "2011-06-30": "0.75540", "2011-03-31": "0.69540", "2010-12-31": "0.78760", "2010-09-30": "0.61280", "2010-06-30": "0.69230", "2010-03-31": "0.63320", "2009-12-31": "0.68220", "2009-09-30": "0.42820", "2009-06-30": "0.44030", "2009-03-31": "0.41760", "2008-12-31": "0.13030", "2008-09-30": "0.84450", "2008-06-30": "0.90300", "2008-03-31": "0.78270", "2007-12-31": "0.60060", "2007-09-30": "0.85280", "2007-06-30": "0.96210", "2007-03-31": "0.90960", "2006-12-31": "1.10130", "2006-09-30": "0.99120", "2006-06-30": "1.05740", "2006-03-31": "0.96580", "2005-12-31": "0.93510", "2005-09-30": "0.92760", "2005-06-30": "1.14610", "2005-03-31": "0.91400"}, "Receiveable Turnover": {"2020-09-30": "1.89880", "2020-06-30": "1.96560", "2020-03-31": "2.07360", "2019-12-31": "2.20200", "2019-09-30": "2.08380", "2019-06-30": "2.03000", "2019-03-31": "1.71800", "2018-12-31": "1.96040", "2018-09-30": "1.61800", "2018-06-30": "1.72880", "2018-03-31": "1.62390", "2017-12-31": "0.85170", "2017-09-30": "1.55940", "2017-06-30": "1.62630", "2017-03-31": "1.54670", "2016-12-31": "1.90190", "2016-09-30": "1.60840", "2016-06-30": "1.63090", "2016-03-31": "1.09400", "2015-12-31": "2.24330", "2015-09-30": "1.06080", "2015-06-30": "1.15200", "2015-03-31": "1.32190", "2014-12-31": "1.64710", "2014-09-30": "1.51300", "2014-06-30": "1.50180", "2014-03-31": "1.44960", "2013-12-31": "1.53960", "2013-09-30": "1.50880", "2013-06-30": "1.57790", "2013-03-31": "1.45840", "2012-12-31": "1.29490", "2012-09-30": "1.55180", "2012-06-30": "1.58800", "2012-03-31": "1.50360", "2011-12-31": "1.36660", "2011-09-30": "1.50010", "2011-06-30": "1.58290", "2011-03-31": "1.40110", "2010-12-31": "1.69530", "2010-09-30": "1.47900", "2010-06-30": "1.61320", "2010-03-31": "1.53700", "2009-12-31": "1.70330", "2009-09-30": "1.37680", "2009-06-30": "1.48060", "2009-03-31": "1.37620", "2008-12-31": "0.18120", "2008-09-30": "1.93310", "2008-06-30": "1.94070", "2008-03-31": "1.67870", "2007-12-31": "1.19140", "2007-09-30": "1.85780", "2007-06-30": "1.92820", "2007-03-31": "1.76910", "2006-12-31": "2.13530", "2006-09-30": "2.00390", "2006-06-30": "1.96270", "2006-03-31": "1.88650", "2005-12-31": "1.97480", "2005-09-30": "1.86660", "2005-06-30": "2.13980", "2005-03-31": "1.83780"}, "Days Sales In Receivables": {"2020-09-30": "47.39810", "2020-06-30": "45.78860", "2020-03-31": "43.40210", "2019-12-31": "40.87120", "2019-09-30": "43.19050", "2019-06-30": "44.33550", "2019-03-31": "52.38780", "2018-12-31": "45.90960", "2018-09-30": "55.62340", "2018-06-30": "52.06070", "2018-03-31": "55.42180", "2017-12-31": "105.67120", "2017-09-30": "57.71600", "2017-06-30": "55.33890", "2017-03-31": "58.18850", "2016-12-31": "47.32220", "2016-09-30": "55.95610", "2016-06-30": "55.18460", "2016-03-31": "82.27050", "2015-12-31": "40.11980", "2015-09-30": "84.83830", "2015-06-30": "78.12390", "2015-03-31": "68.08370", "2014-12-31": "54.64180", "2014-09-30": "59.48610", "2014-06-30": "59.92700", "2014-03-31": "62.08510", "2013-12-31": "58.45680", "2013-09-30": "59.65000", "2013-06-30": "57.03630", "2013-03-31": "61.71070", "2012-12-31": "69.50570", "2012-09-30": "57.99620", "2012-06-30": "56.67560", "2012-03-31": "59.85490", "2011-12-31": "65.85650", "2011-09-30": "59.99500", "2011-06-30": "56.85930", "2011-03-31": "64.23660", "2010-12-31": "53.08680", "2010-09-30": "60.85330", "2010-06-30": "55.78850", "2010-03-31": "58.55430", "2009-12-31": "52.83960", "2009-09-30": "65.36780", "2009-06-30": "60.78540", "2009-03-31": "65.39860", "2008-12-31": "496.69880", "2008-09-30": "46.55690", "2008-06-30": "46.37490", "2008-03-31": "53.61450", "2007-12-31": "75.54010", "2007-09-30": "48.44390", "2007-06-30": "46.67540", "2007-03-31": "50.87350", "2006-12-31": "42.14870", "2006-09-30": "44.91250", "2006-06-30": "45.85530", "2006-03-31": "47.70710", "2005-12-31": "45.57350", "2005-09-30": "48.21520", "2005-06-30": "42.06070", "2005-03-31": "48.97250"}, "ROE - Return On Equity": {"2020-09-30": "2.58000", "2020-06-30": "-0.39980", "2020-03-31": "-3.14170", "2019-12-31": "1.98430", "2019-09-30": "6.04870", "2019-06-30": "9.48180", "2019-03-31": "7.31180", "2018-12-31": "2.27640", "2018-09-30": "7.09960", "2018-06-30": "8.88090", "2018-03-31": "6.36760", "2017-12-31": "1.57870", "2017-09-30": "4.10060", "2017-06-30": "6.19400", "2017-03-31": "-3.55610", "2016-12-31": "-20.64820", "2016-09-30": "1.73500", "2016-06-30": "5.80050", "2016-03-31": "-1.16450", "2015-12-31": "0.76880", "2015-09-30": "1.57350", "2015-06-30": "3.89310", "2015-03-31": "-0.08420", "2014-12-31": "3.96740", "2014-09-30": "2.61050", "2014-06-30": "3.74180", "2014-03-31": "1.42240", "2013-12-31": "3.77910", "2013-09-30": "3.95280", "2013-06-30": "0.94350", "2013-03-31": "0.89070", "2012-12-31": "-2.73720", "2012-09-30": "1.36440", "2012-06-30": "4.00180", "2012-03-31": "0.95180", "2011-12-31": "-0.79050", "2011-09-30": "1.45890", "2011-06-30": "0.00910", "2011-03-31": "0.19210", "2010-12-31": "-1.54870", "2010-09-30": "-4.30670", "2010-06-30": "-0.61550", "2010-03-31": "-3.63920", "2009-12-31": "-6.18730", "2009-09-30": "-5.72590", "2009-06-30": "-5.28020", "2009-03-31": "-6.17180", "2008-12-31": "-32.71980", "2008-09-30": "4.10350", "2008-06-30": "8.89810", "2008-03-31": "6.47330", "2007-12-31": "4.02870", "2007-09-30": "6.72020", "2007-06-30": "8.42100", "2007-03-31": "6.14500", "2006-12-31": "5.75670", "2006-09-30": "6.63440", "2006-06-30": "7.59480", "2006-03-31": "6.03560", "2005-12-31": "2.94570", "2005-09-30": "4.48660", "2005-06-30": "6.44640", "2005-03-31": "2.75480"}, "Return On Tangible Equity": {"2020-09-30": "3.81280", "2020-06-30": "-0.60330", "2020-03-31": "-4.78870", "2019-12-31": "2.83440", "2019-09-30": "8.78310", "2019-06-30": "13.93440", "2019-03-31": "11.35820", "2018-12-31": "3.35390", "2018-09-30": "9.96110", "2018-06-30": "12.65400", "2018-03-31": "8.73710", "2017-12-31": "2.06400", "2017-09-30": "5.17410", "2017-06-30": "7.60340", "2017-03-31": "-4.25970", "2016-12-31": "-25.26750", "2016-09-30": "2.29980", "2016-06-30": "7.73360", "2016-03-31": "-3.85090", "2015-12-31": "1.02780", "2015-09-30": "5.17590", "2015-06-30": "13.03450", "2015-03-31": "-0.32690", "2014-12-31": "13.88360", "2014-09-30": "8.80850", "2014-06-30": "13.29520", "2014-03-31": "6.19350", "2013-12-31": "15.96110", "2013-09-30": "19.52470", "2013-06-30": "5.71340", "2013-03-31": "5.71150", "2012-12-31": "-17.84340", "2012-09-30": "7.70280", "2012-06-30": "25.00000", "2012-03-31": "4.57140", "2011-12-31": "-3.96790", "2011-09-30": "7.56050", "2011-06-30": "0.01180", "2011-03-31": "0.25030", "2010-12-31": "-2.21230", "2010-09-30": "-5.65170", "2010-06-30": "-0.81760", "2010-03-31": "-4.73480", "2009-12-31": "-8.90570", "2009-09-30": "-8.25640", "2009-06-30": "-7.07360", "2009-03-31": "-8.61740", "2008-12-31": "-42.03010", "2008-09-30": "6.98710", "2008-06-30": "14.33500", "2008-03-31": "10.83920", "2007-12-31": "5.74140", "2007-09-30": "9.37150", "2007-06-30": "12.14950", "2007-03-31": "9.35620", "2006-12-31": "9.01450", "2006-09-30": "10.77110", "2006-06-30": "12.74920", "2006-03-31": "10.79450", "2005-12-31": "5.65010", "2005-09-30": "9.70840", "2005-06-30": "14.82410", "2005-03-31": "6.60480"}, "ROA - Return On Assets": {"2020-09-30": "0.75470", "2020-06-30": "-0.11170", "2020-03-31": "-0.79300", "2019-12-31": "0.57890", "2019-09-30": "1.65790", "2019-06-30": "2.26470", "2019-03-31": "1.56510", "2018-12-31": "0.56230", "2018-09-30": "2.07220", "2018-06-30": "2.52310", "2018-03-31": "2.00870", "2017-12-31": "0.55740", "2017-09-30": "1.57100", "2017-06-30": "2.53720", "2017-03-31": "-1.44840", "2016-12-31": "-6.27350", "2016-09-30": "0.59610", "2016-06-30": "1.95230", "2016-03-31": "-0.38340", "2015-12-31": "0.26180", "2015-09-30": "0.51540", "2015-06-30": "1.26350", "2015-03-31": "-0.02620", "2014-12-31": "1.36470", "2014-09-30": "0.93330", "2014-06-30": "1.31850", "2014-03-31": "0.47170", "2013-12-31": "1.28050", "2013-09-30": "1.29130", "2013-06-30": "0.28530", "2013-03-31": "0.26220", "2012-12-31": "-0.82420", "2012-09-30": "0.41900", "2012-06-30": "1.13580", "2012-03-31": "0.29400", "2011-12-31": "-0.24490", "2011-09-30": "0.45180", "2011-06-30": "0.00360", "2011-03-31": "0.07760", "2010-12-31": "-0.59280", "2010-09-30": "-1.57360", "2010-06-30": "-0.20990", "2010-03-31": "-1.28920", "2009-12-31": "-1.81320", "2009-09-30": "-1.78580", "2009-06-30": "-1.84480", "2009-03-31": "-1.99360", "2008-12-31": "-10.47860", "2008-09-30": "1.45700", "2008-06-30": "3.39010", "2008-03-31": "2.44080", "2007-12-31": "1.49450", "2007-09-30": "2.76010", "2007-06-30": "3.30640", "2007-03-31": "2.29870", "2006-12-31": "2.10620", "2006-09-30": "2.29920", "2006-06-30": "2.34900", "2006-03-31": "1.73150", "2005-12-31": "0.81420", "2005-09-30": "1.23230", "2005-06-30": "1.69650", "2005-03-31": "0.73050"}, "ROI - Return On Investment": {"2020-09-30": "1.08930", "2020-06-30": "-0.16260", "2020-03-31": "-1.16270", "2019-12-31": "0.88050", "2019-09-30": "2.57760", "2019-06-30": "3.70520", "2019-03-31": "2.54270", "2018-12-31": "0.94610", "2018-09-30": "3.29070", "2018-06-30": "4.13330", "2018-03-31": "3.18540", "2017-12-31": "0.87640", "2017-09-30": "2.39800", "2017-06-30": "3.78500", "2017-03-31": "-2.25400", "2016-12-31": "-10.18750", "2016-09-30": "0.93090", "2016-06-30": "3.07090", "2016-03-31": "-0.61830", "2015-12-31": "0.40360", "2015-09-30": "0.81020", "2015-06-30": "2.00600", "2015-03-31": "-0.04290", "2014-12-31": "2.20110", "2014-09-30": "1.48980", "2014-06-30": "2.15910", "2014-03-31": "0.75030", "2013-12-31": "2.03910", "2013-09-30": "2.12940", "2013-06-30": "0.49440", "2013-03-31": "0.44320", "2012-12-31": "-1.37410", "2012-09-30": "0.69720", "2012-06-30": "1.84890", "2012-03-31": "0.46600", "2011-12-31": "-0.39210", "2011-09-30": "0.73380", "2011-06-30": "0.00560", "2011-03-31": "0.11860", "2010-12-31": "-0.94760", "2010-09-30": "-2.40010", "2010-06-30": "-0.30770", "2010-03-31": "-1.91880", "2009-12-31": "-2.90430", "2009-09-30": "-2.80990", "2009-06-30": "-2.78350", "2009-03-31": "-3.23260", "2008-12-31": "-18.17020", "2008-09-30": "2.46340", "2008-06-30": "5.95070", "2008-03-31": "4.22950", "2007-12-31": "2.57730", "2007-09-30": "5.16640", "2007-06-30": "6.46520", "2007-03-31": "4.52830", "2006-12-31": "4.40730", "2006-09-30": "4.50990", "2006-06-30": "5.02910", "2006-03-31": "3.28020", "2005-12-31": "1.52900", "2005-09-30": "2.30030", "2005-06-30": "3.22640", "2005-03-31": "1.38340"}, "Book Value Per Share": {"2020-09-30": "12.43000", "2020-06-30": "11.66760", "2020-03-31": "11.46060", "2019-12-31": "13.24290", "2019-09-30": "12.27050", "2019-06-30": "12.22440", "2019-03-31": "11.11220", "2018-12-31": "12.37070", "2018-09-30": "13.35210", "2018-06-30": "12.96990", "2018-03-31": "14.19610", "2017-12-31": "15.24310", "2017-09-30": "16.51080", "2017-06-30": "17.13240", "2017-03-31": "17.07650", "2016-12-31": "14.48760", "2016-09-30": "18.22480", "2016-06-30": "17.43080", "2016-03-31": "17.41200", "2015-12-31": "17.75300", "2015-09-30": "17.88020", "2015-06-30": "18.10210", "2015-03-31": "17.06230", "2014-12-31": "19.34630", "2014-09-30": "20.62940", "2014-06-30": "21.59510", "2014-03-31": "20.15010", "2013-12-31": "20.15290", "2013-09-30": "19.18550", "2013-06-30": "17.93670", "2013-03-31": "18.00090", "2012-12-31": "18.48320", "2012-09-30": "18.88980", "2012-06-30": "18.33730", "2012-03-31": "20.68820", "2011-12-31": "20.11400", "2011-09-30": "20.85290", "2011-06-30": "20.28680", "2011-03-31": "20.11680", "2010-12-31": "19.53190", "2010-09-30": "19.30650", "2010-06-30": "17.63450", "2010-03-31": "19.70410", "2009-12-31": "15.60490", "2009-09-30": "17.18750", "2009-06-30": "17.54160", "2009-03-31": "14.78610", "2008-12-31": "18.55210", "2008-09-30": "24.52500", "2008-06-30": "27.02430", "2008-03-31": "25.30510", "2007-12-31": "23.36190", "2007-09-30": "22.18900", "2007-06-30": "20.34740", "2007-03-31": "18.20940", "2006-12-31": "17.31950", "2006-09-30": "15.85360", "2006-06-30": "14.90500", "2006-03-31": "12.84380", "2005-12-31": "23.54970", "2005-09-30": "11.66430", "2005-06-30": "11.24750", "2005-03-31": "11.33470"}, "Operating Cash Flow Per Share": {"2020-09-30": 1.1016, "2020-06-30": 1.4357, "2020-03-31": "-1.25820", "2019-12-31": 1.3231, "2019-09-30": 1.7655, "2019-06-30": 3.0228, "2019-03-31": "-3.69640", "2018-12-31": 1.486, "2018-09-30": -0.7251, "2018-06-30": 1.0076, "2018-03-31": "-0.54350", "2017-12-31": 2.2366, "2017-09-30": 0.6434, "2017-06-30": 0.2968, "2017-03-31": "-1.56460", "2016-12-31": 2.5713, "2016-09-30": 0.982, "2016-06-30": 1.051, "2016-03-31": "-1.10940", "2015-12-31": 2.5978, "2015-09-30": 0.2597, "2015-06-30": 0.2634, "2015-03-31": "-1.04140", "2014-12-31": 2.65, "2014-09-30": 0.7988, "2014-06-30": -0.0032, "2014-03-31": "0.21480", "2013-12-31": 0.2075, "2013-09-30": 0.2818, "2013-06-30": 0.6153, "2013-03-31": "0.50650", "2012-12-31": 1.3412, "2012-09-30": 1.0653, "2012-06-30": 0.8466, "2012-03-31": "-0.68680", "2011-12-31": 1.1806, "2011-09-30": 0.9313, "2011-06-30": -1.2499, "2011-03-31": "-0.65690", "2010-12-31": -1.3039, "2010-09-30": -2.0972, "2010-06-30": -1.4358, "2010-03-31": "-0.77580", "2009-12-31": -0.4586, "2009-09-30": 0.5039, "2009-06-30": 0.5885, "2009-03-31": "-1.02950", "2008-12-31": 2.1274, "2008-09-30": 0.2187, "2008-06-30": 1.2985, "2008-03-31": "-1.84850", "2007-12-31": 2.7912, "2007-09-30": 0.5186, "2007-06-30": 0.7256, "2007-03-31": "-1.57400", "2006-12-31": 2.6788, "2006-09-30": 1.0413, "2006-06-30": 1.2665, "2006-03-31": "-0.20700", "2005-12-31": 1.9902, "2005-09-30": -0.2277, "2005-06-30": 1.741, "2005-03-31": "-0.82840"}, "Free Cash Flow Per Share": {"2020-09-30": 0.9523, "2020-06-30": 1.1958, "2020-03-31": "-1.60850", "2019-12-31": 0.9053, "2019-09-30": 1.2077, "2019-06-30": 2.6892, "2019-03-31": "-3.84400", "2018-12-31": 0.9968, "2018-09-30": -0.8988, "2018-06-30": 0.7793, "2018-03-31": "-0.96570", "2017-12-31": -6.6322, "2017-09-30": 3.4881, "2017-06-30": 3.3758, "2017-03-31": "1.13500", "2016-12-31": 2.5221, "2016-09-30": 1.3798, "2016-06-30": 0.8342, "2016-03-31": "-1.29500", "2015-12-31": 2.3422, "2015-09-30": 0.0416, "2015-06-30": 0.0631, "2015-03-31": "-1.28790", "2014-12-31": 2.8174, "2014-09-30": 0.6131, "2014-06-30": -0.1634, "2014-03-31": "0.05290", "2013-12-31": 0.0289, "2013-09-30": 0.1528, "2013-06-30": 0.803, "2013-03-31": "0.31270", "2012-12-31": 1.1395, "2012-09-30": 1.0412, "2012-06-30": 0.7988, "2012-03-31": "-0.83380", "2011-12-31": -3.8259, "2011-09-30": 2.9427, "2011-06-30": -0.279, "2011-03-31": "0.65270", "2010-12-31": -1.4458, "2010-09-30": -2.2341, "2010-06-30": -1.5322, "2010-03-31": "-0.81460", "2009-12-31": -0.5167, "2009-09-30": 0.4319, "2009-06-30": 0.4725, "2009-03-31": "-1.21520", "2008-12-31": 2.0072, "2008-09-30": 0.0909, "2008-06-30": 0.9219, "2008-03-31": "-2.06990", "2007-12-31": 2.6032, "2007-09-30": 0.2567, "2007-06-30": 0.5257, "2007-03-31": "-1.70110", "2006-12-31": 2.5478, "2006-09-30": 0.8533, "2006-06-30": 1.0747, "2006-03-31": "-0.34470", "2005-12-31": 1.867, "2005-09-30": -0.3324, "2005-06-30": 1.5885, "2005-03-31": "-0.90780"}}, "revenue": {"Terex Annual Revenue (Millions of US $)": {"2019": "$4,353", "2018": "$4,517", "2017": "$3,794", "2016": "$4,443", "2015": "$5,022", "2014": "$5,484", "2013": "$7,084", "2012": "$6,982", "2011": "$6,158", "2010": "$4,418", "2009": "$3,858", "2008": "$7,959", "2007": "$7,976", "2006": "$7,648", "2005": "$6,157"}, "Terex Quarterly Revenue (Millions of US $)": {"2020-09-30": "$766", "2020-06-30": "$691", "2020-03-31": "$834", "2019-12-31": "$885", "2019-09-30": "$1,025", "2019-06-30": "$1,307", "2019-03-31": "$1,137", "2018-12-31": "$1,049", "2018-09-30": "$1,099", "2018-06-30": "$1,253", "2018-03-31": "$1,117", "2017-12-31": "$494", "2017-09-30": "$1,111", "2017-06-30": "$1,182", "2017-03-31": "$1,007", "2016-12-31": "$975", "2016-09-30": "$1,056", "2016-06-30": "$1,298", "2016-03-31": "$1,114", "2015-12-31": "$1,578", "2015-09-30": "$1,255", "2015-06-30": "$1,443", "2015-03-31": "$1,496", "2014-12-31": "$1,789", "2014-09-30": "$1,810", "2014-06-30": "$2,055", "2014-03-31": "$1,655", "2013-12-31": "$1,812", "2013-09-30": "$1,757", "2013-06-30": "$1,862", "2013-03-31": "$1,654", "2012-12-31": "$1,329", "2012-09-30": "$1,822", "2012-06-30": "$2,012", "2012-03-31": "$1,819", "2011-12-31": "$1,610", "2011-09-30": "$1,804", "2011-06-30": "$1,488", "2011-03-31": "$1,256", "2010-12-31": "$1,327", "2010-09-30": "$1,076", "2010-06-30": "$1,080", "2010-03-31": "$936", "2009-12-31": "$1,011", "2009-09-30": "$934", "2009-06-30": "$947", "2009-03-31": "$966", "2008-12-31": "$146", "2008-09-30": "$2,515", "2008-06-30": "$2,936", "2008-03-31": "$2,363", "2007-12-31": "$1,425", "2007-09-30": "$2,197", "2007-06-30": "$2,342", "2007-03-31": "$2,013", "2006-12-31": "$2,030", "2006-09-30": "$1,904", "2006-06-30": "$2,020", "2006-03-31": "$1,694", "2005-12-31": "$1,452", "2005-09-30": "$1,495", "2005-06-30": "$1,759", "2005-03-31": "$1,451"}}, "gross-profit": {"Terex Annual Gross Profit (Millions of US $)": {"2019": "$888", "2018": "$962", "2017": "$767", "2016": "$712", "2015": "$971", "2014": "$1,052", "2013": "$1,440", "2012": "$1,400", "2011": "$924", "2010": "$603", "2009": "$297", "2008": "$1,531", "2007": "$1,646", "2006": "$1,443", "2005": "$947"}, "Terex Quarterly Gross Profit (Millions of US $)": {"2020-09-30": "$146", "2020-06-30": "$107", "2020-03-31": "$137", "2019-12-31": "$169", "2019-09-30": "$210", "2019-06-30": "$272", "2019-03-31": "$238", "2018-12-31": "$215", "2018-09-30": "$240", "2018-06-30": "$279", "2018-03-31": "$229", "2017-12-31": "$155", "2017-09-30": "$219", "2017-06-30": "$241", "2017-03-31": "$152", "2016-12-31": "$105", "2016-09-30": "$184", "2016-06-30": "$242", "2016-03-31": "$182", "2015-12-31": "$311", "2015-09-30": "$252", "2015-06-30": "$302", "2015-03-31": "$277", "2014-12-31": "$339", "2014-09-30": "$357", "2014-06-30": "$424", "2014-03-31": "$333", "2013-12-31": "$386", "2013-09-30": "$381", "2013-06-30": "$351", "2013-03-31": "$321", "2012-12-31": "$262", "2012-09-30": "$379", "2012-06-30": "$429", "2012-03-31": "$331", "2011-12-31": "$266", "2011-09-30": "$276", "2011-06-30": "$215", "2011-03-31": "$167", "2010-12-31": "$186", "2010-09-30": "$164", "2010-06-30": "$155", "2010-03-31": "$99", "2009-12-31": "$95", "2009-09-30": "$70", "2009-06-30": "$66", "2009-03-31": "$67", "2008-12-31": "$-80", "2008-09-30": "$446", "2008-06-30": "$651", "2008-03-31": "$514", "2007-12-31": "$263", "2007-09-30": "$464", "2007-06-30": "$507", "2007-03-31": "$412", "2006-12-31": "$376", "2006-09-30": "$367", "2006-06-30": "$393", "2006-03-31": "$308", "2005-12-31": "$219", "2005-09-30": "$240", "2005-06-30": "$282", "2005-03-31": "$206"}}, "operating-income": {"Terex Annual Operating Income (Millions of US $)": {"2019": "$335", "2018": "$413", "2017": "$228", "2016": "$-142", "2015": "$324", "2014": "$400", "2013": "$419", "2012": "$367", "2011": "$60", "2010": "$-74", "2009": "$-402", "2008": "$171", "2007": "$832", "2006": "$710", "2005": "$370"}, "Terex Quarterly Operating Income (Millions of US $)": {"2020-09-30": "$37", "2020-06-30": "$7", "2020-03-31": "$-7", "2019-12-31": "$23", "2019-09-30": "$86", "2019-06-30": "$126", "2019-03-31": "$100", "2018-12-31": "$82", "2018-09-30": "$104", "2018-06-30": "$132", "2018-03-31": "$94", "2017-12-31": "$89", "2017-09-30": "$66", "2017-06-30": "$78", "2017-03-31": "$-5", "2016-12-31": "$-266", "2016-09-30": "$40", "2016-06-30": "$73", "2016-03-31": "$11", "2015-12-31": "$51", "2015-09-30": "$92", "2015-06-30": "$136", "2015-03-31": "$44", "2014-12-31": "$70", "2014-09-30": "$117", "2014-06-30": "$161", "2014-03-31": "$75", "2013-12-31": "$131", "2013-09-30": "$139", "2013-06-30": "$84", "2013-03-31": "$66", "2012-12-31": "$-4", "2012-09-30": "$132", "2012-06-30": "$175", "2012-03-31": "$64", "2011-12-31": "$10", "2011-09-30": "$53", "2011-06-30": "$7", "2011-03-31": "$-9", "2010-12-31": "$-1", "2010-09-30": "$4", "2010-06-30": "$-10", "2010-03-31": "$-67", "2009-12-31": "$-75", "2009-09-30": "$-100", "2009-06-30": "$-115", "2009-03-31": "$-111", "2008-12-31": "$-624", "2008-09-30": "$167", "2008-06-30": "$371", "2008-03-31": "$256", "2007-12-31": "$111", "2007-09-30": "$236", "2007-06-30": "$285", "2007-03-31": "$201", "2006-12-31": "$169", "2006-09-30": "$191", "2006-06-30": "$207", "2006-03-31": "$142", "2005-12-31": "$59", "2005-09-30": "$103", "2005-06-30": "$137", "2005-03-31": "$72"}}, "ebitda": {"Terex Annual EBITDA (Millions of US $)": {"2019": "$385", "2018": "$472", "2017": "$295", "2016": "$-45", "2015": "$456", "2014": "$566", "2013": "$571", "2012": "$520", "2011": "$187", "2010": "$31", "2009": "$-308", "2008": "$251", "2007": "$900", "2006": "$783", "2005": "$446"}, "Terex Quarterly EBITDA (Millions of US $)": {"2020-09-30": "$49", "2020-06-30": "$19", "2020-03-31": "$5", "2019-12-31": "$34", "2019-09-30": "$99", "2019-06-30": "$138", "2019-03-31": "$113", "2018-12-31": "$96", "2018-09-30": "$118", "2018-06-30": "$148", "2018-03-31": "$110", "2017-12-31": "$107", "2017-09-30": "$83", "2017-06-30": "$93", "2017-03-31": "$12", "2016-12-31": "$-247", "2016-09-30": "$59", "2016-06-30": "$101", "2016-03-31": "$41", "2015-12-31": "$83", "2015-09-30": "$119", "2015-06-30": "$176", "2015-03-31": "$77", "2014-12-31": "$118", "2014-09-30": "$155", "2014-06-30": "$202", "2014-03-31": "$114", "2013-12-31": "$166", "2013-09-30": "$178", "2013-06-30": "$123", "2013-03-31": "$104", "2012-12-31": "$37", "2012-09-30": "$168", "2012-06-30": "$213", "2012-03-31": "$103", "2011-12-31": "$47", "2011-09-30": "$89", "2011-06-30": "$34", "2011-03-31": "$17", "2010-12-31": "$30", "2010-09-30": "$29", "2010-06-30": "$12", "2010-03-31": "$-39", "2009-12-31": "$-46", "2009-09-30": "$-76", "2009-06-30": "$-96", "2009-03-31": "$-90", "2008-12-31": "$-617", "2008-09-30": "$194", "2008-06-30": "$395", "2008-03-31": "$279", "2007-12-31": "$125", "2007-09-30": "$254", "2007-06-30": "$303", "2007-03-31": "$219", "2006-12-31": "$188", "2006-09-30": "$209", "2006-06-30": "$225", "2006-03-31": "$161", "2005-12-31": "$78", "2005-09-30": "$122", "2005-06-30": "$156", "2005-03-31": "$90"}}, "net-income": {"Terex Annual Net Income (Millions of US $)": {"2019": "$54", "2018": "$114", "2017": "$129", "2016": "$-176", "2015": "$146", "2014": "$319", "2013": "$226", "2012": "$106", "2011": "$45", "2010": "$359", "2009": "$-398", "2008": "$72", "2007": "$614", "2006": "$400", "2005": "$189"}, "Terex Quarterly Net Income (Millions of US $)": {"2020-09-30": "$6", "2020-06-30": "$-9", "2020-03-31": "$-25", "2019-12-31": "$25", "2019-09-30": "$21", "2019-06-30": "$75", "2019-03-31": "$-67", "2018-12-31": "$-33", "2018-09-30": "$39", "2018-06-30": "$58", "2018-03-31": "$50", "2017-12-31": "$-27", "2017-09-30": "$59", "2017-06-30": "$101", "2017-03-31": "$-5", "2016-12-31": "$-267", "2016-09-30": "$97", "2016-06-30": "$65", "2016-03-31": "$-71", "2015-12-31": "$17", "2015-09-30": "$44", "2015-06-30": "$85", "2015-03-31": "$1", "2014-12-31": "$80", "2014-09-30": "$64", "2014-06-30": "$140", "2014-03-31": "$35", "2013-12-31": "$86", "2013-09-30": "$94", "2013-06-30": "$21", "2013-03-31": "$24", "2012-12-31": "$-33", "2012-09-30": "$30", "2012-06-30": "$86", "2012-03-31": "$23", "2011-12-31": "$-3", "2011-09-30": "$37", "2011-06-30": "$-1", "2011-03-31": "$12", "2010-12-31": "$-45", "2010-09-30": "$-96", "2010-06-30": "$-40", "2010-03-31": "$540", "2009-12-31": "$-143", "2009-09-30": "$-103", "2009-06-30": "$-78", "2009-03-31": "$-75", "2008-12-31": "$-422", "2008-09-30": "$94", "2008-06-30": "$236", "2008-03-31": "$163", "2007-12-31": "$174", "2007-09-30": "$152", "2007-06-30": "$175", "2007-03-31": "$114", "2006-12-31": "$101", "2006-09-30": "$101", "2006-06-30": "$119", "2006-03-31": "$79", "2005-12-31": "$35", "2005-09-30": "$52", "2005-06-30": "$71", "2005-03-31": "$31"}}, "eps-earnings-per-share-diluted": {"Terex Annual EPS": {"2019": "$0.76", "2018": "$1.48", "2017": "$1.36", "2016": "$-1.63", "2015": "$1.33", "2014": "$2.79", "2013": "$1.93", "2012": "$0.93", "2011": "$0.41", "2010": "$3.30", "2009": "$-3.88", "2008": "$0.73", "2007": "$5.85", "2006": "$3.88", "2005": "$1.84"}, "Terex Quarterly EPS": {"2020-09-30": "$0.08", "2020-06-30": "$-0.13", "2020-03-31": "$-0.35", "2019-12-31": "$0.34", "2019-09-30": "$0.30", "2019-06-30": "$1.05", "2019-03-31": "$-0.93", "2018-12-31": "$-0.40", "2018-09-30": "$0.51", "2018-06-30": "$0.75", "2018-03-31": "$0.62", "2017-12-31": "$-0.30", "2017-09-30": "$0.66", "2017-06-30": "$1.04", "2017-03-31": "$-0.04", "2016-12-31": "$-2.46", "2016-09-30": "$0.89", "2016-06-30": "$0.59", "2016-03-31": "$-0.65", "2015-12-31": "$0.15", "2015-09-30": "$0.40", "2015-06-30": "$0.78", "2015-03-31": "$0.01", "2014-12-31": "$0.71", "2014-09-30": "$0.56", "2014-06-30": "$1.21", "2014-03-31": "$0.30", "2013-12-31": "$0.73", "2013-09-30": "$0.81", "2013-06-30": "$0.18", "2013-03-31": "$0.21", "2012-12-31": "$-0.31", "2012-09-30": "$0.27", "2012-06-30": "$0.77", "2012-03-31": "$0.20", "2011-12-31": "$-0.02", "2011-09-30": "$0.33", "2011-06-30": "$-0.00", "2011-03-31": "$0.10", "2010-12-31": "$-0.43", "2010-09-30": "$-0.88", "2010-06-30": "$-0.37", "2010-03-31": "$4.98", "2009-12-31": "$-1.36", "2009-09-30": "$-0.95", "2009-06-30": "$-0.78", "2009-03-31": "$-0.79", "2008-12-31": "$-4.14", "2008-09-30": "$0.96", "2008-06-30": "$2.32", "2008-03-31": "$1.59", "2007-12-31": "$1.65", "2007-09-30": "$1.45", "2007-06-30": "$1.66", "2007-03-31": "$1.09", "2006-12-31": "$0.97", "2006-09-30": "$0.98", "2006-06-30": "$1.16", "2006-03-31": "$0.77", "2005-12-31": "$0.33", "2005-09-30": "$0.51", "2005-06-30": "$0.70", "2005-03-31": "$0.30"}}, "shares-outstanding": {"Terex Annual Shares Outstanding (Millions of Shares)": {"2019": "72", "2018": "77", "2017": "95", "2016": "108", "2015": "110", "2014": "114", "2013": "117", "2012": "114", "2011": "111", "2010": "109", "2009": "103", "2008": "98", "2007": "105", "2006": "103", "2005": "102"}, "Terex Quarterly Shares Outstanding (Millions of Shares)": {"2020-09-30": "70", "2020-06-30": "69", "2020-03-31": "71", "2019-12-31": "72", "2019-09-30": "72", "2019-06-30": "72", "2019-03-31": "72", "2018-12-31": "77", "2018-09-30": "75", "2018-06-30": "77", "2018-03-31": "82", "2017-12-31": "95", "2017-09-30": "90", "2017-06-30": "97", "2017-03-31": "105", "2016-12-31": "108", "2016-09-30": "109", "2016-06-30": "110", "2016-03-31": "109", "2015-12-31": "109", "2015-09-30": "109", "2015-06-30": "109", "2015-03-31": "106", "2014-12-31": "112", "2014-09-30": "115", "2014-06-30": "116", "2014-03-31": "117", "2013-12-31": "117", "2013-09-30": "116", "2013-06-30": "116", "2013-03-31": "116", "2012-12-31": "114", "2012-09-30": "113", "2012-06-30": "111", "2012-03-31": "114", "2011-12-31": "111", "2011-09-30": "110", "2011-06-30": "115", "2011-03-31": "117", "2010-12-31": "109", "2010-09-30": "109", "2010-06-30": "109", "2010-03-31": "108", "2009-12-31": "103", "2009-09-30": "108", "2009-06-30": "99", "2009-03-31": "95", "2008-12-31": "98", "2008-09-30": "98", "2008-06-30": "102", "2008-03-31": "103", "2007-12-31": "105", "2007-09-30": "105", "2007-06-30": "105", "2007-03-31": "105", "2006-12-31": "103", "2006-09-30": "103", "2006-06-30": "103", "2006-03-31": "102", "2005-12-31": "102", "2005-09-30": "102", "2005-06-30": "102", "2005-03-31": "102"}}, "total-assets": {"Terex Annual Total Assets (Millions of US $)": {"2019": "$3,196", "2018": "$3,486", "2017": "$3,463", "2016": "$5,007", "2015": "$5,616", "2014": "$5,928", "2013": "$6,537", "2012": "$6,746", "2011": "$7,063", "2010": "$5,516", "2009": "$5,714", "2008": "$5,445", "2007": "$6,316", "2006": "$4,786", "2005": "$4,200"}, "Terex Quarterly Total Assets (Millions of US $)": {"2020-09-30": "$2,915", "2020-06-30": "$2,864", "2020-03-31": "$3,115", "2019-12-31": "$3,196", "2019-09-30": "$3,161", "2019-06-30": "$3,603", "2019-03-31": "$3,655", "2018-12-31": "$3,486", "2018-09-30": "$3,339", "2018-06-30": "$3,337", "2018-03-31": "$3,420", "2017-12-31": "$3,463", "2017-09-30": "$3,603", "2017-06-30": "$3,760", "2017-03-31": "$4,163", "2016-12-31": "$5,007", "2016-09-30": "$5,569", "2016-06-30": "$5,614", "2016-03-31": "$5,738", "2015-12-31": "$5,616", "2015-09-30": "$5,879", "2015-06-30": "$6,007", "2015-03-31": "$5,734", "2014-12-31": "$5,928", "2014-09-30": "$6,290", "2014-06-30": "$6,705", "2014-03-31": "$6,677", "2013-12-31": "$6,537", "2013-09-30": "$6,490", "2013-06-30": "$6,555", "2013-03-31": "$6,752", "2012-12-31": "$6,746", "2012-09-30": "$6,754", "2012-06-30": "$7,088", "2012-03-31": "$7,346", "2011-12-31": "$7,063", "2011-09-30": "$7,327", "2011-06-30": "$5,483", "2011-03-31": "$5,413", "2010-12-31": "$5,516", "2010-09-30": "$5,707", "2010-06-30": "$5,573", "2010-03-31": "$5,996", "2009-12-31": "$5,714", "2009-09-30": "$5,908", "2009-06-30": "$5,377", "2009-03-31": "$4,921", "2008-12-31": "$5,445", "2008-09-30": "$6,486", "2008-06-30": "$6,994", "2008-03-31": "$6,731", "2007-12-31": "$6,316", "2007-09-30": "$5,489", "2007-06-30": "$5,281", "2007-03-31": "$4,951", "2006-12-31": "$4,786", "2006-09-30": "$4,593", "2006-06-30": "$4,819", "2006-03-31": "$4,441", "2005-12-31": "$4,200", "2005-09-30": "$4,187", "2005-06-30": "$4,197", "2005-03-31": "$4,189"}}, "cash-on-hand": {"Terex Annual Cash on Hand (Millions of US $)": {"2019": "$535", "2018": "$340", "2017": "$627", "2016": "$429", "2015": "$371", "2014": "$478", "2013": "$408", "2012": "$678", "2011": "$774", "2010": "$1,416", "2009": "$930", "2008": "$450", "2007": "$1,272", "2006": "$677", "2005": "$554"}, "Terex Quarterly Cash on Hand (Millions of US $)": {"2020-09-30": "$508", "2020-06-30": "$426", "2020-03-31": "$511", "2019-12-31": "$535", "2019-09-30": "$471", "2019-06-30": "$368", "2019-03-31": "$305", "2018-12-31": "$340", "2018-09-30": "$326", "2018-06-30": "$374", "2018-03-31": "$448", "2017-12-31": "$627", "2017-09-30": "$593", "2017-06-30": "$556", "2017-03-31": "$814", "2016-12-31": "$429", "2016-09-30": "$249", "2016-06-30": "$201", "2016-03-31": "$324", "2015-12-31": "$371", "2015-09-30": "$301", "2015-06-30": "$333", "2015-03-31": "$351", "2014-12-31": "$478", "2014-09-30": "$345", "2014-06-30": "$364", "2014-03-31": "$391", "2013-12-31": "$408", "2013-09-30": "$371", "2013-06-30": "$548", "2013-03-31": "$730", "2012-12-31": "$678", "2012-09-30": "$543", "2012-06-30": "$842", "2012-03-31": "$973", "2011-12-31": "$774", "2011-09-30": "$688", "2011-06-30": "$957", "2011-03-31": "$1,091", "2010-12-31": "$1,416", "2010-09-30": "$1,758", "2010-06-30": "$1,790", "2010-03-31": "$2,181", "2009-12-31": "$930", "2009-09-30": "$1,033", "2009-06-30": "$939", "2009-03-31": "$344", "2008-12-31": "$450", "2008-09-30": "$488", "2008-06-30": "$590", "2008-03-31": "$604", "2007-12-31": "$1,272", "2007-09-30": "$517", "2007-06-30": "$453", "2007-03-31": "$405", "2006-12-31": "$677", "2006-09-30": "$428", "2006-06-30": "$526", "2006-03-31": "$507", "2005-12-31": "$554", "2005-09-30": "$388", "2005-06-30": "$426", "2005-03-31": "$286"}}, "long-term-debt": {"Terex Annual Long Term Debt (Millions of US $)": {"2019": "$1,169", "2018": "$1,211", "2017": "$980", "2016": "$1,562", "2015": "$1,730", "2014": "$1,636", "2013": "$1,890", "2012": "$2,015", "2011": "$2,223", "2010": "$1,340", "2009": "$1,893", "2008": "$1,396", "2007": "$1,320", "2006": "$536", "2005": "$1,076"}, "Terex Quarterly Long Term Debt (Millions of US $)": {"2020-09-30": "$1,167", "2020-06-30": "$1,167", "2020-03-31": "$1,338", "2019-12-31": "$1,169", "2019-09-30": "$1,167", "2019-06-30": "$1,342", "2019-03-31": "$1,467", "2018-12-31": "$1,211", "2018-09-30": "$1,128", "2018-06-30": "$1,089", "2018-03-31": "$1,078", "2017-12-31": "$980", "2017-09-30": "$980", "2017-06-30": "$980", "2017-03-31": "$980", "2016-12-31": "$1,562", "2016-09-30": "$1,653", "2016-06-30": "$1,680", "2016-03-31": "$1,669", "2015-12-31": "$1,730", "2015-09-30": "$1,814", "2015-06-30": "$1,834", "2015-03-31": "$1,713", "2014-12-31": "$1,636", "2014-09-30": "$1,692", "2014-06-30": "$1,732", "2014-03-31": "$1,984", "2013-12-31": "$1,890", "2013-09-30": "$1,815", "2013-06-30": "$1,800", "2013-03-31": "$2,007", "2012-12-31": "$2,015", "2012-09-30": "$1,985", "2012-06-30": "$2,342", "2012-03-31": "$2,365", "2011-12-31": "$2,223", "2011-09-30": "$2,242", "2011-06-30": "$1,353", "2011-03-31": "$1,354", "2010-12-31": "$1,340", "2010-09-30": "$1,656", "2010-06-30": "$1,901", "2010-03-31": "$1,904", "2009-12-31": "$1,893", "2009-09-30": "$1,912", "2009-06-30": "$1,685", "2009-03-31": "$1,445", "2008-12-31": "$1,396", "2008-09-30": "$1,533", "2008-06-30": "$1,320", "2008-03-31": "$1,347", "2007-12-31": "$1,320", "2007-09-30": "$678", "2007-06-30": "$627", "2007-03-31": "$661", "2006-12-31": "$536", "2006-09-30": "$750", "2006-06-30": "$760", "2006-03-31": "$1,070", "2005-12-31": "$1,076", "2005-09-30": "$1,093", "2005-06-30": "$1,102", "2005-03-31": "$1,101"}}, "total-liabilities": {"Terex Annual Total Liabilities (Millions of US $)": {"2019": "$2,263", "2018": "$2,625", "2017": "$2,240", "2016": "$3,486", "2015": "$3,704", "2014": "$3,889", "2013": "$4,322", "2012": "$4,715", "2011": "$4,875", "2010": "$3,405", "2009": "$4,039", "2008": "$3,702", "2007": "$3,973", "2006": "$3,035", "2005": "$3,039"}, "Terex Quarterly Total Liabilities (Millions of US $)": {"2020-09-30": "$2,063", "2020-06-30": "$2,064", "2020-03-31": "$2,329", "2019-12-31": "$2,263", "2019-09-30": "$2,294", "2019-06-30": "$2,743", "2019-03-31": "$2,873", "2018-12-31": "$2,625", "2018-09-30": "$2,365", "2018-06-30": "$2,389", "2018-03-31": "$2,341", "2017-12-31": "$2,240", "2017-09-30": "$2,222", "2017-06-30": "$2,220", "2017-03-31": "$2,467", "2016-12-31": "$3,486", "2016-09-30": "$3,656", "2016-06-30": "$3,724", "2016-03-31": "$3,848", "2015-12-31": "$3,704", "2015-09-30": "$3,953", "2015-06-30": "$4,057", "2015-03-31": "$3,953", "2014-12-31": "$3,889", "2014-09-30": "$4,041", "2014-06-30": "$4,342", "2014-03-31": "$4,463", "2013-12-31": "$4,322", "2013-09-30": "$4,370", "2013-06-30": "$4,573", "2013-03-31": "$4,765", "2012-12-31": "$4,715", "2012-09-30": "$4,680", "2012-06-30": "$5,076", "2012-03-31": "$5,077", "2011-12-31": "$4,875", "2011-09-30": "$5,058", "2011-06-30": "$3,276", "2011-03-31": "$3,226", "2010-12-31": "$3,405", "2010-09-30": "$3,622", "2010-06-30": "$3,672", "2010-03-31": "$3,872", "2009-12-31": "$4,039", "2009-09-30": "$4,065", "2009-06-30": "$3,499", "2009-03-31": "$3,331", "2008-12-31": "$3,702", "2008-09-30": "$4,183", "2008-06-30": "$4,329", "2008-03-31": "$4,193", "2007-12-31": "$3,973", "2007-09-30": "$3,235", "2007-06-30": "$3,207", "2007-03-31": "$3,099", "2006-12-31": "$3,035", "2006-09-30": "$3,001", "2006-06-30": "$3,329", "2006-03-31": "$3,167", "2005-12-31": "$3,039", "2005-09-30": "$3,037", "2005-06-30": "$3,092", "2005-03-31": "$3,078"}}, "total-share-holder-equity": {"Terex Annual Share Holder Equity (Millions of US $)": {"2019": "$932", "2018": "$861", "2017": "$1,223", "2016": "$1,521", "2015": "$1,912", "2014": "$2,039", "2013": "$2,215", "2012": "$2,031", "2011": "$2,188", "2010": "$2,111", "2009": "$1,674", "2008": "$1,744", "2007": "$2,343", "2006": "$1,751", "2005": "$1,161"}, "Terex Quarterly Share Holder Equity (Millions of US $)": {"2020-09-30": "$853", "2020-06-30": "$800", "2020-03-31": "$786", "2019-12-31": "$932", "2019-09-30": "$866", "2019-06-30": "$861", "2019-03-31": "$782", "2018-12-31": "$861", "2018-09-30": "$975", "2018-06-30": "$948", "2018-03-31": "$1,079", "2017-12-31": "$1,223", "2017-09-30": "$1,380", "2017-06-30": "$1,540", "2017-03-31": "$1,696", "2016-12-31": "$1,521", "2016-09-30": "$1,914", "2016-06-30": "$1,890", "2016-03-31": "$1,889", "2015-12-31": "$1,912", "2015-09-30": "$1,926", "2015-06-30": "$1,950", "2015-03-31": "$1,781", "2014-12-31": "$2,039", "2014-09-30": "$2,249", "2014-06-30": "$2,363", "2014-03-31": "$2,215", "2013-12-31": "$2,215", "2013-09-30": "$2,120", "2013-06-30": "$1,982", "2013-03-31": "$1,987", "2012-12-31": "$2,031", "2012-09-30": "$2,074", "2012-06-30": "$2,012", "2012-03-31": "$2,270", "2011-12-31": "$2,188", "2011-09-30": "$2,269", "2011-06-30": "$2,207", "2011-03-31": "$2,187", "2010-12-31": "$2,111", "2010-09-30": "$2,085", "2010-06-30": "$1,901", "2010-03-31": "$2,124", "2009-12-31": "$1,674", "2009-09-30": "$1,843", "2009-06-30": "$1,879", "2009-03-31": "$1,590", "2008-12-31": "$1,744", "2008-09-30": "$2,303", "2008-06-30": "$2,665", "2008-03-31": "$2,538", "2007-12-31": "$2,343", "2007-09-30": "$2,254", "2007-06-30": "$2,073", "2007-03-31": "$1,852", "2006-12-31": "$1,751", "2006-09-30": "$1,592", "2006-06-30": "$1,491", "2006-03-31": "$1,274", "2005-12-31": "$1,161", "2005-09-30": "$1,150", "2005-06-30": "$1,105", "2005-03-31": "$1,111"}}, "profit-margins": {"current": "-0.12%"}, "gross margin": {"2020-09-30": "17.60%", "2020-06-30": "18.14%", "2020-03-31": "19.45%", "2019-12-31": "20.42%", "2019-09-30": "20.69%", "2019-06-30": "21.01%", "2019-03-31": "21.42%", "2018-12-31": "21.31%", "2018-09-30": "22.79%", "2018-06-30": "22.19%", "2018-03-31": "21.62%", "2017-12-31": "20.22%", "2017-09-30": "16.77%", "2017-06-30": "16.16%", "2017-03-31": "15.75%", "2016-12-31": "16.05%", "2016-09-30": "18.21%", "2016-06-30": "18.82%", "2016-03-31": "19.42%", "2015-12-31": "19.79%", "2015-09-30": "19.56%", "2015-06-30": "19.50%", "2015-03-31": "19.54%", "2014-12-31": "19.88%", "2014-09-30": "20.46%", "2014-06-30": "20.94%", "2014-03-31": "20.48%", "2013-12-31": "20.31%", "2013-09-30": "19.92%", "2013-06-30": "19.69%", "2013-03-31": "20.40%", "2012-12-31": "20.07%", "2012-09-30": "19.34%", "2012-06-30": "17.97%", "2012-03-31": "16.19%", "2011-12-31": "15.00%", "2011-09-30": "14.37%", "2011-06-30": "14.22%", "2011-03-31": "14.18%", "2010-12-31": "13.67%", "2010-09-30": "12.50%", "2010-06-30": "10.58%", "2010-03-31": "8.62%", "2009-12-31": "7.72%", "2009-09-30": "4.11%", "2009-06-30": "10.91%", "2009-03-31": "16.52%", "2008-12-31": "19.23%", "2008-09-30": "20.28%", "2008-06-30": "21.21%", "2008-03-31": "20.99%", "2007-12-31": "20.63%", "2007-09-30": "20.50%", "2007-06-30": "20.05%", "2007-03-31": "19.43%", "2006-12-31": "18.88%", "2006-09-30": "18.20%", "2006-06-30": "17.41%", "2006-03-31": "16.39%", "2005-12-31": "15.38%"}, "operating margin": {"2020-09-30": "1.89%", "2020-06-30": "3.17%", "2020-03-31": "5.63%", "2019-12-31": "7.69%", "2019-09-30": "8.72%", "2019-06-30": "8.97%", "2019-03-31": "9.21%", "2018-12-31": "9.12%", "2018-09-30": "10.57%", "2018-06-30": "9.58%", "2018-03-31": "8.38%", "2017-12-31": "6.01%", "2017-09-30": "-2.97%", "2017-06-30": "-3.63%", "2017-03-31": "-3.64%", "2016-12-31": "-3.20%", "2016-09-30": "3.47%", "2016-06-30": "4.33%", "2016-03-31": "5.38%", "2015-12-31": "5.60%", "2015-09-30": "5.72%", "2015-06-30": "5.61%", "2015-03-31": "5.48%", "2014-12-31": "5.79%", "2014-09-30": "6.60%", "2014-06-30": "6.95%", "2014-03-31": "6.05%", "2013-12-31": "5.93%", "2013-09-30": "4.32%", "2013-06-30": "4.17%", "2013-03-31": "5.41%", "2012-12-31": "5.26%", "2012-09-30": "5.25%", "2012-06-30": "4.17%", "2012-03-31": "1.99%", "2011-12-31": "0.99%", "2011-09-30": "0.87%", "2011-06-30": "0.04%", "2011-03-31": "-0.32%", "2010-12-31": "-1.65%", "2010-09-30": "-3.61%", "2010-06-30": "-6.36%", "2010-03-31": "-9.33%", "2009-12-31": "-10.39%", "2009-09-30": "-31.74%", "2009-06-30": "-14.93%", "2009-03-31": "-3.00%", "2008-12-31": "2.14%", "2008-09-30": "9.80%", "2008-06-30": "10.92%", "2008-03-31": "10.66%", "2007-12-31": "10.44%", "2007-09-30": "10.38%", "2007-06-30": "10.21%", "2007-03-31": "9.64%", "2006-12-31": "9.27%", "2006-09-30": "8.47%", "2006-06-30": "7.67%", "2006-03-31": "6.89%", "2005-12-31": "6.03%"}, "ebitda margin": {"2020-09-30": "3.37%", "2020-06-30": "4.57%", "2020-03-31": "6.81%", "2019-12-31": "8.82%", "2019-09-30": "9.87%", "2019-06-30": "10.13%", "2019-03-31": "10.47%", "2018-12-31": "10.45%", "2018-09-30": "12.19%", "2018-06-30": "11.27%", "2018-03-31": "10.07%", "2017-12-31": "7.78%", "2017-09-30": "-1.38%", "2017-06-30": "-1.97%", "2017-03-31": "-1.73%", "2016-12-31": "-1.04%", "2016-09-30": "5.63%", "2016-06-30": "6.56%", "2016-03-31": "7.77%", "2015-12-31": "7.88%", "2015-09-30": "8.19%", "2015-06-30": "8.05%", "2015-03-31": "7.72%", "2014-12-31": "8.06%", "2014-09-30": "8.69%", "2014-06-30": "9.07%", "2014-03-31": "8.20%", "2013-12-31": "8.06%", "2013-09-30": "6.69%", "2013-06-30": "6.48%", "2013-03-31": "7.66%", "2012-12-31": "7.46%", "2012-09-30": "7.31%", "2012-06-30": "6.24%", "2012-03-31": "4.06%", "2011-12-31": "3.04%", "2011-09-30": "2.89%", "2011-06-30": "2.14%", "2011-03-31": "1.86%", "2010-12-31": "0.72%", "2010-09-30": "-1.07%", "2010-06-30": "-3.76%", "2010-03-31": "-6.71%", "2009-12-31": "-7.98%", "2009-09-30": "-29.37%", "2009-06-30": "-13.31%", "2009-03-31": "-1.80%", "2008-12-31": "3.15%", "2008-09-30": "10.75%", "2008-06-30": "11.80%", "2008-03-31": "11.54%", "2007-12-31": "11.29%", "2007-09-30": "11.23%", "2007-06-30": "11.09%", "2007-03-31": "10.56%", "2006-12-31": "10.24%", "2006-09-30": "9.52%", "2006-06-30": "8.80%", "2006-03-31": "8.08%", "2005-12-31": "7.24%"}, "pre tax profit margin": {"2020-09-30": "-0.25%", "2020-06-30": "1.14%", "2020-03-31": "3.63%", "2019-12-31": "5.70%", "2019-09-30": "5.56%", "2019-06-30": "5.81%", "2019-03-31": "6.17%", "2018-12-31": "6.37%", "2018-09-30": "9.06%", "2018-06-30": "8.35%", "2018-03-31": "8.61%", "2017-12-31": "4.32%", "2017-09-30": "-5.19%", "2017-06-30": "-6.28%", "2017-03-31": "-7.86%", "2016-12-31": "-6.08%", "2016-09-30": "1.17%", "2016-06-30": "1.93%", "2016-03-31": "3.04%", "2015-12-31": "3.33%", "2015-09-30": "3.53%", "2015-06-30": "3.69%", "2015-03-31": "3.68%", "2014-12-31": "4.05%", "2014-09-30": "4.95%", "2014-06-30": "5.28%", "2014-03-31": "4.26%", "2013-12-31": "4.11%", "2013-09-30": "1.80%", "2013-06-30": "0.73%", "2013-03-31": "1.88%", "2012-12-31": "1.80%", "2012-09-30": "2.26%", "2012-06-30": "2.68%", "2012-03-31": "1.28%", "2011-12-31": "1.07%", "2011-09-30": "0.95%", "2011-06-30": "-1.20%", "2011-03-31": "-2.41%", "2010-12-31": "-5.39%", "2010-09-30": "-7.70%", "2010-06-30": "-10.05%", "2010-03-31": "-13.11%", "2009-12-31": "-13.61%", "2009-09-30": "-35.62%", "2009-06-30": "-17.36%", "2009-03-31": "-4.59%", "2008-12-31": "1.06%", "2008-09-30": "9.22%", "2008-06-30": "10.57%", "2008-03-31": "10.33%", "2007-12-31": "9.95%", "2007-09-30": "9.79%", "2007-06-30": "9.28%", "2007-03-31": "8.49%", "2006-12-31": "8.04%", "2006-09-30": "7.11%", "2006-06-30": "6.40%", "2006-03-31": "5.66%", "2005-12-31": "4.68%"}, "net profit margin": {"2020-09-30": "-0.09%", "2020-06-30": "0.35%", "2020-03-31": "2.37%", "2019-12-31": "1.24%", "2019-09-30": "-0.09%", "2019-06-30": "0.30%", "2019-03-31": "-0.07%", "2018-12-31": "2.52%", "2018-09-30": "3.03%", "2018-06-30": "3.52%", "2018-03-31": "4.69%", "2017-12-31": "3.37%", "2017-09-30": "-2.62%", "2017-06-30": "-1.75%", "2017-03-31": "-2.54%", "2016-12-31": "-3.96%", "2016-09-30": "2.14%", "2016-06-30": "1.05%", "2016-03-31": "1.39%", "2015-12-31": "2.55%", "2015-09-30": "3.51%", "2015-06-30": "3.52%", "2015-03-31": "3.99%", "2014-12-31": "4.36%", "2014-09-30": "4.43%", "2014-06-30": "4.88%", "2014-03-31": "3.33%", "2013-12-31": "3.18%", "2013-09-30": "1.61%", "2013-06-30": "0.63%", "2013-03-31": "1.57%", "2012-12-31": "1.52%", "2012-09-30": "1.87%", "2012-06-30": "1.97%", "2012-03-31": "0.83%", "2011-12-31": "0.73%", "2011-09-30": "0.05%", "2011-06-30": "-2.53%", "2011-03-31": "-3.57%", "2010-12-31": "8.12%", "2010-09-30": "6.36%", "2010-06-30": "6.41%", "2010-03-31": "5.64%", "2009-12-31": "-10.34%", "2009-09-30": "-22.65%", "2009-06-30": "-10.52%", "2009-03-31": "-2.54%", "2008-12-31": "0.89%", "2008-09-30": "7.22%", "2008-06-30": "8.13%", "2008-03-31": "7.97%", "2007-12-31": "7.71%", "2007-09-30": "6.32%", "2007-06-30": "5.92%", "2007-03-31": "5.46%", "2006-12-31": "5.23%", "2006-09-30": "4.72%", "2006-06-30": "4.28%", "2006-03-31": "3.70%", "2005-12-31": "3.07%"}, "pe ratio": {"current": "141.37", "2021-02-05": "0.00", "2020-09-30": "0.00", "2020-06-30": "117.31", "2020-03-31": "10.72", "2019-12-31": "38.95", "2019-09-30": "0.00", "2019-06-30": "171.99", "2019-03-31": "0.00", "2018-12-31": "18.87", "2018-09-30": "24.81", "2018-06-30": "23.87", "2018-03-31": "18.07", "2017-12-31": "34.59", "2017-09-30": "0.00", "2017-06-30": "0.00", "2017-03-31": "0.00", "2016-12-31": "0.00", "2016-09-30": "24.82", "2016-06-30": "39.56", "2016-03-31": "34.81", "2015-12-31": "13.08", "2015-09-30": "8.93", "2015-06-30": "10.64", "2015-03-31": "10.05", "2014-12-31": "9.41", "2014-09-30": "10.59", "2014-06-30": "12.57", "2014-03-31": "20.39", "2013-12-31": "20.20", "2013-09-30": "34.80", "2013-06-30": "68.10", "2013-03-31": "33.77", "2012-12-31": "27.87", "2012-09-30": "17.25", "2012-06-30": "12.98", "2012-03-31": "41.12", "2011-12-31": "30.71", "2011-09-30": "956.35", "2011-06-30": "0.00", "2011-03-31": "0.00", "2010-12-31": "8.69", "2010-09-30": "8.79", "2010-06-30": "7.46", "2010-03-31": "10.97", "2009-12-31": "0.00", "2009-09-30": "0.00", "2009-06-30": "0.00", "2009-03-31": "0.00", "2008-12-31": "39.38", "2008-09-30": "4.35", "2008-06-30": "6.81", "2008-03-31": "9.15", "2007-12-31": "10.41", "2007-09-30": "16.05", "2007-06-30": "16.12", "2007-03-31": "15.93", "2006-12-31": "15.45"}, "price sales": {"2021-02-05": "0.85", "2020-09-30": "0.43", "2020-06-30": "0.39", "2020-03-31": "0.25", "2019-12-31": "0.49", "2019-09-30": "0.41", "2019-06-30": "0.50", "2019-03-31": "0.52", "2018-12-31": "0.46", "2018-09-30": "0.78", "2018-06-30": "0.86", "2018-03-31": "0.84", "2017-12-31": "1.19", "2017-09-30": "1.01", "2017-06-30": "0.89", "2017-03-31": "0.75", "2016-12-31": "0.74", "2016-09-30": "0.53", "2016-06-30": "0.40", "2016-03-31": "0.48", "2015-12-31": "0.33", "2015-09-30": "0.31", "2015-06-30": "0.37", "2015-03-31": "0.39", "2014-12-31": "0.41", "2014-09-30": "0.47", "2014-06-30": "0.62", "2014-03-31": "0.68", "2013-12-31": "0.64", "2013-09-30": "0.55", "2013-06-30": "0.42", "2013-03-31": "0.53", "2012-12-31": "0.42", "2012-09-30": "0.33", "2012-06-30": "0.26", "2012-03-31": "0.35", "2011-12-31": "0.23", "2011-09-30": "0.18", "2011-06-30": "0.58", "2011-03-31": "0.81", "2010-12-31": "0.71", "2010-09-30": "0.56", "2010-06-30": "0.47", "2010-03-31": "0.58", "2009-12-31": "0.48", "2009-09-30": "0.65", "2009-06-30": "0.24", "2009-03-31": "0.13", "2008-12-31": "0.20", "2008-09-30": "0.31", "2008-06-30": "0.55", "2008-03-31": "0.73", "2007-12-31": "0.80", "2007-09-30": "1.01", "2007-06-30": "0.95", "2007-03-31": "0.87", "2006-12-31": "0.81"}, "price book": {"current": "3.10", "2021-02-05": "3.07", "2020-09-30": "1.56", "2020-06-30": "1.61", "2020-03-31": "1.25", "2019-12-31": "2.24", "2019-09-30": "2.10", "2019-06-30": "2.53", "2019-03-31": "2.84", "2018-12-31": "2.18", "2018-09-30": "2.92", "2018-06-30": "3.17", "2018-03-31": "2.56", "2017-12-31": "3.06", "2017-09-30": "2.64", "2017-06-30": "2.11", "2017-03-31": "1.77", "2016-12-31": "2.09", "2016-09-30": "1.33", "2016-06-30": "1.11", "2016-03-31": "1.36", "2015-12-31": "0.99", "2015-09-30": "0.95", "2015-06-30": "1.21", "2015-03-31": "1.47", "2014-12-31": "1.35", "2014-09-30": "1.44", "2014-06-30": "1.78", "2014-03-31": "2.05", "2013-12-31": "1.94", "2013-09-30": "1.63", "2013-06-30": "1.37", "2013-03-31": "1.78", "2012-12-31": "1.42", "2012-09-30": "1.11", "2012-06-30": "0.91", "2012-03-31": "1.01", "2011-12-31": "0.63", "2011-09-30": "0.46", "2011-06-30": "1.31", "2011-03-31": "1.72", "2010-12-31": "1.48", "2010-09-30": "1.11", "2010-06-30": "0.99", "2010-03-31": "1.07", "2009-12-31": "1.18", "2009-09-30": "1.12", "2009-06-30": "0.64", "2009-03-31": "0.58", "2008-12-31": "0.87", "2008-09-30": "1.16", "2008-06-30": "1.77", "2008-03-31": "2.30", "2007-12-31": "2.62", "2007-09-30": "3.74", "2007-06-30": "3.72", "2007-03-31": "3.67", "2006-12-31": "3.48", "2006-09-30": "2.66", "2006-06-30": "3.09", "2006-03-31": "2.88"}, "price fcf": {"2021-02-05": "", "2020-09-30": "$1.44", "2020-06-30": "$1.70", "2020-03-31": "$3.19", "2019-12-31": "$0.96", "2019-09-30": "$1.05", "2019-06-30": "$-1.06", "2019-03-31": "$-2.97", "2018-12-31": "$-0.09", "2018-09-30": "$-7.72", "2018-06-30": "$-3.33", "2018-03-31": "$-0.73", "2017-12-31": "$1.37", "2017-09-30": "$10.52", "2017-06-30": "$8.41", "2017-03-31": "$5.87", "2016-12-31": "$3.44", "2016-09-30": "$3.26", "2016-06-30": "$1.92", "2016-03-31": "$1.15", "2015-12-31": "$1.16", "2015-09-30": "$1.63", "2015-06-30": "$2.21", "2015-03-31": "$1.98", "2014-12-31": "$3.32", "2014-09-30": "$0.53", "2014-06-30": "$0.07", "2014-03-31": "$1.04", "2013-12-31": "$1.30", "2013-09-30": "$2.41", "2013-06-30": "$3.30", "2013-03-31": "$3.29", "2012-12-31": "$2.15", "2012-09-30": "$-2.82", "2012-06-30": "$-0.92", "2012-03-31": "$-2.00", "2011-12-31": "$-0.51", "2011-09-30": "$1.87", "2011-06-30": "$-3.31", "2011-03-31": "$-4.56", "2010-12-31": "$-6.03", "2010-09-30": "$-5.10", "2010-06-30": "$-2.43", "2010-03-31": "$-0.43", "2009-12-31": "$-0.83", "2009-09-30": "$1.70", "2009-06-30": "$1.36", "2009-03-31": "$1.80", "2008-12-31": "$0.95", "2008-09-30": "$1.55", "2008-06-30": "$1.71", "2008-03-31": "$1.32", "2007-12-31": "$1.68", "2007-09-30": "$1.63", "2007-06-30": "$2.23", "2007-03-31": "$2.77", "2006-12-31": "$4.13"}, "net worth": {"value": "$2.65B"}, "current ratio": {"2020-09-30": "2.59", "2020-06-30": "2.53", "2020-03-31": "2.53", "2019-12-31": "2.32", "2019-09-30": "2.21", "2019-06-30": "2.21", "2019-03-31": "2.27", "2018-12-31": "2.00", "2018-09-30": "2.22", "2018-06-30": "2.11", "2018-03-31": "2.26", "2017-12-31": "2.30", "2017-09-30": "2.42", "2017-06-30": "2.36", "2017-03-31": "2.03", "2016-12-31": "1.92", "2016-09-30": "1.98", "2016-06-30": "2.01", "2016-03-31": "1.93", "2015-12-31": "2.15", "2015-09-30": "2.10", "2015-06-30": "2.09", "2015-03-31": "1.98", "2014-12-31": "2.04", "2014-09-30": "2.00", "2014-06-30": "1.91", "2014-03-31": "2.04", "2013-12-31": "2.11", "2013-09-30": "1.97", "2013-06-30": "2.02", "2013-03-31": "2.15", "2012-12-31": "2.22", "2012-09-30": "2.16", "2012-06-30": "2.32", "2012-03-31": "2.17", "2011-12-31": "2.14", "2011-09-30": "2.06", "2011-06-30": "2.50", "2011-03-31": "2.57", "2010-12-31": "2.37", "2010-09-30": "2.70", "2010-06-30": "2.93", "2010-03-31": "3.08", "2009-12-31": "2.52", "2009-09-30": "2.58", "2009-06-30": "3.01", "2009-03-31": "2.47", "2008-12-31": "2.22", "2008-09-30": "2.12", "2008-06-30": "2.00", "2008-03-31": "2.03", "2007-12-31": "2.20", "2007-09-30": "2.02", "2007-06-30": "1.89", "2007-03-31": "1.87", "2006-12-31": "1.69", "2006-09-30": "1.78", "2006-06-30": "1.62", "2006-03-31": "1.90", "2005-12-31": "1.90", "2005-09-30": "1.79", "2005-06-30": "1.74", "2005-03-31": "1.72"}, "quick ratio": {"2020-09-30": "1.65", "2020-06-30": "1.49", "2020-03-31": "1.47", "2019-12-31": "1.34", "2019-09-30": "1.28", "2019-06-30": "1.43", "2019-03-31": "1.41", "2018-12-31": "1.24", "2018-09-30": "1.14", "2018-06-30": "1.19", "2018-03-31": "1.29", "2017-12-31": "1.37", "2017-09-30": "1.53", "2017-06-30": "1.46", "2017-03-31": "1.32", "2016-12-31": "1.31", "2016-09-30": "1.32", "2016-06-30": "1.33", "2016-03-31": "0.98", "2015-12-31": "1.42", "2015-09-30": "1.13", "2015-06-30": "1.15", "2015-03-31": "1.09", "2014-12-31": "1.15", "2014-09-30": "1.05", "2014-06-30": "1.02", "2014-03-31": "1.06", "2013-12-31": "1.18", "2013-09-30": "1.02", "2013-06-30": "1.11", "2013-03-31": "1.20", "2012-12-31": "1.27", "2012-09-30": "1.16", "2012-06-30": "1.35", "2012-03-31": "1.25", "2011-12-31": "1.21", "2011-09-30": "1.13", "2011-06-30": "1.40", "2011-03-31": "1.51", "2010-12-31": "1.51", "2010-09-30": "1.74", "2010-06-30": "1.97", "2010-03-31": "2.15", "2009-12-31": "1.65", "2009-09-30": "1.32", "2009-06-30": "1.48", "2009-03-31": "0.96", "2008-12-31": "1.26", "2008-09-30": "0.99", "2008-06-30": "1.00", "2008-03-31": "1.03", "2007-12-31": "1.31", "2007-09-30": "1.01", "2007-06-30": "0.97", "2007-03-31": "0.96", "2006-12-31": "0.95", "2006-09-30": "0.93", "2006-06-30": "0.89", "2006-03-31": "1.03", "2005-12-31": "1.04", "2005-09-30": "0.92", "2005-06-30": "0.93", "2005-03-31": "0.85"}, "debt equity ratio": {"current": "1.37", "2020-09-30": "2.42", "2020-06-30": "2.58", "2020-03-31": "2.96", "2019-12-31": "2.43", "2019-09-30": "2.65", "2019-06-30": "3.19", "2019-03-31": "3.67", "2018-12-31": "3.05", "2018-09-30": "2.43", "2018-06-30": "2.52", "2018-03-31": "2.17", "2017-12-31": "1.83", "2017-09-30": "1.61", "2017-06-30": "1.44", "2017-03-31": "1.46", "2016-12-31": "2.29", "2016-09-30": "1.91", "2016-06-30": "1.97", "2016-03-31": "2.04", "2015-12-31": "1.94", "2015-09-30": "2.05", "2015-06-30": "2.08", "2015-03-31": "2.22", "2014-12-31": "1.91", "2014-09-30": "1.80", "2014-06-30": "1.84", "2014-03-31": "2.02", "2013-12-31": "1.95", "2013-09-30": "2.06", "2013-06-30": "2.31", "2013-03-31": "2.40", "2012-12-31": "2.32", "2012-09-30": "2.26", "2012-06-30": "2.52", "2012-03-31": "2.24", "2011-12-31": "2.23", "2011-09-30": "2.23", "2011-06-30": "1.48", "2011-03-31": "1.48", "2010-12-31": "1.61", "2010-09-30": "1.74", "2010-06-30": "1.93", "2010-03-31": "1.82", "2009-12-31": "2.41", "2009-09-30": "2.21", "2009-06-30": "1.86", "2009-03-31": "2.10", "2008-12-31": "2.12", "2008-09-30": "1.82", "2008-06-30": "1.63", "2008-03-31": "1.65", "2007-12-31": "1.70", "2007-09-30": "1.44", "2007-06-30": "1.55", "2007-03-31": "1.67", "2006-12-31": "1.73", "2006-09-30": "1.89", "2006-06-30": "2.23", "2006-03-31": "2.49", "2005-12-31": "2.62", "2005-09-30": "2.64", "2005-06-30": "2.80", "2005-03-31": "2.77"}, "return on equity": {"2020-09-30": "-0.36%", "2020-06-30": "1.42%", "2020-03-31": "11.15%", "2019-12-31": "6.28%", "2019-09-30": "-0.47%", "2019-06-30": "1.61%", "2019-03-31": "-0.34%", "2018-12-31": "11.80%", "2018-09-30": "11.36%", "2018-06-30": "12.10%", "2018-03-31": "14.02%", "2017-12-31": "8.77%", "2017-09-30": "-7.30%", "2017-06-30": "-4.44%", "2017-03-31": "-6.27%", "2016-12-31": "-9.76%", "2016-09-30": "5.68%", "2016-06-30": "2.89%", "2016-03-31": "3.91%", "2015-12-31": "7.77%", "2015-09-30": "10.91%", "2015-06-30": "11.47%", "2015-03-31": "13.52%", "2014-12-31": "14.39%", "2014-09-30": "14.38%", "2014-06-30": "15.93%", "2014-03-31": "11.06%", "2013-12-31": "10.84%", "2013-09-30": "5.22%", "2013-06-30": "2.08%", "2013-03-31": "5.28%", "2012-12-31": "5.06%", "2012-09-30": "6.37%", "2012-06-30": "6.55%", "2012-03-31": "2.51%", "2011-12-31": "2.03%", "2011-09-30": "0.14%", "2011-06-30": "-6.05%", "2011-03-31": "-8.16%", "2010-12-31": "17.47%", "2010-09-30": "13.41%", "2010-06-30": "13.47%", "2010-03-31": "11.49%", "2009-12-31": "-22.85%", "2009-09-30": "-38.44%", "2009-06-30": "-25.60%", "2009-03-31": "-8.05%", "2008-12-31": "3.07%", "2008-09-30": "27.09%", "2008-06-30": "29.59%", "2008-03-31": "28.84%", "2007-12-31": "28.87%", "2007-09-30": "27.34%", "2007-06-30": "27.02%", "2007-03-31": "26.02%", "2006-12-31": "26.20%", "2006-09-30": "24.21%", "2006-06-30": "22.46%", "2006-03-31": "20.21%", "2005-12-31": "16.70%"}, "return on assets": {"2020-09-30": "-0.10%", "2020-06-30": "0.39%", "2020-03-31": "2.94%", "2019-12-31": "1.59%", "2019-09-30": "-0.12%", "2019-06-30": "0.40%", "2019-03-31": "-0.09%", "2018-12-31": "3.36%", "2018-09-30": "3.54%", "2018-06-30": "4.05%", "2018-03-31": "5.14%", "2017-12-31": "3.42%", "2017-09-30": "-2.71%", "2017-06-30": "-1.60%", "2017-03-31": "-2.16%", "2016-12-31": "-3.21%", "2016-09-30": "1.92%", "2016-06-30": "0.96%", "2016-03-31": "1.29%", "2015-12-31": "2.53%", "2015-09-30": "3.57%", "2015-06-30": "3.84%", "2015-03-31": "4.62%", "2014-12-31": "4.98%", "2014-09-30": "4.96%", "2014-06-30": "5.38%", "2014-03-31": "3.59%", "2013-12-31": "3.42%", "2013-09-30": "1.60%", "2013-06-30": "0.63%", "2013-03-31": "1.57%", "2012-12-31": "1.52%", "2012-09-30": "1.93%", "2012-06-30": "1.98%", "2012-03-31": "0.82%", "2011-12-31": "0.71%", "2011-09-30": "0.05%", "2011-06-30": "-2.35%", "2011-03-31": "-3.04%", "2010-12-31": "6.30%", "2010-09-30": "4.54%", "2010-06-30": "4.38%", "2010-03-31": "3.76%", "2009-12-31": "-7.28%", "2009-09-30": "-12.53%", "2009-06-30": "-8.66%", "2009-03-31": "-2.80%", "2008-12-31": "1.11%", "2008-09-30": "10.06%", "2008-06-30": "11.36%", "2008-03-31": "11.15%", "2007-12-31": "11.16%", "2007-09-30": "10.57%", "2007-06-30": "10.01%", "2007-03-31": "9.09%", "2006-12-31": "8.58%", "2006-09-30": "7.40%", "2006-06-30": "6.46%", "2006-03-31": "5.57%", "2005-12-31": "4.51%"}, "return on investments": {"2020-09-30": "2.92%", "2020-06-30": "5.30%", "2020-03-31": "10.78%", "2019-12-31": "15.61%", "2019-09-30": "18.42%", "2019-06-30": "19.10%", "2019-03-31": "19.76%", "2018-12-31": "19.69%", "2018-09-30": "19.72%", "2018-06-30": "17.41%", "2018-03-31": "14.16%", "2017-12-31": "9.35%", "2017-09-30": "-4.77%", "2017-06-30": "-5.17%", "2017-03-31": "-4.90%", "2016-12-31": "-4.12%", "2016-09-30": "4.88%", "2016-06-30": "6.26%", "2016-03-31": "7.88%", "2015-12-31": "8.81%", "2015-09-30": "9.31%", "2015-06-30": "9.86%", "2015-03-31": "10.31%", "2014-12-31": "10.64%", "2014-09-30": "11.85%", "2014-06-30": "12.39%", "2014-03-31": "10.71%", "2013-12-31": "10.62%", "2013-09-30": "7.23%", "2013-06-30": "7.00%", "2013-03-31": "8.97%", "2012-12-31": "8.59%", "2012-09-30": "8.73%", "2012-06-30": "6.74%", "2012-03-31": "3.13%", "2011-12-31": "1.52%", "2011-09-30": "1.35%", "2011-06-30": "0.06%", "2011-03-31": "-0.41%", "2010-12-31": "-1.94%", "2010-09-30": "-3.91%", "2010-06-30": "-6.65%", "2010-03-31": "-9.57%", "2009-12-31": "-11.52%", "2009-09-30": "-28.16%", "2009-06-30": "-20.13%", "2009-03-31": "-5.63%", "2008-12-31": "4.58%", "2008-09-30": "23.56%", "2008-06-30": "26.94%", "2008-03-31": "26.95%", "2007-12-31": "28.22%", "2007-09-30": "34.16%", "2007-06-30": "34.38%", "2007-03-31": "32.71%", "2006-12-31": "30.75%", "2006-09-30": "26.12%", "2006-06-30": "22.52%", "2006-03-31": "19.53%", "2005-12-31": "16.68%"}, "return on tangible equity": {"2020-09-30": "-0.53%", "2020-06-30": "2.09%", "2020-03-31": "16.33%", "2019-12-31": "9.23%", "2019-09-30": "-0.70%", "2019-06-30": "2.36%", "2019-03-31": "-0.49%", "2018-12-31": "16.70%", "2018-09-30": "15.58%", "2018-06-30": "16.09%", "2018-03-31": "17.99%", "2017-12-31": "10.89%", "2017-09-30": "-8.95%", "2017-06-30": "-5.52%", "2017-03-31": "-7.97%", "2016-12-31": "-15.06%", "2016-09-30": "8.89%", "2016-06-30": "5.50%", "2016-03-31": "9.47%", "2015-12-31": "19.24%", "2015-09-30": "38.03%", "2015-06-30": "40.17%", "2015-03-31": "48.04%", "2014-12-31": "52.66%", "2014-09-30": "54.99%", "2014-06-30": "66.76%", "2014-03-31": "52.77%", "2013-12-31": "56.60%", "2013-09-30": "30.77%", "2013-06-30": "12.77%", "2013-03-31": "32.65%", "2012-12-31": "28.77%", "2012-09-30": "34.04%", "2012-06-30": "34.27%", "2012-03-31": "7.37%", "2011-12-31": "4.24%", "2011-09-30": "0.23%", "2011-06-30": "-8.08%", "2011-03-31": "-10.95%", "2010-12-31": "23.42%", "2010-09-30": "17.95%", "2010-06-30": "18.46%", "2010-03-31": "15.78%", "2009-12-31": "-32.04%", "2009-09-30": "-52.40%", "2009-06-30": "-36.64%", "2009-03-31": "-12.14%", "2008-12-31": "4.83%", "2008-09-30": "43.26%", "2008-06-30": "45.09%", "2008-03-31": "42.74%", "2007-12-31": "41.60%", "2007-09-30": "40.24%", "2007-06-30": "41.34%", "2007-03-31": "41.41%", "2006-12-31": "43.27%", "2006-09-30": "41.95%", "2006-06-30": "41.65%", "2006-03-31": "40.70%", "2005-12-31": "36.35%"}, "dividend yield history": {"last payout": "$0.00", "last yield": "0.00%"}}