{"ticker": "TCBI", "price": {"title": "Texas Capital Bancshares Historical Annual Stock Price Data", "value": 66.72, "historical": {"2020": {"Average Stock Price": "38.8084", "Year Open": "56.2000", "Year High": "59.9200", "Year Low": "19.2900", "Year Close": "59.5000", "Annual % Change": "4.81%"}, "2019": {"Average Stock Price": "58.1545", "Year Open": "51.6100", "Year High": "66.1900", "Year Low": "50.8700", "Year Close": "56.7700", "Annual % Change": "11.12%"}, "2018": {"Average Stock Price": "86.0955", "Year Open": "90.7500", "Year High": "102.3500", "Year Low": "48.4900", "Year Close": "51.0900", "Annual % Change": "-42.53%"}, "2017": {"Average Stock Price": "81.2738", "Year Open": "78.3000", "Year High": "93.5500", "Year Low": "69.9500", "Year Close": "88.9000", "Annual % Change": "13.39%"}, "2016": {"Average Stock Price": "49.9984", "Year Open": "48.1900", "Year High": "81.2000", "Year Low": "30.8900", "Year Close": "78.4000", "Annual % Change": "58.64%"}, "2015": {"Average Stock Price": "53.1427", "Year Open": "53.3400", "Year High": "63.2800", "Year Low": "40.8500", "Year Close": "49.4200", "Annual % Change": "-9.04%"}, "2014": {"Average Stock Price": "57.0749", "Year Open": "61.3500", "Year High": "66.8500", "Year Low": "50.3000", "Year Close": "54.3300", "Annual % Change": "-12.65%"}, "2013": {"Average Stock Price": "46.3798", "Year Open": "46.7900", "Year High": "62.2000", "Year Low": "38.6400", "Year Close": "62.2000", "Annual % Change": "38.78%"}, "2012": {"Average Stock Price": "40.2876", "Year Open": "31.6300", "Year High": "51.6200", "Year Low": "31.5000", "Year Close": "44.8200", "Annual % Change": "46.42%"}, "2011": {"Average Stock Price": "25.4802", "Year Open": "21.5400", "Year High": "30.6900", "Year Low": "20.5600", "Year Close": "30.6100", "Annual % Change": "43.44%"}, "2010": {"Average Stock Price": "17.8374", "Year Open": "14.2600", "Year High": "22.4000", "Year Low": "13.5600", "Year Close": "21.3400", "Annual % Change": "52.87%"}, "2009": {"Average Stock Price": "13.9363", "Year Open": "12.9500", "Year High": "17.9800", "Year Low": "6.7500", "Year Close": "13.9600", "Annual % Change": "4.49%"}, "2008": {"Average Stock Price": "16.7160", "Year Open": "17.6900", "Year High": "21.8600", "Year Low": "12.8100", "Year Close": "13.3600", "Annual % Change": "-26.79%"}, "2007": {"Average Stock Price": "21.0241", "Year Open": "19.9200", "Year High": "23.2900", "Year Low": "17.9100", "Year Close": "18.2500", "Annual % Change": "-8.20%"}, "2006": {"Average Stock Price": "21.2806", "Year Open": "23.1500", "Year High": "24.9100", "Year Low": "18.2700", "Year Close": "19.8800", "Annual % Change": "-11.17%"}, "2005": {"Average Stock Price": "21.3956", "Year Open": "21.8900", "Year High": "24.5500", "Year Low": "17.8700", "Year Close": "22.3800", "Annual % Change": "3.52%"}, "2004": {"Average Stock Price": "17.1515", "Year Open": "14.2000", "Year High": "22.5000", "Year Low": "14.2000", "Year Close": "21.6200", "Annual % Change": "49.31%"}, "2003": {"Average Stock Price": "13.1566", "Year Open": "12.5000", "Year High": "14.4800", "Year Low": "11.9000", "Year Close": "14.4800", "Annual % Change": "0.00%"}}}, "market cap": {"value": "$3.37B"}, "income statement": {"Revenue": {"2019-12-31": "1457.75200", "2018-12-31": "1242.21700", "2017-12-31": "953.55500", "2016-12-31": "764.18800", "2015-12-31": "650.69600", "2014-12-31": "557.05800", "2013-12-31": "488.64900", "2012-12-31": "441.49700", "2011-12-31": "353.83200", "2010-12-31": "312.07300", "2009-12-31": "272.41300", "2008-12-31": "271.40000", "2007-12-31": "309.91900", "2006-12-31": "254.16600", "2005-12-31": "171.46000"}, "Cost Of Goods Sold": {"2019-12-31": "385.59200", "2018-12-31": "249.33300", "2017-12-31": "117.97100", "2016-12-31": "63.59400", "2015-12-31": "46.42800", "2014-12-31": "37.58200", "2013-12-31": "25.11200", "2012-12-31": "21.57800", "2011-12-31": "18.66300", "2010-12-31": "38.13600", "2009-12-31": "46.46200", "2008-12-31": "97.19300", "2007-12-31": "149.54000", "2006-12-31": "119.31200", "2005-12-31": "65.32900"}, "Gross Profit": {"2019-12-31": "1072.16000", "2018-12-31": "992.88400", "2017-12-31": "835.58400", "2016-12-31": "700.59400", "2015-12-31": "604.26800", "2014-12-31": "519.47600", "2013-12-31": "463.53700", "2012-12-31": "419.91900", "2011-12-31": "335.16900", "2010-12-31": "273.93700", "2009-12-31": "225.95100", "2008-12-31": "174.20700", "2007-12-31": "160.37900", "2006-12-31": "134.85400", "2005-12-31": "106.13100"}, "Research And Development Expenses": {"2019-12-31": "", "2018-12-31": "", "2017-12-31": "", "2016-12-31": "", "2015-12-31": "", "2014-12-31": "", "2013-12-31": "", "2012-12-31": "", "2011-12-31": "", "2010-12-31": "", "2009-12-31": "", "2008-12-31": "", "2007-12-31": "", "2006-12-31": "", "2005-12-31": ""}, "SG&A Expenses": {"2019-12-31": "664.99900", "2018-12-31": "612.09600", "2017-12-31": "509.87600", "2016-12-31": "459.39700", "2015-12-31": "379.77300", "2014-12-31": "307.11400", "2013-12-31": "275.72900", "2012-12-31": "231.38100", "2011-12-31": "216.70100", "2010-12-31": "216.98800", "2009-12-31": "184.72300", "2008-12-31": "131.73400", "2007-12-31": "107.64800", "2006-12-31": "87.81500", "2005-12-31": "65.15000"}, "Other Operating Income Or Expenses": {"2019-12-31": "", "2018-12-31": "", "2017-12-31": "", "2016-12-31": "", "2015-12-31": "", "2014-12-31": "", "2013-12-31": "", "2012-12-31": "", "2011-12-31": "", "2010-12-31": "", "2009-12-31": "", "2008-12-31": "", "2007-12-31": "", "2006-12-31": "", "2005-12-31": ""}, "Operating Expenses": {"2019-12-31": "1050.59100", "2018-12-31": "861.42900", "2017-12-31": "627.84700", "2016-12-31": "522.99100", "2015-12-31": "426.20100", "2014-12-31": "344.69600", "2013-12-31": "300.84100", "2012-12-31": "252.95900", "2011-12-31": "235.36400", "2010-12-31": "255.12400", "2009-12-31": "235.50400", "2008-12-31": "233.59400", "2007-12-31": "262.14600", "2006-12-31": "210.22400", "2005-12-31": "130.67300"}, "Operating Income": {"2019-12-31": "407.16090", "2018-12-31": "380.78800", "2017-12-31": "325.70800", "2016-12-31": "241.19700", "2015-12-31": "224.49500", "2014-12-31": "212.36200", "2013-12-31": "187.80800", "2012-12-31": "188.53800", "2011-12-31": "118.46800", "2010-12-31": "56.94900", "2009-12-31": "36.90900", "2008-12-31": "37.80600", "2007-12-31": "47.77300", "2006-12-31": "43.94200", "2005-12-31": "40.78700"}, "Total Non-Operating Income/Expense": {"2019-12-31": "", "2018-12-31": "", "2017-12-31": "", "2016-12-31": "", "2015-12-31": "", "2014-12-31": "", "2013-12-31": "", "2012-12-31": "", "2011-12-31": "", "2010-12-31": "", "2009-12-31": "", "2008-12-31": "", "2007-12-31": "", "2006-12-31": "", "2005-12-31": ""}, "Pre-Tax Income": {"2019-12-31": "407.16100", "2018-12-31": "380.78800", "2017-12-31": "325.70800", "2016-12-31": "241.19700", "2015-12-31": "224.49500", "2014-12-31": "212.36200", "2013-12-31": "187.80800", "2012-12-31": "188.53800", "2011-12-31": "118.46800", "2010-12-31": "56.94900", "2009-12-31": "36.90900", "2008-12-31": "37.80600", "2007-12-31": "47.77300", "2006-12-31": "43.94200", "2005-12-31": "40.78700"}, "Income Taxes": {"2019-12-31": "84.29500", "2018-12-31": "79.96400", "2017-12-31": "128.64500", "2016-12-31": "86.07800", "2015-12-31": "79.64100", "2014-12-31": "76.01000", "2013-12-31": "66.75700", "2012-12-31": "67.86600", "2011-12-31": "42.36600", "2010-12-31": "19.62600", "2009-12-31": "12.52200", "2008-12-31": "12.92400", "2007-12-31": "16.42000", "2006-12-31": "14.96100", "2005-12-31": "13.86000"}, "Income After Taxes": {"2019-12-31": "322.86600", "2018-12-31": "300.82400", "2017-12-31": "197.06300", "2016-12-31": "155.11900", "2015-12-31": "144.85400", "2014-12-31": "136.35200", "2013-12-31": "121.05100", "2012-12-31": "120.67200", "2011-12-31": "76.10200", "2010-12-31": "37.32300", "2009-12-31": "24.38700", "2008-12-31": "24.88200", "2007-12-31": "31.35300", "2006-12-31": "28.98100", "2005-12-31": "26.92700"}, "Other Income": {"2019-12-31": "", "2018-12-31": "", "2017-12-31": "", "2016-12-31": "", "2015-12-31": "", "2014-12-31": "", "2013-12-31": "", "2012-12-31": "", "2011-12-31": "", "2010-12-31": "", "2009-12-31": "", "2008-12-31": "", "2007-12-31": "", "2006-12-31": "", "2005-12-31": ""}, "Income From Continuous Operations": {"2019-12-31": "322.86600", "2018-12-31": "300.82400", "2017-12-31": "197.06300", "2016-12-31": "155.11900", "2015-12-31": "144.85400", "2014-12-31": "136.35200", "2013-12-31": "121.05100", "2012-12-31": "120.67200", "2011-12-31": "76.10200", "2010-12-31": "37.32300", "2009-12-31": "24.38700", "2008-12-31": "24.88200", "2007-12-31": "31.35300", "2006-12-31": "28.98100", "2005-12-31": "26.92700"}, "Income From Discontinued Operations": {"2019-12-31": "", "2018-12-31": "", "2017-12-31": "", "2016-12-31": "", "2015-12-31": "", "2014-12-31": "", "2013-12-31": "", "2012-12-31": "", "2011-12-31": "-0.12600", "2010-12-31": "-0.13600", "2009-12-31": "-0.23500", "2008-12-31": "-0.61600", "2007-12-31": "-1.93100", "2006-12-31": "-0.05700", "2005-12-31": "0.26500"}, "Net Income": {"2019-12-31": "313.11600", "2018-12-31": "291.07400", "2017-12-31": "187.31300", "2016-12-31": "145.36900", "2015-12-31": "135.10400", "2014-12-31": "126.60200", "2013-12-31": "113.65700", "2012-12-31": "120.67200", "2011-12-31": "75.97600", "2010-12-31": "37.18700", "2009-12-31": "18.76900", "2008-12-31": "24.26600", "2007-12-31": "29.42200", "2006-12-31": "28.92400", "2005-12-31": "27.19200"}, "EBITDA": {"2019-12-31": "", "2018-12-31": "", "2017-12-31": "", "2016-12-31": "", "2015-12-31": "", "2014-12-31": "", "2013-12-31": "", "2012-12-31": "", "2011-12-31": "", "2010-12-31": "", "2009-12-31": "", "2008-12-31": "", "2007-12-31": "", "2006-12-31": "", "2005-12-31": ""}, "EBIT": {"2019-12-31": "", "2018-12-31": "", "2017-12-31": "", "2016-12-31": "", "2015-12-31": "", "2014-12-31": "", "2013-12-31": "", "2012-12-31": "", "2011-12-31": "", "2010-12-31": "", "2009-12-31": "", "2008-12-31": "", "2007-12-31": "", "2006-12-31": "", "2005-12-31": ""}, "Basic Shares Outstanding": {"2019-12-31": "50.28600", "2018-12-31": "49.93700", "2017-12-31": "49.58700", "2016-12-31": "46.23900", "2015-12-31": "45.80800", "2014-12-31": "43.23600", "2013-12-31": "40.86400", "2012-12-31": "39.04600", "2011-12-31": "37.33500", "2010-12-31": "36.62700", "2009-12-31": "34.11300", "2008-12-31": "27.95300", "2007-12-31": "26.18700", "2006-12-31": "25.94500", "2005-12-31": "25.62000"}, "Shares Outstanding": {"2019-12-31": "50.41900", "2018-12-31": "50.27300", "2017-12-31": "50.26000", "2016-12-31": "46.76600", "2015-12-31": "46.43800", "2014-12-31": "44.00300", "2013-12-31": "41.78000", "2012-12-31": "40.16600", "2011-12-31": "38.33300", "2010-12-31": "37.34600", "2009-12-31": "34.41000", "2008-12-31": "28.04800", "2007-12-31": "26.67900", "2006-12-31": "26.46900", "2005-12-31": "26.64500"}, "Basic EPS": {"2019-12-31": "6.23000", "2018-12-31": "5.83000", "2017-12-31": "3.78000", "2016-12-31": "3.14000", "2015-12-31": "2.95000", "2014-12-31": "2.93000", "2013-12-31": "2.78000", "2012-12-31": "3.09000", "2011-12-31": "2.03000", "2010-12-31": "1.02000", "2009-12-31": "0.55000", "2008-12-31": "0.87000", "2007-12-31": "1.12000", "2006-12-31": "1.11000", "2005-12-31": "1.06000"}, "EPS - Earnings Per Share": {"2019-12-31": "6.21000", "2018-12-31": "5.79000", "2017-12-31": "3.73000", "2016-12-31": "3.11000", "2015-12-31": "2.91000", "2014-12-31": "2.88000", "2013-12-31": "2.72000", "2012-12-31": "3.00000", "2011-12-31": "1.98000", "2010-12-31": "1.00000", "2009-12-31": "0.55000", "2008-12-31": "0.87000", "2007-12-31": "1.10000", "2006-12-31": "1.09000", "2005-12-31": "1.02000"}}, "income statement, quarterly": {"Revenue": {"2020-09-30": "304.07900", "2020-06-30": "322.51200", "2020-03-31": "317.78800", "2019-12-31": "355.51790", "2019-09-30": "375.40200", "2019-06-30": "371.25700", "2019-03-31": "355.57500", "2018-12-31": "336.99810", "2018-09-30": "327.27200", "2018-06-30": "304.13100", "2018-03-31": "273.81600", "2017-12-31": "268.89300", "2017-09-30": "256.64600", "2017-06-30": "226.96000", "2017-03-31": "201.05600", "2016-12-31": "207.50600", "2016-09-30": "199.20800", "2016-06-30": "186.37400", "2016-03-31": "171.10000", "2015-12-31": "166.14000", "2015-09-30": "165.23600", "2015-06-30": "166.14500", "2015-03-31": "153.17500", "2014-12-31": "149.05900", "2014-09-30": "145.68600", "2014-06-30": "135.34600", "2014-03-31": "126.96700", "2013-12-31": "129.14900", "2013-09-30": "125.64800", "2013-06-30": "118.39200", "2013-03-31": "115.46000", "2012-12-31": "120.60500", "2012-09-30": "112.56300", "2012-06-30": "106.00800", "2012-03-31": "102.32100", "2011-12-31": "101.96100", "2011-09-30": "90.86600", "2011-06-30": "83.21000", "2011-03-31": "77.79500", "2010-12-31": "84.61000", "2010-09-30": "80.70100", "2010-06-30": "75.50800", "2010-03-31": "71.25400", "2009-12-31": "72.94800", "2009-09-30": "69.33000", "2009-06-30": "67.42900", "2009-03-31": "62.70600", "2008-12-31": "64.82300", "2008-09-30": "67.12500", "2008-06-30": "66.96000", "2008-03-31": "72.49200", "2007-12-31": "78.89800", "2007-09-30": "81.01500", "2007-06-30": "77.70700", "2007-03-31": "72.29900", "2006-12-31": "71.00900", "2006-09-30": "67.32600", "2006-06-30": "61.42300", "2006-03-31": "54.40800", "2005-12-31": "42.86800", "2005-09-30": "46.36500", "2005-06-30": "43.86100", "2005-03-31": "38.36600"}, "Cost Of Goods Sold": {"2020-09-30": "36.16200", "2020-06-30": "42.08200", "2020-03-31": "77.68900", "2019-12-31": "89.37200", "2019-09-30": "102.93300", "2019-06-30": "103.34000", "2019-03-31": "89.94700", "2018-12-31": "81.04500", "2018-09-30": "69.57900", "2018-06-30": "55.14000", "2018-03-31": "43.56900", "2017-12-31": "38.87000", "2017-09-30": "33.28200", "2017-06-30": "25.23200", "2017-03-31": "20.58700", "2016-12-31": "17.44800", "2016-09-30": "15.75300", "2016-06-30": "15.37300", "2016-03-31": "15.02000", "2015-12-31": "12.63200", "2015-09-30": "11.80800", "2015-06-30": "11.08900", "2015-03-31": "10.89900", "2014-12-31": "10.25100", "2014-09-30": "9.62900", "2014-06-30": "9.40600", "2014-03-31": "8.29600", "2013-12-31": "6.49000", "2013-09-30": "6.44100", "2013-06-30": "6.04400", "2013-03-31": "6.13700", "2012-12-31": "6.61400", "2012-09-30": "5.15600", "2012-06-30": "4.90600", "2012-03-31": "4.90200", "2011-12-31": "4.82000", "2011-09-30": "4.06500", "2011-06-30": "4.16500", "2011-03-31": "5.61300", "2010-12-31": "9.47700", "2010-09-30": "9.99400", "2010-06-30": "9.58700", "2010-03-31": "9.07800", "2009-12-31": "10.03100", "2009-09-30": "10.63100", "2009-06-30": "11.21100", "2009-03-31": "14.58900", "2008-12-31": "20.16100", "2008-09-30": "23.97400", "2008-06-30": "22.84800", "2008-03-31": "30.21000", "2007-12-31": "36.48700", "2007-09-30": "39.60900", "2007-06-30": "37.94800", "2007-03-31": "35.49600", "2006-12-31": "34.34500", "2006-09-30": "32.74700", "2006-06-30": "28.42100", "2006-03-31": "23.79900", "2005-12-31": "20.19400", "2005-09-30": "17.93300", "2005-06-30": "14.68300", "2005-03-31": "12.51900"}, "Gross Profit": {"2020-09-30": "267.91700", "2020-06-30": "280.43000", "2020-03-31": "240.09900", "2019-12-31": "266.14590", "2019-09-30": "272.46900", "2019-06-30": "267.91700", "2019-03-31": "265.62800", "2018-12-31": "255.95310", "2018-09-30": "257.69300", "2018-06-30": "248.99100", "2018-03-31": "230.24700", "2017-12-31": "230.02300", "2017-09-30": "223.36400", "2017-06-30": "201.72800", "2017-03-31": "180.46900", "2016-12-31": "190.05800", "2016-09-30": "183.45500", "2016-06-30": "171.00100", "2016-03-31": "156.08000", "2015-12-31": "153.50800", "2015-09-30": "153.42800", "2015-06-30": "155.05600", "2015-03-31": "142.27600", "2014-12-31": "138.80800", "2014-09-30": "136.05700", "2014-06-30": "125.94000", "2014-03-31": "118.67100", "2013-12-31": "122.65900", "2013-09-30": "119.20700", "2013-06-30": "112.34800", "2013-03-31": "109.32300", "2012-12-31": "113.99100", "2012-09-30": "107.40700", "2012-06-30": "101.10200", "2012-03-31": "97.41900", "2011-12-31": "97.14100", "2011-09-30": "86.80100", "2011-06-30": "79.04500", "2011-03-31": "72.18200", "2010-12-31": "75.13300", "2010-09-30": "70.70700", "2010-06-30": "65.92100", "2010-03-31": "62.17600", "2009-12-31": "62.91700", "2009-09-30": "58.69900", "2009-06-30": "56.21800", "2009-03-31": "48.11700", "2008-12-31": "44.66200", "2008-09-30": "43.15100", "2008-06-30": "44.11200", "2008-03-31": "42.28200", "2007-12-31": "42.41100", "2007-09-30": "41.40600", "2007-06-30": "39.75900", "2007-03-31": "36.80300", "2006-12-31": "36.66400", "2006-09-30": "34.57900", "2006-06-30": "33.00200", "2006-03-31": "30.60900", "2005-12-31": "22.67400", "2005-09-30": "28.43200", "2005-06-30": "29.17800", "2005-03-31": "25.84700"}, "Research And Development Expenses": {"2020-09-30": "", "2020-06-30": "", "2020-03-31": "", "2019-12-31": "", "2019-09-30": "", "2019-06-30": "", "2019-03-31": "", "2018-12-31": "", "2018-09-30": "", "2018-06-30": "", "2018-03-31": "", "2017-12-31": "", "2017-09-30": "", "2017-06-30": "", "2017-03-31": "", "2016-12-31": "", "2016-09-30": "", "2016-06-30": "", "2016-03-31": "", "2015-12-31": "", "2015-09-30": "", "2015-06-30": "", "2015-03-31": "", "2014-12-31": "", "2014-09-30": "", "2014-06-30": "", "2014-03-31": "", "2013-12-31": "", "2013-09-30": "", "2013-06-30": "", "2013-03-31": "", "2012-12-31": "", "2012-09-30": "", "2012-06-30": "", "2012-03-31": "", "2011-12-31": "", "2011-09-30": "", "2011-06-30": "", "2011-03-31": "", "2010-12-31": "", "2010-09-30": "", "2010-06-30": "", "2010-03-31": "", "2009-12-31": "", "2009-09-30": "", "2009-06-30": "", "2009-03-31": "", "2008-12-31": "", "2008-09-30": "", "2008-06-30": "", "2008-03-31": "", "2007-12-31": "", "2007-09-30": "", "2007-06-30": "", "2007-03-31": "", "2006-12-31": "", "2006-09-30": "", "2006-06-30": "", "2006-03-31": "", "2005-12-31": "", "2005-09-30": "", "2005-06-30": "", "2005-03-31": ""}, "SG&A Expenses": {"2020-09-30": "195.74100", "2020-06-30": "311.86600", "2020-03-31": "254.14700", "2019-12-31": "175.47400", "2019-09-30": "160.42900", "2019-06-30": "168.71800", "2019-03-31": "160.37800", "2018-12-31": "164.86200", "2018-09-30": "149.14300", "2018-06-30": "159.13100", "2018-03-31": "138.96000", "2017-12-31": "135.13800", "2017-09-30": "134.83000", "2017-06-30": "124.81400", "2017-03-31": "115.09400", "2016-12-31": "115.52300", "2016-09-30": "116.79900", "2016-06-30": "110.25500", "2016-03-31": "116.82000", "2015-12-31": "101.04200", "2015-09-30": "95.43800", "2015-06-30": "95.77600", "2015-03-31": "87.51700", "2014-12-31": "80.61700", "2014-09-30": "78.41500", "2014-06-30": "73.76500", "2014-03-31": "74.31700", "2013-12-31": "75.28600", "2013-09-30": "67.00900", "2013-06-30": "75.73400", "2013-03-31": "57.70000", "2012-12-31": "64.61100", "2012-09-30": "56.52100", "2012-06-30": "54.97300", "2012-03-31": "55.27600", "2011-12-31": "57.35600", "2011-09-30": "53.18600", "2011-06-30": "52.81600", "2011-03-31": "53.34300", "2010-12-31": "59.25600", "2010-09-30": "55.52200", "2010-06-30": "52.58300", "2010-03-31": "49.62700", "2009-12-31": "52.26500", "2009-09-30": "49.51700", "2009-06-30": "45.25800", "2009-03-31": "37.68300", "2008-12-31": "38.30100", "2008-09-30": "30.52200", "2008-06-30": "34.07700", "2008-03-31": "28.83400", "2007-12-31": "29.84600", "2007-09-30": "26.58300", "2007-06-30": "25.70700", "2007-03-31": "24.08800", "2006-12-31": "23.99000", "2006-09-30": "21.45700", "2006-06-30": "22.62000", "2006-03-31": "19.74800", "2005-12-31": "11.00700", "2005-09-30": "17.09900", "2005-06-30": "19.19000", "2005-03-31": "17.85400"}, "Other Operating Income Or Expenses": {"2020-09-30": "", "2020-06-30": "", "2020-03-31": "", "2019-12-31": "", "2019-09-30": "", "2019-06-30": "", "2019-03-31": "", "2018-12-31": "", "2018-09-30": "", "2018-06-30": "", "2018-03-31": "", "2017-12-31": "", "2017-09-30": "", "2017-06-30": "", "2017-03-31": "", "2016-12-31": "", "2016-09-30": "", "2016-06-30": "", "2016-03-31": "", "2015-12-31": "", "2015-09-30": "", "2015-06-30": "", "2015-03-31": "", "2014-12-31": "", "2014-09-30": "", "2014-06-30": "", "2014-03-31": "", "2013-12-31": "", "2013-09-30": "", "2013-06-30": "", "2013-03-31": "", "2012-12-31": "", "2012-09-30": "", "2012-06-30": "", "2012-03-31": "", "2011-12-31": "", "2011-09-30": "", "2011-06-30": "", "2011-03-31": "", "2010-12-31": "", "2010-09-30": "", "2010-06-30": "", "2010-03-31": "", "2009-12-31": "", "2009-09-30": "", "2009-06-30": "", "2009-03-31": "", "2008-12-31": "", "2008-09-30": "", "2008-06-30": "", "2008-03-31": "", "2007-12-31": "", "2007-09-30": "", "2007-06-30": "", "2007-03-31": "", "2006-12-31": "", "2006-09-30": "", "2006-06-30": "", "2006-03-31": "", "2005-12-31": "", "2005-09-30": "", "2005-06-30": "", "2005-03-31": ""}, "Operating Expenses": {"2020-09-30": "231.90300", "2020-06-30": "353.94800", "2020-03-31": "331.83600", "2019-12-31": "264.84600", "2019-09-30": "263.36200", "2019-06-30": "272.05800", "2019-03-31": "250.32500", "2018-12-31": "245.90700", "2018-09-30": "218.72200", "2018-06-30": "214.27100", "2018-03-31": "182.52900", "2017-12-31": "174.00800", "2017-09-30": "168.11200", "2017-06-30": "150.04600", "2017-03-31": "135.68100", "2016-12-31": "132.97100", "2016-09-30": "132.55200", "2016-06-30": "125.62800", "2016-03-31": "131.84000", "2015-12-31": "113.67400", "2015-09-30": "107.24600", "2015-06-30": "106.86500", "2015-03-31": "98.41600", "2014-12-31": "90.86800", "2014-09-30": "88.04400", "2014-06-30": "83.17100", "2014-03-31": "82.61300", "2013-12-31": "81.77600", "2013-09-30": "73.45000", "2013-06-30": "81.77800", "2013-03-31": "63.83700", "2012-12-31": "71.22500", "2012-09-30": "61.67700", "2012-06-30": "59.87900", "2012-03-31": "60.17800", "2011-12-31": "62.17600", "2011-09-30": "57.25100", "2011-06-30": "57.42800", "2011-03-31": "59.51200", "2010-12-31": "68.73300", "2010-09-30": "66.09600", "2010-06-30": "63.20500", "2010-03-31": "59.76400", "2009-12-31": "63.32700", "2009-09-30": "61.19800", "2009-06-30": "57.58400", "2009-03-31": "53.39500", "2008-12-31": "59.60400", "2008-09-30": "55.64900", "2008-06-30": "58.10400", "2008-03-31": "60.23700", "2007-12-31": "67.56900", "2007-09-30": "67.50300", "2007-06-30": "64.85900", "2007-03-31": "60.79100", "2006-12-31": "59.33700", "2006-09-30": "55.13200", "2006-06-30": "51.82700", "2006-03-31": "43.92800", "2005-12-31": "31.35000", "2005-09-30": "35.07700", "2005-06-30": "33.87300", "2005-03-31": "30.37300"}, "Operating Income": {"2020-09-30": "72.17600", "2020-06-30": "-31.43600", "2020-03-31": "-14.04800", "2019-12-31": "90.67190", "2019-09-30": "112.04000", "2019-06-30": "99.19900", "2019-03-31": "105.25000", "2018-12-31": "91.09110", "2018-09-30": "108.55000", "2018-06-30": "89.86000", "2018-03-31": "91.28700", "2017-12-31": "94.88500", "2017-09-30": "88.53400", "2017-06-30": "76.91400", "2017-03-31": "65.37500", "2016-12-31": "74.53500", "2016-09-30": "66.65600", "2016-06-30": "60.74600", "2016-03-31": "39.26000", "2015-12-31": "52.46600", "2015-09-30": "57.99000", "2015-06-30": "59.28000", "2015-03-31": "54.75900", "2014-12-31": "58.19100", "2014-09-30": "57.64200", "2014-06-30": "52.17500", "2014-03-31": "44.35400", "2013-12-31": "47.37300", "2013-09-30": "52.19800", "2013-06-30": "36.61400", "2013-03-31": "51.62300", "2012-12-31": "49.38000", "2012-09-30": "50.88600", "2012-06-30": "46.12900", "2012-03-31": "42.14300", "2011-12-31": "39.78500", "2011-09-30": "33.61500", "2011-06-30": "25.78200", "2011-03-31": "18.28300", "2010-12-31": "15.87700", "2010-09-30": "14.60500", "2010-06-30": "12.30300", "2010-03-31": "11.49000", "2009-12-31": "9.62100", "2009-09-30": "8.13200", "2009-06-30": "9.84500", "2009-03-31": "9.31100", "2008-12-31": "5.21900", "2008-09-30": "11.47600", "2008-06-30": "8.85600", "2008-03-31": "12.25500", "2007-12-31": "11.32900", "2007-09-30": "13.51200", "2007-06-30": "12.84800", "2007-03-31": "11.50800", "2006-12-31": "11.67200", "2006-09-30": "12.19400", "2006-06-30": "9.59600", "2006-03-31": "10.48000", "2005-12-31": "11.51800", "2005-09-30": "11.28800", "2005-06-30": "9.98800", "2005-03-31": "7.99300"}, "Total Non-Operating Income/Expense": {"2020-09-30": "", "2020-06-30": "-10.48600", "2020-03-31": "-7.27000", "2019-12-31": "", "2019-09-30": "", "2019-06-30": "", "2019-03-31": "", "2018-12-31": "", "2018-09-30": "", "2018-06-30": "", "2018-03-31": "", "2017-12-31": "", "2017-09-30": "", "2017-06-30": "", "2017-03-31": "", "2016-12-31": "", "2016-09-30": "", "2016-06-30": "", "2016-03-31": "", "2015-12-31": "", "2015-09-30": "", "2015-06-30": "", "2015-03-31": "", "2014-12-31": "", "2014-09-30": "", "2014-06-30": "", "2014-03-31": "", "2013-12-31": "", "2013-09-30": "", "2013-06-30": "", "2013-03-31": "", "2012-12-31": "", "2012-09-30": "", "2012-06-30": "", "2012-03-31": "", "2011-12-31": "", "2011-09-30": "", "2011-06-30": "", "2011-03-31": "", "2010-12-31": "", "2010-09-30": "", "2010-06-30": "", "2010-03-31": "", "2009-12-31": "", "2009-09-30": "", "2009-06-30": "", "2009-03-31": "", "2008-12-31": "", "2008-09-30": "", "2008-06-30": "", "2008-03-31": "", "2007-12-31": "", "2007-09-30": "", "2007-06-30": "", "2007-03-31": "", "2006-12-31": "", "2006-09-30": "", "2006-06-30": "", "2006-03-31": "", "2005-12-31": "", "2005-09-30": "", "2005-06-30": "", "2005-03-31": ""}, "Pre-Tax Income": {"2020-09-30": "72.17600", "2020-06-30": "-41.92200", "2020-03-31": "-21.31800", "2019-12-31": "90.67200", "2019-09-30": "112.04000", "2019-06-30": "99.19900", "2019-03-31": "105.25000", "2018-12-31": "91.09100", "2018-09-30": "108.55000", "2018-06-30": "89.86000", "2018-03-31": "91.28700", "2017-12-31": "94.88500", "2017-09-30": "88.53400", "2017-06-30": "76.91400", "2017-03-31": "65.37500", "2016-12-31": "74.53500", "2016-09-30": "66.65600", "2016-06-30": "60.74600", "2016-03-31": "39.26000", "2015-12-31": "52.46600", "2015-09-30": "57.99000", "2015-06-30": "59.28000", "2015-03-31": "54.75900", "2014-12-31": "58.19100", "2014-09-30": "57.64200", "2014-06-30": "52.17500", "2014-03-31": "44.35400", "2013-12-31": "47.37300", "2013-09-30": "52.19800", "2013-06-30": "36.61400", "2013-03-31": "51.62300", "2012-12-31": "49.38000", "2012-09-30": "50.88600", "2012-06-30": "46.12900", "2012-03-31": "42.14300", "2011-12-31": "40.78800", "2011-09-30": "33.61500", "2011-06-30": "25.78200", "2011-03-31": "18.28300", "2010-12-31": "18.55100", "2010-09-30": "14.60500", "2010-06-30": "12.30300", "2010-03-31": "11.49000", "2009-12-31": "9.62100", "2009-09-30": "8.13200", "2009-06-30": "9.84500", "2009-03-31": "9.31100", "2008-12-31": "5.21900", "2008-09-30": "11.47600", "2008-06-30": "8.85600", "2008-03-31": "12.25500", "2007-12-31": "9.90500", "2007-09-30": "13.51200", "2007-06-30": "12.84800", "2007-03-31": "11.50800", "2006-12-31": "11.67200", "2006-09-30": "12.19400", "2006-06-30": "9.59600", "2006-03-31": "10.48000", "2005-12-31": "11.51800", "2005-09-30": "11.28800", "2005-06-30": "9.98800", "2005-03-31": "7.99300"}, "Income Taxes": {"2020-09-30": "15.06000", "2020-06-30": "-7.60600", "2020-03-31": "-4.63100", "2019-12-31": "16.53900", "2019-09-30": "23.95800", "2019-06-30": "21.38700", "2019-03-31": "22.41100", "2018-12-31": "19.20000", "2018-09-30": "22.99800", "2018-06-30": "18.42400", "2018-03-31": "19.34200", "2017-12-31": "50.14300", "2017-09-30": "29.85000", "2017-06-30": "25.81900", "2017-03-31": "22.83300", "2016-12-31": "26.14900", "2016-09-30": "23.93100", "2016-06-30": "21.86600", "2016-03-31": "14.13200", "2015-12-31": "17.71300", "2015-09-30": "20.87600", "2015-06-30": "21.34300", "2015-03-31": "19.70900", "2014-12-31": "20.35700", "2014-09-30": "20.81000", "2014-06-30": "18.75400", "2014-03-31": "16.08900", "2013-12-31": "17.01200", "2013-09-30": "18.72400", "2013-06-30": "12.54200", "2013-03-31": "18.47900", "2012-12-31": "17.98200", "2012-09-30": "18.31600", "2012-06-30": "16.50600", "2012-03-31": "15.06200", "2011-12-31": "15.04300", "2011-09-30": "11.90500", "2011-06-30": "9.07400", "2011-03-31": "6.34400", "2010-12-31": "6.47500", "2010-09-30": "5.07400", "2010-06-30": "4.18700", "2010-03-31": "3.89000", "2009-12-31": "3.19400", "2009-09-30": "2.77900", "2009-06-30": "3.36300", "2009-03-31": "3.18600", "2008-12-31": "1.73200", "2008-09-30": "3.91100", "2008-06-30": "3.05600", "2008-03-31": "4.22500", "2007-12-31": "3.36700", "2007-09-30": "4.66800", "2007-06-30": "4.46300", "2007-03-31": "3.92200", "2006-12-31": "3.95800", "2006-09-30": "4.15700", "2006-06-30": "3.27300", "2006-03-31": "3.57300", "2005-12-31": "3.89900", "2005-09-30": "3.84300", "2005-06-30": "3.40100", "2005-03-31": "2.71700"}, "Income After Taxes": {"2020-09-30": "57.11600", "2020-06-30": "-34.31600", "2020-03-31": "-16.68700", "2019-12-31": "74.13300", "2019-09-30": "88.08200", "2019-06-30": "77.81200", "2019-03-31": "82.83900", "2018-12-31": "71.89100", "2018-09-30": "85.55200", "2018-06-30": "71.43600", "2018-03-31": "71.94500", "2017-12-31": "44.74200", "2017-09-30": "58.68400", "2017-06-30": "51.09500", "2017-03-31": "42.54200", "2016-12-31": "48.38600", "2016-09-30": "42.72500", "2016-06-30": "38.88000", "2016-03-31": "25.12800", "2015-12-31": "34.75300", "2015-09-30": "37.11400", "2015-06-30": "37.93700", "2015-03-31": "35.05000", "2014-12-31": "37.83400", "2014-09-30": "36.83200", "2014-06-30": "33.42100", "2014-03-31": "28.26500", "2013-12-31": "30.36100", "2013-09-30": "33.47400", "2013-06-30": "24.07200", "2013-03-31": "33.14400", "2012-12-31": "31.39800", "2012-09-30": "32.57000", "2012-06-30": "29.62300", "2012-03-31": "27.08100", "2011-12-31": "25.74500", "2011-09-30": "21.71000", "2011-06-30": "16.70800", "2011-03-31": "11.93900", "2010-12-31": "12.07600", "2010-09-30": "9.53100", "2010-06-30": "8.11600", "2010-03-31": "7.60000", "2009-12-31": "6.42700", "2009-09-30": "5.35300", "2009-06-30": "6.48200", "2009-03-31": "6.12500", "2008-12-31": "3.48700", "2008-09-30": "7.56500", "2008-06-30": "5.80000", "2008-03-31": "8.03000", "2007-12-31": "6.53800", "2007-09-30": "8.84400", "2007-06-30": "8.38500", "2007-03-31": "7.58600", "2006-12-31": "7.71400", "2006-09-30": "8.03700", "2006-06-30": "6.32300", "2006-03-31": "6.90700", "2005-12-31": "7.61900", "2005-09-30": "7.44500", "2005-06-30": "6.58700", "2005-03-31": "5.27600"}, "Other Income": {"2020-09-30": "", "2020-06-30": "", "2020-03-31": "", "2019-12-31": "", "2019-09-30": "", "2019-06-30": "", "2019-03-31": "", "2018-12-31": "", "2018-09-30": "", "2018-06-30": "", "2018-03-31": "", "2017-12-31": "", "2017-09-30": "", "2017-06-30": "", "2017-03-31": "", "2016-12-31": "", "2016-09-30": "", "2016-06-30": "", "2016-03-31": "", "2015-12-31": "", "2015-09-30": "", "2015-06-30": "", "2015-03-31": "", "2014-12-31": "", "2014-09-30": "", "2014-06-30": "", "2014-03-31": "", "2013-12-31": "", "2013-09-30": "", "2013-06-30": "", "2013-03-31": "", "2012-12-31": "", "2012-09-30": "", "2012-06-30": "", "2012-03-31": "", "2011-12-31": "", "2011-09-30": "", "2011-06-30": "", "2011-03-31": "", "2010-12-31": "", "2010-09-30": "", "2010-06-30": "", "2010-03-31": "", "2009-12-31": "", "2009-09-30": "", "2009-06-30": "", "2009-03-31": "", "2008-12-31": "", "2008-09-30": "", "2008-06-30": "", "2008-03-31": "", "2007-12-31": "", "2007-09-30": "", "2007-06-30": "", "2007-03-31": "", "2006-12-31": "", "2006-09-30": "", "2006-06-30": "", "2006-03-31": "", "2005-12-31": "", "2005-09-30": "", "2005-06-30": "", "2005-03-31": ""}, "Income From Continuous Operations": {"2020-09-30": "57.11600", "2020-06-30": "-34.31600", "2020-03-31": "-16.68700", "2019-12-31": "74.13300", "2019-09-30": "88.08200", "2019-06-30": "77.81200", "2019-03-31": "82.83900", "2018-12-31": "71.89100", "2018-09-30": "85.55200", "2018-06-30": "71.43600", "2018-03-31": "71.94500", "2017-12-31": "44.74200", "2017-09-30": "58.68400", "2017-06-30": "51.09500", "2017-03-31": "42.54200", "2016-12-31": "48.38600", "2016-09-30": "42.72500", "2016-06-30": "38.88000", "2016-03-31": "25.12800", "2015-12-31": "34.75300", "2015-09-30": "37.11400", "2015-06-30": "37.93700", "2015-03-31": "35.05000", "2014-12-31": "37.83400", "2014-09-30": "36.83200", "2014-06-30": "33.42100", "2014-03-31": "28.26500", "2013-12-31": "30.36100", "2013-09-30": "33.47400", "2013-06-30": "24.07200", "2013-03-31": "33.14400", "2012-12-31": "31.39800", "2012-09-30": "32.57000", "2012-06-30": "29.62300", "2012-03-31": "27.08100", "2011-12-31": "25.74500", "2011-09-30": "21.71000", "2011-06-30": "16.70800", "2011-03-31": "11.93900", "2010-12-31": "12.07600", "2010-09-30": "9.53100", "2010-06-30": "8.11600", "2010-03-31": "7.60000", "2009-12-31": "6.42700", "2009-09-30": "5.35300", "2009-06-30": "6.48200", "2009-03-31": "6.12500", "2008-12-31": "3.48700", "2008-09-30": "7.56500", "2008-06-30": "5.80000", "2008-03-31": "8.03000", "2007-12-31": "6.53800", "2007-09-30": "8.84400", "2007-06-30": "8.38500", "2007-03-31": "7.58600", "2006-12-31": "7.71400", "2006-09-30": "8.03700", "2006-06-30": "6.32300", "2006-03-31": "6.90700", "2005-12-31": "7.61900", "2005-09-30": "7.44500", "2005-06-30": "6.58700", "2005-03-31": "5.27600"}, "Income From Discontinued Operations": {"2020-09-30": "", "2020-06-30": "", "2020-03-31": "", "2019-12-31": "", "2019-09-30": "", "2019-06-30": "", "2019-03-31": "", "2018-12-31": "", "2018-09-30": "", "2018-06-30": "", "2018-03-31": "", "2017-12-31": "", "2017-09-30": "", "2017-06-30": "", "2017-03-31": "", "2016-12-31": "", "2016-09-30": "", "2016-06-30": "", "2016-03-31": "", "2015-12-31": "", "2015-09-30": "", "2015-06-30": "", "2015-03-31": "", "2014-12-31": "", "2014-09-30": "", "2014-06-30": "", "2014-03-31": "", "2013-12-31": "", "2013-09-30": "0.00200", "2013-06-30": "0.00100", "2013-03-31": "-0.00100", "2012-12-31": "", "2012-09-30": "-0.03400", "2012-06-30": "-0.00100", "2012-03-31": "0.00400", "2011-12-31": "-0.00500", "2011-09-30": "-0.00700", "2011-06-30": "-0.05400", "2011-03-31": "-0.06000", "2010-12-31": "-0.02200", "2010-09-30": "-0.00500", "2010-06-30": "-0.05400", "2010-03-31": "-0.05500", "2009-12-31": "-0.05500", "2009-09-30": "-0.04100", "2009-06-30": "-0.04400", "2009-03-31": "-0.09500", "2008-12-31": "-0.10000", "2008-09-30": "-0.25200", "2008-06-30": "-0.11600", "2008-03-31": "-0.14800", "2007-12-31": "-1.18500", "2007-09-30": "-0.60200", "2007-06-30": "-0.18000", "2007-03-31": "0.03600", "2006-12-31": "0.35600", "2006-09-30": "-0.16700", "2006-06-30": "0.01800", "2006-03-31": "-0.26400", "2005-12-31": "0.12600", "2005-09-30": "0.13900", "2005-06-30": "", "2005-03-31": ""}, "Net Income": {"2020-09-30": "54.67800", "2020-06-30": "-36.75300", "2020-03-31": "-19.12500", "2019-12-31": "71.69600", "2019-09-30": "85.64400", "2019-06-30": "75.37500", "2019-03-31": "80.40100", "2018-12-31": "69.45400", "2018-09-30": "83.11400", "2018-06-30": "68.99900", "2018-03-31": "69.50700", "2017-12-31": "42.30500", "2017-09-30": "56.24600", "2017-06-30": "48.65800", "2017-03-31": "40.10400", "2016-12-31": "45.94900", "2016-09-30": "40.28700", "2016-06-30": "36.44300", "2016-03-31": "22.69000", "2015-12-31": "32.31600", "2015-09-30": "34.67600", "2015-06-30": "35.50000", "2015-03-31": "32.61200", "2014-12-31": "35.39700", "2014-09-30": "34.39400", "2014-06-30": "30.98400", "2014-03-31": "25.82700", "2013-12-31": "27.92100", "2013-09-30": "31.03900", "2013-06-30": "21.63500", "2013-03-31": "33.06200", "2012-12-31": "31.42900", "2012-09-30": "32.53600", "2012-06-30": "29.62200", "2012-03-31": "27.08500", "2011-12-31": "25.74000", "2011-09-30": "21.70300", "2011-06-30": "16.65400", "2011-03-31": "11.87900", "2010-12-31": "12.05400", "2010-09-30": "9.52600", "2010-06-30": "8.06200", "2010-03-31": "7.54500", "2009-12-31": "5.44200", "2009-09-30": "5.31200", "2009-06-30": "1.98500", "2009-03-31": "6.03000", "2008-12-31": "3.38700", "2008-09-30": "7.31300", "2008-06-30": "5.68400", "2008-03-31": "7.88200", "2007-12-31": "5.35300", "2007-09-30": "8.24200", "2007-06-30": "8.20500", "2007-03-31": "7.62200", "2006-12-31": "8.07000", "2006-09-30": "7.87000", "2006-06-30": "6.34100", "2006-03-31": "6.64300", "2005-12-31": "7.74500", "2005-09-30": "7.58400", "2005-06-30": "6.58700", "2005-03-31": "5.27600"}, "EBITDA": {"2020-09-30": "", "2020-06-30": "", "2020-03-31": "", "2019-12-31": "", "2019-09-30": "", "2019-06-30": "", "2019-03-31": "", "2018-12-31": "", "2018-09-30": "", "2018-06-30": "", "2018-03-31": "", "2017-12-31": "", "2017-09-30": "", "2017-06-30": "", "2017-03-31": "", "2016-12-31": "", "2016-09-30": "", "2016-06-30": "", "2016-03-31": "", "2015-12-31": "", "2015-09-30": "", "2015-06-30": "", "2015-03-31": "", "2014-12-31": "", "2014-09-30": "", "2014-06-30": "", "2014-03-31": "", "2013-12-31": "", "2013-09-30": "", "2013-06-30": "", "2013-03-31": "", "2012-12-31": "", "2012-09-30": "", "2012-06-30": "", "2012-03-31": "", "2011-12-31": "", "2011-09-30": "", "2011-06-30": "", "2011-03-31": "", "2010-12-31": "", "2010-09-30": "", "2010-06-30": "", "2010-03-31": "", "2009-12-31": "", "2009-09-30": "", "2009-06-30": "", "2009-03-31": "", "2008-12-31": "", "2008-09-30": "", "2008-06-30": "", "2008-03-31": "", "2007-12-31": "", "2007-09-30": "", "2007-06-30": "", "2007-03-31": "", "2006-12-31": "", "2006-09-30": "", "2006-06-30": "", "2006-03-31": "", "2005-12-31": "", "2005-09-30": "", "2005-06-30": "", "2005-03-31": ""}, "EBIT": {"2020-09-30": "", "2020-06-30": "", "2020-03-31": "", "2019-12-31": "", "2019-09-30": "", "2019-06-30": "", "2019-03-31": "", "2018-12-31": "", "2018-09-30": "", "2018-06-30": "", "2018-03-31": "", "2017-12-31": "", "2017-09-30": "", "2017-06-30": "", "2017-03-31": "", "2016-12-31": "", "2016-09-30": "", "2016-06-30": "", "2016-03-31": "", "2015-12-31": "", "2015-09-30": "", "2015-06-30": "", "2015-03-31": "", "2014-12-31": "", "2014-09-30": "", "2014-06-30": "", "2014-03-31": "", "2013-12-31": "", "2013-09-30": "", "2013-06-30": "", "2013-03-31": "", "2012-12-31": "", "2012-09-30": "", "2012-06-30": "", "2012-03-31": "", "2011-12-31": "", "2011-09-30": "", "2011-06-30": "", "2011-03-31": "", "2010-12-31": "", "2010-09-30": "", "2010-06-30": "", "2010-03-31": "", "2009-12-31": "", "2009-09-30": "", "2009-06-30": "", "2009-03-31": "", "2008-12-31": "", "2008-09-30": "", "2008-06-30": "", "2008-03-31": "", "2007-12-31": "", "2007-09-30": "", "2007-06-30": "", "2007-03-31": "", "2006-12-31": "", "2006-09-30": "", "2006-06-30": "", "2006-03-31": "", "2005-12-31": "", "2005-09-30": "", "2005-06-30": "", "2005-03-31": ""}, "Basic Shares Outstanding": {"2020-09-30": "50.44700", "2020-06-30": "50.39200", "2020-03-31": "50.37300", "2019-12-31": "50.28600", "2019-09-30": "50.30600", "2019-06-30": "50.28100", "2019-03-31": "50.23000", "2018-12-31": "49.93700", "2018-09-30": "50.16300", "2018-06-30": "49.73600", "2018-03-31": "49.65100", "2017-12-31": "49.58700", "2017-09-30": "49.60700", "2017-06-30": "49.57700", "2017-03-31": "49.53600", "2016-12-31": "46.23900", "2016-09-30": "45.98100", "2016-06-30": "45.92400", "2016-03-31": "45.88900", "2015-12-31": "45.80800", "2015-09-30": "45.82800", "2015-06-30": "45.79000", "2015-03-31": "45.75900", "2014-12-31": "43.23600", "2014-09-30": "43.14400", "2014-06-30": "43.07500", "2014-03-31": "42.29800", "2013-12-31": "40.86400", "2013-09-30": "40.90200", "2013-06-30": "40.81400", "2013-03-31": "40.47400", "2012-12-31": "39.04600", "2012-09-30": "39.61800", "2012-06-30": "38.01300", "2012-03-31": "37.79500", "2011-12-31": "37.33500", "2011-09-30": "37.41200", "2011-06-30": "37.28100", "2011-03-31": "37.09100", "2010-12-31": "36.62700", "2010-09-30": "36.78400", "2010-06-30": "36.67000", "2010-03-31": "36.19100", "2009-12-31": "34.11300", "2009-09-30": "35.75400", "2009-06-30": "33.78400", "2009-03-31": "30.98400", "2008-12-31": "27.95300", "2008-09-30": "27.72600", "2008-06-30": "26.70600", "2008-03-31": "26.46600", "2007-12-31": "26.18700", "2007-09-30": "26.21200", "2007-06-30": "26.14500", "2007-03-31": "26.08700", "2006-12-31": "25.94500", "2006-09-30": "25.99800", "2006-06-30": "25.90700", "2006-03-31": "25.82500", "2005-12-31": "25.62000", "2005-09-30": "25.65000", "2005-06-30": "25.57800", "2005-03-31": "25.52200"}, "Shares Outstanding": {"2020-09-30": "50.57300", "2020-06-30": "50.41600", "2020-03-31": "50.47500", "2019-12-31": "50.41900", "2019-09-30": "50.41600", "2019-06-30": "50.38400", "2019-03-31": "50.34500", "2018-12-31": "50.27300", "2018-09-30": "50.38100", "2018-06-30": "50.09600", "2018-03-31": "50.35300", "2017-12-31": "50.26000", "2017-09-30": "50.25100", "2017-06-30": "50.23000", "2017-03-31": "50.23400", "2016-12-31": "46.76600", "2016-09-30": "46.51000", "2016-06-30": "46.43800", "2016-03-31": "46.35400", "2015-12-31": "46.43800", "2015-09-30": "46.47100", "2015-06-30": "46.44300", "2015-03-31": "46.36800", "2014-12-31": "44.00300", "2014-09-30": "43.85000", "2014-06-30": "43.84500", "2014-03-31": "43.22000", "2013-12-31": "41.78000", "2013-09-30": "41.79200", "2013-06-30": "41.72300", "2013-03-31": "41.42900", "2012-12-31": "40.16600", "2012-09-30": "40.75600", "2012-06-30": "39.14100", "2012-03-31": "38.91400", "2011-12-31": "38.33300", "2011-09-30": "38.43500", "2011-06-30": "38.33300", "2011-03-31": "38.34200", "2010-12-31": "37.34600", "2010-09-30": "37.56000", "2010-06-30": "37.48700", "2010-03-31": "36.78400", "2009-12-31": "34.41000", "2009-09-30": "36.30400", "2009-06-30": "33.86600", "2009-03-31": "31.07200", "2008-12-31": "28.04800", "2008-09-30": "27.79300", "2008-06-30": "26.80500", "2008-03-31": "26.52800", "2007-12-31": "26.67900", "2007-09-30": "26.76700", "2007-06-30": "26.71100", "2007-03-31": "26.44000", "2006-12-31": "26.46900", "2006-09-30": "26.41200", "2006-06-30": "26.52400", "2006-03-31": "26.56800", "2005-12-31": "26.64500", "2005-09-30": "26.67600", "2005-06-30": "26.54300", "2005-03-31": "26.62300"}, "Basic EPS": {"2020-09-30": "1.08000", "2020-06-30": "-0.73000", "2020-03-31": "-0.38000", "2019-12-31": "1.43000", "2019-09-30": "1.70000", "2019-06-30": "1.50000", "2019-03-31": "1.60000", "2018-12-31": "1.38000", "2018-09-30": "1.66000", "2018-06-30": "1.39000", "2018-03-31": "1.40000", "2017-12-31": "0.86000", "2017-09-30": "1.13000", "2017-06-30": "0.98000", "2017-03-31": "0.81000", "2016-12-31": "0.98000", "2016-09-30": "0.88000", "2016-06-30": "0.79000", "2016-03-31": "0.49000", "2015-12-31": "0.70000", "2015-09-30": "0.76000", "2015-06-30": "0.78000", "2015-03-31": "0.71000", "2014-12-31": "0.80000", "2014-09-30": "0.80000", "2014-06-30": "0.72000", "2014-03-31": "0.61000", "2013-12-31": "0.67000", "2013-09-30": "0.76000", "2013-06-30": "0.53000", "2013-03-31": "0.82000", "2012-12-31": "0.77000", "2012-09-30": "0.82000", "2012-06-30": "0.78000", "2012-03-31": "0.72000", "2011-12-31": "0.68000", "2011-09-30": "0.58000", "2011-06-30": "0.45000", "2011-03-31": "0.32000", "2010-12-31": "0.33000", "2010-09-30": "0.26000", "2010-06-30": "0.22000", "2010-03-31": "0.21000", "2009-12-31": "0.18000", "2009-09-30": "0.15000", "2009-06-30": "0.06000", "2009-03-31": "0.16000", "2008-12-31": "0.09000", "2008-09-30": "0.26000", "2008-06-30": "0.22000", "2008-03-31": "0.30000", "2007-12-31": "0.21000", "2007-09-30": "0.31000", "2007-06-30": "0.31000", "2007-03-31": "0.29000", "2006-12-31": "0.31000", "2006-09-30": "0.30000", "2006-06-30": "0.24000", "2006-03-31": "0.26000", "2005-12-31": "0.29000", "2005-09-30": "0.30000", "2005-06-30": "0.26000", "2005-03-31": "0.21000"}, "EPS - Earnings Per Share": {"2020-09-30": "1.08000", "2020-06-30": "-0.73000", "2020-03-31": "-0.38000", "2019-12-31": "1.41000", "2019-09-30": "1.70000", "2019-06-30": "1.50000", "2019-03-31": "1.60000", "2018-12-31": "1.38000", "2018-09-30": "1.65000", "2018-06-30": "1.38000", "2018-03-31": "1.38000", "2017-12-31": "0.84000", "2017-09-30": "1.12000", "2017-06-30": "0.97000", "2017-03-31": "0.80000", "2016-12-31": "0.97000", "2016-09-30": "0.87000", "2016-06-30": "0.78000", "2016-03-31": "0.49000", "2015-12-31": "0.70000", "2015-09-30": "0.75000", "2015-06-30": "0.76000", "2015-03-31": "0.70000", "2014-12-31": "0.79000", "2014-09-30": "0.78000", "2014-06-30": "0.71000", "2014-03-31": "0.60000", "2013-12-31": "0.66000", "2013-09-30": "0.74000", "2013-06-30": "0.52000", "2013-03-31": "0.80000", "2012-12-31": "0.74000", "2012-09-30": "0.80000", "2012-06-30": "0.76000", "2012-03-31": "0.70000", "2011-12-31": "0.68000", "2011-09-30": "0.56000", "2011-06-30": "0.43000", "2011-03-31": "0.31000", "2010-12-31": "0.32000", "2010-09-30": "0.25000", "2010-06-30": "0.22000", "2010-03-31": "0.21000", "2009-12-31": "0.18000", "2009-09-30": "0.15000", "2009-06-30": "0.06000", "2009-03-31": "0.16000", "2008-12-31": "0.10000", "2008-09-30": "0.26000", "2008-06-30": "0.21000", "2008-03-31": "0.30000", "2007-12-31": "0.19000", "2007-09-30": "0.31000", "2007-06-30": "0.31000", "2007-03-31": "0.29000", "2006-12-31": "0.30000", "2006-09-30": "0.30000", "2006-06-30": "0.24000", "2006-03-31": "0.25000", "2005-12-31": "0.29000", "2005-09-30": "0.28000", "2005-06-30": "0.25000", "2005-03-31": "0.20000"}}, "balance sheet": {"Cash On Hand": {"2019-12-31": "4425.58300", "2018-12-31": "3080.06500", "2017-12-31": "2905.59100", "2016-12-31": "2839.35200", "2015-12-31": "1790.87000", "2014-12-31": "1330.51400", "2013-12-31": "153.91100", "2012-12-31": "206.34800", "2011-12-31": "110.55800", "2010-12-31": "179.86600", "2009-12-31": "125.43900", "2008-12-31": "82.02700", "2007-12-31": "89.46300", "2006-12-31": "93.71600", "2005-12-31": "137.84000"}, "Receivables": {"2019-12-31": "", "2018-12-31": "", "2017-12-31": "", "2016-12-31": "", "2015-12-31": "", "2014-12-31": "", "2013-12-31": "", "2012-12-31": "", "2011-12-31": "", "2010-12-31": "", "2009-12-31": "", "2008-12-31": "", "2007-12-31": "", "2006-12-31": "", "2005-12-31": ""}, "Inventory": {"2019-12-31": "", "2018-12-31": "", "2017-12-31": "", "2016-12-31": "", "2015-12-31": "", "2014-12-31": "", "2013-12-31": "", "2012-12-31": "", "2011-12-31": "", "2010-12-31": "", "2009-12-31": "", "2008-12-31": "", "2007-12-31": "", "2006-12-31": "", "2005-12-31": ""}, "Pre-Paid Expenses": {"2019-12-31": "", "2018-12-31": "", "2017-12-31": "", "2016-12-31": "", "2015-12-31": "", "2014-12-31": "", "2013-12-31": "", "2012-12-31": "", "2011-12-31": "", "2010-12-31": "", "2009-12-31": "", "2008-12-31": "", "2007-12-31": "", "2006-12-31": "", "2005-12-31": ""}, "Other Current Assets": {"2019-12-31": "", "2018-12-31": "", "2017-12-31": "", "2016-12-31": "", "2015-12-31": "", "2014-12-31": "", "2013-12-31": "", "2012-12-31": "", "2011-12-31": "", "2010-12-31": "", "2009-12-31": "", "2008-12-31": "", "2007-12-31": "", "2006-12-31": "", "2005-12-31": ""}, "Total Current Assets": {"2019-12-31": "32193.98000", "2018-12-31": "28052.71000", "2017-12-31": "24922.59000", "2016-12-31": "21604.44000", "2015-12-31": "18829.88000", "2014-12-31": "15820.27000", "2013-12-31": "11624.08000", "2012-12-31": "10409.32000", "2011-12-31": "7961.97100", "2010-12-31": "6239.69400", "2009-12-31": "5411.78100", "2008-12-31": "4745.77400", "2007-12-31": "3832.98800", "2006-12-31": "3096.48900", "2005-12-31": "2377.47700"}, "Property, Plant, And Equipment": {"2019-12-31": "31.21200", "2018-12-31": "23.80200", "2017-12-31": "25.17600", "2016-12-31": "19.77500", "2015-12-31": "23.56100", "2014-12-31": "23.13500", "2013-12-31": "11.48200", "2012-12-31": "11.44500", "2011-12-31": "11.45700", "2010-12-31": "11.56800", "2009-12-31": "11.18900", "2008-12-31": "9.46700", "2007-12-31": "6.49100", "2006-12-31": "33.81800", "2005-12-31": "21.63200"}, "Long-Term Investments": {"2019-12-31": "239.87100", "2018-12-31": "120.21600", "2017-12-31": "23.51100", "2016-12-31": "24.87400", "2015-12-31": "29.99200", "2014-12-31": "41.71900", "2013-12-31": "63.21400", "2012-12-31": "100.19500", "2011-12-31": "143.71000", "2010-12-31": "185.42400", "2009-12-31": "266.12800", "2008-12-31": "378.75200", "2007-12-31": "440.11900", "2006-12-31": "532.05300", "2005-12-31": "630.48200"}, "Goodwill And Intangible Assets": {"2019-12-31": "83.00300", "2018-12-31": "61.04400", "2017-12-31": "104.36700", "2016-12-31": "48.04800", "2015-12-31": "20.38300", "2014-12-31": "20.58800", "2013-12-31": "21.28600", "2012-12-31": "19.88300", "2011-12-31": "20.48000", "2010-12-31": "9.48300", "2009-12-31": "9.80600", "2008-12-31": "7.68900", "2007-12-31": "7.85100", "2006-12-31": "12.98900", "2005-12-31": "12.63400"}, "Other Long-Term Assets": {"2019-12-31": "", "2018-12-31": "", "2017-12-31": "", "2016-12-31": "", "2015-12-31": "", "2014-12-31": "", "2013-12-31": "", "2012-12-31": "", "2011-12-31": "", "2010-12-31": "", "2009-12-31": "", "2008-12-31": "", "2007-12-31": "", "2006-12-31": "", "2005-12-31": ""}, "Total Long-Term Assets": {"2019-12-31": "354.08600", "2018-12-31": "205.06200", "2017-12-31": "153.05400", "2016-12-31": "92.69700", "2015-12-31": "73.93600", "2014-12-31": "85.44200", "2013-12-31": "95.98200", "2012-12-31": "131.52300", "2011-12-31": "175.64700", "2010-12-31": "206.47500", "2009-12-31": "287.12300", "2008-12-31": "395.90800", "2007-12-31": "454.46100", "2006-12-31": "578.86000", "2005-12-31": "664.74800"}, "Total Assets": {"2019-12-31": "32548.07000", "2018-12-31": "28257.77000", "2017-12-31": "25075.64000", "2016-12-31": "21697.13000", "2015-12-31": "18903.82000", "2014-12-31": "15905.71000", "2013-12-31": "11720.06000", "2012-12-31": "10540.84000", "2011-12-31": "8137.61800", "2010-12-31": "6446.16900", "2009-12-31": "5698.90400", "2008-12-31": "5141.68200", "2007-12-31": "4287.44900", "2006-12-31": "3675.34900", "2005-12-31": "3042.22500"}, "Total Current Liabilities": {"2019-12-31": "26633.12000", "2018-12-31": "21267.96000", "2017-12-31": "19495.90000", "2016-12-31": "17131.90000", "2015-12-31": "15232.77000", "2014-12-31": "12770.72000", "2013-12-31": "9428.73100", "2012-12-31": "7738.56900", "2011-12-31": "5992.90600", "2010-12-31": "5752.68100", "2009-12-31": "5080.22200", "2008-12-31": "4580.21500", "2007-12-31": "3855.85800", "2006-12-31": "3284.42500", "2005-12-31": "2711.81100"}, "Long Term Debt": {"2019-12-31": "2795.53500", "2018-12-31": "4295.17300", "2017-12-31": "3194.81200", "2016-12-31": "2394.45000", "2015-12-31": "1894.08800", "2014-12-31": "1499.41100", "2013-12-31": "1079.43200", "2012-12-31": "1874.45200", "2011-12-31": "1445.47200", "2010-12-31": "116.59200", "2009-12-31": "113.40600", "2008-12-31": "153.40600", "2007-12-31": "113.40600", "2006-12-31": "115.65100", "2005-12-31": "100.26100"}, "Other Non-Current Liabilities": {"2019-12-31": "287.15700", "2018-12-31": "194.23800", "2017-12-31": "182.21200", "2016-12-31": "161.22300", "2015-12-31": "153.43300", "2014-12-31": "151.38900", "2013-12-31": "115.55000", "2012-12-31": "91.58100", "2011-12-31": "82.90900", "2010-12-31": "48.57700", "2009-12-31": "23.91600", "2008-12-31": "20.98800", "2007-12-31": "23.04700", "2006-12-31": "21.75800", "2005-12-31": "14.63000"}, "Total Long Term Liabilities": {"2019-12-31": "3082.69200", "2018-12-31": "4489.41100", "2017-12-31": "3377.02400", "2016-12-31": "2555.67300", "2015-12-31": "2047.52100", "2014-12-31": "1650.80000", "2013-12-31": "1194.98200", "2012-12-31": "1966.03300", "2011-12-31": "1528.38100", "2010-12-31": "165.16900", "2009-12-31": "137.32200", "2008-12-31": "174.39400", "2007-12-31": "136.45300", "2006-12-31": "137.40900", "2005-12-31": "114.89100"}, "Total Liabilities": {"2019-12-31": "29715.81000", "2018-12-31": "25757.37000", "2017-12-31": "22872.92000", "2016-12-31": "19687.58000", "2015-12-31": "17280.29000", "2014-12-31": "14421.52000", "2013-12-31": "10623.71000", "2012-12-31": "9704.60200", "2011-12-31": "7521.28700", "2010-12-31": "5917.85000", "2009-12-31": "5217.54400", "2008-12-31": "4754.60900", "2007-12-31": "3992.31100", "2006-12-31": "3421.83400", "2005-12-31": "2826.70200"}, "Common Stock Net": {"2019-12-31": "0.50300", "2018-12-31": "0.50200", "2017-12-31": "0.49600", "2016-12-31": "0.49500", "2015-12-31": "0.45900", "2014-12-31": "0.45700", "2013-12-31": "0.41000", "2012-12-31": "0.40700", "2011-12-31": "0.37600", "2010-12-31": "0.36900", "2009-12-31": "0.35900", "2008-12-31": "0.31000", "2007-12-31": "0.26400", "2006-12-31": "0.26100", "2005-12-31": "0.25800"}, "Retained Earnings (Accumulated Deficit)": {"2019-12-31": "1694.60800", "2018-12-31": "1381.49200", "2017-12-31": "1090.50000", "2016-12-31": "903.18700", "2015-12-31": "757.81800", "2014-12-31": "622.71400", "2013-12-31": "496.11200", "2012-12-31": "382.45500", "2011-12-31": "261.78300", "2010-12-31": "185.80700", "2009-12-31": "148.62000", "2008-12-31": "129.85100", "2007-12-31": "105.58500", "2006-12-31": "76.16300", "2005-12-31": "47.23900"}, "Comprehensive Income": {"2019-12-31": "8.95000", "2018-12-31": "0.51800", "2017-12-31": "0.42800", "2016-12-31": "0.41500", "2015-12-31": "0.71800", "2014-12-31": "1.28900", "2013-12-31": "1.62800", "2012-12-31": "3.27200", "2011-12-31": "4.72200", "2010-12-31": "5.35500", "2009-12-31": "6.16500", "2008-12-31": "1.86900", "2007-12-31": "-0.87800", "2006-12-31": "-5.23000", "2005-12-31": "-8.10500"}, "Other Share Holders Equity": {"2019-12-31": "", "2018-12-31": "", "2017-12-31": "", "2016-12-31": "", "2015-12-31": "", "2014-12-31": "", "2013-12-31": "", "2012-12-31": "", "2011-12-31": "", "2010-12-31": "", "2009-12-31": "", "2008-12-31": "", "2007-12-31": "", "2006-12-31": "", "2005-12-31": ""}, "Share Holder Equity": {"2019-12-31": "2832.25800", "2018-12-31": "2500.39400", "2017-12-31": "2202.72100", "2016-12-31": "2009.55700", "2015-12-31": "1623.53300", "2014-12-31": "1484.19000", "2013-12-31": "1096.35000", "2012-12-31": "836.24200", "2011-12-31": "616.33100", "2010-12-31": "528.31900", "2009-12-31": "481.36000", "2008-12-31": "387.07300", "2007-12-31": "295.13800", "2006-12-31": "253.51500", "2005-12-31": "215.52300"}, "Total Liabilities And Share Holders Equity": {"2019-12-31": "32548.07000", "2018-12-31": "28257.77000", "2017-12-31": "25075.64000", "2016-12-31": "21697.13000", "2015-12-31": "18903.82000", "2014-12-31": "15905.71000", "2013-12-31": "11720.06000", "2012-12-31": "10540.84000", "2011-12-31": "8137.61800", "2010-12-31": "6446.16900", "2009-12-31": "5698.90400", "2008-12-31": "5141.68200", "2007-12-31": "4287.44900", "2006-12-31": "3675.34900", "2005-12-31": "3042.22500"}}, "balance sheet, quarterly": {"Cash On Hand": {"2020-09-30": "10646.79000", "2020-06-30": "9716.58400", "2020-03-31": "9660.57500", "2019-12-31": "4425.58300", "2019-09-30": "5209.27000", "2019-06-30": "3644.57700", "2019-03-31": "2331.29200", "2018-12-31": "3080.06500", "2018-09-30": "2785.05100", "2018-06-30": "3462.79400", "2018-03-31": "2451.17000", "2017-12-31": "2905.59100", "2017-09-30": "2501.15300", "2017-06-30": "2269.63500", "2017-03-31": "2920.93400", "2016-12-31": "2839.35200", "2016-09-30": "3588.41900", "2016-06-30": "2722.97700", "2016-03-31": "2733.69500", "2015-12-31": "1790.87000", "2015-09-30": "2446.95000", "2015-06-30": "1454.75100", "2015-03-31": "834.54700", "2014-12-31": "1330.51400", "2014-09-30": "529.70200", "2014-06-30": "357.14200", "2014-03-31": "257.79900", "2013-12-31": "153.91100", "2013-09-30": "195.05800", "2013-06-30": "319.04000", "2013-03-31": "191.44300", "2012-12-31": "206.34800", "2012-09-30": "149.19100", "2012-06-30": "142.65100", "2012-03-31": "148.81000", "2011-12-31": "110.55800", "2011-09-30": "120.56900", "2011-06-30": "89.32600", "2011-03-31": "223.72000", "2010-12-31": "179.86600", "2010-09-30": "104.06400", "2010-06-30": "121.14900", "2010-03-31": "80.05600", "2009-12-31": "125.43900", "2009-09-30": "60.60500", "2009-06-30": "80.47800", "2009-03-31": "70.63100", "2008-12-31": "82.02700", "2008-09-30": "67.78800", "2008-06-30": "115.18500", "2008-03-31": "78.97500", "2007-12-31": "89.46300", "2007-09-30": "75.72400", "2007-06-30": "83.60300", "2007-03-31": "106.67300", "2006-12-31": "93.71600", "2006-09-30": "113.46100", "2006-06-30": "163.73700", "2006-03-31": "108.42900", "2005-12-31": "137.84000", "2005-09-30": "143.69400", "2005-06-30": "112.98200", "2005-03-31": "86.84600"}, "Receivables": {"2020-09-30": "", "2020-06-30": "", "2020-03-31": "", "2019-12-31": "", "2019-09-30": "", "2019-06-30": "", "2019-03-31": "", "2018-12-31": "", "2018-09-30": "", "2018-06-30": "", "2018-03-31": "", "2017-12-31": "", "2017-09-30": "", "2017-06-30": "", "2017-03-31": "", "2016-12-31": "", "2016-09-30": "", "2016-06-30": "", "2016-03-31": "", "2015-12-31": "", "2015-09-30": "", "2015-06-30": "", "2015-03-31": "", "2014-12-31": "", "2014-09-30": "", "2014-06-30": "", "2014-03-31": "", "2013-12-31": "", "2013-09-30": "", "2013-06-30": "", "2013-03-31": "", "2012-12-31": "", "2012-09-30": "", "2012-06-30": "", "2012-03-31": "", "2011-12-31": "", "2011-09-30": "", "2011-06-30": "", "2011-03-31": "", "2010-12-31": "", "2010-09-30": "", "2010-06-30": "", "2010-03-31": "", "2009-12-31": "", "2009-09-30": "", "2009-06-30": "", "2009-03-31": "", "2008-12-31": "", "2008-09-30": "", "2008-06-30": "", "2008-03-31": "", "2007-12-31": "", "2007-09-30": "", "2007-06-30": "", "2007-03-31": "", "2006-12-31": "", "2006-09-30": "", "2006-06-30": "", "2006-03-31": "", "2005-12-31": "", "2005-09-30": "", "2005-06-30": "", "2005-03-31": ""}, "Inventory": {"2020-09-30": "", "2020-06-30": "", "2020-03-31": "", "2019-12-31": "", "2019-09-30": "", "2019-06-30": "", "2019-03-31": "", "2018-12-31": "", "2018-09-30": "", "2018-06-30": "", "2018-03-31": "", "2017-12-31": "", "2017-09-30": "", "2017-06-30": "", "2017-03-31": "", "2016-12-31": "", "2016-09-30": "", "2016-06-30": "", "2016-03-31": "", "2015-12-31": "", "2015-09-30": "", "2015-06-30": "", "2015-03-31": "", "2014-12-31": "", "2014-09-30": "", "2014-06-30": "", "2014-03-31": "", "2013-12-31": "", "2013-09-30": "", "2013-06-30": "", "2013-03-31": "", "2012-12-31": "", "2012-09-30": "", "2012-06-30": "", "2012-03-31": "", "2011-12-31": "", "2011-09-30": "", "2011-06-30": "", "2011-03-31": "", "2010-12-31": "", "2010-09-30": "", "2010-06-30": "", "2010-03-31": "", "2009-12-31": "", "2009-09-30": "", "2009-06-30": "", "2009-03-31": "", "2008-12-31": "", "2008-09-30": "", "2008-06-30": "", "2008-03-31": "", "2007-12-31": "", "2007-09-30": "", "2007-06-30": "", "2007-03-31": "", "2006-12-31": "", "2006-09-30": "", "2006-06-30": "", "2006-03-31": "", "2005-12-31": "", "2005-09-30": "", "2005-06-30": "", "2005-03-31": ""}, "Pre-Paid Expenses": {"2020-09-30": "", "2020-06-30": "", "2020-03-31": "", "2019-12-31": "", "2019-09-30": "", "2019-06-30": "", "2019-03-31": "", "2018-12-31": "", "2018-09-30": "", "2018-06-30": "", "2018-03-31": "", "2017-12-31": "", "2017-09-30": "", "2017-06-30": "", "2017-03-31": "", "2016-12-31": "", "2016-09-30": "", "2016-06-30": "", "2016-03-31": "", "2015-12-31": "", "2015-09-30": "", "2015-06-30": "", "2015-03-31": "", "2014-12-31": "", "2014-09-30": "", "2014-06-30": "", "2014-03-31": "", "2013-12-31": "", "2013-09-30": "", "2013-06-30": "", "2013-03-31": "", "2012-12-31": "", "2012-09-30": "", "2012-06-30": "", "2012-03-31": "", "2011-12-31": "", "2011-09-30": "", "2011-06-30": "", "2011-03-31": "", "2010-12-31": "", "2010-09-30": "", "2010-06-30": "", "2010-03-31": "", "2009-12-31": "", "2009-09-30": "", "2009-06-30": "", "2009-03-31": "", "2008-12-31": "", "2008-09-30": "", "2008-06-30": "", "2008-03-31": "", "2007-12-31": "", "2007-09-30": "", "2007-06-30": "", "2007-03-31": "", "2006-12-31": "", "2006-09-30": "", "2006-06-30": "", "2006-03-31": "", "2005-12-31": "", "2005-09-30": "", "2005-06-30": "", "2005-03-31": ""}, "Other Current Assets": {"2020-09-30": "", "2020-06-30": "", "2020-03-31": "", "2019-12-31": "", "2019-09-30": "", "2019-06-30": "", "2019-03-31": "", "2018-12-31": "", "2018-09-30": "", "2018-06-30": "", "2018-03-31": "", "2017-12-31": "", "2017-09-30": "", "2017-06-30": "", "2017-03-31": "", "2016-12-31": "", "2016-09-30": "", "2016-06-30": "", "2016-03-31": "", "2015-12-31": "", "2015-09-30": "", "2015-06-30": "", "2015-03-31": "", "2014-12-31": "", "2014-09-30": "", "2014-06-30": "", "2014-03-31": "", "2013-12-31": "", "2013-09-30": "", "2013-06-30": "", "2013-03-31": "", "2012-12-31": "", "2012-09-30": "", "2012-06-30": "", "2012-03-31": "", "2011-12-31": "", "2011-09-30": "", "2011-06-30": "", "2011-03-31": "", "2010-12-31": "", "2010-09-30": "", "2010-06-30": "", "2010-03-31": "", "2009-12-31": "", "2009-09-30": "", "2009-06-30": "", "2009-03-31": "", "2008-12-31": "", "2008-09-30": "", "2008-06-30": "", "2008-03-31": "", "2007-12-31": "", "2007-09-30": "", "2007-06-30": "", "2007-03-31": "", "2006-12-31": "", "2006-09-30": "", "2006-06-30": "", "2006-03-31": "", "2005-12-31": "", "2005-09-30": "", "2005-06-30": "", "2005-03-31": ""}, "Total Current Assets": {"2020-09-30": "36925.82000", "2020-06-30": "36256.23000", "2020-03-31": "35532.37000", "2019-12-31": "32193.98000", "2019-09-30": "33188.41000", "2019-06-30": "29635.22000", "2019-03-31": "28065.62000", "2018-12-31": "28052.71000", "2018-09-30": "26880.67000", "2018-06-30": "27629.75000", "2018-03-31": "24301.17000", "2017-12-31": "24922.59000", "2017-09-30": "24256.10000", "2017-06-30": "22897.62000", "2017-03-31": "20736.92000", "2016-12-31": "21604.44000", "2016-09-30": "22134.34000", "2016-06-30": "21003.56000", "2016-03-31": "20135.38000", "2015-12-31": "18829.88000", "2015-09-30": "18596.13000", "2015-06-30": "17743.79000", "2015-03-31": "17251.36000", "2014-12-31": "15820.27000", "2014-09-30": "14184.16000", "2014-06-30": "13446.79000", "2014-03-31": "12057.75000", "2013-12-31": "11624.08000", "2013-09-30": "10695.81000", "2013-06-30": "10868.87000", "2013-03-31": "9902.35600", "2012-12-31": "10409.32000", "2012-09-30": "9743.06600", "2012-06-30": "8997.56600", "2012-03-31": "8404.70400", "2011-12-31": "7961.97100", "2011-09-30": "7530.63000", "2011-06-30": "6519.00300", "2011-03-31": "5868.49000", "2010-12-31": "6239.69400", "2010-09-30": "6121.29400", "2010-06-30": "5714.31600", "2010-03-31": "5233.47500", "2009-12-31": "5411.78100", "2009-09-30": "5013.53100", "2009-06-30": "4977.49500", "2009-03-31": "4632.51900", "2008-12-31": "4745.77400", "2008-09-30": "4343.13400", "2008-06-30": "4237.64800", "2008-03-31": "3889.39500", "2007-12-31": "3832.98800", "2007-09-30": "3551.59000", "2007-06-30": "3412.10600", "2007-03-31": "3269.13800", "2006-12-31": "3096.48900", "2006-09-30": "2894.55400", "2006-06-30": "2800.98800", "2006-03-31": "2554.38500", "2005-12-31": "2377.47700", "2005-09-30": "2242.73600", "2005-06-30": "2080.67000", "2005-03-31": "1876.68900"}, "Property, Plant, And Equipment": {"2020-09-30": "26.65300", "2020-06-30": "28.60300", "2020-03-31": "29.66300", "2019-12-31": "31.21200", "2019-09-30": "32.66700", "2019-06-30": "28.19700", "2019-03-31": "24.20000", "2018-12-31": "23.80200", "2018-09-30": "24.00400", "2018-06-30": "26.17500", "2018-03-31": "27.56400", "2017-12-31": "25.17600", "2017-09-30": "23.88200", "2017-06-30": "20.75000", "2017-03-31": "20.83100", "2016-12-31": "19.77500", "2016-09-30": "20.60400", "2016-06-30": "21.76600", "2016-03-31": "22.92400", "2015-12-31": "23.56100", "2015-09-30": "17.77200", "2015-06-30": "17.95100", "2015-03-31": "16.03700", "2014-12-31": "23.13500", "2014-09-30": "17.64000", "2014-06-30": "15.76200", "2014-03-31": "11.76700", "2013-12-31": "11.48200", "2013-09-30": "12.65300", "2013-06-30": "11.91500", "2013-03-31": "11.24900", "2012-12-31": "11.44500", "2012-09-30": "11.28000", "2012-06-30": "12.03700", "2012-03-31": "11.44500", "2011-12-31": "11.45700", "2011-09-30": "11.59600", "2011-06-30": "12.11800", "2011-03-31": "11.65200", "2010-12-31": "11.56800", "2010-09-30": "12.46100", "2010-06-30": "11.06500", "2010-03-31": "10.77300", "2009-12-31": "11.18900", "2009-09-30": "11.47300", "2009-06-30": "11.08800", "2009-03-31": "8.45700", "2008-12-31": "9.46700", "2008-09-30": "26.68300", "2008-06-30": "27.59500", "2008-03-31": "29.52600", "2007-12-31": "6.49100", "2007-09-30": "42.22400", "2007-06-30": "33.77600", "2007-03-31": "34.35000", "2006-12-31": "33.81800", "2006-09-30": "31.60500", "2006-06-30": "26.03100", "2006-03-31": "21.15500", "2005-12-31": "21.63200", "2005-09-30": "6.91600", "2005-06-30": "5.39800", "2005-03-31": "4.58100"}, "Long-Term Investments": {"2020-09-30": "1367.31300", "2020-06-30": "234.96900", "2020-03-31": "228.78400", "2019-12-31": "239.87100", "2019-09-30": "238.02200", "2019-06-30": "240.85100", "2019-03-31": "230.74900", "2018-12-31": "120.21600", "2018-09-30": "117.38900", "2018-06-30": "24.40800", "2018-03-31": "24.92900", "2017-12-31": "23.51100", "2017-09-30": "24.22400", "2017-06-30": "119.04300", "2017-03-31": "42.20300", "2016-12-31": "24.87400", "2016-09-30": "26.35600", "2016-06-30": "27.37200", "2016-03-31": "28.46100", "2015-12-31": "29.99200", "2015-09-30": "31.99800", "2015-06-30": "35.36100", "2015-03-31": "37.64900", "2014-12-31": "41.71900", "2014-09-30": "43.93800", "2014-06-30": "49.33000", "2014-03-31": "52.96000", "2013-12-31": "63.21400", "2013-09-30": "67.81500", "2013-06-30": "75.86100", "2013-03-31": "87.52700", "2012-12-31": "100.19500", "2012-09-30": "107.28800", "2012-06-30": "114.96400", "2012-03-31": "123.82800", "2011-12-31": "143.71000", "2011-09-30": "142.89500", "2011-06-30": "157.82100", "2011-03-31": "171.99000", "2010-12-31": "185.42400", "2010-09-30": "202.17700", "2010-06-30": "227.02900", "2010-03-31": "246.20900", "2009-12-31": "266.12800", "2009-09-30": "285.86900", "2009-06-30": "308.18700", "2009-03-31": "361.89800", "2008-12-31": "378.75200", "2008-09-30": "365.14500", "2008-06-30": "390.22300", "2008-03-31": "425.51300", "2007-12-31": "440.11900", "2007-09-30": "476.44800", "2007-06-30": "490.96700", "2007-03-31": "508.29600", "2006-12-31": "532.05300", "2006-09-30": "554.73200", "2006-06-30": "573.05300", "2006-03-31": "604.98700", "2005-12-31": "630.48200", "2005-09-30": "674.79200", "2005-06-30": "725.55400", "2005-03-31": "754.15400"}, "Goodwill And Intangible Assets": {"2020-09-30": "113.09100", "2020-06-30": "93.32000", "2020-03-31": "88.60100", "2019-12-31": "83.00300", "2019-09-30": "67.34200", "2019-06-30": "66.11900", "2019-03-31": "62.54000", "2018-12-31": "61.04400", "2018-09-30": "105.04600", "2018-06-30": "101.58100", "2018-03-31": "95.48300", "2017-12-31": "104.36700", "2017-09-30": "96.78700", "2017-06-30": "82.30000", "2017-03-31": "64.92100", "2016-12-31": "48.04800", "2016-09-30": "35.09200", "2016-06-30": "28.29100", "2016-03-31": "24.12400", "2015-12-31": "20.38300", "2015-09-30": "20.09500", "2015-06-30": "20.23700", "2015-03-31": "20.41200", "2014-12-31": "20.58800", "2014-09-30": "20.76300", "2014-06-30": "20.93800", "2014-03-31": "21.11500", "2013-12-31": "21.28600", "2013-09-30": "21.46300", "2013-06-30": "21.63900", "2013-03-31": "19.73400", "2012-12-31": "19.88300", "2012-09-30": "20.03200", "2012-06-30": "20.18100", "2012-03-31": "20.33000", "2011-12-31": "20.48000", "2011-09-30": "20.64600", "2011-06-30": "20.79200", "2011-03-31": "9.40200", "2010-12-31": "9.48300", "2010-09-30": "9.56400", "2010-06-30": "9.64400", "2010-03-31": "9.72500", "2009-12-31": "9.80600", "2009-09-30": "7.56700", "2009-06-30": "7.60800", "2009-03-31": "7.64800", "2008-12-31": "7.68900", "2008-09-30": "7.72900", "2008-06-30": "7.77000", "2008-03-31": "7.81000", "2007-12-31": "7.85100", "2007-09-30": "7.89100", "2007-06-30": "7.93300", "2007-03-31": "7.97300", "2006-12-31": "12.98900", "2006-09-30": "13.12200", "2006-06-30": "12.40800", "2006-03-31": "12.40500", "2005-12-31": "12.63400", "2005-09-30": "8.21800", "2005-06-30": "6.41700", "2005-03-31": "1.49600"}, "Other Long-Term Assets": {"2020-09-30": "", "2020-06-30": "", "2020-03-31": "", "2019-12-31": "", "2019-09-30": "", "2019-06-30": "", "2019-03-31": "", "2018-12-31": "", "2018-09-30": "", "2018-06-30": "", "2018-03-31": "", "2017-12-31": "", "2017-09-30": "", "2017-06-30": "", "2017-03-31": "", "2016-12-31": "", "2016-09-30": "", "2016-06-30": "", "2016-03-31": "", "2015-12-31": "", "2015-09-30": "", "2015-06-30": "", "2015-03-31": "", "2014-12-31": "", "2014-09-30": "", "2014-06-30": "", "2014-03-31": "", "2013-12-31": "", "2013-09-30": "", "2013-06-30": "", "2013-03-31": "", "2012-12-31": "", "2012-09-30": "", "2012-06-30": "", "2012-03-31": "", "2011-12-31": "", "2011-09-30": "", "2011-06-30": "", "2011-03-31": "", "2010-12-31": "", "2010-09-30": "", "2010-06-30": "", "2010-03-31": "", "2009-12-31": "", "2009-09-30": "", "2009-06-30": "", "2009-03-31": "", "2008-12-31": "", "2008-09-30": "", "2008-06-30": "", "2008-03-31": "", "2007-12-31": "", "2007-09-30": "", "2007-06-30": "", "2007-03-31": "", "2006-12-31": "", "2006-09-30": "", "2006-06-30": "", "2006-03-31": "", "2005-12-31": "", "2005-09-30": "", "2005-06-30": "", "2005-03-31": ""}, "Total Long-Term Assets": {"2020-09-30": "1507.05700", "2020-06-30": "356.89200", "2020-03-31": "347.04800", "2019-12-31": "354.08600", "2019-09-30": "338.03100", "2019-06-30": "335.16700", "2019-03-31": "317.48900", "2018-12-31": "205.06200", "2018-09-30": "246.43900", "2018-06-30": "152.16400", "2018-03-31": "147.97600", "2017-12-31": "153.05400", "2017-09-30": "144.89300", "2017-06-30": "222.09300", "2017-03-31": "127.95500", "2016-12-31": "92.69700", "2016-09-30": "82.05200", "2016-06-30": "77.42900", "2016-03-31": "75.50900", "2015-12-31": "73.93600", "2015-09-30": "69.86500", "2015-06-30": "73.54900", "2015-03-31": "74.09800", "2014-12-31": "85.44200", "2014-09-30": "82.34100", "2014-06-30": "86.03000", "2014-03-31": "85.84200", "2013-12-31": "95.98200", "2013-09-30": "101.93100", "2013-06-30": "109.41500", "2013-03-31": "118.51000", "2012-12-31": "131.52300", "2012-09-30": "138.60000", "2012-06-30": "147.18200", "2012-03-31": "155.60300", "2011-12-31": "175.64700", "2011-09-30": "175.13700", "2011-06-30": "190.73100", "2011-03-31": "193.04400", "2010-12-31": "206.47500", "2010-09-30": "224.20200", "2010-06-30": "247.73800", "2010-03-31": "266.70700", "2009-12-31": "287.12300", "2009-09-30": "304.90900", "2009-06-30": "326.88300", "2009-03-31": "378.00300", "2008-12-31": "395.90800", "2008-09-30": "399.55700", "2008-06-30": "425.58800", "2008-03-31": "462.84900", "2007-12-31": "454.46100", "2007-09-30": "526.56300", "2007-06-30": "532.67600", "2007-03-31": "550.61900", "2006-12-31": "578.86000", "2006-09-30": "599.45900", "2006-06-30": "611.49200", "2006-03-31": "638.54710", "2005-12-31": "664.74800", "2005-09-30": "689.92600", "2005-06-30": "737.36900", "2005-03-31": "760.23100"}, "Total Assets": {"2020-09-30": "38432.87000", "2020-06-30": "36613.13000", "2020-03-31": "35879.41000", "2019-12-31": "32548.07000", "2019-09-30": "33526.44000", "2019-06-30": "29970.38000", "2019-03-31": "28383.11000", "2018-12-31": "28257.77000", "2018-09-30": "27127.11000", "2018-06-30": "27781.91000", "2018-03-31": "24449.15000", "2017-12-31": "25075.64000", "2017-09-30": "24401.00000", "2017-06-30": "23119.71000", "2017-03-31": "20864.87000", "2016-12-31": "21697.13000", "2016-09-30": "22216.39000", "2016-06-30": "21080.99000", "2016-03-31": "20210.89000", "2015-12-31": "18903.82000", "2015-09-30": "18665.99000", "2015-06-30": "17817.34000", "2015-03-31": "17325.46000", "2014-12-31": "15905.71000", "2014-09-30": "14266.50000", "2014-06-30": "13532.83000", "2014-03-31": "12143.59000", "2013-12-31": "11720.06000", "2013-09-30": "10797.74000", "2013-06-30": "10978.29000", "2013-03-31": "10020.87000", "2012-12-31": "10540.84000", "2012-09-30": "9881.66600", "2012-06-30": "9144.74800", "2012-03-31": "8560.30700", "2011-12-31": "8137.61800", "2011-09-30": "7705.76700", "2011-06-30": "6709.73400", "2011-03-31": "6061.53400", "2010-12-31": "6446.16900", "2010-09-30": "6345.49600", "2010-06-30": "5962.05400", "2010-03-31": "5500.18200", "2009-12-31": "5698.90400", "2009-09-30": "5318.44000", "2009-06-30": "5304.37800", "2009-03-31": "5010.52200", "2008-12-31": "5141.68200", "2008-09-30": "4742.69100", "2008-06-30": "4663.23600", "2008-03-31": "4352.24400", "2007-12-31": "4287.44900", "2007-09-30": "4078.15300", "2007-06-30": "3944.78200", "2007-03-31": "3819.75700", "2006-12-31": "3675.34900", "2006-09-30": "3494.01300", "2006-06-30": "3412.48000", "2006-03-31": "3192.93200", "2005-12-31": "3042.22500", "2005-09-30": "2932.66200", "2005-06-30": "2818.03900", "2005-03-31": "2636.92000"}, "Total Current Liabilities": {"2020-09-30": "32182.34000", "2020-06-30": "30403.80000", "2020-03-31": "27446.50000", "2019-12-31": "26633.12000", "2019-09-30": "27587.61000", "2019-06-30": "23529.43000", "2019-03-31": "21572.51000", "2018-12-31": "21267.96000", "2018-09-30": "20889.67000", "2018-06-30": "20866.99000", "2018-03-31": "19305.25000", "2017-12-31": "19495.90000", "2017-09-30": "19169.32000", "2017-06-30": "17760.69000", "2017-03-31": "16750.51000", "2016-12-31": "17131.90000", "2016-09-30": "18229.67000", "2016-06-30": "16804.89000", "2016-03-31": "16402.59000", "2015-12-31": "15232.77000", "2015-09-30": "15271.87000", "2015-06-30": "14302.19000", "2015-03-31": "14250.31000", "2014-12-31": "12770.72000", "2014-09-30": "12003.39000", "2014-06-30": "11062.52000", "2014-03-31": "9904.43700", "2013-12-31": "9428.73100", "2013-09-30": "9157.51800", "2013-06-30": "8316.21600", "2013-03-31": "8234.93700", "2012-12-31": "7738.56900", "2012-09-30": "7214.73600", "2012-06-30": "6955.16000", "2012-03-31": "6472.11800", "2011-12-31": "5992.90600", "2011-09-30": "5836.12300", "2011-06-30": "5641.36100", "2011-03-31": "5354.23900", "2010-12-31": "5752.68100", "2010-09-30": "5677.49700", "2010-06-30": "5252.10600", "2010-03-31": "4859.67000", "2009-12-31": "5080.22200", "2009-09-30": "4709.27600", "2009-06-30": "4706.05400", "2009-03-31": "4402.92400", "2008-12-31": "4580.21500", "2008-09-30": "3676.90800", "2008-06-30": "4016.79700", "2008-03-31": "3482.23100", "2007-12-31": "3855.85800", "2007-09-30": "3527.58300", "2007-06-30": "3290.36000", "2007-03-31": "3425.75000", "2006-12-31": "3284.42500", "2006-09-30": "3019.46000", "2006-06-30": "3098.99100", "2006-03-31": "2835.40500", "2005-12-31": "2711.81100", "2005-09-30": "2681.33700", "2005-06-30": "2457.83600", "2005-03-31": "2415.47400"}, "Long Term Debt": {"2020-09-30": "3095.80600", "2020-06-30": "3095.71500", "2020-03-31": "5295.62500", "2019-12-31": "2795.53500", "2019-09-30": "2895.44400", "2019-06-30": "3495.35400", "2019-03-31": "3995.26400", "2018-12-31": "4295.17300", "2018-09-30": "3595.08300", "2018-06-30": "4394.99200", "2018-03-31": "2694.90200", "2017-12-31": "3194.81200", "2017-09-30": "2894.72100", "2017-06-30": "3094.63100", "2017-03-31": "1894.54000", "2016-12-31": "2394.45000", "2016-09-30": "2064.36000", "2016-06-30": "2413.73200", "2016-03-31": "1998.17900", "2015-12-31": "1894.08800", "2015-09-30": "1649.40600", "2015-06-30": "1799.40600", "2015-03-31": "1399.40600", "2014-12-31": "1499.41100", "2014-09-30": "849.41700", "2014-06-30": "1099.42200", "2014-03-31": "904.42700", "2013-12-31": "1079.43200", "2013-09-30": "474.43700", "2013-06-30": "1524.44200", "2013-03-31": "674.44700", "2012-12-31": "1874.45200", "2012-09-30": "1774.45700", "2012-06-30": "1428.46200", "2012-03-31": "1363.46700", "2011-12-31": "1445.47200", "2011-09-30": "1216.31100", "2011-06-30": "456.70500", "2011-03-31": "116.81500", "2010-12-31": "116.59200", "2010-09-30": "116.40000", "2010-06-30": "166.51800", "2010-03-31": "117.65400", "2009-12-31": "113.40600", "2009-09-30": "113.40600", "2009-06-30": "113.40600", "2009-03-31": "113.40600", "2008-12-31": "153.40600", "2008-09-30": "665.99400", "2008-06-30": "316.94300", "2008-03-31": "543.71200", "2007-12-31": "113.40600", "2007-09-30": "247.35200", "2007-06-30": "363.95200", "2007-03-31": "113.40600", "2006-12-31": "115.65100", "2006-09-30": "214.58300", "2006-06-30": "75.28100", "2006-03-31": "121.55600", "2005-12-31": "100.26100", "2005-09-30": "22.18000", "2005-06-30": "147.45300", "2005-03-31": "21.65400"}, "Other Non-Current Liabilities": {"2020-09-30": "354.31800", "2020-06-30": "378.85800", "2020-03-31": "333.75900", "2019-12-31": "318.09400", "2019-09-30": "285.95400", "2019-06-30": "277.15200", "2019-03-31": "233.39800", "2018-12-31": "194.23800", "2018-09-30": "215.90900", "2018-06-30": "176.40000", "2018-03-31": "175.56900", "2017-12-31": "182.21200", "2017-09-30": "178.59900", "2017-06-30": "163.83600", "2017-03-31": "169.38500", "2016-12-31": "161.22300", "2016-09-30": "196.57900", "2016-06-30": "177.64100", "2016-03-31": "163.04000", "2015-12-31": "153.43300", "2015-09-30": "154.66500", "2015-06-30": "161.21500", "2015-03-31": "157.78500", "2014-12-31": "151.38900", "2014-09-30": "115.76900", "2014-06-30": "108.06900", "2014-03-31": "104.59300", "2013-12-31": "115.55000", "2013-09-30": "99.16100", "2013-06-30": "102.67600", "2013-03-31": "98.28700", "2012-12-31": "91.58100", "2012-09-30": "90.06700", "2012-06-30": "80.42100", "2012-03-31": "77.38100", "2011-12-31": "82.90900", "2011-09-30": "65.38900", "2011-06-30": "47.74400", "2011-03-31": "45.55500", "2010-12-31": "48.57700", "2010-09-30": "35.98100", "2010-06-30": "29.35200", "2010-03-31": "22.86200", "2009-12-31": "23.91600", "2009-09-30": "21.71400", "2009-06-30": "20.89200", "2009-03-31": "22.20200", "2008-12-31": "20.98800", "2008-09-30": "18.93100", "2008-06-30": "14.57900", "2008-03-31": "14.28500", "2007-12-31": "23.04700", "2007-09-30": "19.00900", "2007-06-30": "20.37300", "2007-03-31": "16.98500", "2006-12-31": "21.75800", "2006-09-30": "20.17800", "2006-06-30": "13.51500", "2006-03-31": "14.20500", "2005-12-31": "14.63000", "2005-09-30": "16.82700", "2005-06-30": "6.87000", "2005-03-31": "5.28100"}, "Total Long Term Liabilities": {"2020-09-30": "3450.12400", "2020-06-30": "3474.57300", "2020-03-31": "5629.38400", "2019-12-31": "3113.62900", "2019-09-30": "3181.39800", "2019-06-30": "3772.50600", "2019-03-31": "4228.66200", "2018-12-31": "4489.41100", "2018-09-30": "3810.99200", "2018-06-30": "4571.39200", "2018-03-31": "2870.47100", "2017-12-31": "3377.02400", "2017-09-30": "3073.32000", "2017-06-30": "3258.46700", "2017-03-31": "2063.92500", "2016-12-31": "2555.67300", "2016-09-30": "2260.93900", "2016-06-30": "2591.37300", "2016-03-31": "2161.21900", "2015-12-31": "2047.52100", "2015-09-30": "1804.07100", "2015-06-30": "1960.62100", "2015-03-31": "1557.19100", "2014-12-31": "1650.80000", "2014-09-30": "965.18600", "2014-06-30": "1207.49100", "2014-03-31": "1009.02000", "2013-12-31": "1194.98200", "2013-09-30": "573.59800", "2013-06-30": "1627.11800", "2013-03-31": "772.73400", "2012-12-31": "1966.03300", "2012-09-30": "1864.52400", "2012-06-30": "1508.88300", "2012-03-31": "1440.84800", "2011-12-31": "1528.38100", "2011-09-30": "1281.70000", "2011-06-30": "504.44900", "2011-03-31": "162.37000", "2010-12-31": "165.16900", "2010-09-30": "152.38100", "2010-06-30": "195.87000", "2010-03-31": "140.51600", "2009-12-31": "137.32200", "2009-09-30": "135.12000", "2009-06-30": "134.29800", "2009-03-31": "135.60800", "2008-12-31": "174.39400", "2008-09-30": "684.92500", "2008-06-30": "331.52200", "2008-03-31": "557.99690", "2007-12-31": "136.45300", "2007-09-30": "266.36100", "2007-06-30": "384.32500", "2007-03-31": "130.39100", "2006-12-31": "137.40900", "2006-09-30": "234.76100", "2006-06-30": "88.79600", "2006-03-31": "135.76100", "2005-12-31": "114.89100", "2005-09-30": "39.00700", "2005-06-30": "154.32300", "2005-03-31": "26.93500"}, "Total Liabilities": {"2020-09-30": "35632.47000", "2020-06-30": "33878.37000", "2020-03-31": "33075.88000", "2019-12-31": "29746.75000", "2019-09-30": "30769.00000", "2019-06-30": "27301.93000", "2019-03-31": "25801.17000", "2018-12-31": "25757.37000", "2018-09-30": "24700.66000", "2018-06-30": "25438.38000", "2018-03-31": "22175.72000", "2017-12-31": "22872.92000", "2017-09-30": "22242.63000", "2017-06-30": "21019.16000", "2017-03-31": "18814.43000", "2016-12-31": "19687.58000", "2016-09-30": "20490.61000", "2016-06-30": "19396.26000", "2016-03-31": "18563.80000", "2015-12-31": "17280.29000", "2015-09-30": "17075.94000", "2015-06-30": "16262.81000", "2015-03-31": "15807.50000", "2014-12-31": "14421.52000", "2014-09-30": "12968.58000", "2014-06-30": "12270.01000", "2014-03-31": "10913.46000", "2013-12-31": "10623.71000", "2013-09-30": "9731.11500", "2013-06-30": "9943.33300", "2013-03-31": "9007.67100", "2012-12-31": "9704.60200", "2012-09-30": "9079.26000", "2012-06-30": "8464.04300", "2012-03-31": "7912.96600", "2011-12-31": "7521.28700", "2011-09-30": "7117.82300", "2011-06-30": "6145.81000", "2011-03-31": "5516.60900", "2010-12-31": "5917.85000", "2010-09-30": "5829.87800", "2010-06-30": "5447.97600", "2010-03-31": "5000.18600", "2009-12-31": "5217.54400", "2009-09-30": "4844.39600", "2009-06-30": "4840.35200", "2009-03-31": "4538.53200", "2008-12-31": "4754.60900", "2008-09-30": "4361.83300", "2008-06-30": "4348.31900", "2008-03-31": "4040.22800", "2007-12-31": "3992.31100", "2007-09-30": "3793.94400", "2007-06-30": "3674.68500", "2007-03-31": "3556.14100", "2006-12-31": "3421.83400", "2006-09-30": "3254.22100", "2006-06-30": "3187.78700", "2006-03-31": "2971.16600", "2005-12-31": "2826.70200", "2005-09-30": "2720.34400", "2005-06-30": "2612.15900", "2005-03-31": "2442.40900"}, "Common Stock Net": {"2020-09-30": "0.50400", "2020-06-30": "0.50400", "2020-03-31": "0.50400", "2019-12-31": "0.50300", "2019-09-30": "0.50300", "2019-06-30": "0.50300", "2019-03-31": "0.50300", "2018-12-31": "0.50200", "2018-09-30": "0.50200", "2018-06-30": "0.50200", "2018-03-31": "0.49700", "2017-12-31": "0.49600", "2017-09-30": "0.49600", "2017-06-30": "0.49600", "2017-03-31": "0.49600", "2016-12-31": "0.49500", "2016-09-30": "0.46000", "2016-06-30": "0.46000", "2016-03-31": "0.45900", "2015-12-31": "0.45900", "2015-09-30": "0.45800", "2015-06-30": "0.45800", "2015-03-31": "0.45700", "2014-12-31": "0.45700", "2014-09-30": "0.43200", "2014-06-30": "0.43100", "2014-03-31": "0.43000", "2013-12-31": "0.41000", "2013-09-30": "0.40900", "2013-06-30": "0.40800", "2013-03-31": "0.40800", "2012-12-31": "0.40700", "2012-09-30": "0.40600", "2012-06-30": "0.38100", "2012-03-31": "0.37900", "2011-12-31": "0.37600", "2011-09-30": "0.37400", "2011-06-30": "0.37300", "2011-03-31": "0.37200", "2010-12-31": "0.36900", "2010-09-30": "0.36800", "2010-06-30": "0.36800", "2010-03-31": "0.36500", "2009-12-31": "0.35900", "2009-09-30": "0.35800", "2009-06-30": "0.35700", "2009-03-31": "0.31000", "2008-12-31": "0.31000", "2008-09-30": "0.30800", "2008-06-30": "0.26800", "2008-03-31": "0.26600", "2007-12-31": "0.26400", "2007-09-30": "0.26300", "2007-06-30": "0.26200", "2007-03-31": "0.26100", "2006-12-31": "0.26100", "2006-09-30": "0.26100", "2006-06-30": "0.25900", "2006-03-31": "0.25900", "2005-12-31": "0.25800", "2005-09-30": "0.25700", "2005-06-30": "0.25600", "2005-03-31": "0.25600"}, "Retained Earnings (Accumulated Deficit)": {"2020-09-30": "1655.31700", "2020-06-30": "1600.63900", "2020-03-31": "1668.32900", "2019-12-31": "1663.67100", "2019-09-30": "1623.12800", "2019-06-30": "1537.42500", "2019-03-31": "1461.89300", "2018-12-31": "1381.49200", "2018-09-30": "1312.03800", "2018-06-30": "1228.92400", "2018-03-31": "1159.92500", "2017-12-31": "1090.50000", "2017-09-30": "1048.19500", "2017-06-30": "991.94900", "2017-03-31": "943.29100", "2016-12-31": "903.18700", "2016-09-30": "857.23800", "2016-06-30": "816.95100", "2016-03-31": "780.50800", "2015-12-31": "757.81800", "2015-09-30": "725.50200", "2015-06-30": "690.82600", "2015-03-31": "655.32600", "2014-12-31": "622.71400", "2014-09-30": "587.31700", "2014-06-30": "552.92300", "2014-03-31": "521.93900", "2013-12-31": "496.11200", "2013-09-30": "468.19100", "2013-06-30": "437.15200", "2013-03-31": "415.51700", "2012-12-31": "382.45500", "2012-09-30": "351.02600", "2012-06-30": "318.49000", "2012-03-31": "288.86800", "2011-12-31": "261.78300", "2011-09-30": "236.04300", "2011-06-30": "214.34000", "2011-03-31": "197.68600", "2010-12-31": "185.80700", "2010-09-30": "173.75300", "2010-06-30": "164.22700", "2010-03-31": "156.16500", "2009-12-31": "148.62000", "2009-09-30": "142.24800", "2009-06-30": "136.93600", "2009-03-31": "134.95100", "2008-12-31": "129.85100", "2008-09-30": "126.46400", "2008-06-30": "119.15100", "2008-03-31": "113.46700", "2007-12-31": "105.58500", "2007-09-30": "100.23200", "2007-06-30": "91.99000", "2007-03-31": "83.78500", "2006-12-31": "76.16300", "2006-09-30": "68.09300", "2006-06-30": "60.22300", "2006-03-31": "53.88200", "2005-12-31": "47.23900", "2005-09-30": "39.49400", "2005-06-30": "31.91000", "2005-03-31": "25.32300"}, "Comprehensive Income": {"2020-09-30": "6.83700", "2020-06-30": "0.47600", "2020-03-31": "4.76900", "2019-12-31": "8.95000", "2019-09-30": "9.01100", "2019-06-30": "8.31300", "2019-03-31": "0.47500", "2018-12-31": "0.51800", "2018-09-30": "-1.37600", "2018-06-30": "0.38000", "2018-03-31": "0.46200", "2017-12-31": "0.42800", "2017-09-30": "0.42900", "2017-06-30": "0.39500", "2017-03-31": "0.41700", "2016-12-31": "0.41500", "2016-09-30": "0.64000", "2016-06-30": "0.68000", "2016-03-31": "0.69400", "2015-12-31": "0.71800", "2015-09-30": "0.89000", "2015-06-30": "1.03100", "2015-03-31": "1.24000", "2014-12-31": "1.28900", "2014-09-30": "1.35900", "2014-06-30": "1.55100", "2014-03-31": "1.52300", "2013-12-31": "1.62800", "2013-09-30": "1.78800", "2013-06-30": "2.13300", "2013-03-31": "2.80100", "2012-12-31": "3.27200", "2012-09-30": "3.87800", "2012-06-30": "4.12900", "2012-03-31": "4.53500", "2011-12-31": "4.72200", "2011-09-30": "5.13000", "2011-06-30": "5.22200", "2011-03-31": "5.19500", "2010-12-31": "5.35500", "2010-09-30": "6.44800", "2010-06-30": "6.76700", "2010-03-31": "6.35000", "2009-12-31": "6.16500", "2009-09-30": "6.72200", "2009-06-30": "4.75400", "2009-03-31": "5.10600", "2008-12-31": "1.86900", "2008-09-30": "0.49500", "2008-06-30": "-1.20400", "2008-03-31": "4.37400", "2007-12-31": "-0.87800", "2007-09-30": "-4.54300", "2007-06-30": "-8.46600", "2007-03-31": "-4.46000", "2006-12-31": "-5.23000", "2006-09-30": "-7.57900", "2006-06-30": "-13.99300", "2006-03-31": "-9.38900", "2005-12-31": "-8.10500", "2005-09-30": "-2.33700", "2005-06-30": "-0.46900", "2005-03-31": "-4.46500"}, "Other Share Holders Equity": {"2020-09-30": "", "2020-06-30": "", "2020-03-31": "", "2019-12-31": "", "2019-09-30": "", "2019-06-30": "", "2019-03-31": "", "2018-12-31": "", "2018-09-30": "", "2018-06-30": "", "2018-03-31": "", "2017-12-31": "", "2017-09-30": "", "2017-06-30": "", "2017-03-31": "", "2016-12-31": "", "2016-09-30": "", "2016-06-30": "", "2016-03-31": "", "2015-12-31": "", "2015-09-30": "", "2015-06-30": "", "2015-03-31": "", "2014-12-31": "", "2014-09-30": "", "2014-06-30": "", "2014-03-31": "", "2013-12-31": "", "2013-09-30": "", "2013-06-30": "", "2013-03-31": "", "2012-12-31": "", "2012-09-30": "", "2012-06-30": "", "2012-03-31": "", "2011-12-31": "", "2011-09-30": "", "2011-06-30": "", "2011-03-31": "", "2010-12-31": "", "2010-09-30": "", "2010-06-30": "", "2010-03-31": "", "2009-12-31": "", "2009-09-30": "", "2009-06-30": "", "2009-03-31": "", "2008-12-31": "", "2008-09-30": "", "2008-06-30": "", "2008-03-31": "", "2007-12-31": "", "2007-09-30": "", "2007-06-30": "", "2007-03-31": "", "2006-12-31": "", "2006-09-30": "", "2006-06-30": "", "2006-03-31": "", "2005-12-31": "", "2005-09-30": "", "2005-06-30": "", "2005-03-31": ""}, "Share Holder Equity": {"2020-09-30": "2800.40400", "2020-06-30": "2734.75500", "2020-03-31": "2803.53300", "2019-12-31": "2801.32100", "2019-09-30": "2757.43300", "2019-06-30": "2668.45200", "2019-03-31": "2581.94200", "2018-12-31": "2500.39400", "2018-09-30": "2426.44200", "2018-06-30": "2343.53000", "2018-03-31": "2273.42900", "2017-12-31": "2202.72100", "2017-09-30": "2158.36300", "2017-06-30": "2100.55300", "2017-03-31": "2050.44200", "2016-12-31": "2009.55700", "2016-09-30": "1725.78200", "2016-06-30": "1684.73500", "2016-03-31": "1647.08800", "2015-12-31": "1623.53300", "2015-09-30": "1590.05100", "2015-06-30": "1554.52900", "2015-03-31": "1517.95800", "2014-12-31": "1484.19000", "2014-09-30": "1297.92200", "2014-06-30": "1262.81600", "2014-03-31": "1230.13100", "2013-12-31": "1096.35000", "2013-09-30": "1066.62900", "2013-06-30": "1034.95500", "2013-03-31": "1013.19500", "2012-12-31": "836.24200", "2012-09-30": "802.40600", "2012-06-30": "680.70500", "2012-03-31": "647.34100", "2011-12-31": "616.33100", "2011-09-30": "587.94400", "2011-06-30": "563.92400", "2011-03-31": "544.92500", "2010-12-31": "528.31900", "2010-09-30": "515.61800", "2010-06-30": "514.07800", "2010-03-31": "499.99600", "2009-12-31": "481.36000", "2009-09-30": "474.04400", "2009-06-30": "464.02600", "2009-03-31": "471.99000", "2008-12-31": "387.07300", "2008-09-30": "380.85800", "2008-06-30": "314.91700", "2008-03-31": "312.01600", "2007-12-31": "295.13800", "2007-09-30": "284.20900", "2007-06-30": "270.09700", "2007-03-31": "263.61600", "2006-12-31": "253.51500", "2006-09-30": "239.79200", "2006-06-30": "224.69300", "2006-03-31": "221.76600", "2005-12-31": "215.52300", "2005-09-30": "212.31800", "2005-06-30": "205.88000", "2005-03-31": "194.51100"}, "Total Liabilities And Share Holders Equity": {"2020-09-30": "38432.87000", "2020-06-30": "36613.13000", "2020-03-31": "35879.41000", "2019-12-31": "32548.07000", "2019-09-30": "33526.44000", "2019-06-30": "29970.38000", "2019-03-31": "28383.11000", "2018-12-31": "28257.77000", "2018-09-30": "27127.11000", "2018-06-30": "27781.91000", "2018-03-31": "24449.15000", "2017-12-31": "25075.64000", "2017-09-30": "24401.00000", "2017-06-30": "23119.71000", "2017-03-31": "20864.87000", "2016-12-31": "21697.13000", "2016-09-30": "22216.39000", "2016-06-30": "21080.99000", "2016-03-31": "20210.89000", "2015-12-31": "18903.82000", "2015-09-30": "18665.99000", "2015-06-30": "17817.34000", "2015-03-31": "17325.46000", "2014-12-31": "15905.71000", "2014-09-30": "14266.50000", "2014-06-30": "13532.83000", "2014-03-31": "12143.59000", "2013-12-31": "11720.06000", "2013-09-30": "10797.74000", "2013-06-30": "10978.29000", "2013-03-31": "10020.87000", "2012-12-31": "10540.84000", "2012-09-30": "9881.66600", "2012-06-30": "9144.74800", "2012-03-31": "8560.30700", "2011-12-31": "8137.61800", "2011-09-30": "7705.76700", "2011-06-30": "6709.73400", "2011-03-31": "6061.53400", "2010-12-31": "6446.16900", "2010-09-30": "6345.49600", "2010-06-30": "5962.05400", "2010-03-31": "5500.18200", "2009-12-31": "5698.90400", "2009-09-30": "5318.44000", "2009-06-30": "5304.37800", "2009-03-31": "5010.52200", "2008-12-31": "5141.68200", "2008-09-30": "4742.69100", "2008-06-30": "4663.23600", "2008-03-31": "4352.24400", "2007-12-31": "4287.44900", "2007-09-30": "4078.15300", "2007-06-30": "3944.78200", "2007-03-31": "3819.75700", "2006-12-31": "3675.34900", "2006-09-30": "3494.01300", "2006-06-30": "3412.48000", "2006-03-31": "3192.93200", "2005-12-31": "3042.22500", "2005-09-30": "2932.66200", "2005-06-30": "2818.03900", "2005-03-31": "2636.92000"}}, "cash flow statement": {"Net Income/Loss": {"2019-12-31": "322.86600", "2018-12-31": "300.82400", "2017-12-31": "197.06300", "2016-12-31": "155.11900", "2015-12-31": "144.85400", "2014-12-31": "136.35200", "2013-12-31": "121.05100", "2012-12-31": "120.67200", "2011-12-31": "76.10200", "2010-12-31": "37.32300", "2009-12-31": "24.38700", "2008-12-31": "24.88200", "2007-12-31": "31.35300", "2006-12-31": "28.98100", "2005-12-31": "27.19200"}, "Total Depreciation And Amortization - Cash Flow": {"2019-12-31": "37.26700", "2018-12-31": "32.02200", "2017-12-31": "27.87100", "2016-12-31": "21.81400", "2015-12-31": "16.49500", "2014-12-31": "14.79800", "2013-12-31": "11.50200", "2012-12-31": "9.47500", "2011-12-31": "9.18100", "2010-12-31": "6.96000", "2009-12-31": "8.04700", "2008-12-31": "7.94600", "2007-12-31": "7.59100", "2006-12-31": "6.73900", "2005-12-31": "4.18800"}, "Other Non-Cash Items": {"2019-12-31": "-10073.85000", "2018-12-31": "-6658.99400", "2017-12-31": "-5456.84600", "2016-12-31": "-3241.86300", "2015-12-31": "-68.51900", "2014-12-31": "26.79000", "2013-12-31": "24.30600", "2012-12-31": "9.53300", "2011-12-31": "21.12300", "2010-12-31": "51.58000", "2009-12-31": "40.05400", "2008-12-31": "22.61000", "2007-12-31": "32.67200", "2006-12-31": "16.65100", "2005-12-31": "2.93500"}, "Total Non-Cash Items": {"2019-12-31": "-10036.59000", "2018-12-31": "-6626.97200", "2017-12-31": "-5428.97500", "2016-12-31": "-3220.04900", "2015-12-31": "-52.02400", "2014-12-31": "41.58800", "2013-12-31": "35.80800", "2012-12-31": "19.00800", "2011-12-31": "30.30400", "2010-12-31": "58.54000", "2009-12-31": "48.10100", "2008-12-31": "30.55600", "2007-12-31": "40.26300", "2006-12-31": "23.39000", "2005-12-31": "7.12300"}, "Change In Accounts Receivable": {"2019-12-31": "9385.56800", "2018-12-31": "5651.45900", "2017-12-31": "5353.78400", "2016-12-31": "2341.21300", "2015-12-31": "-20.33300", "2014-12-31": "-58.57900", "2013-12-31": "31.01000", "2012-12-31": "-61.24300", "2011-12-31": "-63.24700", "2010-12-31": "-524.99170", "2009-12-31": "-211.53030", "2008-12-31": "-366.90880", "2007-12-31": "-0.05010", "2006-12-31": "-157.49100", "2005-12-31": "-7.12300"}, "Change In Inventories": {"2019-12-31": "", "2018-12-31": "", "2017-12-31": "", "2016-12-31": "", "2015-12-31": "", "2014-12-31": "", "2013-12-31": "", "2012-12-31": "", "2011-12-31": "", "2010-12-31": "", "2009-12-31": "", "2008-12-31": "", "2007-12-31": "", "2006-12-31": "", "2005-12-31": ""}, "Change In Accounts Payable": {"2019-12-31": "87.88400", "2018-12-31": "-5.02600", "2017-12-31": "10.28900", "2016-12-31": "-2.57600", "2015-12-31": "-3.55400", "2014-12-31": "38.36600", "2013-12-31": "3.50800", "2012-12-31": "10.83500", "2011-12-31": "32.69400", "2010-12-31": "25.20700", "2009-12-31": "-1.86700", "2008-12-31": "-4.21800", "2007-12-31": "-1.20500", "2006-12-31": "6.58300", "2005-12-31": "14.77800"}, "Change In Assets/Liabilities": {"2019-12-31": "", "2018-12-31": "", "2017-12-31": "", "2016-12-31": "", "2015-12-31": "", "2014-12-31": "", "2013-12-31": "", "2012-12-31": "", "2011-12-31": "", "2010-12-31": "", "2009-12-31": "", "2008-12-31": "", "2007-12-31": "", "2006-12-31": "", "2005-12-31": ""}, "Total Change In Assets/Liabilities": {"2019-12-31": "9473.45200", "2018-12-31": "5646.43300", "2017-12-31": "5364.07300", "2016-12-31": "2338.63700", "2015-12-31": "-23.88700", "2014-12-31": "-20.21300", "2013-12-31": "34.51800", "2012-12-31": "-50.40800", "2011-12-31": "-30.55300", "2010-12-31": "-499.78470", "2009-12-31": "-213.39730", "2008-12-31": "-371.12680", "2007-12-31": "-1.25510", "2006-12-31": "-150.90800", "2005-12-31": "7.65500"}, "Cash Flow From Operating Activities": {"2019-12-31": "-240.26800", "2018-12-31": "-679.71500", "2017-12-31": "132.16100", "2016-12-31": "-726.29300", "2015-12-31": "68.94300", "2014-12-31": "157.72700", "2013-12-31": "191.37700", "2012-12-31": "89.27200", "2011-12-31": "75.85300", "2010-12-31": "-403.92200", "2009-12-31": "-140.91000", "2008-12-31": "-315.68900", "2007-12-31": "70.36100", "2006-12-31": "-98.53700", "2005-12-31": "41.97000"}, "Net Change In Property, Plant, And Equipment": {"2019-12-31": "-16.65100", "2018-12-31": "-7.65100", "2017-12-31": "-12.26500", "2016-12-31": "-2.17600", "2015-12-31": "-5.03400", "2014-12-31": "-15.73200", "2013-12-31": "-4.02900", "2012-12-31": "-3.53800", "2011-12-31": "-3.28600", "2010-12-31": "-3.83200", "2009-12-31": "-4.55000", "2008-12-31": "-5.81700", "2007-12-31": "-1.79800", "2006-12-31": "-2.09600", "2005-12-31": "-3.48500"}, "Net Change In Intangible Assets": {"2019-12-31": "", "2018-12-31": "", "2017-12-31": "", "2016-12-31": "", "2015-12-31": "", "2014-12-31": "", "2013-12-31": "", "2012-12-31": "", "2011-12-31": "", "2010-12-31": "", "2009-12-31": "", "2008-12-31": "", "2007-12-31": "", "2006-12-31": "", "2005-12-31": ""}, "Net Acquisitions/Divestitures": {"2019-12-31": "", "2018-12-31": "", "2017-12-31": "", "2016-12-31": "", "2015-12-31": "", "2014-12-31": "", "2013-12-31": "-2.44500", "2012-12-31": "", "2011-12-31": "-11.48200", "2010-12-31": "-10.15200", "2009-12-31": "", "2008-12-31": "", "2007-12-31": "", "2006-12-31": "", "2005-12-31": "-11.30700"}, "Net Change In Short-term Investments": {"2019-12-31": "139.86800", "2018-12-31": "-1402.06800", "2017-12-31": "-2395.06300", "2016-12-31": "-1321.73300", "2015-12-31": "-1603.88000", "2014-12-31": "", "2013-12-31": "", "2012-12-31": "", "2011-12-31": "", "2010-12-31": "", "2009-12-31": "", "2008-12-31": "", "2007-12-31": "", "2006-12-31": "", "2005-12-31": ""}, "Net Change In Long-Term Investments": {"2019-12-31": "-107.04800", "2018-12-31": "-98.13200", "2017-12-31": "1.38200", "2016-12-31": "4.65100", "2015-12-31": "10.84900", "2014-12-31": "20.97200", "2013-12-31": "34.43000", "2012-12-31": "41.24700", "2011-12-31": "40.66100", "2010-12-31": "79.32000", "2009-12-31": "119.00400", "2008-12-31": "65.31400", "2007-12-31": "86.34700", "2006-12-31": "103.91000", "2005-12-31": "155.26400"}, "Net Change In Investments - Total": {"2019-12-31": "32.82000", "2018-12-31": "-1500.20000", "2017-12-31": "-2393.68100", "2016-12-31": "-1317.08200", "2015-12-31": "-1593.03100", "2014-12-31": "20.97200", "2013-12-31": "34.43000", "2012-12-31": "41.24700", "2011-12-31": "40.66100", "2010-12-31": "79.32000", "2009-12-31": "119.00400", "2008-12-31": "65.31400", "2007-12-31": "86.34700", "2006-12-31": "103.91000", "2005-12-31": "155.26400"}, "Investing Activities - Other": {"2019-12-31": "-2292.23800", "2018-12-31": "-484.89240", "2017-12-31": "-809.79550", "2016-12-31": "469.04590", "2015-12-31": "-862.72090", "2014-12-31": "-2988.91200", "2013-12-31": "-1303.83000", "2012-12-31": "-2300.89300", "2011-12-31": "-1753.30400", "2010-12-31": "-297.63800", "2009-12-31": "-454.11000", "2008-12-31": "-577.99900", "2007-12-31": "-733.75100", "2006-12-31": "-639.39500", "2005-12-31": "-526.44400"}, "Cash Flow From Investing Activities": {"2019-12-31": "-2276.07700", "2018-12-31": "-1992.74600", "2017-12-31": "-3215.74500", "2016-12-31": "-850.21000", "2015-12-31": "-2460.78600", "2014-12-31": "-2983.67000", "2013-12-31": "-1275.87500", "2012-12-31": "-2263.18500", "2011-12-31": "-1727.40600", "2010-12-31": "-232.30200", "2009-12-31": "-339.65600", "2008-12-31": "-518.50200", "2007-12-31": "-649.20200", "2006-12-31": "-537.58100", "2005-12-31": "-385.97200"}, "Net Long-Term Debt": {"2019-12-31": "", "2018-12-31": "", "2017-12-31": "", "2016-12-31": "500.00000", "2015-12-31": "399.99500", "2014-12-31": "417.35400", "2013-12-31": "-797.00200", "2012-12-31": "429.11500", "2011-12-31": "1341.76100", "2010-12-31": "-362.40400", "2009-12-31": "-553.94200", "2008-12-31": "491.41400", "2007-12-31": "393.43400", "2006-12-31": "-50.62000", "2005-12-31": "-294.28900"}, "Net Current Debt": {"2019-12-31": "-499.40800", "2018-12-31": "276.13400", "2017-12-31": "255.46500", "2016-12-31": "-33.47600", "2015-12-31": "50.37500", "2014-12-31": "-77.92800", "2013-12-31": "-124.52900", "2012-12-31": "-139.07000", "2011-12-31": "128.46800", "2010-12-31": "-296.73800", "2009-12-31": "230.36400", "2008-12-31": "5.34200", "2007-12-31": "178.85800", "2006-12-31": "62.45800", "2005-12-31": "-9.98100"}, "Debt Issuance/Retirement Net - Total": {"2019-12-31": "-499.40800", "2018-12-31": "276.13400", "2017-12-31": "255.46500", "2016-12-31": "466.52400", "2015-12-31": "450.37000", "2014-12-31": "339.42600", "2013-12-31": "-921.53100", "2012-12-31": "290.04500", "2011-12-31": "1470.22900", "2010-12-31": "-659.14200", "2009-12-31": "-323.57800", "2008-12-31": "496.75600", "2007-12-31": "572.29200", "2006-12-31": "11.83800", "2005-12-31": "-304.27000"}, "Net Common Equity Issued/Repurchased": {"2019-12-31": "", "2018-12-31": "", "2017-12-31": "", "2016-12-31": "233.98600", "2015-12-31": "-1.23900", "2014-12-31": "254.02000", "2013-12-31": "-2.21000", "2012-12-31": "87.34200", "2011-12-31": "2.19000", "2010-12-31": "13.34300", "2009-12-31": "61.02400", "2008-12-31": "58.66200", "2007-12-31": "1.92400", "2006-12-31": "1.91500", "2005-12-31": "2.33000"}, "Net Total Equity Issued/Repurchased": {"2019-12-31": "", "2018-12-31": "", "2017-12-31": "", "2016-12-31": "233.98600", "2015-12-31": "-1.23900", "2014-12-31": "254.02000", "2013-12-31": "142.77700", "2012-12-31": "87.34200", "2011-12-31": "2.19000", "2010-12-31": "13.34300", "2009-12-31": "61.02400", "2008-12-31": "58.66200", "2007-12-31": "1.92400", "2006-12-31": "1.91500", "2005-12-31": "2.33000"}, "Total Common And Preferred Stock Dividends Paid": {"2019-12-31": "-9.75000", "2018-12-31": "-9.75000", "2017-12-31": "-9.75000", "2016-12-31": "-9.75000", "2015-12-31": "-9.75000", "2014-12-31": "-9.75000", "2013-12-31": "-6.96000", "2012-12-31": "", "2011-12-31": "", "2010-12-31": "", "2009-12-31": "-1.21900", "2008-12-31": "", "2007-12-31": "", "2006-12-31": "", "2005-12-31": ""}, "Financial Activities - Other": {"2019-12-31": "4371.02100", "2018-12-31": "2580.55100", "2017-12-31": "2904.10800", "2016-12-31": "1934.22500", "2015-12-31": "2412.81800", "2014-12-31": "3418.85000", "2013-12-31": "1817.77500", "2012-12-31": "1892.31600", "2011-12-31": "109.82600", "2010-12-31": "1336.45000", "2009-12-31": "787.75100", "2008-12-31": "271.33700", "2007-12-31": "0.37200", "2006-12-31": "578.24100", "2005-12-31": "705.29200"}, "Cash Flow From Financial Activities": {"2019-12-31": "3861.86300", "2018-12-31": "2846.93500", "2017-12-31": "3149.82300", "2016-12-31": "2624.98500", "2015-12-31": "2852.19900", "2014-12-31": "4002.54600", "2013-12-31": "1032.06100", "2012-12-31": "2269.70300", "2011-12-31": "1582.24500", "2010-12-31": "690.65100", "2009-12-31": "523.97800", "2008-12-31": "826.75500", "2007-12-31": "574.58800", "2006-12-31": "591.99400", "2005-12-31": "403.35200"}, "Net Cash Flow": {"2019-12-31": "1345.51800", "2018-12-31": "174.47400", "2017-12-31": "66.23900", "2016-12-31": "1048.48200", "2015-12-31": "460.35600", "2014-12-31": "1176.60300", "2013-12-31": "-52.43700", "2012-12-31": "95.79000", "2011-12-31": "-69.30800", "2010-12-31": "54.42700", "2009-12-31": "43.41200", "2008-12-31": "-7.43600", "2007-12-31": "-4.25300", "2006-12-31": "-44.12400", "2005-12-31": "59.35000"}, "Stock-Based Compensation": {"2019-12-31": "17.60400", "2018-12-31": "16.93800", "2017-12-31": "22.01900", "2016-12-31": "13.57800", "2015-12-31": "12.30400", "2014-12-31": "14.57700", "2013-12-31": "20.95300", "2012-12-31": "12.01800", "2011-12-31": "7.34000", "2010-12-31": "6.77000", "2009-12-31": "5.95900", "2008-12-31": "4.67600", "2007-12-31": "4.76100", "2006-12-31": "2.84700", "2005-12-31": ""}, "Common Stock Dividends Paid": {"2019-12-31": "", "2018-12-31": "", "2017-12-31": "", "2016-12-31": "", "2015-12-31": "", "2014-12-31": "", "2013-12-31": "", "2012-12-31": "", "2011-12-31": "", "2010-12-31": "", "2009-12-31": "", "2008-12-31": "", "2007-12-31": "", "2006-12-31": "", "2005-12-31": ""}}, "cash flow statement, quarterly": {"Net Income/Loss": {"2020-09-30": 57.116, "2020-06-30": -34.316, "2020-03-31": "-16.68700", "2019-12-31": 75.271, "2019-09-30": 88.082, "2019-06-30": 76.674, "2019-03-31": "82.83900", "2018-12-31": 71.891, "2018-09-30": 85.552, "2018-06-30": 71.436, "2018-03-31": "71.94500", "2017-12-31": 44.742, "2017-09-30": 58.684, "2017-06-30": 51.095, "2017-03-31": "42.54200", "2016-12-31": 48.386, "2016-09-30": 42.725, "2016-06-30": 38.88, "2016-03-31": "25.12800", "2015-12-31": 34.753, "2015-09-30": 37.114, "2015-06-30": 37.937, "2015-03-31": "35.05000", "2014-12-31": 37.834, "2014-09-30": 36.832, "2014-06-30": 33.421, "2014-03-31": "28.26500", "2013-12-31": 30.361, "2013-09-30": 33.474, "2013-06-30": 24.072, "2013-03-31": "33.14400", "2012-12-31": 31.398, "2012-09-30": 32.57, "2012-06-30": 29.623, "2012-03-31": "27.08100", "2011-12-31": 25.745, "2011-09-30": 21.71, "2011-06-30": 16.708, "2011-03-31": "11.93900", "2010-12-31": 12.076, "2010-09-30": 9.531, "2010-06-30": 8.116, "2010-03-31": "7.60000", "2009-12-31": 6.427, "2009-09-30": 5.353, "2009-06-30": 6.482, "2009-03-31": "6.12500", "2008-12-31": 3.487, "2008-09-30": 7.829, "2008-06-30": 5.536, "2008-03-31": "8.03000", "2007-12-31": 6.538, "2007-09-30": 8.988, "2007-06-30": 8.205, "2007-03-31": "7.62200", "2006-12-31": 8.127, "2006-09-30": 7.87, "2006-06-30": 6.341, "2006-03-31": "6.64300", "2005-12-31": 7.745, "2005-09-30": 7.584, "2005-06-30": 6.587, "2005-03-31": "5.27600"}, "Total Depreciation And Amortization - Cash Flow": {"2020-09-30": 20.396, "2020-06-30": 18.198, "2020-03-31": "13.12200", "2019-12-31": 11.182, "2019-09-30": 10.147, "2019-06-30": 8.146, "2019-03-31": "7.79200", "2018-12-31": 7.246, "2018-09-30": 8.562, "2018-06-30": 7.974, "2018-03-31": "8.24000", "2017-12-31": 8.247, "2017-09-30": 7.278, "2017-06-30": 6.13, "2017-03-31": "6.21600", "2016-12-31": 5.635, "2016-09-30": 5.733, "2016-06-30": 5.354, "2016-03-31": "5.09200", "2015-12-31": 4.265, "2015-09-30": 3.941, "2015-06-30": 4.229, "2015-03-31": "4.06000", "2014-12-31": 4.215, "2014-09-30": 3.89, "2014-06-30": 3.68, "2014-03-31": "3.01300", "2013-12-31": 3.259, "2013-09-30": 5.735, "2013-06-30": 1.276, "2013-03-31": "1.23200", "2012-12-31": 5.875, "2012-09-30": 1.198, "2012-06-30": 1.202, "2012-03-31": "1.20000", "2011-12-31": 5.004, "2011-09-30": 1.309, "2011-06-30": 1.374, "2011-03-31": "1.49400", "2010-12-31": 1.578, "2010-09-30": 1.511, "2010-06-30": 1.927, "2010-03-31": "1.94400", "2009-12-31": 1.919, "2009-09-30": 1.913, "2009-06-30": 1.157, "2009-03-31": "3.05800", "2008-12-31": 1.962, "2008-09-30": 2.034, "2008-06-30": 1.999, "2008-03-31": "1.95100", "2007-12-31": 1.908, "2007-09-30": 1.967, "2007-06-30": 1.866, "2007-03-31": "1.85000", "2006-12-31": 1.856, "2006-09-30": 1.801, "2006-06-30": 1.773, "2006-03-31": "1.30900", "2005-12-31": 1.203, "2005-09-30": 0.92, "2005-06-30": 0.992, "2005-03-31": "1.07300"}, "Other Non-Cash Items": {"2020-09-30": -8979.615, "2020-06-30": 114.463, "2020-03-31": "109.38400", "2019-12-31": -2876.862, "2019-09-30": -7258.705, "2019-06-30": 34.298, "2019-03-31": "27.41900", "2018-12-31": -6731.651, "2018-09-30": 0.844, "2018-06-30": 1531.605, "2018-03-31": "-1459.79200", "2017-12-31": -1203.746, "2017-09-30": -1444.795, "2017-06-30": -2821.398, "2017-03-31": "13.09300", "2016-12-31": -1385.83, "2016-09-30": -1028.043, "2016-06-30": -492.885, "2016-03-31": "-335.10500", "2015-12-31": -110.171, "2015-09-30": 11.226, "2015-06-30": 17.858, "2015-03-31": "12.56800", "2014-12-31": 4.502, "2014-09-30": 9.273, "2014-06-30": 4.688, "2014-03-31": "8.32700", "2013-12-31": -2.06, "2013-09-30": 6.289, "2013-06-30": 14.154, "2013-03-31": "5.92300", "2012-12-31": 5.325, "2012-09-30": 0.251, "2012-06-30": 2.376, "2012-03-31": "1.58100", "2011-12-31": -1.335, "2011-09-30": 7.057, "2011-06-30": 8.564, "2011-03-31": "6.83700", "2010-12-31": 5.499, "2010-09-30": 16.47, "2010-06-30": 15.233, "2010-03-31": "14.37800", "2009-12-31": 3.034, "2009-09-30": 15.17, "2009-06-30": 12.517, "2009-03-31": "9.33300", "2008-12-31": 6.976, "2008-09-30": 4.076, "2008-06-30": 6.906, "2008-03-31": "4.65200", "2007-12-31": 6.267, "2007-09-30": 2.947, "2007-06-30": 12.868, "2007-03-31": "10.59000", "2006-12-31": 6.658, "2006-09-30": 4.664, "2006-06-30": 8.3, "2006-03-31": "-2.97100", "2005-12-31": 9.301, "2005-09-30": -6.413, "2005-06-30": -0.51, "2005-03-31": "0.55700"}, "Total Non-Cash Items": {"2020-09-30": -8959.219, "2020-06-30": 132.661, "2020-03-31": "122.50600", "2019-12-31": -2865.687, "2019-09-30": -7248.558, "2019-06-30": 42.444, "2019-03-31": "35.21100", "2018-12-31": -6724.405, "2018-09-30": 9.406, "2018-06-30": 1539.579, "2018-03-31": "-1451.55200", "2017-12-31": -1195.499, "2017-09-30": -1437.517, "2017-06-30": -2815.268, "2017-03-31": "19.30900", "2016-12-31": -1380.195, "2016-09-30": -1022.31, "2016-06-30": -487.531, "2016-03-31": "-330.01300", "2015-12-31": -105.906, "2015-09-30": 15.167, "2015-06-30": 22.087, "2015-03-31": "16.62800", "2014-12-31": 8.717, "2014-09-30": 13.163, "2014-06-30": 8.368, "2014-03-31": "11.34000", "2013-12-31": 1.199, "2013-09-30": 12.024, "2013-06-30": 15.43, "2013-03-31": "7.15500", "2012-12-31": 11.2, "2012-09-30": 1.449, "2012-06-30": 3.578, "2012-03-31": "2.78100", "2011-12-31": 3.669, "2011-09-30": 8.366, "2011-06-30": 9.938, "2011-03-31": "8.33100", "2010-12-31": 7.077, "2010-09-30": 17.981, "2010-06-30": 17.16, "2010-03-31": "16.32200", "2009-12-31": 4.953, "2009-09-30": 17.083, "2009-06-30": 13.674, "2009-03-31": "12.39100", "2008-12-31": 8.938, "2008-09-30": 6.11, "2008-06-30": 8.905, "2008-03-31": "6.60300", "2007-12-31": 8.175, "2007-09-30": 4.914, "2007-06-30": 14.734, "2007-03-31": "12.44000", "2006-12-31": 8.514, "2006-09-30": 6.465, "2006-06-30": 10.073, "2006-03-31": "-1.66200", "2005-12-31": 10.504, "2005-09-30": -5.493, "2005-06-30": 0.482, "2005-03-31": "1.63000"}, "Change In Accounts Receivable": {"2020-09-30": 8851.749, "2020-06-30": 350.349, "2020-03-31": "1640.45200", "2019-12-31": 3007.492, "2019-09-30": 5689.2698, "2019-06-30": 693.7152, "2019-03-31": "-4.90900", "2018-12-31": 6422.8931, "2018-09-30": -385.4162, "2018-06-30": -1784.7059, "2018-03-31": "1398.68800", "2017-12-31": 1139.546, "2017-09-30": 1321.261, "2017-06-30": 2792.149, "2017-03-31": "100.82800", "2016-12-31": 1069.465, "2016-09-30": 608.589, "2016-06-30": 359.143, "2016-03-31": "304.01600", "2015-12-31": 54.162, "2015-09-30": -24.01, "2015-06-30": -24.595, "2015-03-31": "-25.89000", "2014-12-31": -44.817, "2014-09-30": 38.092, "2014-06-30": -55.535, "2014-03-31": "3.68100", "2013-12-31": -7.249, "2013-09-30": 4.367, "2013-06-30": 6.167, "2013-03-31": "27.72500", "2012-12-31": 718.9207, "2012-09-30": -434.3116, "2012-06-30": -168.1004, "2012-03-31": "-177.75170", "2011-12-31": 711.1039, "2011-09-30": -843.7933, "2011-06-30": -333.5016, "2011-03-31": "402.94400", "2010-12-31": 193.7427, "2010-09-30": -407.3226, "2010-06-30": -425.4877, "2010-03-31": "114.07590", "2009-12-31": -148.5503, "2009-09-30": -0.004, "2009-06-30": -147.943, "2009-03-31": "84.96700", "2008-12-31": -181.1908, "2008-09-30": -19.291, "2008-06-30": -104.28, "2008-03-31": "-62.14700", "2007-12-31": -70.0951, "2007-09-30": 52.001, "2007-06-30": 17.439, "2007-03-31": "0.60500", "2006-12-31": -74.063, "2006-09-30": -20.074, "2006-06-30": -40.52, "2006-03-31": "-22.83400", "2005-12-31": -8.377, "2005-09-30": 5.2, "2005-06-30": -48.699, "2005-03-31": "44.75300"}, "Change In Inventories": {"2020-09-30": 0, "2020-06-30": 0, "2020-03-31": "", "2019-12-31": 0, "2019-09-30": 0, "2019-06-30": 0, "2019-03-31": "", "2018-12-31": 0, "2018-09-30": 0, "2018-06-30": 0, "2018-03-31": "", "2017-12-31": 0, "2017-09-30": 0, "2017-06-30": 0, "2017-03-31": "", "2016-12-31": 0, "2016-09-30": 0, "2016-06-30": 0, "2016-03-31": "", "2015-12-31": 0, "2015-09-30": 0, "2015-06-30": 0, "2015-03-31": "", "2014-12-31": 0, "2014-09-30": 0, "2014-06-30": 0, "2014-03-31": "", "2013-12-31": 0, "2013-09-30": 0, "2013-06-30": 0, "2013-03-31": "", "2012-12-31": 0, "2012-09-30": 0, "2012-06-30": 0, "2012-03-31": "", "2011-12-31": 0, "2011-09-30": 0, "2011-06-30": 0, "2011-03-31": "", "2010-12-31": 0, "2010-09-30": 0, "2010-06-30": 0, "2010-03-31": "", "2009-12-31": 0, "2009-09-30": 0, "2009-06-30": 0, "2009-03-31": "", "2008-12-31": 0, "2008-09-30": 0, "2008-06-30": 0, "2008-03-31": "", "2007-12-31": 0, "2007-09-30": 0, "2007-06-30": 0, "2007-03-31": "", "2006-12-31": 0, "2006-09-30": 0, "2006-06-30": 0, "2006-03-31": "", "2005-12-31": 0, "2005-09-30": 0, "2005-06-30": 0, "2005-03-31": ""}, "Change In Accounts Payable": {"2020-09-30": -32.573, "2020-06-30": 18.322, "2020-03-31": "39.47300", "2019-12-31": -27.752, "2019-09-30": 15.703, "2019-06-30": 48.91, "2019-03-31": "51.02300", "2018-12-31": -38.946, "2018-09-30": 48.209, "2018-06-30": -0.532, "2018-03-31": "-13.75700", "2017-12-31": 1.855, "2017-09-30": 8.922, "2017-06-30": 0.439, "2017-03-31": "-0.92700", "2016-12-31": -36.748, "2016-09-30": 11.078, "2016-06-30": 16.921, "2016-03-31": "6.17300", "2015-12-31": -5.893, "2015-09-30": -9.751, "2015-06-30": 2.164, "2015-03-31": "9.92600", "2014-12-31": 39.532, "2014-09-30": 0.158, "2014-06-30": 3.439, "2014-03-31": "-4.76300", "2013-12-31": 6.605, "2013-09-30": -5.334, "2013-06-30": -3.963, "2013-03-31": "6.20000", "2012-12-31": 8.021, "2012-09-30": 4.696, "2012-06-30": 3.252, "2012-03-31": "-5.13400", "2011-12-31": 17.668, "2011-09-30": 17.333, "2011-06-30": 1.545, "2011-03-31": "-3.85200", "2010-12-31": 12.933, "2010-09-30": 5.899, "2010-06-30": 7.959, "2010-03-31": "-1.58400", "2009-12-31": 2.454, "2009-09-30": -0.621, "2009-06-30": -2.922, "2009-03-31": "-0.77800", "2008-12-31": 0.759, "2008-09-30": 2.814, "2008-06-30": 3.687, "2008-03-31": "-11.47800", "2007-12-31": 0.382, "2007-09-30": -2.842, "2007-06-30": 4.329, "2007-03-31": "-3.07400", "2006-12-31": 3.816, "2006-09-30": 1.066, "2006-06-30": 1.999, "2006-03-31": "-0.29800", "2005-12-31": 1.634, "2005-09-30": 11.605, "2005-06-30": 0.114, "2005-03-31": "1.42500"}, "Change In Assets/Liabilities": {"2020-09-30": 0, "2020-06-30": 0, "2020-03-31": "", "2019-12-31": 0, "2019-09-30": 0, "2019-06-30": 0, "2019-03-31": "", "2018-12-31": 0, "2018-09-30": 0, "2018-06-30": 0, "2018-03-31": "", "2017-12-31": 0, "2017-09-30": 0, "2017-06-30": 0, "2017-03-31": "", "2016-12-31": 0, "2016-09-30": 0, "2016-06-30": 0, "2016-03-31": "", "2015-12-31": 0, "2015-09-30": 0, "2015-06-30": 0, "2015-03-31": "", "2014-12-31": 0, "2014-09-30": 0, "2014-06-30": 0, "2014-03-31": "", "2013-12-31": 0, "2013-09-30": 0, "2013-06-30": 0, "2013-03-31": "", "2012-12-31": 0, "2012-09-30": 0, "2012-06-30": 0, "2012-03-31": "", "2011-12-31": 0, "2011-09-30": 0, "2011-06-30": 0, "2011-03-31": "", "2010-12-31": 0, "2010-09-30": 0, "2010-06-30": 0, "2010-03-31": "", "2009-12-31": 0, "2009-09-30": 0, "2009-06-30": 0, "2009-03-31": "", "2008-12-31": 0, "2008-09-30": 0, "2008-06-30": 0, "2008-03-31": "", "2007-12-31": 0, "2007-09-30": 0, "2007-06-30": 0, "2007-03-31": "", "2006-12-31": 0, "2006-09-30": 0, "2006-06-30": 0, "2006-03-31": "", "2005-12-31": 0, "2005-09-30": 0, "2005-06-30": 0, "2005-03-31": ""}, "Total Change In Assets/Liabilities": {"2020-09-30": 8819.174, "2020-06-30": 368.671, "2020-03-31": "1679.92500", "2019-12-31": 2979.74, "2019-09-30": 5704.9728, "2019-06-30": 742.6252, "2019-03-31": "46.11400", "2018-12-31": 6383.9472, "2018-09-30": -337.2073, "2018-06-30": -1785.2379, "2018-03-31": "1384.93100", "2017-12-31": 1141.401, "2017-09-30": 1330.183, "2017-06-30": 2792.588, "2017-03-31": "99.90100", "2016-12-31": 1032.717, "2016-09-30": 619.667, "2016-06-30": 376.064, "2016-03-31": "310.18900", "2015-12-31": 48.269, "2015-09-30": -33.761, "2015-06-30": -22.431, "2015-03-31": "-15.96400", "2014-12-31": -5.285, "2014-09-30": 38.25, "2014-06-30": -52.096, "2014-03-31": "-1.08200", "2013-12-31": -0.644, "2013-09-30": -0.967, "2013-06-30": 2.204, "2013-03-31": "33.92500", "2012-12-31": 726.9417, "2012-09-30": -429.6156, "2012-06-30": -164.8484, "2012-03-31": "-182.88570", "2011-12-31": 728.7719, "2011-09-30": -826.4603, "2011-06-30": -331.9566, "2011-03-31": "399.09200", "2010-12-31": 206.6757, "2010-09-30": -401.4236, "2010-06-30": -417.5287, "2010-03-31": "112.49190", "2009-12-31": -146.0963, "2009-09-30": -0.625, "2009-06-30": -150.865, "2009-03-31": "84.18900", "2008-12-31": -180.4318, "2008-09-30": -16.477, "2008-06-30": -100.593, "2008-03-31": "-73.62500", "2007-12-31": -69.7131, "2007-09-30": 49.159, "2007-06-30": 21.768, "2007-03-31": "-2.46900", "2006-12-31": -70.247, "2006-09-30": -19.008, "2006-06-30": -38.521, "2006-03-31": "-23.13200", "2005-12-31": -6.743, "2005-09-30": 16.805, "2005-06-30": -48.585, "2005-03-31": "46.17800"}, "Cash Flow From Operating Activities": {"2020-09-30": -82.93, "2020-06-30": 467.016, "2020-03-31": "1785.74400", "2019-12-31": 189.328, "2019-09-30": -1455.503, "2019-06-30": 861.743, "2019-03-31": "164.16400", "2018-12-31": -268.567, "2018-09-30": -242.249, "2018-06-30": -174.223, "2018-03-31": "5.32400", "2017-12-31": -9.356, "2017-09-30": -48.65, "2017-06-30": 28.415, "2017-03-31": "161.75200", "2016-12-31": -299.092, "2016-09-30": -359.918, "2016-06-30": -72.587, "2016-03-31": "5.30400", "2015-12-31": -22.884, "2015-09-30": 18.52, "2015-06-30": 37.593, "2015-03-31": "35.71400", "2014-12-31": 41.266, "2014-09-30": 88.245, "2014-06-30": -10.307, "2014-03-31": "38.52300", "2013-12-31": 30.916, "2013-09-30": 44.531, "2013-06-30": 41.706, "2013-03-31": "74.22400", "2012-12-31": 769.54, "2012-09-30": -395.597, "2012-06-30": -131.647, "2012-03-31": "-153.02400", "2011-12-31": 758.186, "2011-09-30": -796.384, "2011-06-30": -305.311, "2011-03-31": "419.36200", "2010-12-31": 225.828, "2010-09-30": -373.911, "2010-06-30": -392.253, "2010-03-31": "136.41400", "2009-12-31": -134.717, "2009-09-30": 21.811, "2009-06-30": -130.709, "2009-03-31": "102.70500", "2008-12-31": -168.007, "2008-09-30": -2.538, "2008-06-30": -86.152, "2008-03-31": "-58.99200", "2007-12-31": -55, "2007-09-30": 63.061, "2007-06-30": 44.707, "2007-03-31": "17.59300", "2006-12-31": -53.606, "2006-09-30": -4.673, "2006-06-30": -22.107, "2006-03-31": "-18.15100", "2005-12-31": 11.506, "2005-09-30": 18.896, "2005-06-30": -41.516, "2005-03-31": "53.08400"}, "Net Change In Property, Plant, And Equipment": {"2020-09-30": -0.361, "2020-06-30": -1.337, "2020-03-31": "-1.00700", "2019-12-31": -1.604, "2019-09-30": -6.289, "2019-06-30": -6.116, "2019-03-31": "-2.64200", "2018-12-31": -1.996, "2018-09-30": -0.443, "2018-06-30": -0.771, "2018-03-31": "-4.44100", "2017-12-31": -3.209, "2017-09-30": -4.862, "2017-06-30": -1.597, "2017-03-31": "-2.59700", "2016-12-31": -0.65, "2016-09-30": -0.36, "2016-06-30": -0.307, "2016-03-31": "-0.85900", "2015-12-31": -1.305, "2015-09-30": -1.094, "2015-06-30": -2.886, "2015-03-31": "0.25100", "2014-12-31": -6.622, "2014-09-30": -2.917, "2014-06-30": -5.032, "2014-03-31": "-1.16100", "2013-12-31": -0.201, "2013-09-30": -1.536, "2013-06-30": -1.583, "2013-03-31": "-0.70900", "2012-12-31": -1.033, "2012-09-30": -0.128, "2012-06-30": -1.492, "2012-03-31": "-0.88500", "2011-12-31": -0.747, "2011-09-30": -0.343, "2011-06-30": -1.28, "2011-03-31": "-0.91600", "2010-12-31": -0.025, "2010-09-30": -2.3, "2010-06-30": -1.085, "2010-03-31": "-0.42200", "2009-12-31": -0.491, "2009-09-30": -0.67, "2009-06-30": -2.57, "2009-03-31": "-0.81900", "2008-12-31": -4.108, "2008-09-30": -1.02, "2008-06-30": -0.442, "2008-03-31": "-0.24700", "2007-12-31": 13.026, "2007-09-30": -10.542, "2007-06-30": -1.447, "2007-03-31": "-2.83500", "2006-12-31": 13.355, "2006-09-30": -7.084, "2006-06-30": -7.717, "2006-03-31": "-0.65000", "2005-12-31": -2.011, "2005-09-30": -0.776, "2005-06-30": -0.278, "2005-03-31": "-0.42000"}, "Net Change In Intangible Assets": {"2020-09-30": 0, "2020-06-30": 0, "2020-03-31": "", "2019-12-31": 0, "2019-09-30": 0, "2019-06-30": 0, "2019-03-31": "", "2018-12-31": 0, "2018-09-30": 0, "2018-06-30": 0, "2018-03-31": "", "2017-12-31": 0, "2017-09-30": 0, "2017-06-30": 0, "2017-03-31": "", "2016-12-31": 0, "2016-09-30": 0, "2016-06-30": 0, "2016-03-31": "", "2015-12-31": 0, "2015-09-30": 0, "2015-06-30": 0, "2015-03-31": "", "2014-12-31": 0, "2014-09-30": 0, "2014-06-30": 0, "2014-03-31": "", "2013-12-31": 0, "2013-09-30": 0, "2013-06-30": 0, "2013-03-31": "", "2012-12-31": 0, "2012-09-30": 0, "2012-06-30": 0, "2012-03-31": "", "2011-12-31": 0, "2011-09-30": 0, "2011-06-30": 0, "2011-03-31": "", "2010-12-31": 0, "2010-09-30": 0, "2010-06-30": 0, "2010-03-31": "", "2009-12-31": 0, "2009-09-30": 0, "2009-06-30": 0, "2009-03-31": "", "2008-12-31": 0, "2008-09-30": 0, "2008-06-30": 0, "2008-03-31": "", "2007-12-31": 0, "2007-09-30": 0, "2007-06-30": 0, "2007-03-31": "", "2006-12-31": 0, "2006-09-30": 0, "2006-06-30": 0, "2006-03-31": "", "2005-12-31": 0, "2005-09-30": 0, "2005-06-30": 0, "2005-03-31": ""}, "Net Acquisitions/Divestitures": {"2020-09-30": 0, "2020-06-30": 0, "2020-03-31": "", "2019-12-31": 0, "2019-09-30": 0, "2019-06-30": 0, "2019-03-31": "", "2018-12-31": 0, "2018-09-30": 0, "2018-06-30": 0, "2018-03-31": "", "2017-12-31": 0, "2017-09-30": 0, "2017-06-30": 0, "2017-03-31": "", "2016-12-31": 0, "2016-09-30": 0, "2016-06-30": 0, "2016-03-31": "", "2015-12-31": 0, "2015-09-30": 0, "2015-06-30": 0, "2015-03-31": "", "2014-12-31": 0, "2014-09-30": 0, "2014-06-30": 0, "2014-03-31": "", "2013-12-31": 0, "2013-09-30": 0, "2013-06-30": -2.445, "2013-03-31": "", "2012-12-31": 0, "2012-09-30": 0, "2012-06-30": 0, "2012-03-31": "", "2011-12-31": 0, "2011-09-30": 0, "2011-06-30": -11.482, "2011-03-31": "", "2010-12-31": -0.683, "2010-09-30": -9.469, "2010-06-30": 0, "2010-03-31": "", "2009-12-31": 0, "2009-09-30": 0, "2009-06-30": 0, "2009-03-31": "", "2008-12-31": 0, "2008-09-30": 0, "2008-06-30": 0, "2008-03-31": "", "2007-12-31": 0, "2007-09-30": 0, "2007-06-30": 0, "2007-03-31": "", "2006-12-31": 0, "2006-09-30": 0, "2006-06-30": 0, "2006-03-31": "", "2005-12-31": -4.552, "2005-09-30": -1.612, "2005-06-30": -5.143, "2005-03-31": ""}, "Net Change In Short-term Investments": {"2020-09-30": 207.635, "2020-06-30": 231.234, "2020-03-31": "-438.86900", "2019-12-31": 139.868, "2019-09-30": 258.579, "2019-06-30": 117.049, "2019-03-31": "-375.62800", "2018-12-31": -153.645, "2018-09-30": -34.782, "2018-06-30": -832.916, "2018-03-31": "-380.72500", "2017-12-31": -538.81, "2017-09-30": -558.793, "2017-06-30": -993.865, "2017-03-31": "-303.59500", "2016-12-31": -378.199, "2016-09-30": -148.785, "2016-06-30": -473.178, "2016-03-31": "-321.57100", "2015-12-31": -186.275, "2015-09-30": -441.483, "2015-06-30": -976.122, "2015-03-31": "", "2014-12-31": 0, "2014-09-30": 0, "2014-06-30": 0, "2014-03-31": "", "2013-12-31": 0, "2013-09-30": 0, "2013-06-30": 0, "2013-03-31": "", "2012-12-31": 0, "2012-09-30": 0, "2012-06-30": 0, "2012-03-31": "", "2011-12-31": 0, "2011-09-30": 0, "2011-06-30": 0, "2011-03-31": "", "2010-12-31": 0, "2010-09-30": 0, "2010-06-30": 0, "2010-03-31": "", "2009-12-31": 0, "2009-09-30": 0, "2009-06-30": 0, "2009-03-31": "", "2008-12-31": 0, "2008-09-30": 0, "2008-06-30": 0, "2008-03-31": "", "2007-12-31": 0, "2007-09-30": 0, "2007-06-30": 0, "2007-03-31": "", "2006-12-31": 0, "2006-09-30": 0, "2006-06-30": 0, "2006-03-31": "", "2005-12-31": 0, "2005-09-30": 0, "2005-06-30": 0, "2005-03-31": ""}, "Net Change In Long-Term Investments": {"2020-09-30": -1123.248, "2020-06-30": -8.482, "2020-03-31": "2.83700", "2019-12-31": -1.451, "2019-09-30": 3.638, "2019-06-30": 0.386, "2019-03-31": "-109.62100", "2018-12-31": -1.835, "2018-09-30": -94.967, "2018-06-30": 0.362, "2018-03-31": "-1.69200", "2017-12-31": 0.71, "2017-09-30": 94.871, "2017-06-30": -76.873, "2017-03-31": "-17.32600", "2016-12-31": 1.136, "2016-09-30": 0.953, "2016-06-30": 1.069, "2016-03-31": "1.49300", "2015-12-31": 1.742, "2015-09-30": 3.146, "2015-06-30": 1.967, "2015-03-31": "3.99400", "2014-12-31": 2.11, "2014-09-30": 5.096, "2014-06-30": 3.675, "2014-03-31": "10.09100", "2013-12-31": 4.352, "2013-09-30": 7.51, "2013-06-30": 11.065, "2013-03-31": "11.50300", "2012-12-31": 6.154, "2012-09-30": 7.282, "2012-06-30": 8.23, "2012-03-31": "19.58100", "2011-12-31": -1.458, "2011-09-30": 14.768, "2011-06-30": 14.189, "2011-03-31": "13.16200", "2010-12-31": 15.043, "2010-09-30": 24.326, "2010-06-30": 19.786, "2010-03-31": "20.16500", "2009-12-31": 18.838, "2009-09-30": 25.291, "2009-06-30": 53.107, "2009-03-31": "21.76800", "2008-12-31": -11.55, "2008-09-30": 27.631, "2008-06-30": 26.62, "2008-03-31": "22.61300", "2007-12-31": 29.933, "2007-09-30": 20.478, "2007-06-30": 13.109, "2007-03-31": "22.82700", "2006-12-31": 28.177, "2006-09-30": 28.033, "2006-06-30": 24.594, "2006-03-31": "23.10600", "2005-12-31": 34.965, "2005-09-30": 47.313, "2005-06-30": 34.121, "2005-03-31": "38.86500"}, "Net Change In Investments - Total": {"2020-09-30": -915.613, "2020-06-30": 222.752, "2020-03-31": "-436.03200", "2019-12-31": 138.417, "2019-09-30": 262.217, "2019-06-30": 117.435, "2019-03-31": "-485.24900", "2018-12-31": -155.48, "2018-09-30": -129.749, "2018-06-30": -832.554, "2018-03-31": "-382.41700", "2017-12-31": -538.1, "2017-09-30": -463.922, "2017-06-30": -1070.738, "2017-03-31": "-320.92100", "2016-12-31": -377.063, "2016-09-30": -147.832, "2016-06-30": -472.109, "2016-03-31": "-320.07800", "2015-12-31": -184.533, "2015-09-30": -438.337, "2015-06-30": -974.155, "2015-03-31": "3.99400", "2014-12-31": 2.11, "2014-09-30": 5.096, "2014-06-30": 3.675, "2014-03-31": "10.09100", "2013-12-31": 4.352, "2013-09-30": 7.51, "2013-06-30": 11.065, "2013-03-31": "11.50300", "2012-12-31": 6.154, "2012-09-30": 7.282, "2012-06-30": 8.23, "2012-03-31": "19.58100", "2011-12-31": -1.458, "2011-09-30": 14.768, "2011-06-30": 14.189, "2011-03-31": "13.16200", "2010-12-31": 15.043, "2010-09-30": 24.326, "2010-06-30": 19.786, "2010-03-31": "20.16500", "2009-12-31": 18.838, "2009-09-30": 25.291, "2009-06-30": 53.107, "2009-03-31": "21.76800", "2008-12-31": -11.55, "2008-09-30": 27.631, "2008-06-30": 26.62, "2008-03-31": "22.61300", "2007-12-31": 29.933, "2007-09-30": 20.478, "2007-06-30": 13.109, "2007-03-31": "22.82700", "2006-12-31": 28.177, "2006-09-30": 28.033, "2006-06-30": 24.594, "2006-03-31": "23.10600", "2005-12-31": 34.965, "2005-09-30": 47.313, "2005-06-30": 34.121, "2005-03-31": "38.86500"}, "Investing Activities - Other": {"2020-09-30": 147.5403, "2020-06-30": -1383.8225, "2020-03-31": "581.04700", "2019-12-31": -74.671, "2019-09-30": -679.808, "2019-06-30": -1115.6523, "2019-03-31": "-422.10670", "2018-12-31": -351.352, "2018-09-30": 481.1429, "2018-06-30": -1233.0888, "2018-03-31": "618.40550", "2017-12-31": 334.3835, "2017-09-30": -458.1884, "2017-06-30": -1811.8586, "2017-03-31": "1125.86800", "2016-12-31": 463.8671, "2016-09-30": 298.8659, "2016-06-30": -278.7213, "2016-03-31": "-14.96580", "2015-12-31": -653.4876, "2015-09-30": 593.8926, "2015-06-30": 1112.4011, "2015-03-31": "-1915.52700", "2014-12-31": -797.934, "2014-09-30": -608.86, "2014-06-30": -1237.6742, "2014-03-31": "-344.44380", "2013-12-31": -950.9194, "2013-09-30": 35.4246, "2013-06-30": -851.4831, "2013-03-31": "463.14790", "2012-12-31": -1333.083, "2012-09-30": -307.767, "2012-06-30": -440.026, "2012-03-31": "-220.01700", "2011-12-31": -1155.283, "2011-09-30": -143.395, "2011-06-30": -459.268, "2011-03-31": "4.64200", "2010-12-31": -242.863, "2010-09-30": -29.046, "2010-06-30": -29.456, "2010-03-31": "3.72700", "2009-12-31": -189.506, "2009-09-30": -71.742, "2009-06-30": -198.878, "2009-03-31": "6.01600", "2008-12-31": -192.941, "2008-09-30": -137.292, "2008-06-30": -213.63, "2008-03-31": "-34.13600", "2007-12-31": -172.045, "2007-09-30": -201.994, "2007-06-30": -197.428, "2007-03-31": "-162.28400", "2006-12-31": -172.758, "2006-09-30": -128.768, "2006-06-30": -157.784, "2006-03-31": "-180.08500", "2005-12-31": -153.521, "2005-09-30": -131.143, "2005-06-30": -129.538, "2005-03-31": "-112.24200"}, "Cash Flow From Investing Activities": {"2020-09-30": -768.426, "2020-06-30": -1162.408, "2020-03-31": "144.00700", "2019-12-31": 62.137, "2019-09-30": -423.882, "2019-06-30": -1004.334, "2019-03-31": "-909.99800", "2018-12-31": -508.828, "2018-09-30": 350.947, "2018-06-30": -2066.413, "2018-03-31": "231.54800", "2017-12-31": -206.928, "2017-09-30": -926.974, "2017-06-30": -2884.193, "2017-03-31": "802.35000", "2016-12-31": 86.156, "2016-09-30": 150.676, "2016-06-30": -751.139, "2016-03-31": "-335.90300", "2015-12-31": -839.324, "2015-09-30": 154.46, "2015-06-30": 135.36, "2015-03-31": "-1911.28200", "2014-12-31": -802.442, "2014-09-30": -606.684, "2014-06-30": -1239.03, "2014-03-31": "-335.51400", "2013-12-31": -946.77, "2013-09-30": 41.4, "2013-06-30": -844.447, "2013-03-31": "473.94200", "2012-12-31": -1327.963, "2012-09-30": -300.613, "2012-06-30": -433.288, "2012-03-31": "-201.32100", "2011-12-31": -1157.483, "2011-09-30": -128.97, "2011-06-30": -457.841, "2011-03-31": "16.88800", "2010-12-31": -228.528, "2010-09-30": -16.489, "2010-06-30": -10.755, "2010-03-31": "23.47000", "2009-12-31": -171.159, "2009-09-30": -47.121, "2009-06-30": -148.341, "2009-03-31": "26.96500", "2008-12-31": -208.599, "2008-09-30": -110.681, "2008-06-30": -187.452, "2008-03-31": "-11.77000", "2007-12-31": -129.086, "2007-09-30": -192.058, "2007-06-30": -185.766, "2007-03-31": "-142.29200", "2006-12-31": -131.226, "2006-09-30": -107.819, "2006-06-30": -140.907, "2006-03-31": "-157.62900", "2005-12-31": -125.119, "2005-09-30": -86.218, "2005-06-30": -100.838, "2005-03-31": "-73.79700"}, "Net Long-Term Debt": {"2020-09-30": 300, "2020-06-30": -2500, "2020-03-31": "2500.00000", "2019-12-31": 1400, "2019-09-30": -1400, "2019-06-30": 300, "2019-03-31": "-300.00000", "2018-12-31": -400, "2018-09-30": -800, "2018-06-30": 1700, "2018-03-31": "-500.00000", "2017-12-31": 0, "2017-09-30": -700, "2017-06-30": 1200, "2017-03-31": "-500.00000", "2016-12-31": 500, "2016-09-30": -519.463, "2016-06-30": 415.463, "2016-03-31": "104.00000", "2015-12-31": 399.995, "2015-09-30": -299.995, "2015-06-30": 400, "2015-03-31": "-100.00500", "2014-12-31": 244.979, "2014-09-30": 149.473, "2014-06-30": 193.054, "2014-03-31": "-170.15200", "2013-12-31": -797.002, "2013-09-30": 346.867, "2013-06-30": 841.979, "2013-03-31": "-1188.84600", "2012-12-31": 101.143, "2012-09-30": 346.635, "2012-06-30": 63.403, "2012-03-31": "-82.06600", "2011-12-31": 225.903, "2011-09-30": 772.031, "2011-06-30": 339.808, "2011-03-31": "4.01900", "2010-12-31": -7.059, "2010-09-30": -45.759, "2010-06-30": 40.802, "2010-03-31": "-350.38800", "2009-12-31": 202.347, "2009-09-30": -252.464, "2009-06-30": -445.886, "2009-03-31": "-57.93900", "2008-12-31": 335.832, "2008-09-30": 371.671, "2008-06-30": -216.321, "2008-03-31": "0.23200", "2007-12-31": 297.272, "2007-09-30": -131.452, "2007-06-30": 230.74, "2007-03-31": "-3.12600", "2006-12-31": -112.429, "2006-09-30": 124.589, "2006-06-30": -79.36, "2006-03-31": "16.58000", "2005-12-31": -85.38, "2005-09-30": -208.388, "2005-06-30": 196.994, "2005-03-31": "-197.51500"}, "Net Current Debt": {"2020-09-30": -287.607, "2020-06-30": 200.523, "2020-03-31": "153.50100", "2019-12-31": 1.799, "2019-09-30": 432.733, "2019-06-30": -1190.658, "2019-03-31": "256.71800", "2018-12-31": 154.356, "2018-09-30": -34.031, "2018-06-30": -14.691, "2018-03-31": "170.50000", "2017-12-31": -218.456, "2017-09-30": 121.272, "2017-06-30": 320.39, "2017-03-31": "32.25900", "2016-12-31": -141.845, "2016-09-30": 155.438, "2016-06-30": -4.877, "2016-03-31": "-42.19200", "2015-12-31": -110.778, "2015-09-30": 144.822, "2015-06-30": -16.451, "2015-03-31": "32.78200", "2014-12-31": 212.013, "2014-09-30": -414.332, "2014-06-30": 129.468, "2014-03-31": "-5.07700", "2013-12-31": 1372.908, "2013-09-30": -1531.773, "2013-06-30": -145.483, "2013-03-31": "179.81900", "2012-12-31": -200.151, "2012-09-30": 201.495, "2012-06-30": -112.092, "2012-03-31": "-28.32200", "2011-12-31": 90.319, "2011-09-30": 117.961, "2011-06-30": 88.099, "2011-03-31": "-167.91100", "2010-12-31": 34.318, "2010-09-30": -60.259, "2010-06-30": -116.217, "2010-03-31": "-154.58000", "2009-12-31": -35.51, "2009-09-30": -16.916, "2009-06-30": 118.675, "2009-03-31": "164.11500", "2008-12-31": 109.75, "2008-09-30": -157.773, "2008-06-30": 85.966, "2008-03-31": "-32.60100", "2007-12-31": 128.069, "2007-09-30": 68.294, "2007-06-30": -140.19, "2007-03-31": "122.68500", "2006-12-31": -15.825, "2006-09-30": 81.72, "2006-06-30": -163.127, "2006-03-31": "159.69000", "2005-12-31": 9.6, "2005-09-30": -35.365, "2005-06-30": -18.422, "2005-03-31": "34.20600"}, "Debt Issuance/Retirement Net - Total": {"2020-09-30": 12.393, "2020-06-30": -2299.477, "2020-03-31": "2653.50100", "2019-12-31": 1401.799, "2019-09-30": -967.267, "2019-06-30": -890.658, "2019-03-31": "-43.28200", "2018-12-31": -245.644, "2018-09-30": -834.031, "2018-06-30": 1685.309, "2018-03-31": "-329.50000", "2017-12-31": -218.456, "2017-09-30": -578.728, "2017-06-30": 1520.39, "2017-03-31": "-467.74100", "2016-12-31": 358.155, "2016-09-30": -364.025, "2016-06-30": 410.586, "2016-03-31": "61.80800", "2015-12-31": 289.217, "2015-09-30": -155.173, "2015-06-30": 383.549, "2015-03-31": "-67.22300", "2014-12-31": 456.992, "2014-09-30": -264.859, "2014-06-30": 322.522, "2014-03-31": "-175.22900", "2013-12-31": 575.906, "2013-09-30": -1184.906, "2013-06-30": 696.496, "2013-03-31": "-1009.02700", "2012-12-31": -99.008, "2012-09-30": 548.13, "2012-06-30": -48.689, "2012-03-31": "-110.38800", "2011-12-31": 316.222, "2011-09-30": 889.992, "2011-06-30": 427.907, "2011-03-31": "-163.89200", "2010-12-31": 27.259, "2010-09-30": -106.018, "2010-06-30": -75.415, "2010-03-31": "-504.96800", "2009-12-31": 166.837, "2009-09-30": -269.38, "2009-06-30": -327.211, "2009-03-31": "106.17600", "2008-12-31": 445.582, "2008-09-30": 213.898, "2008-06-30": -130.355, "2008-03-31": "-32.36900", "2007-12-31": 425.341, "2007-09-30": -63.158, "2007-06-30": 90.55, "2007-03-31": "119.55900", "2006-12-31": -128.254, "2006-09-30": 206.309, "2006-06-30": -242.487, "2006-03-31": "176.27000", "2005-12-31": -75.78, "2005-09-30": -243.753, "2005-06-30": 178.572, "2005-03-31": "-163.30900"}, "Net Common Equity Issued/Repurchased": {"2020-09-30": -0.189, "2020-06-30": -0.117, "2020-03-31": "-1.49200", "2019-12-31": 1.655, "2019-09-30": -0.443, "2019-06-30": 0.021, "2019-03-31": "-1.23300", "2018-12-31": 2.396, "2018-09-30": -0.738, "2018-06-30": -1.658, "2018-03-31": "", "2017-12-31": 1.933, "2017-09-30": -0.726, "2017-06-30": -0.317, "2017-03-31": "-0.89000", "2016-12-31": 235.758, "2016-09-30": -1.186, "2016-06-30": -0.303, "2016-03-31": "-0.28300", "2015-12-31": -0.291, "2015-09-30": -0.594, "2015-06-30": -0.305, "2015-03-31": "-0.04900", "2014-12-31": 149.546, "2014-09-30": -1.251, "2014-06-30": -0.117, "2014-03-31": "105.84200", "2013-12-31": -0.338, "2013-09-30": -0.856, "2013-06-30": -0.757, "2013-03-31": "-0.25900", "2012-12-31": 0.087, "2012-09-30": 85.809, "2012-06-30": 0.807, "2012-03-31": "0.63900", "2011-12-31": 0.574, "2011-09-30": 0.212, "2011-06-30": -0.189, "2011-03-31": "1.59300", "2010-12-31": 0.258, "2010-09-30": 0.028, "2010-06-30": 3.838, "2010-03-31": "9.21900", "2009-12-31": 0.043, "2009-09-30": 0.922, "2009-06-30": 59.854, "2009-03-31": "0.20500", "2008-12-31": 0.39, "2008-09-30": 55.452, "2008-06-30": 1.048, "2008-03-31": "1.77200", "2007-12-31": 0.499, "2007-09-30": 0.388, "2007-06-30": 0.705, "2007-03-31": "0.33200", "2006-12-31": 0.349, "2006-09-30": 0.31, "2006-06-30": 0.735, "2006-03-31": "0.52100", "2005-12-31": 0.705, "2005-09-30": 0.447, "2005-06-30": 0.614, "2005-03-31": "0.56400"}, "Net Total Equity Issued/Repurchased": {"2020-09-30": -0.189, "2020-06-30": -0.117, "2020-03-31": "-1.49200", "2019-12-31": 1.655, "2019-09-30": -0.443, "2019-06-30": 0.021, "2019-03-31": "-1.23300", "2018-12-31": 2.396, "2018-09-30": -0.738, "2018-06-30": -1.658, "2018-03-31": "", "2017-12-31": 1.933, "2017-09-30": -0.726, "2017-06-30": -0.317, "2017-03-31": "-0.89000", "2016-12-31": 235.758, "2016-09-30": -1.186, "2016-06-30": -0.303, "2016-03-31": "-0.28300", "2015-12-31": -0.291, "2015-09-30": -0.594, "2015-06-30": -0.305, "2015-03-31": "-0.04900", "2014-12-31": 149.546, "2014-09-30": -1.251, "2014-06-30": -0.117, "2014-03-31": "105.84200", "2013-12-31": -0.338, "2013-09-30": -0.856, "2013-06-30": -0.848, "2013-03-31": "144.81900", "2012-12-31": 0.087, "2012-09-30": 85.809, "2012-06-30": 0.807, "2012-03-31": "0.63900", "2011-12-31": 0.574, "2011-09-30": 0.212, "2011-06-30": -0.189, "2011-03-31": "1.59300", "2010-12-31": 0.258, "2010-09-30": 0.028, "2010-06-30": 3.838, "2010-03-31": "9.21900", "2009-12-31": 0.043, "2009-09-30": 0.922, "2009-06-30": -15.146, "2009-03-31": "75.20500", "2008-12-31": 0.39, "2008-09-30": 55.452, "2008-06-30": 1.048, "2008-03-31": "1.77200", "2007-12-31": 0.499, "2007-09-30": 0.388, "2007-06-30": 0.705, "2007-03-31": "0.33200", "2006-12-31": 0.349, "2006-09-30": 0.31, "2006-06-30": 0.735, "2006-03-31": "0.52100", "2005-12-31": 0.705, "2005-09-30": 0.447, "2005-06-30": 0.614, "2005-03-31": "0.56400"}, "Total Common And Preferred Stock Dividends Paid": {"2020-09-30": -2.438, "2020-06-30": -2.437, "2020-03-31": "-2.43800", "2019-12-31": -2.437, "2019-09-30": -2.438, "2019-06-30": -2.437, "2019-03-31": "-2.43800", "2018-12-31": -2.437, "2018-09-30": -2.438, "2018-06-30": -2.437, "2018-03-31": "-2.43800", "2017-12-31": -2.437, "2017-09-30": -2.438, "2017-06-30": -2.437, "2017-03-31": "-2.43800", "2016-12-31": -2.437, "2016-09-30": -2.438, "2016-06-30": -2.437, "2016-03-31": "-2.43800", "2015-12-31": -2.437, "2015-09-30": -2.438, "2015-06-30": -2.437, "2015-03-31": "-2.43800", "2014-12-31": -2.437, "2014-09-30": -2.438, "2014-06-30": -2.437, "2014-03-31": "-2.43800", "2013-12-31": -2.004, "2013-09-30": -2.871, "2013-06-30": -2.085, "2013-03-31": "", "2012-12-31": 0, "2012-09-30": 0, "2012-06-30": 0, "2012-03-31": "", "2011-12-31": 0, "2011-09-30": 0, "2011-06-30": 0, "2011-03-31": "", "2010-12-31": 0, "2010-09-30": 0, "2010-06-30": 0, "2010-03-31": "", "2009-12-31": 0, "2009-09-30": 0, "2009-06-30": -0.917, "2009-03-31": "-0.30200", "2008-12-31": 0, "2008-09-30": 0, "2008-06-30": 0, "2008-03-31": "", "2007-12-31": 0, "2007-09-30": 0, "2007-06-30": 0, "2007-03-31": "", "2006-12-31": 0, "2006-09-30": 0, "2006-06-30": 0, "2006-03-31": "", "2005-12-31": 0, "2005-09-30": 0, "2005-06-30": 0, "2005-03-31": ""}, "Financial Activities - Other": {"2020-09-30": 1771.792, "2020-06-30": 3053.432, "2020-03-31": "655.67000", "2019-12-31": -2436.169, "2019-09-30": 4414.226, "2019-06-30": 2348.95, "2019-03-31": "44.01400", "2018-12-31": 1318.094, "2018-09-30": 50.766, "2018-06-30": 1571.046, "2018-03-31": "-359.35500", "2017-12-31": 839.682, "2017-09-30": 1789.034, "2017-06-30": 686.843, "2017-03-31": "-411.45100", "2016-12-31": -1127.607, "2016-09-30": 1442.333, "2016-06-30": 405.162, "2016-03-31": "1214.33700", "2015-12-31": -80.361, "2015-09-30": 977.424, "2015-06-30": 66.444, "2015-03-31": "1449.31100", "2014-12-31": 957.887, "2014-09-30": 959.547, "2014-06-30": 1028.712, "2014-03-31": "472.70400", "2013-12-31": 301.143, "2013-09-30": 978.72, "2013-06-30": 236.775, "2013-03-31": "301.13700", "2012-12-31": 714.501, "2012-09-30": 68.811, "2012-06-30": 597.358, "2012-03-31": "511.64600", "2011-12-31": 72.49, "2011-09-30": 66.393, "2011-06-30": 201.04, "2011-03-31": "-230.09700", "2010-12-31": 50.985, "2010-09-30": 479.305, "2010-06-30": 516.737, "2010-03-31": "289.42300", "2009-12-31": 203.83, "2009-09-30": 273.895, "2009-06-30": 632.171, "2009-03-31": "-322.14500", "2008-12-31": -55.127, "2008-09-30": -203.528, "2008-06-30": 439.121, "2008-03-31": "90.87100", "2007-12-31": -228.015, "2007-09-30": 183.888, "2007-06-30": 26.734, "2007-03-31": "17.76500", "2006-12-31": 292.992, "2006-09-30": -144.403, "2006-06-30": 460.074, "2006-03-31": "-30.42200", "2005-12-31": 182.834, "2005-09-30": 341.34, "2005-06-30": -10.696, "2005-03-31": "191.81400"}, "Cash Flow From Financial Activities": {"2020-09-30": 1781.558, "2020-06-30": 751.401, "2020-03-31": "3305.24100", "2019-12-31": -1035.152, "2019-09-30": 3444.078, "2019-06-30": 1455.876, "2019-03-31": "-2.93900", "2018-12-31": 1072.409, "2018-09-30": -786.441, "2018-06-30": 3252.26, "2018-03-31": "-691.29300", "2017-12-31": 620.722, "2017-09-30": 1207.142, "2017-06-30": 2204.479, "2017-03-31": "-882.52000", "2016-12-31": -536.131, "2016-09-30": 1074.684, "2016-06-30": 813.008, "2016-03-31": "1273.42400", "2015-12-31": 206.128, "2015-09-30": 819.219, "2015-06-30": 447.251, "2015-03-31": "1379.60100", "2014-12-31": 1561.988, "2014-09-30": 690.999, "2014-06-30": 1348.68, "2014-03-31": "400.87900", "2013-12-31": 874.707, "2013-09-30": -209.913, "2013-06-30": 930.338, "2013-03-31": "-563.07100", "2012-12-31": 615.58, "2012-09-30": 702.75, "2012-06-30": 549.476, "2012-03-31": "401.89700", "2011-12-31": 389.286, "2011-09-30": 956.597, "2011-06-30": 628.758, "2011-03-31": "-392.39600", "2010-12-31": 78.502, "2010-09-30": 373.315, "2010-06-30": 445.16, "2010-03-31": "-206.32600", "2009-12-31": 370.71, "2009-09-30": 5.437, "2009-06-30": 288.897, "2009-03-31": "-141.06600", "2008-12-31": 390.845, "2008-09-30": 65.822, "2008-06-30": 309.814, "2008-03-31": "60.27400", "2007-12-31": 197.825, "2007-09-30": 121.118, "2007-06-30": 117.989, "2007-03-31": "137.65600", "2006-12-31": 165.087, "2006-09-30": 62.216, "2006-06-30": 218.322, "2006-03-31": "146.36900", "2005-12-31": 107.759, "2005-09-30": 98.034, "2005-06-30": 168.49, "2005-03-31": "29.06900"}, "Net Cash Flow": {"2020-09-30": 930.202, "2020-06-30": 56.009, "2020-03-31": "5234.99200", "2019-12-31": -783.687, "2019-09-30": 1564.693, "2019-06-30": 1313.285, "2019-03-31": "-748.77300", "2018-12-31": 295.014, "2018-09-30": -677.743, "2018-06-30": 1011.624, "2018-03-31": "-454.42100", "2017-12-31": 404.438, "2017-09-30": 231.518, "2017-06-30": -651.299, "2017-03-31": "81.58200", "2016-12-31": -749.067, "2016-09-30": 865.442, "2016-06-30": -10.718, "2016-03-31": "942.82500", "2015-12-31": -656.08, "2015-09-30": 992.199, "2015-06-30": 620.204, "2015-03-31": "-495.96700", "2014-12-31": 800.812, "2014-09-30": 172.56, "2014-06-30": 99.343, "2014-03-31": "103.88800", "2013-12-31": -41.147, "2013-09-30": -123.982, "2013-06-30": 127.597, "2013-03-31": "-14.90500", "2012-12-31": 57.157, "2012-09-30": 6.54, "2012-06-30": -15.459, "2012-03-31": "47.55200", "2011-12-31": -10.011, "2011-09-30": 31.243, "2011-06-30": -134.394, "2011-03-31": "43.85400", "2010-12-31": 75.802, "2010-09-30": -17.085, "2010-06-30": 42.152, "2010-03-31": "-46.44200", "2009-12-31": 64.834, "2009-09-30": -19.873, "2009-06-30": 9.847, "2009-03-31": "-11.39600", "2008-12-31": 14.239, "2008-09-30": -47.397, "2008-06-30": 36.21, "2008-03-31": "-10.48800", "2007-12-31": 13.739, "2007-09-30": -7.879, "2007-06-30": -23.07, "2007-03-31": "12.95700", "2006-12-31": -19.745, "2006-09-30": -50.276, "2006-06-30": 55.308, "2006-03-31": "-29.41100", "2005-12-31": -5.854, "2005-09-30": 30.712, "2005-06-30": 26.136, "2005-03-31": "8.35600"}, "Stock-Based Compensation": {"2020-09-30": 5.035, "2020-06-30": 3.66, "2020-03-31": "3.36900", "2019-12-31": 4.631, "2019-09-30": 4.028, "2019-06-30": 4.457, "2019-03-31": "4.48800", "2018-12-31": 1.305, "2018-09-30": 4.436, "2018-06-30": 5.226, "2018-03-31": "5.97100", "2017-12-31": 6.998, "2017-09-30": 6.067, "2017-06-30": 4.395, "2017-03-31": "4.55900", "2016-12-31": 7.403, "2016-09-30": 2.45, "2016-06-30": 3.266, "2016-03-31": "0.45900", "2015-12-31": 3.018, "2015-09-30": 2.645, "2015-06-30": 4.284, "2015-03-31": "2.35700", "2014-12-31": 2.887, "2014-09-30": 4.457, "2014-06-30": 2.578, "2014-03-31": "4.65500", "2013-12-31": 6.489, "2013-09-30": 3.214, "2013-06-30": 9.306, "2013-03-31": "1.94400", "2012-12-31": 2.132, "2012-09-30": 6.333, "2012-06-30": 1.601, "2012-03-31": "1.95200", "2011-12-31": 1.538, "2011-09-30": 1.617, "2011-06-30": 2.051, "2011-03-31": "2.13400", "2010-12-31": 1.839, "2010-09-30": 1.765, "2010-06-30": 1.594, "2010-03-31": "1.57200", "2009-12-31": 1.565, "2009-09-30": 1.505, "2009-06-30": 1.461, "2009-03-31": "1.42800", "2008-12-31": 0.837, "2008-09-30": 1.272, "2008-06-30": 1.272, "2008-03-31": "1.29500", "2007-12-31": 0.952, "2007-09-30": 1.299, "2007-06-30": 1.258, "2007-03-31": "1.25200", "2006-12-31": 0.647, "2006-09-30": 0.742, "2006-06-30": 0.814, "2006-03-31": "0.64400", "2005-12-31": 0, "2005-09-30": 0, "2005-06-30": -0.391, "2005-03-31": "0.39100"}, "Common Stock Dividends Paid": {"2020-09-30": 0, "2020-06-30": 0, "2020-03-31": "", "2019-12-31": 0, "2019-09-30": 0, "2019-06-30": 0, "2019-03-31": "", "2018-12-31": 0, "2018-09-30": 0, "2018-06-30": 0, "2018-03-31": "", "2017-12-31": 0, "2017-09-30": 0, "2017-06-30": 0, "2017-03-31": "", "2016-12-31": 0, "2016-09-30": 0, "2016-06-30": 0, "2016-03-31": "", "2015-12-31": 0, "2015-09-30": 0, "2015-06-30": 0, "2015-03-31": "", "2014-12-31": 0, "2014-09-30": 0, "2014-06-30": 0, "2014-03-31": "", "2013-12-31": 0, "2013-09-30": 0, "2013-06-30": 0, "2013-03-31": "", "2012-12-31": 0, "2012-09-30": 0, "2012-06-30": 0, "2012-03-31": "", "2011-12-31": 0, "2011-09-30": 0, "2011-06-30": 0, "2011-03-31": "", "2010-12-31": 0, "2010-09-30": 0, "2010-06-30": 0, "2010-03-31": "", "2009-12-31": 0, "2009-09-30": 0, "2009-06-30": 0, "2009-03-31": "", "2008-12-31": 0, "2008-09-30": 0, "2008-06-30": 0, "2008-03-31": "", "2007-12-31": 0, "2007-09-30": 0, "2007-06-30": 0, "2007-03-31": "", "2006-12-31": 0, "2006-09-30": 0, "2006-06-30": 0, "2006-03-31": "", "2005-12-31": 0, "2005-09-30": 0, "2005-06-30": 0, "2005-03-31": ""}}, "financial ratios": {"Current Ratio": {"2019-12-31": "", "2018-12-31": "", "2017-12-31": "", "2016-12-31": "", "2015-12-31": "", "2014-12-31": "", "2013-12-31": "", "2012-12-31": "", "2011-12-31": "", "2010-12-31": "", "2009-12-31": "", "2008-12-31": "", "2007-12-31": "", "2006-12-31": "", "2005-12-31": ""}, "Long-term Debt / Capital": {"2019-12-31": "0.49670", "2018-12-31": "0.63210", "2017-12-31": "0.59190", "2016-12-31": "0.54370", "2015-12-31": "0.53850", "2014-12-31": "0.50260", "2013-12-31": "0.49610", "2012-12-31": "0.69150", "2011-12-31": "0.70110", "2010-12-31": "0.18080", "2009-12-31": "0.19070", "2008-12-31": "0.28380", "2007-12-31": "0.27760", "2006-12-31": "0.31330", "2005-12-31": "0.31750"}, "Debt/Equity Ratio": {"2019-12-31": "1.03710", "2018-12-31": "1.97420", "2017-12-31": "1.61610", "2016-12-31": "1.24610", "2015-12-31": "1.25480", "2014-12-31": "1.07270", "2013-12-31": "1.14020", "2012-12-31": "2.59680", "2011-12-31": "3.05280", "2010-12-31": "0.77850", "2009-12-31": "2.22380", "2008-12-31": "3.60140", "2007-12-31": "3.04010", "2006-12-31": "1.28180", "2005-12-31": "1.44820"}, "Gross Margin": {"2019-12-31": "", "2018-12-31": "", "2017-12-31": "", "2016-12-31": "", "2015-12-31": "", "2014-12-31": "", "2013-12-31": "", "2012-12-31": "", "2011-12-31": "", "2010-12-31": "", "2009-12-31": "", "2008-12-31": "", "2007-12-31": "", "2006-12-31": "", "2005-12-31": ""}, "Operating Margin": {"2019-12-31": "", "2018-12-31": "", "2017-12-31": "", "2016-12-31": "", "2015-12-31": "", "2014-12-31": "", "2013-12-31": "", "2012-12-31": "", "2011-12-31": "", "2010-12-31": "", "2009-12-31": "", "2008-12-31": "", "2007-12-31": "", "2006-12-31": "", "2005-12-31": ""}, "EBIT Margin": {"2019-12-31": "", "2018-12-31": "", "2017-12-31": "", "2016-12-31": "", "2015-12-31": "", "2014-12-31": "", "2013-12-31": "", "2012-12-31": "", "2011-12-31": "", "2010-12-31": "", "2009-12-31": "", "2008-12-31": "", "2007-12-31": "", "2006-12-31": "", "2005-12-31": ""}, "EBITDA Margin": {"2019-12-31": "", "2018-12-31": "", "2017-12-31": "", "2016-12-31": "", "2015-12-31": "", "2014-12-31": "", "2013-12-31": "", "2012-12-31": "", "2011-12-31": "", "2010-12-31": "", "2009-12-31": "", "2008-12-31": "", "2007-12-31": "", "2006-12-31": "", "2005-12-31": ""}, "Pre-Tax Profit Margin": {"2019-12-31": "40.83210", "2018-12-31": "42.03500", "2017-12-31": "41.14640", "2016-12-31": "38.67850", "2015-12-31": "40.74190", "2014-12-31": "42.68790", "2013-12-31": "42.24800", "2012-12-31": "46.16290", "2011-12-31": "38.63060", "2010-12-31": "25.83460", "2009-12-31": "20.22950", "2008-12-31": "25.63870", "2007-12-31": "32.63650", "2006-12-31": "33.58090", "2005-12-31": "38.43080"}, "Net Profit Margin": {"2019-12-31": "31.40080", "2018-12-31": "32.13150", "2017-12-31": "23.66310", "2016-12-31": "23.31150", "2015-12-31": "24.51900", "2014-12-31": "25.44890", "2013-12-31": "25.56750", "2012-12-31": "29.54610", "2011-12-31": "24.77460", "2010-12-31": "16.86970", "2009-12-31": "10.28720", "2008-12-31": "16.45630", "2007-12-31": "20.09990", "2006-12-31": "22.10400", "2005-12-31": "25.62120"}, "Asset Turnover": {"2019-12-31": "0.03060", "2018-12-31": "0.03210", "2017-12-31": "0.03160", "2016-12-31": "0.02870", "2015-12-31": "0.02910", "2014-12-31": "0.03130", "2013-12-31": "0.03790", "2012-12-31": "0.03870", "2011-12-31": "0.03770", "2010-12-31": "0.03420", "2009-12-31": "0.03200", "2008-12-31": "0.02870", "2007-12-31": "0.03410", "2006-12-31": "0.03560", "2005-12-31": "0.03490"}, "Inventory Turnover Ratio": {"2019-12-31": "", "2018-12-31": "", "2017-12-31": "", "2016-12-31": "", "2015-12-31": "", "2014-12-31": "", "2013-12-31": "", "2012-12-31": "", "2011-12-31": "", "2010-12-31": "", "2009-12-31": "", "2008-12-31": "", "2007-12-31": "", "2006-12-31": "", "2005-12-31": ""}, "Receiveable Turnover": {"2019-12-31": "", "2018-12-31": "", "2017-12-31": "", "2016-12-31": "", "2015-12-31": "", "2014-12-31": "", "2013-12-31": "", "2012-12-31": "", "2011-12-31": "", "2010-12-31": "", "2009-12-31": "", "2008-12-31": "", "2007-12-31": "", "2006-12-31": "", "2005-12-31": ""}, "Days Sales In Receivables": {"2019-12-31": "", "2018-12-31": "", "2017-12-31": "", "2016-12-31": "", "2015-12-31": "", "2014-12-31": "", "2013-12-31": "", "2012-12-31": "", "2011-12-31": "", "2010-12-31": "", "2009-12-31": "", "2008-12-31": "", "2007-12-31": "", "2006-12-31": "", "2005-12-31": ""}, "ROE - Return On Equity": {"2019-12-31": "12.03710", "2018-12-31": "12.79890", "2017-12-31": "9.60010", "2016-12-31": "8.34170", "2015-12-31": "9.83040", "2014-12-31": "10.21980", "2013-12-31": "12.79140", "2012-12-31": "14.43030", "2011-12-31": "12.34760", "2010-12-31": "7.06450", "2009-12-31": "5.06630", "2008-12-31": "6.42820", "2007-12-31": "10.62320", "2006-12-31": "11.43170", "2005-12-31": "12.49380"}, "Return On Tangible Equity": {"2019-12-31": "11.74380", "2018-12-31": "12.33210", "2017-12-31": "9.39130", "2016-12-31": "7.90810", "2015-12-31": "9.03560", "2014-12-31": "9.31620", "2013-12-31": "11.25990", "2012-12-31": "14.78170", "2011-12-31": "12.77200", "2010-12-31": "7.19360", "2009-12-31": "5.17160", "2008-12-31": "6.55850", "2007-12-31": "10.91350", "2006-12-31": "12.04900", "2005-12-31": "13.27180"}, "ROA - Return On Assets": {"2019-12-31": "0.99200", "2018-12-31": "1.06460", "2017-12-31": "0.78590", "2016-12-31": "0.71490", "2015-12-31": "0.76630", "2014-12-31": "0.85730", "2013-12-31": "1.03290", "2012-12-31": "1.14480", "2011-12-31": "0.93520", "2010-12-31": "0.57900", "2009-12-31": "0.42790", "2008-12-31": "0.48390", "2007-12-31": "0.73130", "2006-12-31": "0.78850", "2005-12-31": "0.88510"}, "ROI - Return On Investment": {"2019-12-31": "5.73700", "2018-12-31": "4.42680", "2017-12-31": "3.65100", "2016-12-31": "3.52220", "2015-12-31": "4.11800", "2014-12-31": "4.57000", "2013-12-31": "5.56360", "2012-12-31": "4.45170", "2011-12-31": "3.69100", "2010-12-31": "5.78730", "2009-12-31": "4.10030", "2008-12-31": "4.60370", "2007-12-31": "7.67430", "2006-12-31": "7.85040", "2005-12-31": "8.52700"}, "Book Value Per Share": {"2019-12-31": "56.26480", "2018-12-31": "49.80770", "2017-12-31": "44.37120", "2016-12-31": "40.59380", "2015-12-31": "35.39110", "2014-12-31": "32.45200", "2013-12-31": "26.71680", "2012-12-31": "20.53240", "2011-12-31": "16.36310", "2010-12-31": "14.29550", "2009-12-31": "13.40130", "2008-12-31": "12.53230", "2007-12-31": "11.21980", "2006-12-31": "9.75770", "2005-12-31": "8.39040"}, "Operating Cash Flow Per Share": {"2019-12-31": 8.7551, "2018-12-31": -16.15, "2017-12-31": 18.1599, "2016-12-31": -17.015, "2015-12-31": -2.0999, "2014-12-31": -0.9961, "2013-12-31": 2.358, "2012-12-31": 0.2438, "2011-12-31": 12.7945, "2010-12-31": -6.7207, "2009-12-31": 7.1603, "2008-12-31": -13.8926, "2007-12-31": 6.36, "2006-12-31": -5.2979, "2005-12-31": 1.5752}, "Free Cash Flow Per Share": {"2019-12-31": 8.577, "2018-12-31": -16.0582, "2017-12-31": 17.9624, "2016-12-31": -16.9531, "2015-12-31": -1.8507, "2014-12-31": -1.2573, "2013-12-31": 2.3497, "2012-12-31": 0.2414, "2011-12-31": 12.8114, "2010-12-31": -6.691, "2009-12-31": 7.2354, "2008-12-31": -14.0326, "2007-12-31": 6.3718, "2006-12-31": -5.2463, "2005-12-31": 1.4444}}, "financial ratios, quarterly": {"Current Ratio": {"2020-09-30": "", "2020-06-30": "", "2020-03-31": "", "2019-12-31": "", "2019-09-30": "", "2019-06-30": "", "2019-03-31": "", "2018-12-31": "", "2018-09-30": "", "2018-06-30": "", "2018-03-31": "", "2017-12-31": "", "2017-09-30": "", "2017-06-30": "", "2017-03-31": "", "2016-12-31": "", "2016-09-30": "", "2016-06-30": "", "2016-03-31": "", "2015-12-31": "", "2015-09-30": "", "2015-06-30": "", "2015-03-31": "", "2014-12-31": "", "2014-09-30": "", "2014-06-30": "", "2014-03-31": "", "2013-12-31": "", "2013-09-30": "", "2013-06-30": "", "2013-03-31": "", "2012-12-31": "", "2012-09-30": "", "2012-06-30": "", "2012-03-31": "", "2011-12-31": "", "2011-09-30": "", "2011-06-30": "", "2011-03-31": "", "2010-12-31": "", "2010-09-30": "", "2010-06-30": "", "2010-03-31": "", "2009-12-31": "", "2009-09-30": "", "2009-06-30": "", "2009-03-31": "", "2008-12-31": "", "2008-09-30": "", "2008-06-30": "", "2008-03-31": "", "2007-12-31": "", "2007-09-30": "", "2007-06-30": "", "2007-03-31": "", "2006-12-31": "", "2006-09-30": "", "2006-06-30": "", "2006-03-31": "", "2005-12-31": "", "2005-09-30": "", "2005-06-30": "", "2005-03-31": ""}, "Long-term Debt / Capital": {"2020-09-30": "0.52510", "2020-06-30": "0.53100", "2020-03-31": "0.65380", "2019-12-31": "0.49950", "2019-09-30": "0.51220", "2019-06-30": "0.56710", "2019-03-31": "0.60740", "2018-12-31": "0.63210", "2018-09-30": "0.59700", "2018-06-30": "0.65220", "2018-03-31": "0.54240", "2017-12-31": "0.59190", "2017-09-30": "0.57290", "2017-06-30": "0.59570", "2017-03-31": "0.48020", "2016-12-31": "0.54370", "2016-09-30": "0.54470", "2016-06-30": "0.58890", "2016-03-31": "0.54820", "2015-12-31": "0.53850", "2015-09-30": "0.50920", "2015-06-30": "0.53650", "2015-03-31": "0.47970", "2014-12-31": "0.50260", "2014-09-30": "0.39560", "2014-06-30": "0.46540", "2014-03-31": "0.42370", "2013-12-31": "0.49610", "2013-09-30": "0.30790", "2013-06-30": "0.59560", "2013-03-31": "0.39960", "2012-12-31": "0.69150", "2012-09-30": "0.68860", "2012-06-30": "0.67730", "2012-03-31": "0.67810", "2011-12-31": "0.70110", "2011-09-30": "0.67410", "2011-06-30": "0.44750", "2011-03-31": "0.17650", "2010-12-31": "0.18080", "2010-09-30": "0.18420", "2010-06-30": "0.24470", "2010-03-31": "0.19050", "2009-12-31": "0.19070", "2009-09-30": "0.19300", "2009-06-30": "0.19640", "2009-03-31": "0.19370", "2008-12-31": "0.28380", "2008-09-30": "0.63620", "2008-06-30": "0.50160", "2008-03-31": "0.63540", "2007-12-31": "0.27760", "2007-09-30": "0.46530", "2007-06-30": "0.57400", "2007-03-31": "0.30080", "2006-12-31": "0.31330", "2006-09-30": "0.47230", "2006-06-30": "0.25100", "2006-03-31": "0.35410", "2005-12-31": "0.31750", "2005-09-30": "0.09460", "2005-06-30": "0.41730", "2005-03-31": "0.10020"}, "Debt/Equity Ratio": {"2020-09-30": "1.17980", "2020-06-30": "1.20360", "2020-03-31": "1.99420", "2019-12-31": "1.04850", "2019-09-30": "1.10080", "2019-06-30": "1.50000", "2019-03-31": "1.89510", "2018-12-31": "1.97420", "2018-09-30": "1.68230", "2018-06-30": "2.09760", "2018-03-31": "1.42100", "2017-12-31": "1.61610", "2017-09-30": "1.37990", "2017-06-30": "1.69330", "2017-03-31": "0.99310", "2016-12-31": "1.24610", "2016-09-30": "1.24340", "2016-06-30": "1.48970", "2016-03-31": "1.27440", "2015-12-31": "1.25480", "2015-09-30": "1.10260", "2015-06-30": "1.22760", "2015-03-31": "1.00460", "2014-12-31": "1.07270", "2014-09-30": "0.87450", "2014-06-30": "1.10860", "2014-03-31": "0.87590", "2013-12-31": "1.14020", "2013-09-30": "0.63200", "2013-06-30": "1.79620", "2013-03-31": "1.14740", "2012-12-31": "2.59680", "2012-09-30": "2.82970", "2012-06-30": "2.53040", "2012-03-31": "2.73600", "2011-12-31": "3.05280", "2011-09-30": "2.66230", "2011-06-30": "1.19750", "2011-03-31": "0.45400", "2010-12-31": "0.77850", "2010-09-30": "0.74480", "2010-06-30": "0.95330", "2010-03-31": "1.13090", "2009-12-31": "2.22380", "2009-09-30": "1.90610", "2009-06-30": "2.52780", "2009-03-31": "3.17840", "2008-12-31": "3.60140", "2008-09-30": "2.49020", "2008-06-30": "2.33250", "2008-03-31": "2.77190", "2007-12-31": "3.04010", "2007-09-30": "1.66050", "2007-06-30": "1.98100", "2007-03-31": "1.68630", "2006-12-31": "1.28180", "2006-09-30": "1.88580", "2006-06-30": "1.09440", "2006-03-31": "2.20230", "2005-12-31": "1.44820", "2005-09-30": "1.82330", "2005-06-30": "3.06430", "2005-03-31": "2.32530"}, "Gross Margin": {"2020-09-30": "", "2020-06-30": "", "2020-03-31": "", "2019-12-31": "", "2019-09-30": "", "2019-06-30": "", "2019-03-31": "", "2018-12-31": "", "2018-09-30": "", "2018-06-30": "", "2018-03-31": "", "2017-12-31": "", "2017-09-30": "", "2017-06-30": "", "2017-03-31": "", "2016-12-31": "", "2016-09-30": "", "2016-06-30": "", "2016-03-31": "", "2015-12-31": "", "2015-09-30": "", "2015-06-30": "", "2015-03-31": "", "2014-12-31": "", "2014-09-30": "", "2014-06-30": "", "2014-03-31": "", "2013-12-31": "", "2013-09-30": "", "2013-06-30": "", "2013-03-31": "", "2012-12-31": "", "2012-09-30": "", "2012-06-30": "", "2012-03-31": "", "2011-12-31": "", "2011-09-30": "", "2011-06-30": "", "2011-03-31": "", "2010-12-31": "", "2010-09-30": "", "2010-06-30": "", "2010-03-31": "", "2009-12-31": "", "2009-09-30": "", "2009-06-30": "", "2009-03-31": "", "2008-12-31": "", "2008-09-30": "", "2008-06-30": "", "2008-03-31": "", "2007-12-31": "", "2007-09-30": "", "2007-06-30": "", "2007-03-31": "", "2006-12-31": "", "2006-09-30": "", "2006-06-30": "", "2006-03-31": "", "2005-12-31": "", "2005-09-30": "", "2005-06-30": "", "2005-03-31": ""}, "Operating Margin": {"2020-09-30": "", "2020-06-30": "", "2020-03-31": "", "2019-12-31": "", "2019-09-30": "", "2019-06-30": "", "2019-03-31": "", "2018-12-31": "", "2018-09-30": "", "2018-06-30": "", "2018-03-31": "", "2017-12-31": "", "2017-09-30": "", "2017-06-30": "", "2017-03-31": "", "2016-12-31": "", "2016-09-30": "", "2016-06-30": "", "2016-03-31": "", "2015-12-31": "", "2015-09-30": "", "2015-06-30": "", "2015-03-31": "", "2014-12-31": "", "2014-09-30": "", "2014-06-30": "", "2014-03-31": "", "2013-12-31": "", "2013-09-30": "", "2013-06-30": "", "2013-03-31": "", "2012-12-31": "", "2012-09-30": "", "2012-06-30": "", "2012-03-31": "", "2011-12-31": "", "2011-09-30": "", "2011-06-30": "", "2011-03-31": "", "2010-12-31": "", "2010-09-30": "", "2010-06-30": "", "2010-03-31": "", "2009-12-31": "", "2009-09-30": "", "2009-06-30": "", "2009-03-31": "", "2008-12-31": "", "2008-09-30": "", "2008-06-30": "", "2008-03-31": "", "2007-12-31": "", "2007-09-30": "", "2007-06-30": "", "2007-03-31": "", "2006-12-31": "", "2006-09-30": "", "2006-06-30": "", "2006-03-31": "", "2005-12-31": "", "2005-09-30": "", "2005-06-30": "", "2005-03-31": ""}, "EBIT Margin": {"2020-09-30": "", "2020-06-30": "", "2020-03-31": "", "2019-12-31": "", "2019-09-30": "", "2019-06-30": "", "2019-03-31": "", "2018-12-31": "", "2018-09-30": "", "2018-06-30": "", "2018-03-31": "", "2017-12-31": "", "2017-09-30": "", "2017-06-30": "", "2017-03-31": "", "2016-12-31": "", "2016-09-30": "", "2016-06-30": "", "2016-03-31": "", "2015-12-31": "", "2015-09-30": "", "2015-06-30": "", "2015-03-31": "", "2014-12-31": "", "2014-09-30": "", "2014-06-30": "", "2014-03-31": "", "2013-12-31": "", "2013-09-30": "", "2013-06-30": "", "2013-03-31": "", "2012-12-31": "", "2012-09-30": "", "2012-06-30": "", "2012-03-31": "", "2011-12-31": "", "2011-09-30": "", "2011-06-30": "", "2011-03-31": "", "2010-12-31": "", "2010-09-30": "", "2010-06-30": "", "2010-03-31": "", "2009-12-31": "", "2009-09-30": "", "2009-06-30": "", "2009-03-31": "", "2008-12-31": "", "2008-09-30": "", "2008-06-30": "", "2008-03-31": "", "2007-12-31": "", "2007-09-30": "", "2007-06-30": "", "2007-03-31": "", "2006-12-31": "", "2006-09-30": "", "2006-06-30": "", "2006-03-31": "", "2005-12-31": "", "2005-09-30": "", "2005-06-30": "", "2005-03-31": ""}, "EBITDA Margin": {"2020-09-30": "", "2020-06-30": "", "2020-03-31": "", "2019-12-31": "", "2019-09-30": "", "2019-06-30": "", "2019-03-31": "", "2018-12-31": "", "2018-09-30": "", "2018-06-30": "", "2018-03-31": "", "2017-12-31": "", "2017-09-30": "", "2017-06-30": "", "2017-03-31": "", "2016-12-31": "", "2016-09-30": "", "2016-06-30": "", "2016-03-31": "", "2015-12-31": "", "2015-09-30": "", "2015-06-30": "", "2015-03-31": "", "2014-12-31": "", "2014-09-30": "", "2014-06-30": "", "2014-03-31": "", "2013-12-31": "", "2013-09-30": "", "2013-06-30": "", "2013-03-31": "", "2012-12-31": "", "2012-09-30": "", "2012-06-30": "", "2012-03-31": "", "2011-12-31": "", "2011-09-30": "", "2011-06-30": "", "2011-03-31": "", "2010-12-31": "", "2010-09-30": "", "2010-06-30": "", "2010-03-31": "", "2009-12-31": "", "2009-09-30": "", "2009-06-30": "", "2009-03-31": "", "2008-12-31": "", "2008-09-30": "", "2008-06-30": "", "2008-03-31": "", "2007-12-31": "", "2007-09-30": "", "2007-06-30": "", "2007-03-31": "", "2006-12-31": "", "2006-09-30": "", "2006-06-30": "", "2006-03-31": "", "2005-12-31": "", "2005-09-30": "", "2005-06-30": "", "2005-03-31": ""}, "Pre-Tax Profit Margin": {"2020-09-30": "30.33660", "2020-06-30": "-23.23450", "2020-03-31": "-14.79400", "2019-12-31": "36.39310", "2019-09-30": "42.85020", "2019-06-30": "41.17560", "2019-03-31": "42.84940", "2018-12-31": "41.22640", "2018-09-30": "44.36170", "2018-06-30": "40.47910", "2018-03-31": "41.82740", "2017-12-31": "41.61200", "2017-09-30": "43.53470", "2017-06-30": "40.75390", "2017-03-31": "38.12640", "2016-12-31": "41.16640", "2016-09-30": "41.28460", "2016-06-30": "39.19070", "2016-03-31": "31.13900", "2015-12-31": "37.60790", "2015-09-30": "41.51690", "2015-06-30": "42.17540", "2015-03-31": "41.71290", "2014-12-31": "43.98150", "2014-09-30": "44.49160", "2014-06-30": "42.78740", "2014-03-31": "39.01960", "2013-12-31": "40.26300", "2013-09-30": "45.70470", "2013-06-30": "34.75530", "2013-03-31": "48.10060", "2012-12-31": "45.09960", "2012-09-30": "48.73810", "2012-06-30": "46.08200", "2012-03-31": "44.63400", "2011-12-31": "44.75260", "2011-09-30": "42.12350", "2011-06-30": "36.28970", "2011-03-31": "28.26600", "2010-12-31": "29.38400", "2010-09-30": "25.53010", "2010-06-30": "23.92600", "2010-03-31": "23.60510", "2009-12-31": "18.35470", "2009-09-30": "17.99160", "2009-06-30": "21.77230", "2009-03-31": "23.50250", "2008-12-31": "15.50410", "2008-09-30": "29.31220", "2008-06-30": "24.52370", "2008-03-31": "31.80470", "2007-12-31": "29.91450", "2007-09-30": "34.28920", "2007-06-30": "33.58160", "2007-03-31": "32.32310", "2006-12-31": "32.72770", "2006-09-30": "36.04600", "2006-06-30": "31.20450", "2006-03-31": "34.23830", "2005-12-31": "50.79830", "2005-09-30": "39.70170", "2005-06-30": "34.23130", "2005-03-31": "30.92430"}, "Net Profit Margin": {"2020-09-30": "22.98200", "2020-06-30": "-20.36970", "2020-03-31": "-13.27210", "2019-12-31": "28.77670", "2019-09-30": "32.75490", "2019-06-30": "31.28670", "2019-03-31": "32.73280", "2018-12-31": "31.43380", "2018-09-30": "33.96660", "2018-06-30": "31.08190", "2018-03-31": "31.84790", "2017-12-31": "18.55300", "2017-09-30": "27.65780", "2017-06-30": "25.78210", "2017-03-31": "23.38850", "2016-12-31": "25.37810", "2016-09-30": "24.95250", "2016-06-30": "23.51150", "2016-03-31": "17.99650", "2015-12-31": "23.16430", "2015-09-30": "24.82570", "2015-06-30": "25.25680", "2015-03-31": "24.84230", "2014-12-31": "26.75350", "2014-09-30": "26.54740", "2014-06-30": "25.40920", "2014-03-31": "22.72080", "2013-12-31": "23.73040", "2013-09-30": "27.17780", "2013-06-30": "20.53670", "2013-03-31": "30.80610", "2012-12-31": "28.70460", "2012-09-30": "31.16270", "2012-06-30": "29.59180", "2012-03-31": "28.68600", "2011-12-31": "28.24200", "2011-09-30": "27.19640", "2011-06-30": "23.44150", "2011-03-31": "18.36520", "2010-12-31": "19.09300", "2010-09-30": "16.65180", "2010-06-30": "15.67840", "2010-03-31": "15.50050", "2009-12-31": "10.38210", "2009-09-30": "11.75250", "2009-06-30": "4.38980", "2009-03-31": "15.22070", "2008-12-31": "10.06180", "2008-09-30": "18.67900", "2008-06-30": "15.73990", "2008-03-31": "20.45570", "2007-12-31": "16.16680", "2007-09-30": "20.91560", "2007-06-30": "21.44590", "2007-03-31": "21.40830", "2006-12-31": "22.62790", "2006-09-30": "23.26410", "2006-06-30": "20.61980", "2006-03-31": "21.70280", "2005-12-31": "34.15810", "2005-09-30": "26.67420", "2005-06-30": "22.57520", "2005-03-31": "20.41240"}, "Asset Turnover": {"2020-09-30": "0.00620", "2020-06-30": "0.00490", "2020-03-31": "0.00400", "2019-12-31": "0.00770", "2019-09-30": "0.00780", "2019-06-30": "0.00800", "2019-03-31": "0.00870", "2018-12-31": "0.00780", "2018-09-30": "0.00900", "2018-06-30": "0.00800", "2018-03-31": "0.00890", "2017-12-31": "0.00910", "2017-09-30": "0.00830", "2017-06-30": "0.00820", "2017-03-31": "0.00820", "2016-12-31": "0.00830", "2016-09-30": "0.00730", "2016-06-30": "0.00740", "2016-03-31": "0.00620", "2015-12-31": "0.00740", "2015-09-30": "0.00750", "2015-06-30": "0.00790", "2015-03-31": "0.00760", "2014-12-31": "0.00830", "2014-09-30": "0.00910", "2014-06-30": "0.00900", "2014-03-31": "0.00940", "2013-12-31": "0.01000", "2013-09-30": "0.01060", "2013-06-30": "0.00960", "2013-03-31": "0.01070", "2012-12-31": "0.01040", "2012-09-30": "0.01060", "2012-06-30": "0.01090", "2012-03-31": "0.01100", "2011-12-31": "0.01120", "2011-09-30": "0.01040", "2011-06-30": "0.01060", "2011-03-31": "0.01070", "2010-12-31": "0.00980", "2010-09-30": "0.00900", "2010-06-30": "0.00860", "2010-03-31": "0.00880", "2009-12-31": "0.00920", "2009-09-30": "0.00850", "2009-06-30": "0.00850", "2009-03-31": "0.00790", "2008-12-31": "0.00650", "2008-09-30": "0.00830", "2008-06-30": "0.00770", "2008-03-31": "0.00890", "2007-12-31": "0.00770", "2007-09-30": "0.00970", "2007-06-30": "0.00970", "2007-03-31": "0.00930", "2006-12-31": "0.00970", "2006-09-30": "0.00970", "2006-06-30": "0.00900", "2006-03-31": "0.00960", "2005-12-31": "0.00750", "2005-09-30": "0.00970", "2005-06-30": "0.01040", "2005-03-31": "0.00980"}, "Inventory Turnover Ratio": {"2020-09-30": "", "2020-06-30": "", "2020-03-31": "", "2019-12-31": "", "2019-09-30": "", "2019-06-30": "", "2019-03-31": "", "2018-12-31": "", "2018-09-30": "", "2018-06-30": "", "2018-03-31": "", "2017-12-31": "", "2017-09-30": "", "2017-06-30": "", "2017-03-31": "", "2016-12-31": "", "2016-09-30": "", "2016-06-30": "", "2016-03-31": "", "2015-12-31": "", "2015-09-30": "", "2015-06-30": "", "2015-03-31": "", "2014-12-31": "", "2014-09-30": "", "2014-06-30": "", "2014-03-31": "", "2013-12-31": "", "2013-09-30": "", "2013-06-30": "", "2013-03-31": "", "2012-12-31": "", "2012-09-30": "", "2012-06-30": "", "2012-03-31": "", "2011-12-31": "", "2011-09-30": "", "2011-06-30": "", "2011-03-31": "", "2010-12-31": "", "2010-09-30": "", "2010-06-30": "", "2010-03-31": "", "2009-12-31": "", "2009-09-30": "", "2009-06-30": "", "2009-03-31": "", "2008-12-31": "", "2008-09-30": "", "2008-06-30": "", "2008-03-31": "", "2007-12-31": "", "2007-09-30": "", "2007-06-30": "", "2007-03-31": "", "2006-12-31": "", "2006-09-30": "", "2006-06-30": "", "2006-03-31": "", "2005-12-31": "", "2005-09-30": "", "2005-06-30": "", "2005-03-31": ""}, "Receiveable Turnover": {"2020-09-30": "", "2020-06-30": "", "2020-03-31": "", "2019-12-31": "", "2019-09-30": "", "2019-06-30": "", "2019-03-31": "", "2018-12-31": "", "2018-09-30": "", "2018-06-30": "", "2018-03-31": "", "2017-12-31": "", "2017-09-30": "", "2017-06-30": "", "2017-03-31": "", "2016-12-31": "", "2016-09-30": "", "2016-06-30": "", "2016-03-31": "", "2015-12-31": "", "2015-09-30": "", "2015-06-30": "", "2015-03-31": "", "2014-12-31": "", "2014-09-30": "", "2014-06-30": "", "2014-03-31": "", "2013-12-31": "", "2013-09-30": "", "2013-06-30": "", "2013-03-31": "", "2012-12-31": "", "2012-09-30": "", "2012-06-30": "", "2012-03-31": "", "2011-12-31": "", "2011-09-30": "", "2011-06-30": "", "2011-03-31": "", "2010-12-31": "", "2010-09-30": "", "2010-06-30": "", "2010-03-31": "", "2009-12-31": "", "2009-09-30": "", "2009-06-30": "", "2009-03-31": "", "2008-12-31": "", "2008-09-30": "", "2008-06-30": "", "2008-03-31": "", "2007-12-31": "", "2007-09-30": "", "2007-06-30": "", "2007-03-31": "", "2006-12-31": "", "2006-09-30": "", "2006-06-30": "", "2006-03-31": "", "2005-12-31": "", "2005-09-30": "", "2005-06-30": "", "2005-03-31": ""}, "Days Sales In Receivables": {"2020-09-30": "", "2020-06-30": "", "2020-03-31": "", "2019-12-31": "", "2019-09-30": "", "2019-06-30": "", "2019-03-31": "", "2018-12-31": "", "2018-09-30": "", "2018-06-30": "", "2018-03-31": "", "2017-12-31": "", "2017-09-30": "", "2017-06-30": "", "2017-03-31": "", "2016-12-31": "", "2016-09-30": "", "2016-06-30": "", "2016-03-31": "", "2015-12-31": "", "2015-09-30": "", "2015-06-30": "", "2015-03-31": "", "2014-12-31": "", "2014-09-30": "", "2014-06-30": "", "2014-03-31": "", "2013-12-31": "", "2013-09-30": "", "2013-06-30": "", "2013-03-31": "", "2012-12-31": "", "2012-09-30": "", "2012-06-30": "", "2012-03-31": "", "2011-12-31": "", "2011-09-30": "", "2011-06-30": "", "2011-03-31": "", "2010-12-31": "", "2010-09-30": "", "2010-06-30": "", "2010-03-31": "", "2009-12-31": "", "2009-09-30": "", "2009-06-30": "", "2009-03-31": "", "2008-12-31": "", "2008-09-30": "", "2008-06-30": "", "2008-03-31": "", "2007-12-31": "", "2007-09-30": "", "2007-06-30": "", "2007-03-31": "", "2006-12-31": "", "2006-09-30": "", "2006-06-30": "", "2006-03-31": "", "2005-12-31": "", "2005-09-30": "", "2005-06-30": "", "2005-03-31": ""}, "ROE - Return On Equity": {"2020-09-30": "2.15500", "2020-06-30": "-1.32760", "2020-03-31": "-0.62890", "2019-12-31": "2.79610", "2019-09-30": "3.37810", "2019-06-30": "3.08970", "2019-03-31": "3.40630", "2018-12-31": "3.05870", "2018-09-30": "3.75810", "2018-06-30": "3.25670", "2018-03-31": "3.38820", "2017-12-31": "2.17960", "2017-09-30": "2.92200", "2017-06-30": "2.61950", "2017-03-31": "2.23850", "2016-12-31": "2.60200", "2016-09-30": "2.71140", "2016-06-30": "2.53330", "2016-03-31": "1.67850", "2015-12-31": "2.35850", "2015-09-30": "2.57730", "2015-06-30": "2.70100", "2015-03-31": "2.56220", "2014-12-31": "2.83570", "2014-09-30": "3.20860", "2014-06-30": "3.00330", "2014-03-31": "2.61680", "2013-12-31": "3.20820", "2013-09-30": "3.65190", "2013-06-30": "2.72010", "2013-03-31": "3.83970", "2012-12-31": "3.75470", "2012-09-30": "4.05900", "2012-06-30": "4.35180", "2012-03-31": "4.18340", "2011-12-31": "4.17710", "2011-09-30": "3.69250", "2011-06-30": "2.96280", "2011-03-31": "2.19090", "2010-12-31": "2.28570", "2010-09-30": "1.84850", "2010-06-30": "1.57870", "2010-03-31": "1.52000", "2009-12-31": "1.33520", "2009-09-30": "1.12920", "2009-06-30": "1.39690", "2009-03-31": "1.52740", "2008-12-31": "0.90090", "2008-09-30": "1.98630", "2008-06-30": "1.84180", "2008-03-31": "2.57360", "2007-12-31": "2.21520", "2007-09-30": "3.11180", "2007-06-30": "3.10440", "2007-03-31": "2.87770", "2006-12-31": "3.04280", "2006-09-30": "3.35170", "2006-06-30": "2.81410", "2006-03-31": "3.11450", "2005-12-31": "3.53510", "2005-09-30": "3.50650", "2005-06-30": "3.19940", "2005-03-31": "2.71240"}, "Return On Tangible Equity": {"2020-09-30": "2.12540", "2020-06-30": "-1.29910", "2020-03-31": "-0.61460", "2019-12-31": "2.72720", "2019-09-30": "3.27430", "2019-06-30": "2.99010", "2019-03-31": "3.28800", "2018-12-31": "2.94710", "2018-09-30": "3.68540", "2018-06-30": "3.18630", "2018-03-31": "3.30330", "2017-12-31": "2.13220", "2017-09-30": "2.84660", "2017-06-30": "2.53160", "2017-03-31": "2.14260", "2016-12-31": "2.46680", "2016-09-30": "2.52710", "2016-06-30": "2.34720", "2016-03-31": "1.54830", "2015-12-31": "2.16780", "2015-09-30": "2.36400", "2015-06-30": "2.47260", "2015-03-31": "2.34050", "2014-12-31": "2.58500", "2014-09-30": "2.88390", "2014-06-30": "2.69120", "2014-03-31": "2.33790", "2013-12-31": "2.82410", "2013-09-30": "3.20270", "2013-06-30": "2.37560", "2013-03-31": "3.33620", "2012-12-31": "3.84610", "2012-09-30": "4.16300", "2012-06-30": "4.48480", "2012-03-31": "4.31910", "2011-12-31": "4.32070", "2011-09-30": "3.82690", "2011-06-30": "3.07620", "2011-03-31": "2.22940", "2010-12-31": "2.32750", "2010-09-30": "1.88340", "2010-06-30": "1.60890", "2010-03-31": "1.55020", "2009-12-31": "1.36290", "2009-09-30": "1.14750", "2009-06-30": "1.42020", "2009-03-31": "1.31910", "2008-12-31": "0.91910", "2008-09-30": "2.02740", "2008-06-30": "1.88830", "2008-03-31": "2.63970", "2007-12-31": "2.27580", "2007-09-30": "3.20070", "2007-06-30": "3.19840", "2007-03-31": "2.96740", "2006-12-31": "3.20710", "2006-09-30": "3.54570", "2006-06-30": "2.97850", "2006-03-31": "3.29910", "2005-12-31": "3.75530", "2005-09-30": "3.64770", "2005-06-30": "3.30240", "2005-03-31": "2.73350"}, "ROA - Return On Assets": {"2020-09-30": "0.14860", "2020-06-30": "-0.09370", "2020-03-31": "-0.04650", "2019-12-31": "0.22780", "2019-09-30": "0.26270", "2019-06-30": "0.25960", "2019-03-31": "0.29190", "2018-12-31": "0.25440", "2018-09-30": "0.31540", "2018-06-30": "0.25710", "2018-03-31": "0.29430", "2017-12-31": "0.17840", "2017-09-30": "0.24050", "2017-06-30": "0.22100", "2017-03-31": "0.20390", "2016-12-31": "0.22300", "2016-09-30": "0.19230", "2016-06-30": "0.18440", "2016-03-31": "0.12430", "2015-12-31": "0.18380", "2015-09-30": "0.19880", "2015-06-30": "0.21290", "2015-03-31": "0.20230", "2014-12-31": "0.23790", "2014-09-30": "0.25820", "2014-06-30": "0.24700", "2014-03-31": "0.23280", "2013-12-31": "0.25910", "2013-09-30": "0.31000", "2013-06-30": "0.21930", "2013-03-31": "0.33070", "2012-12-31": "0.29790", "2012-09-30": "0.32960", "2012-06-30": "0.32390", "2012-03-31": "0.31640", "2011-12-31": "0.31640", "2011-09-30": "0.28170", "2011-06-30": "0.24900", "2011-03-31": "0.19700", "2010-12-31": "0.18730", "2010-09-30": "0.15020", "2010-06-30": "0.13610", "2010-03-31": "0.13820", "2009-12-31": "0.11280", "2009-09-30": "0.10060", "2009-06-30": "0.12220", "2009-03-31": "0.12220", "2008-12-31": "0.06780", "2008-09-30": "0.15950", "2008-06-30": "0.12440", "2008-03-31": "0.18450", "2007-12-31": "0.15250", "2007-09-30": "0.21690", "2007-06-30": "0.21260", "2007-03-31": "0.19860", "2006-12-31": "0.20990", "2006-09-30": "0.23000", "2006-06-30": "0.18530", "2006-03-31": "0.21630", "2005-12-31": "0.25040", "2005-09-30": "0.25390", "2005-06-30": "0.23370", "2005-03-31": "0.20010"}, "ROI - Return On Investment": {"2020-09-30": "0.96870", "2020-06-30": "-0.58860", "2020-03-31": "-0.20600", "2019-12-31": "1.32450", "2019-09-30": "1.55820", "2019-06-30": "1.26240", "2019-03-31": "1.25950", "2018-12-31": "1.05790", "2018-09-30": "1.42080", "2018-06-30": "1.06010", "2018-03-31": "1.44810", "2017-12-31": "0.82890", "2017-09-30": "1.16140", "2017-06-30": "0.98350", "2017-03-31": "1.07840", "2016-12-31": "1.09870", "2016-09-30": "1.12730", "2016-06-30": "0.94860", "2016-03-31": "0.68930", "2015-12-31": "0.98800", "2015-09-30": "1.14570", "2015-06-30": "1.13110", "2015-03-31": "1.20140", "2014-12-31": "1.26810", "2014-09-30": "1.71520", "2014-06-30": "1.41480", "2014-03-31": "1.32420", "2013-12-31": "1.39540", "2013-09-30": "2.17210", "2013-06-30": "0.94050", "2013-03-31": "1.96390", "2012-12-31": "1.15830", "2012-09-30": "1.26390", "2012-06-30": "1.40450", "2012-03-31": "1.34680", "2011-12-31": "1.24870", "2011-09-30": "1.20330", "2011-06-30": "1.63700", "2011-03-31": "1.80420", "2010-12-31": "1.87250", "2010-09-30": "1.50800", "2010-06-30": "1.19250", "2010-03-31": "1.23050", "2009-12-31": "1.08060", "2009-09-30": "0.91120", "2009-06-30": "1.12260", "2009-03-31": "1.04630", "2008-12-31": "0.64520", "2008-09-30": "0.72260", "2008-06-30": "0.91790", "2008-03-31": "0.93840", "2007-12-31": "1.60030", "2007-09-30": "1.66380", "2007-06-30": "1.32250", "2007-03-31": "2.01210", "2006-12-31": "2.08960", "2006-09-30": "1.76880", "2006-06-30": "2.10780", "2006-03-31": "2.01180", "2005-12-31": "2.41270", "2005-09-30": "3.17490", "2005-06-30": "1.86420", "2005-03-31": "2.44070"}, "Book Value Per Share": {"2020-09-30": "55.50190", "2020-06-30": "54.22230", "2020-03-31": "55.61680", "2019-12-31": "55.65020", "2019-09-30": "54.80010", "2019-06-30": "53.05390", "2019-03-31": "51.36760", "2018-12-31": "49.80770", "2018-09-30": "48.35770", "2018-06-30": "46.72950", "2018-03-31": "45.77070", "2017-12-31": "44.37120", "2017-09-30": "43.49610", "2017-06-30": "42.35410", "2017-03-31": "41.37290", "2016-12-31": "40.59380", "2016-09-30": "37.50890", "2016-06-30": "36.66210", "2016-03-31": "35.88270", "2015-12-31": "35.39110", "2015-09-30": "34.68770", "2015-06-30": "33.93280", "2015-03-31": "33.16350", "2014-12-31": "32.45200", "2014-09-30": "30.05840", "2014-06-30": "29.29630", "2014-03-31": "28.63500", "2013-12-31": "26.71680", "2013-09-30": "26.05670", "2013-06-30": "25.32810", "2013-03-31": "24.85090", "2012-12-31": "20.53240", "2012-09-30": "19.77340", "2012-06-30": "17.85970", "2012-03-31": "17.07480", "2011-12-31": "16.36310", "2011-09-30": "15.69610", "2011-06-30": "15.10650", "2011-03-31": "14.64180", "2010-12-31": "14.29550", "2010-09-30": "14.01440", "2010-06-30": "13.97830", "2010-03-31": "13.68950", "2009-12-31": "13.40130", "2009-09-30": "13.24070", "2009-06-30": "13.00230", "2009-03-31": "15.21860", "2008-12-31": "12.53230", "2008-09-30": "12.38200", "2008-06-30": "11.79640", "2008-03-31": "11.75330", "2007-12-31": "11.21980", "2007-09-30": "10.86510", "2007-06-30": "10.34660", "2007-03-31": "10.13250", "2006-12-31": "9.75770", "2006-09-30": "9.24130", "2006-06-30": "8.68980", "2006-03-31": "8.60560", "2005-12-31": "8.39040", "2005-09-30": "8.29760", "2005-06-30": "8.06330", "2005-03-31": "7.63570"}, "Operating Cash Flow Per Share": {"2020-09-30": -1.7785, "2020-06-30": 9.3046, "2020-03-31": "35.37880", "2019-12-31": 3.7556, "2019-09-30": -28.8828, "2019-06-30": 17.101, "2019-03-31": "3.26080", "2018-12-31": -5.3597, "2018-09-30": -4.7893, "2018-06-30": -3.4772, "2018-03-31": "0.10570", "2017-12-31": -0.1867, "2017-09-30": -0.9697, "2017-06-30": 0.5659, "2017-03-31": "3.22000", "2016-12-31": -6.3453, "2016-09-30": -7.7362, "2016-06-30": -1.5633, "2016-03-31": "0.11440", "2015-12-31": -0.4914, "2015-09-30": 0.3976, "2015-06-30": 0.8082, "2015-03-31": "0.77020", "2014-12-31": 0.9286, "2014-09-30": 2.0124, "2014-06-30": -0.2478, "2014-03-31": "0.89130", "2013-12-31": 0.7411, "2013-09-30": 1.0609, "2013-06-30": 0.987, "2013-03-31": "1.79160", "2012-12-31": 18.9138, "2012-09-30": -9.4182, "2012-06-30": -3.3406, "2012-03-31": "-3.93240", "2011-12-31": 19.7317, "2011-09-30": -20.7282, "2011-06-30": -7.9621, "2011-03-31": "10.93740", "2010-12-31": 5.9508, "2010-09-30": -9.9418, "2010-06-30": -10.5332, "2010-03-31": "3.70850", "2009-12-31": -3.9244, "2009-09-30": 0.6563, "2009-06-30": -4.1323, "2009-03-31": "3.30540", "2008-12-31": -5.9417, "2008-09-30": 0.1012, "2008-06-30": -3.191, "2008-03-31": "-2.22380", "2007-12-31": -2.0461, "2007-09-30": 2.351, "2007-06-30": 1.667, "2007-03-31": "0.66540", "2006-12-31": -2.0215, "2006-09-30": -0.1834, "2006-06-30": -0.8346, "2006-03-31": "-0.68320", "2005-12-31": 0.4332, "2005-09-30": 0.7062, "2005-06-30": -1.5581, "2005-03-31": "1.99390"}, "Free Cash Flow Per Share": {"2020-09-30": -1.7855, "2020-06-30": 9.2781, "2020-03-31": "35.35880", "2019-12-31": 3.7238, "2019-09-30": -29.0074, "2019-06-30": 16.9796, "2019-03-31": "3.20830", "2018-12-31": -5.3997, "2018-09-30": -4.7975, "2018-06-30": -3.493, "2018-03-31": "0.01750", "2017-12-31": -0.2505, "2017-09-30": -1.0664, "2017-06-30": 0.5341, "2017-03-31": "3.16830", "2016-12-31": -6.3589, "2016-09-30": -7.744, "2016-06-30": -1.5699, "2016-03-31": "0.09590", "2015-12-31": -0.5196, "2015-09-30": 0.3741, "2015-06-30": 0.7461, "2015-03-31": "0.77560", "2014-12-31": 0.7788, "2014-09-30": 1.9458, "2014-06-30": -0.3622, "2014-03-31": "0.86450", "2013-12-31": 0.7363, "2013-09-30": 1.0243, "2013-06-30": 0.9491, "2013-03-31": "1.77450", "2012-12-31": 18.8872, "2012-09-30": -9.419, "2012-06-30": -3.3786, "2012-03-31": "-3.95510", "2011-12-31": 19.7121, "2011-09-30": -20.737, "2011-06-30": -7.9955, "2011-03-31": "10.91350", "2010-12-31": 5.9496, "2010-09-30": -10.003, "2010-06-30": -10.5619, "2010-03-31": "3.69700", "2009-12-31": -3.9449, "2009-09-30": 0.6446, "2009-06-30": -4.206, "2009-03-31": "3.27900", "2008-12-31": -6.0876, "2008-09-30": 0.0654, "2008-06-30": -3.2074, "2008-03-31": "-2.23310", "2007-12-31": -1.5597, "2007-09-30": 1.9575, "2007-06-30": 1.6139, "2007-03-31": "0.55820", "2006-12-31": -1.5157, "2006-09-30": -0.453, "2006-06-30": -1.1255, "2006-03-31": "-0.70770", "2005-12-31": 0.3577, "2005-09-30": 0.6772, "2005-06-30": -1.5686, "2005-03-31": "1.97810"}}, "revenue": {"Texas Capital Bancshares Annual Revenue (Millions of US $)": {"2019": "$1,458", "2018": "$1,242", "2017": "$954", "2016": "$764", "2015": "$651", "2014": "$557", "2013": "$489", "2012": "$441", "2011": "$354", "2010": "$312", "2009": "$272", "2008": "$271", "2007": "$310", "2006": "$254", "2005": "$171"}, "Texas Capital Bancshares Quarterly Revenue (Millions of US $)": {"2020-09-30": "$304", "2020-06-30": "$323", "2020-03-31": "$318", "2019-12-31": "$356", "2019-09-30": "$375", "2019-06-30": "$371", "2019-03-31": "$356", "2018-12-31": "$337", "2018-09-30": "$327", "2018-06-30": "$304", "2018-03-31": "$274", "2017-12-31": "$269", "2017-09-30": "$257", "2017-06-30": "$227", "2017-03-31": "$201", "2016-12-31": "$208", "2016-09-30": "$199", "2016-06-30": "$186", "2016-03-31": "$171", "2015-12-31": "$166", "2015-09-30": "$165", "2015-06-30": "$166", "2015-03-31": "$153", "2014-12-31": "$149", "2014-09-30": "$146", "2014-06-30": "$135", "2014-03-31": "$127", "2013-12-31": "$129", "2013-09-30": "$126", "2013-06-30": "$118", "2013-03-31": "$115", "2012-12-31": "$121", "2012-09-30": "$113", "2012-06-30": "$106", "2012-03-31": "$102", "2011-12-31": "$102", "2011-09-30": "$91", "2011-06-30": "$83", "2011-03-31": "$78", "2010-12-31": "$85", "2010-09-30": "$81", "2010-06-30": "$76", "2010-03-31": "$71", "2009-12-31": "$73", "2009-09-30": "$69", "2009-06-30": "$67", "2009-03-31": "$63", "2008-12-31": "$65", "2008-09-30": "$67", "2008-06-30": "$67", "2008-03-31": "$72", "2007-12-31": "$79", "2007-09-30": "$81", "2007-06-30": "$78", "2007-03-31": "$72", "2006-12-31": "$71", "2006-09-30": "$67", "2006-06-30": "$61", "2006-03-31": "$54", "2005-12-31": "$43", "2005-09-30": "$46", "2005-06-30": "$44", "2005-03-31": "$38"}}, "gross-profit": {"Texas Capital Bancshares Annual Gross Profit (Millions of US $)": {"2019": "$1,072", "2018": "$993", "2017": "$836", "2016": "$701", "2015": "$604", "2014": "$519", "2013": "$464", "2012": "$420", "2011": "$335", "2010": "$274", "2009": "$226", "2008": "$174", "2007": "$160", "2006": "$135", "2005": "$106"}, "Texas Capital Bancshares Quarterly Gross Profit (Millions of US $)": {"2020-09-30": "$268", "2020-06-30": "$280", "2020-03-31": "$240", "2019-12-31": "$266", "2019-09-30": "$272", "2019-06-30": "$268", "2019-03-31": "$266", "2018-12-31": "$256", "2018-09-30": "$258", "2018-06-30": "$249", "2018-03-31": "$230", "2017-12-31": "$230", "2017-09-30": "$223", "2017-06-30": "$202", "2017-03-31": "$180", "2016-12-31": "$190", "2016-09-30": "$183", "2016-06-30": "$171", "2016-03-31": "$156", "2015-12-31": "$154", "2015-09-30": "$153", "2015-06-30": "$155", "2015-03-31": "$142", "2014-12-31": "$139", "2014-09-30": "$136", "2014-06-30": "$126", "2014-03-31": "$119", "2013-12-31": "$123", "2013-09-30": "$119", "2013-06-30": "$112", "2013-03-31": "$109", "2012-12-31": "$114", "2012-09-30": "$107", "2012-06-30": "$101", "2012-03-31": "$97", "2011-12-31": "$97", "2011-09-30": "$87", "2011-06-30": "$79", "2011-03-31": "$72", "2010-12-31": "$75", "2010-09-30": "$71", "2010-06-30": "$66", "2010-03-31": "$62", "2009-12-31": "$63", "2009-09-30": "$59", "2009-06-30": "$56", "2009-03-31": "$48", "2008-12-31": "$45", "2008-09-30": "$43", "2008-06-30": "$44", "2008-03-31": "$42", "2007-12-31": "$42", "2007-09-30": "$41", "2007-06-30": "$40", "2007-03-31": "$37", "2006-12-31": "$37", "2006-09-30": "$35", "2006-06-30": "$33", "2006-03-31": "$31", "2005-12-31": "$23", "2005-09-30": "$28", "2005-06-30": "$29", "2005-03-31": "$26"}}, "operating-income": {"Texas Capital Bancshares Annual Operating Income (Millions of US $)": {"2019": "$407", "2018": "$381", "2017": "$326", "2016": "$241", "2015": "$224", "2014": "$212", "2013": "$188", "2012": "$189", "2011": "$118", "2010": "$57", "2009": "$37", "2008": "$38", "2007": "$48", "2006": "$44", "2005": "$41"}, "Texas Capital Bancshares Quarterly Operating Income (Millions of US $)": {"2020-09-30": "$72", "2020-06-30": "$-31", "2020-03-31": "$-14", "2019-12-31": "$91", "2019-09-30": "$112", "2019-06-30": "$99", "2019-03-31": "$105", "2018-12-31": "$91", "2018-09-30": "$109", "2018-06-30": "$90", "2018-03-31": "$91", "2017-12-31": "$95", "2017-09-30": "$89", "2017-06-30": "$77", "2017-03-31": "$65", "2016-12-31": "$75", "2016-09-30": "$67", "2016-06-30": "$61", "2016-03-31": "$39", "2015-12-31": "$52", "2015-09-30": "$58", "2015-06-30": "$59", "2015-03-31": "$55", "2014-12-31": "$58", "2014-09-30": "$58", "2014-06-30": "$52", "2014-03-31": "$44", "2013-12-31": "$47", "2013-09-30": "$52", "2013-06-30": "$37", "2013-03-31": "$52", "2012-12-31": "$49", "2012-09-30": "$51", "2012-06-30": "$46", "2012-03-31": "$42", "2011-12-31": "$40", "2011-09-30": "$34", "2011-06-30": "$26", "2011-03-31": "$18", "2010-12-31": "$16", "2010-09-30": "$15", "2010-06-30": "$12", "2010-03-31": "$11", "2009-12-31": "$10", "2009-09-30": "$8", "2009-06-30": "$10", "2009-03-31": "$9", "2008-12-31": "$5", "2008-09-30": "$11", "2008-06-30": "$9", "2008-03-31": "$12", "2007-12-31": "$11", "2007-09-30": "$14", "2007-06-30": "$13", "2007-03-31": "$12", "2006-12-31": "$12", "2006-09-30": "$12", "2006-06-30": "$10", "2006-03-31": "$10", "2005-12-31": "$12", "2005-09-30": "$11", "2005-06-30": "$10", "2005-03-31": "$8"}}, "ebitda": {"Texas Capital Bancshares Annual EBITDA (Millions of US $)": {"2019": "$", "2018": "$", "2017": "$", "2016": "$", "2015": "$", "2014": "$", "2013": "$", "2012": "$", "2011": "$", "2010": "$", "2009": "$", "2008": "$", "2007": "$", "2006": "$", "2005": "$"}, "Texas Capital Bancshares Quarterly EBITDA (Millions of US $)": {"2020-09-30": "", "2020-06-30": "", "2020-03-31": "", "2019-12-31": "", "2019-09-30": "", "2019-06-30": "", "2019-03-31": "", "2018-12-31": "", "2018-09-30": "", "2018-06-30": "", "2018-03-31": "", "2017-12-31": "", "2017-09-30": "", "2017-06-30": "", "2017-03-31": "", "2016-12-31": "", "2016-09-30": "", "2016-06-30": "", "2016-03-31": "", "2015-12-31": "", "2015-09-30": "", "2015-06-30": "", "2015-03-31": "", "2014-12-31": "", "2014-09-30": "", "2014-06-30": "", "2014-03-31": "", "2013-12-31": "", "2013-09-30": "", "2013-06-30": "", "2013-03-31": "", "2012-12-31": "", "2012-09-30": "", "2012-06-30": "", "2012-03-31": "", "2011-12-31": "", "2011-09-30": "", "2011-06-30": "", "2011-03-31": "", "2010-12-31": "", "2010-09-30": "", "2010-06-30": "", "2010-03-31": "", "2009-12-31": "", "2009-09-30": "", "2009-06-30": "", "2009-03-31": "", "2008-12-31": "", "2008-09-30": "", "2008-06-30": "", "2008-03-31": "", "2007-12-31": "", "2007-09-30": "", "2007-06-30": "", "2007-03-31": "", "2006-12-31": "", "2006-09-30": "", "2006-06-30": "", "2006-03-31": "", "2005-12-31": "", "2005-09-30": "", "2005-06-30": "", "2005-03-31": ""}}, "net-income": {"Texas Capital Bancshares Annual Net Income (Millions of US $)": {"2019": "$313", "2018": "$291", "2017": "$187", "2016": "$145", "2015": "$135", "2014": "$127", "2013": "$114", "2012": "$121", "2011": "$76", "2010": "$37", "2009": "$19", "2008": "$24", "2007": "$29", "2006": "$29", "2005": "$27"}, "Texas Capital Bancshares Quarterly Net Income (Millions of US $)": {"2020-09-30": "$55", "2020-06-30": "$-37", "2020-03-31": "$-19", "2019-12-31": "$72", "2019-09-30": "$86", "2019-06-30": "$75", "2019-03-31": "$80", "2018-12-31": "$69", "2018-09-30": "$83", "2018-06-30": "$69", "2018-03-31": "$70", "2017-12-31": "$42", "2017-09-30": "$56", "2017-06-30": "$49", "2017-03-31": "$40", "2016-12-31": "$46", "2016-09-30": "$40", "2016-06-30": "$36", "2016-03-31": "$23", "2015-12-31": "$32", "2015-09-30": "$35", "2015-06-30": "$36", "2015-03-31": "$33", "2014-12-31": "$35", "2014-09-30": "$34", "2014-06-30": "$31", "2014-03-31": "$26", "2013-12-31": "$28", "2013-09-30": "$31", "2013-06-30": "$22", "2013-03-31": "$33", "2012-12-31": "$31", "2012-09-30": "$33", "2012-06-30": "$30", "2012-03-31": "$27", "2011-12-31": "$26", "2011-09-30": "$22", "2011-06-30": "$17", "2011-03-31": "$12", "2010-12-31": "$12", "2010-09-30": "$10", "2010-06-30": "$8", "2010-03-31": "$8", "2009-12-31": "$5", "2009-09-30": "$5", "2009-06-30": "$2", "2009-03-31": "$6", "2008-12-31": "$3", "2008-09-30": "$7", "2008-06-30": "$6", "2008-03-31": "$8", "2007-12-31": "$5", "2007-09-30": "$8", "2007-06-30": "$8", "2007-03-31": "$8", "2006-12-31": "$8", "2006-09-30": "$8", "2006-06-30": "$6", "2006-03-31": "$7", "2005-12-31": "$8", "2005-09-30": "$8", "2005-06-30": "$7", "2005-03-31": "$5"}}, "eps-earnings-per-share-diluted": {"Texas Capital Bancshares Annual EPS": {"2019": "$6.21", "2018": "$5.79", "2017": "$3.73", "2016": "$3.11", "2015": "$2.91", "2014": "$2.88", "2013": "$2.72", "2012": "$3.00", "2011": "$1.98", "2010": "$1.00", "2009": "$0.55", "2008": "$0.87", "2007": "$1.10", "2006": "$1.09", "2005": "$1.02"}, "Texas Capital Bancshares Quarterly EPS": {"2020-09-30": "$1.08", "2020-06-30": "$-0.73", "2020-03-31": "$-0.38", "2019-12-31": "$1.41", "2019-09-30": "$1.70", "2019-06-30": "$1.50", "2019-03-31": "$1.60", "2018-12-31": "$1.38", "2018-09-30": "$1.65", "2018-06-30": "$1.38", "2018-03-31": "$1.38", "2017-12-31": "$0.84", "2017-09-30": "$1.12", "2017-06-30": "$0.97", "2017-03-31": "$0.80", "2016-12-31": "$0.97", "2016-09-30": "$0.87", "2016-06-30": "$0.78", "2016-03-31": "$0.49", "2015-12-31": "$0.70", "2015-09-30": "$0.75", "2015-06-30": "$0.76", "2015-03-31": "$0.70", "2014-12-31": "$0.79", "2014-09-30": "$0.78", "2014-06-30": "$0.71", "2014-03-31": "$0.60", "2013-12-31": "$0.66", "2013-09-30": "$0.74", "2013-06-30": "$0.52", "2013-03-31": "$0.80", "2012-12-31": "$0.74", "2012-09-30": "$0.80", "2012-06-30": "$0.76", "2012-03-31": "$0.70", "2011-12-31": "$0.68", "2011-09-30": "$0.56", "2011-06-30": "$0.43", "2011-03-31": "$0.31", "2010-12-31": "$0.32", "2010-09-30": "$0.25", "2010-06-30": "$0.22", "2010-03-31": "$0.21", "2009-12-31": "$0.18", "2009-09-30": "$0.15", "2009-06-30": "$0.06", "2009-03-31": "$0.16", "2008-12-31": "$0.10", "2008-09-30": "$0.26", "2008-06-30": "$0.21", "2008-03-31": "$0.30", "2007-12-31": "$0.19", "2007-09-30": "$0.31", "2007-06-30": "$0.31", "2007-03-31": "$0.29", "2006-12-31": "$0.30", "2006-09-30": "$0.30", "2006-06-30": "$0.24", "2006-03-31": "$0.25", "2005-12-31": "$0.29", "2005-09-30": "$0.28", "2005-06-30": "$0.25", "2005-03-31": "$0.20"}}, "shares-outstanding": {"Texas Capital Bancshares Annual Shares Outstanding (Millions of Shares)": {"2019": "50", "2018": "50", "2017": "50", "2016": "47", "2015": "46", "2014": "44", "2013": "42", "2012": "40", "2011": "38", "2010": "37", "2009": "34", "2008": "28", "2007": "27", "2006": "26", "2005": "27"}, "Texas Capital Bancshares Quarterly Shares Outstanding (Millions of Shares)": {"2020-09-30": "51", "2020-06-30": "50", "2020-03-31": "50", "2019-12-31": "50", "2019-09-30": "50", "2019-06-30": "50", "2019-03-31": "50", "2018-12-31": "50", "2018-09-30": "50", "2018-06-30": "50", "2018-03-31": "50", "2017-12-31": "50", "2017-09-30": "50", "2017-06-30": "50", "2017-03-31": "50", "2016-12-31": "47", "2016-09-30": "47", "2016-06-30": "46", "2016-03-31": "46", "2015-12-31": "46", "2015-09-30": "46", "2015-06-30": "46", "2015-03-31": "46", "2014-12-31": "44", "2014-09-30": "44", "2014-06-30": "44", "2014-03-31": "43", "2013-12-31": "42", "2013-09-30": "42", "2013-06-30": "42", "2013-03-31": "41", "2012-12-31": "40", "2012-09-30": "41", "2012-06-30": "39", "2012-03-31": "39", "2011-12-31": "38", "2011-09-30": "38", "2011-06-30": "38", "2011-03-31": "38", "2010-12-31": "37", "2010-09-30": "38", "2010-06-30": "37", "2010-03-31": "37", "2009-12-31": "34", "2009-09-30": "36", "2009-06-30": "34", "2009-03-31": "31", "2008-12-31": "28", "2008-09-30": "28", "2008-06-30": "27", "2008-03-31": "27", "2007-12-31": "27", "2007-09-30": "27", "2007-06-30": "27", "2007-03-31": "26", "2006-12-31": "26", "2006-09-30": "26", "2006-06-30": "27", "2006-03-31": "27", "2005-12-31": "27", "2005-09-30": "27", "2005-06-30": "27", "2005-03-31": "27"}}, "total-assets": {"Texas Capital Bancshares Annual Total Assets (Millions of US $)": {"2019": "$32,548", "2018": "$28,258", "2017": "$25,076", "2016": "$21,697", "2015": "$18,904", "2014": "$15,906", "2013": "$11,720", "2012": "$10,541", "2011": "$8,138", "2010": "$6,446", "2009": "$5,699", "2008": "$5,142", "2007": "$4,287", "2006": "$3,675", "2005": "$3,042"}, "Texas Capital Bancshares Quarterly Total Assets (Millions of US $)": {"2020-09-30": "$38,433", "2020-06-30": "$36,613", "2020-03-31": "$35,879", "2019-12-31": "$32,548", "2019-09-30": "$33,526", "2019-06-30": "$29,970", "2019-03-31": "$28,383", "2018-12-31": "$28,258", "2018-09-30": "$27,127", "2018-06-30": "$27,782", "2018-03-31": "$24,449", "2017-12-31": "$25,076", "2017-09-30": "$24,401", "2017-06-30": "$23,120", "2017-03-31": "$20,865", "2016-12-31": "$21,697", "2016-09-30": "$22,216", "2016-06-30": "$21,081", "2016-03-31": "$20,211", "2015-12-31": "$18,904", "2015-09-30": "$18,666", "2015-06-30": "$17,817", "2015-03-31": "$17,325", "2014-12-31": "$15,906", "2014-09-30": "$14,267", "2014-06-30": "$13,533", "2014-03-31": "$12,144", "2013-12-31": "$11,720", "2013-09-30": "$10,798", "2013-06-30": "$10,978", "2013-03-31": "$10,021", "2012-12-31": "$10,541", "2012-09-30": "$9,882", "2012-06-30": "$9,145", "2012-03-31": "$8,560", "2011-12-31": "$8,138", "2011-09-30": "$7,706", "2011-06-30": "$6,710", "2011-03-31": "$6,062", "2010-12-31": "$6,446", "2010-09-30": "$6,345", "2010-06-30": "$5,962", "2010-03-31": "$5,500", "2009-12-31": "$5,699", "2009-09-30": "$5,318", "2009-06-30": "$5,304", "2009-03-31": "$5,011", "2008-12-31": "$5,142", "2008-09-30": "$4,743", "2008-06-30": "$4,663", "2008-03-31": "$4,352", "2007-12-31": "$4,287", "2007-09-30": "$4,078", "2007-06-30": "$3,945", "2007-03-31": "$3,820", "2006-12-31": "$3,675", "2006-09-30": "$3,494", "2006-06-30": "$3,412", "2006-03-31": "$3,193", "2005-12-31": "$3,042", "2005-09-30": "$2,933", "2005-06-30": "$2,818", "2005-03-31": "$2,637"}}, "cash-on-hand": {"Texas Capital Bancshares Annual Cash on Hand (Millions of US $)": {"2019": "$4,426", "2018": "$3,080", "2017": "$2,906", "2016": "$2,839", "2015": "$1,791", "2014": "$1,331", "2013": "$154", "2012": "$206", "2011": "$111", "2010": "$180", "2009": "$125", "2008": "$82", "2007": "$89", "2006": "$94", "2005": "$138"}, "Texas Capital Bancshares Quarterly Cash on Hand (Millions of US $)": {"2020-09-30": "$10,647", "2020-06-30": "$9,717", "2020-03-31": "$9,661", "2019-12-31": "$4,426", "2019-09-30": "$5,209", "2019-06-30": "$3,645", "2019-03-31": "$2,331", "2018-12-31": "$3,080", "2018-09-30": "$2,785", "2018-06-30": "$3,463", "2018-03-31": "$2,451", "2017-12-31": "$2,906", "2017-09-30": "$2,501", "2017-06-30": "$2,270", "2017-03-31": "$2,921", "2016-12-31": "$2,839", "2016-09-30": "$3,588", "2016-06-30": "$2,723", "2016-03-31": "$2,734", "2015-12-31": "$1,791", "2015-09-30": "$2,447", "2015-06-30": "$1,455", "2015-03-31": "$835", "2014-12-31": "$1,331", "2014-09-30": "$530", "2014-06-30": "$357", "2014-03-31": "$258", "2013-12-31": "$154", "2013-09-30": "$195", "2013-06-30": "$319", "2013-03-31": "$191", "2012-12-31": "$206", "2012-09-30": "$149", "2012-06-30": "$143", "2012-03-31": "$149", "2011-12-31": "$111", "2011-09-30": "$121", "2011-06-30": "$89", "2011-03-31": "$224", "2010-12-31": "$180", "2010-09-30": "$104", "2010-06-30": "$121", "2010-03-31": "$80", "2009-12-31": "$125", "2009-09-30": "$61", "2009-06-30": "$80", "2009-03-31": "$71", "2008-12-31": "$82", "2008-09-30": "$68", "2008-06-30": "$115", "2008-03-31": "$79", "2007-12-31": "$89", "2007-09-30": "$76", "2007-06-30": "$84", "2007-03-31": "$107", "2006-12-31": "$94", "2006-09-30": "$113", "2006-06-30": "$164", "2006-03-31": "$108", "2005-12-31": "$138", "2005-09-30": "$144", "2005-06-30": "$113", "2005-03-31": "$87"}}, "long-term-debt": {"Texas Capital Bancshares Annual Long Term Debt (Millions of US $)": {"2019": "$2,796", "2018": "$4,295", "2017": "$3,195", "2016": "$2,394", "2015": "$1,894", "2014": "$1,499", "2013": "$1,079", "2012": "$1,874", "2011": "$1,445", "2010": "$117", "2009": "$113", "2008": "$153", "2007": "$113", "2006": "$116", "2005": "$100"}, "Texas Capital Bancshares Quarterly Long Term Debt (Millions of US $)": {"2020-09-30": "$3,096", "2020-06-30": "$3,096", "2020-03-31": "$5,296", "2019-12-31": "$2,796", "2019-09-30": "$2,895", "2019-06-30": "$3,495", "2019-03-31": "$3,995", "2018-12-31": "$4,295", "2018-09-30": "$3,595", "2018-06-30": "$4,395", "2018-03-31": "$2,695", "2017-12-31": "$3,195", "2017-09-30": "$2,895", "2017-06-30": "$3,095", "2017-03-31": "$1,895", "2016-12-31": "$2,394", "2016-09-30": "$2,064", "2016-06-30": "$2,414", "2016-03-31": "$1,998", "2015-12-31": "$1,894", "2015-09-30": "$1,649", "2015-06-30": "$1,799", "2015-03-31": "$1,399", "2014-12-31": "$1,499", "2014-09-30": "$849", "2014-06-30": "$1,099", "2014-03-31": "$904", "2013-12-31": "$1,079", "2013-09-30": "$474", "2013-06-30": "$1,524", "2013-03-31": "$674", "2012-12-31": "$1,874", "2012-09-30": "$1,774", "2012-06-30": "$1,428", "2012-03-31": "$1,363", "2011-12-31": "$1,445", "2011-09-30": "$1,216", "2011-06-30": "$457", "2011-03-31": "$117", "2010-12-31": "$117", "2010-09-30": "$116", "2010-06-30": "$167", "2010-03-31": "$118", "2009-12-31": "$113", "2009-09-30": "$113", "2009-06-30": "$113", "2009-03-31": "$113", "2008-12-31": "$153", "2008-09-30": "$666", "2008-06-30": "$317", "2008-03-31": "$544", "2007-12-31": "$113", "2007-09-30": "$247", "2007-06-30": "$364", "2007-03-31": "$113", "2006-12-31": "$116", "2006-09-30": "$215", "2006-06-30": "$75", "2006-03-31": "$122", "2005-12-31": "$100", "2005-09-30": "$22", "2005-06-30": "$147", "2005-03-31": "$22"}}, "total-liabilities": {"Texas Capital Bancshares Annual Total Liabilities (Millions of US $)": {"2019": "$29,716", "2018": "$25,757", "2017": "$22,873", "2016": "$19,688", "2015": "$17,280", "2014": "$14,422", "2013": "$10,624", "2012": "$9,705", "2011": "$7,521", "2010": "$5,918", "2009": "$5,218", "2008": "$4,755", "2007": "$3,992", "2006": "$3,422", "2005": "$2,827"}, "Texas Capital Bancshares Quarterly Total Liabilities (Millions of US $)": {"2020-09-30": "$35,632", "2020-06-30": "$33,878", "2020-03-31": "$33,076", "2019-12-31": "$29,747", "2019-09-30": "$30,769", "2019-06-30": "$27,302", "2019-03-31": "$25,801", "2018-12-31": "$25,757", "2018-09-30": "$24,701", "2018-06-30": "$25,438", "2018-03-31": "$22,176", "2017-12-31": "$22,873", "2017-09-30": "$22,243", "2017-06-30": "$21,019", "2017-03-31": "$18,814", "2016-12-31": "$19,688", "2016-09-30": "$20,491", "2016-06-30": "$19,396", "2016-03-31": "$18,564", "2015-12-31": "$17,280", "2015-09-30": "$17,076", "2015-06-30": "$16,263", "2015-03-31": "$15,808", "2014-12-31": "$14,422", "2014-09-30": "$12,969", "2014-06-30": "$12,270", "2014-03-31": "$10,913", "2013-12-31": "$10,624", "2013-09-30": "$9,731", "2013-06-30": "$9,943", "2013-03-31": "$9,008", "2012-12-31": "$9,705", "2012-09-30": "$9,079", "2012-06-30": "$8,464", "2012-03-31": "$7,913", "2011-12-31": "$7,521", "2011-09-30": "$7,118", "2011-06-30": "$6,146", "2011-03-31": "$5,517", "2010-12-31": "$5,918", "2010-09-30": "$5,830", "2010-06-30": "$5,448", "2010-03-31": "$5,000", "2009-12-31": "$5,218", "2009-09-30": "$4,844", "2009-06-30": "$4,840", "2009-03-31": "$4,539", "2008-12-31": "$4,755", "2008-09-30": "$4,362", "2008-06-30": "$4,348", "2008-03-31": "$4,040", "2007-12-31": "$3,992", "2007-09-30": "$3,794", "2007-06-30": "$3,675", "2007-03-31": "$3,556", "2006-12-31": "$3,422", "2006-09-30": "$3,254", "2006-06-30": "$3,188", "2006-03-31": "$2,971", "2005-12-31": "$2,827", "2005-09-30": "$2,720", "2005-06-30": "$2,612", "2005-03-31": "$2,442"}}, "total-share-holder-equity": {"Texas Capital Bancshares Annual Share Holder Equity (Millions of US $)": {"2019": "$2,832", "2018": "$2,500", "2017": "$2,203", "2016": "$2,010", "2015": "$1,624", "2014": "$1,484", "2013": "$1,096", "2012": "$836", "2011": "$616", "2010": "$528", "2009": "$481", "2008": "$387", "2007": "$295", "2006": "$254", "2005": "$216"}, "Texas Capital Bancshares Quarterly Share Holder Equity (Millions of US $)": {"2020-09-30": "$2,800", "2020-06-30": "$2,735", "2020-03-31": "$2,804", "2019-12-31": "$2,801", "2019-09-30": "$2,757", "2019-06-30": "$2,668", "2019-03-31": "$2,582", "2018-12-31": "$2,500", "2018-09-30": "$2,426", "2018-06-30": "$2,344", "2018-03-31": "$2,273", "2017-12-31": "$2,203", "2017-09-30": "$2,158", "2017-06-30": "$2,101", "2017-03-31": "$2,050", "2016-12-31": "$2,010", "2016-09-30": "$1,726", "2016-06-30": "$1,685", "2016-03-31": "$1,647", "2015-12-31": "$1,624", "2015-09-30": "$1,590", "2015-06-30": "$1,555", "2015-03-31": "$1,518", "2014-12-31": "$1,484", "2014-09-30": "$1,298", "2014-06-30": "$1,263", "2014-03-31": "$1,230", "2013-12-31": "$1,096", "2013-09-30": "$1,067", "2013-06-30": "$1,035", "2013-03-31": "$1,013", "2012-12-31": "$836", "2012-09-30": "$802", "2012-06-30": "$681", "2012-03-31": "$647", "2011-12-31": "$616", "2011-09-30": "$588", "2011-06-30": "$564", "2011-03-31": "$545", "2010-12-31": "$528", "2010-09-30": "$516", "2010-06-30": "$514", "2010-03-31": "$500", "2009-12-31": "$481", "2009-09-30": "$474", "2009-06-30": "$464", "2009-03-31": "$472", "2008-12-31": "$387", "2008-09-30": "$381", "2008-06-30": "$315", "2008-03-31": "$312", "2007-12-31": "$295", "2007-09-30": "$284", "2007-06-30": "$270", "2007-03-31": "$264", "2006-12-31": "$254", "2006-09-30": "$240", "2006-06-30": "$225", "2006-03-31": "$222", "2005-12-31": "$216", "2005-09-30": "$212", "2005-06-30": "$206", "2005-03-31": "$195"}}, "profit-margins": {"current": "5.34%"}, "gross margin": {"2020-09-30": "81.01%", "2020-06-30": "77.11%", "2020-03-31": "73.66%", "2019-12-31": "73.53%", "2019-09-30": "73.80%", "2019-06-30": "75.34%", "2019-03-31": "77.72%", "2018-12-31": "79.95%", "2018-09-30": "82.37%", "2018-06-30": "84.42%", "2018-03-31": "86.17%", "2017-12-31": "87.53%", "2017-09-30": "89.03%", "2017-06-30": "90.42%", "2017-03-31": "91.18%", "2016-12-31": "91.62%", "2016-09-30": "91.97%", "2016-06-30": "92.15%", "2016-03-31": "92.51%", "2015-12-31": "92.92%", "2015-09-30": "93.05%", "2015-06-30": "93.16%", "2015-03-31": "93.14%", "2014-12-31": "93.36%", "2014-09-30": "93.85%", "2014-06-30": "94.20%", "2014-03-31": "94.60%", "2013-12-31": "94.88%", "2013-09-30": "94.58%", "2013-06-30": "94.65%", "2013-03-31": "94.73%", "2012-12-31": "94.80%", "2012-09-30": "95.04%", "2012-06-30": "95.26%", "2012-03-31": "95.24%", "2011-12-31": "94.63%", "2011-09-30": "92.88%", "2011-06-30": "90.83%", "2011-03-31": "88.75%", "2010-12-31": "87.54%", "2010-09-30": "87.04%", "2010-06-30": "86.51%", "2010-03-31": "85.71%", "2009-12-31": "83.09%", "2009-09-30": "78.79%", "2009-06-30": "73.28%", "2009-03-31": "68.70%", "2008-12-31": "64.21%", "2008-09-30": "60.00%", "2008-06-30": "56.52%", "2008-03-31": "53.23%", "2007-12-31": "51.61%", "2007-09-30": "51.32%", "2007-06-30": "51.74%", "2007-03-31": "52.40%", "2006-12-31": "53.75%", "2006-09-30": "54.22%", "2006-06-30": "56.37%", "2006-03-31": "59.36%", "2005-12-31": "61.99%"}, "operating margin": {"2020-09-30": "9.07%", "2020-06-30": "11.52%", "2020-03-31": "20.28%", "2019-12-31": "27.91%", "2019-09-30": "28.28%", "2019-06-30": "29.04%", "2019-03-31": "29.83%", "2018-12-31": "30.68%", "2018-09-30": "32.79%", "2018-06-30": "33.06%", "2018-03-31": "34.27%", "2017-12-31": "34.17%", "2017-09-30": "34.27%", "2017-06-30": "34.01%", "2017-03-31": "33.75%", "2016-12-31": "31.68%", "2016-09-30": "30.33%", "2016-06-30": "30.52%", "2016-03-31": "31.14%", "2015-12-31": "34.46%", "2015-09-30": "36.33%", "2015-06-30": "37.46%", "2015-03-31": "38.25%", "2014-12-31": "38.06%", "2014-09-30": "37.43%", "2014-06-30": "37.72%", "2014-03-31": "36.00%", "2013-12-31": "38.52%", "2013-09-30": "39.58%", "2013-06-30": "40.47%", "2013-03-31": "43.52%", "2012-12-31": "42.53%", "2012-09-30": "42.32%", "2012-06-30": "40.40%", "2012-03-31": "37.57%", "2011-12-31": "33.33%", "2011-09-30": "27.89%", "2011-06-30": "22.94%", "2011-03-31": "19.06%", "2010-12-31": "17.25%", "2010-09-30": "15.95%", "2010-06-30": "14.19%", "2010-03-31": "13.93%", "2009-12-31": "13.60%", "2009-09-30": "12.12%", "2009-06-30": "13.36%", "2009-03-31": "12.98%", "2008-12-31": "13.65%", "2008-09-30": "15.09%", "2008-06-30": "15.38%", "2008-03-31": "16.13%", "2007-12-31": "16.13%", "2007-09-30": "16.89%", "2007-06-30": "17.01%", "2007-03-31": "16.97%", "2006-12-31": "17.39%", "2006-09-30": "19.56%", "2006-06-30": "21.08%", "2006-03-31": "22.99%", "2005-12-31": "23.98%"}, "ebitda margin": {"2020-09-30": "0.00%", "2020-06-30": "0.00%", "2020-03-31": "0.00%", "2019-12-31": "0.00%", "2019-09-30": "0.00%", "2019-06-30": "0.00%", "2019-03-31": "0.00%", "2018-12-31": "0.00%", "2018-09-30": "0.00%", "2018-06-30": "0.00%", "2018-03-31": "0.00%", "2017-12-31": "0.00%", "2017-09-30": "0.00%", "2017-06-30": "0.00%", "2017-03-31": "0.00%", "2016-12-31": "0.00%", "2016-09-30": "0.00%", "2016-06-30": "0.00%", "2016-03-31": "0.00%", "2015-12-31": "0.00%", "2015-09-30": "0.00%", "2015-06-30": "0.00%", "2015-03-31": "0.00%", "2014-12-31": "0.00%", "2014-09-30": "0.00%", "2014-06-30": "0.00%", "2014-03-31": "0.00%", "2013-12-31": "0.00%", "2013-09-30": "0.00%", "2013-06-30": "0.00%", "2013-03-31": "0.00%", "2012-12-31": "0.00%", "2012-09-30": "0.00%", "2012-06-30": "0.00%", "2012-03-31": "0.00%", "2011-12-31": "0.00%", "2011-09-30": "0.00%", "2011-06-30": "0.00%", "2011-03-31": "0.00%", "2010-12-31": "0.00%", "2010-09-30": "0.00%", "2010-06-30": "0.00%", "2010-03-31": "0.00%", "2009-12-31": "0.00%", "2009-09-30": "0.00%", "2009-06-30": "0.00%", "2009-03-31": "0.00%", "2008-12-31": "0.00%", "2008-09-30": "0.00%", "2008-06-30": "0.00%", "2008-03-31": "0.00%", "2007-12-31": "0.00%", "2007-09-30": "0.00%", "2007-06-30": "0.00%", "2007-03-31": "0.00%", "2006-12-31": "0.00%", "2006-09-30": "0.00%", "2006-06-30": "0.00%", "2006-03-31": "0.00%", "2005-12-31": "0.00%"}, "pre tax profit margin": {"2020-09-30": "7.69%", "2020-06-30": "10.20%", "2020-03-31": "19.79%", "2019-12-31": "27.91%", "2019-09-30": "28.28%", "2019-06-30": "29.04%", "2019-03-31": "29.83%", "2018-12-31": "30.68%", "2018-09-30": "32.79%", "2018-06-30": "33.06%", "2018-03-31": "34.27%", "2017-12-31": "34.17%", "2017-09-30": "34.27%", "2017-06-30": "34.01%", "2017-03-31": "33.75%", "2016-12-31": "31.68%", "2016-09-30": "30.33%", "2016-06-30": "30.52%", "2016-03-31": "31.14%", "2015-12-31": "34.46%", "2015-09-30": "36.33%", "2015-06-30": "37.46%", "2015-03-31": "38.25%", "2014-12-31": "38.06%", "2014-09-30": "37.43%", "2014-06-30": "37.72%", "2014-03-31": "36.00%", "2013-12-31": "38.52%", "2013-09-30": "39.58%", "2013-06-30": "40.47%", "2013-03-31": "43.52%", "2012-12-31": "42.53%", "2012-09-30": "42.55%", "2012-06-30": "40.65%", "2012-03-31": "37.83%", "2011-12-31": "33.62%", "2011-09-30": "28.78%", "2011-06-30": "23.85%", "2011-03-31": "20.00%", "2010-12-31": "18.21%", "2010-09-30": "15.95%", "2010-06-30": "14.19%", "2010-03-31": "13.93%", "2009-12-31": "13.60%", "2009-09-30": "12.12%", "2009-06-30": "13.36%", "2009-03-31": "12.98%", "2008-12-31": "13.65%", "2008-09-30": "14.74%", "2008-06-30": "15.05%", "2008-03-31": "15.81%", "2007-12-31": "15.81%", "2007-09-30": "16.89%", "2007-06-30": "17.01%", "2007-03-31": "16.97%", "2006-12-31": "17.39%", "2006-09-30": "19.56%", "2006-06-30": "21.08%", "2006-03-31": "22.99%", "2005-12-31": "23.98%"}, "net profit margin": {"2020-09-30": "5.46%", "2020-06-30": "7.43%", "2020-03-31": "15.07%", "2019-12-31": "21.47%", "2019-09-30": "21.54%", "2019-06-30": "22.07%", "2019-03-31": "22.73%", "2018-12-31": "23.43%", "2018-09-30": "22.49%", "2018-06-30": "21.47%", "2018-03-31": "21.13%", "2017-12-31": "19.60%", "2017-09-30": "21.39%", "2017-06-30": "20.96%", "2017-03-31": "20.40%", "2016-12-31": "18.98%", "2016-09-30": "18.14%", "2016-06-30": "18.31%", "2016-03-31": "18.86%", "2015-12-31": "20.92%", "2015-09-30": "21.96%", "2015-06-30": "22.48%", "2015-03-31": "22.81%", "2014-12-31": "22.62%", "2014-09-30": "22.16%", "2014-06-30": "22.44%", "2014-03-31": "21.40%", "2013-12-31": "23.36%", "2013-09-30": "24.38%", "2013-06-30": "25.48%", "2013-03-31": "27.91%", "2012-12-31": "27.38%", "2012-09-30": "27.42%", "2012-06-30": "26.18%", "2012-03-31": "24.34%", "2011-12-31": "21.75%", "2011-09-30": "18.69%", "2011-06-30": "15.60%", "2011-03-31": "13.13%", "2010-12-31": "12.14%", "2010-09-30": "10.30%", "2010-06-30": "9.00%", "2010-03-31": "7.14%", "2009-12-31": "6.62%", "2009-09-30": "6.06%", "2009-06-30": "6.87%", "2009-03-31": "8.40%", "2008-12-31": "8.86%", "2008-09-30": "9.12%", "2008-06-30": "9.03%", "2008-03-31": "9.35%", "2007-12-31": "9.35%", "2007-09-30": "10.60%", "2007-06-30": "11.11%", "2007-03-31": "11.07%", "2006-12-31": "11.46%", "2006-09-30": "12.89%", "2006-06-30": "14.22%", "2006-03-31": "16.04%", "2005-12-31": "16.37%"}, "pe ratio": {"current": "28.15", "2021-02-05": "48.00", "2020-09-30": "22.40", "2020-06-30": "15.36", "2020-03-31": "5.23", "2019-12-31": "9.13", "2019-09-30": "8.84", "2019-06-30": "10.01", "2019-03-31": "9.08", "2018-12-31": "8.82", "2018-09-30": "15.74", "2018-06-30": "19.39", "2018-03-31": "20.86", "2017-12-31": "23.83", "2017-09-30": "22.29", "2017-06-30": "21.50", "2017-03-31": "24.47", "2016-12-31": "25.29", "2016-09-30": "19.34", "2016-06-30": "17.19", "2016-03-31": "14.21", "2015-12-31": "16.98", "2015-09-30": "17.54", "2015-06-30": "20.61", "2015-03-31": "16.38", "2014-12-31": "18.93", "2014-09-30": "20.90", "2014-06-30": "19.83", "2014-03-31": "25.67", "2013-12-31": "22.78", "2013-09-30": "16.27", "2013-06-30": "15.40", "2013-03-31": "12.96", "2012-12-31": "14.84", "2012-09-30": "16.97", "2012-06-30": "15.01", "2012-03-31": "14.67", "2011-12-31": "15.54", "2011-09-30": "14.10", "2011-06-30": "19.72", "2011-03-31": "23.84", "2010-12-31": "21.56", "2010-09-30": "20.32", "2010-06-30": "21.87", "2010-03-31": "31.65", "2009-12-31": "25.38", "2009-09-30": "35.08", "2009-06-30": "26.22", "2009-03-31": "15.22", "2008-12-31": "15.18", "2008-09-30": "21.40", "2008-06-30": "15.69", "2008-03-31": "15.07", "2007-12-31": "16.44", "2007-09-30": "17.82", "2007-06-30": "18.47", "2007-03-31": "17.98", "2006-12-31": "18.07"}, "price sales": {"2021-02-05": "2.59", "2020-09-30": "1.21", "2020-06-30": "1.14", "2020-03-31": "0.79", "2019-12-31": "1.96", "2019-09-30": "1.91", "2019-06-30": "2.22", "2019-03-31": "2.07", "2018-12-31": "2.07", "2018-09-30": "3.54", "2018-06-30": "4.17", "2018-03-31": "4.40", "2017-12-31": "4.68", "2017-09-30": "4.75", "2017-06-30": "4.49", "2017-03-31": "4.99", "2016-12-31": "4.77", "2016-09-30": "3.53", "2016-06-30": "3.15", "2016-03-31": "2.66", "2015-12-31": "3.53", "2015-09-30": "3.79", "2015-06-30": "4.58", "2015-03-31": "3.71", "2014-12-31": "4.27", "2014-09-30": "4.64", "2014-06-30": "4.45", "2014-03-31": "5.47", "2013-12-31": "5.31", "2013-09-30": "3.94", "2013-06-30": "3.89", "2013-03-31": "3.59", "2012-12-31": "4.04", "2012-09-30": "4.62", "2012-06-30": "3.90", "2012-03-31": "3.52", "2011-12-31": "3.32", "2011-09-30": "2.59", "2011-06-30": "3.00", "2011-03-31": "3.07", "2010-12-31": "2.55", "2010-09-30": "2.10", "2010-06-30": "2.05", "2010-03-31": "2.39", "2009-12-31": "1.74", "2009-09-30": "2.05", "2009-06-30": "1.77", "2009-03-31": "1.22", "2008-12-31": "1.34", "2008-09-30": "1.96", "2008-06-30": "1.43", "2008-03-31": "1.45", "2007-12-31": "1.57", "2007-09-30": "1.91", "2007-06-30": "2.06", "2007-03-31": "1.99", "2006-12-31": "2.07"}, "price book": {"current": "1.24", "2021-02-05": "1.20", "2020-09-30": "0.56", "2020-06-30": "0.57", "2020-03-31": "0.40", "2019-12-31": "1.02", "2019-09-30": "1.00", "2019-06-30": "1.16", "2019-03-31": "1.06", "2018-12-31": "1.03", "2018-09-30": "1.71", "2018-06-30": "1.96", "2018-03-31": "1.96", "2017-12-31": "2.00", "2017-09-30": "1.97", "2017-06-30": "1.83", "2017-03-31": "2.02", "2016-12-31": "1.93", "2016-09-30": "1.46", "2016-06-30": "1.28", "2016-03-31": "1.07", "2015-12-31": "1.40", "2015-09-30": "1.51", "2015-06-30": "1.83", "2015-03-31": "1.47", "2014-12-31": "1.67", "2014-09-30": "1.92", "2014-06-30": "1.84", "2014-03-31": "2.27", "2013-12-31": "2.33", "2013-09-30": "1.76", "2013-06-30": "1.75", "2013-03-31": "1.63", "2012-12-31": "2.18", "2012-09-30": "2.51", "2012-06-30": "2.26", "2012-03-31": "2.03", "2011-12-31": "1.87", "2011-09-30": "1.46", "2011-06-30": "1.71", "2011-03-31": "1.78", "2010-12-31": "1.49", "2010-09-30": "1.23", "2010-06-30": "1.17", "2010-03-31": "1.39", "2009-12-31": "1.04", "2009-09-30": "1.27", "2009-06-30": "1.19", "2009-03-31": "0.74", "2008-12-31": "1.07", "2008-09-30": "1.68", "2008-06-30": "1.36", "2008-03-31": "1.44", "2007-12-31": "1.63", "2007-09-30": "2.00", "2007-06-30": "2.16", "2007-03-31": "2.02", "2006-12-31": "2.04", "2006-09-30": "2.03", "2006-06-30": "2.68", "2006-03-31": "2.79"}, "price fcf": {"2021-02-05": "", "2020-09-30": "$46.58", "2020-06-30": "$19.35", "2020-03-31": "$27.05", "2019-12-31": "$-5.10", "2019-09-30": "$-14.22", "2019-06-30": "$9.99", "2019-03-31": "$-10.48", "2018-12-31": "$-13.67", "2018-09-30": "$-8.52", "2018-06-30": "$-4.79", "2018-03-31": "$-0.77", "2017-12-31": "$2.39", "2017-09-30": "$-3.72", "2017-06-30": "$-10.40", "2017-03-31": "$-12.50", "2016-12-31": "$-15.58", "2016-09-30": "$-9.74", "2016-06-30": "$-1.62", "2016-03-31": "$0.70", "2015-12-31": "$1.38", "2015-09-30": "$2.67", "2015-06-30": "$4.25", "2015-03-31": "$3.14", "2014-12-31": "$3.23", "2014-09-30": "$3.18", "2014-06-30": "$2.26", "2014-03-31": "$3.57", "2013-12-31": "$4.48", "2013-09-30": "$22.64", "2013-06-30": "$12.19", "2013-03-31": "$7.86", "2012-12-31": "$2.13", "2012-09-30": "$2.96", "2012-06-30": "$-8.36", "2012-03-31": "$-12.98", "2011-12-31": "$1.89", "2011-09-30": "$-11.87", "2011-06-30": "$-1.14", "2011-03-31": "$-3.70", "2010-12-31": "$-10.92", "2010-09-30": "$-20.81", "2010-06-30": "$-10.17", "2010-03-31": "$-3.81", "2009-12-31": "$-4.23", "2009-09-30": "$-6.37", "2009-06-30": "$-6.95", "2009-03-31": "$-5.95", "2008-12-31": "$-11.46", "2008-09-30": "$-6.93", "2008-06-30": "$-5.04", "2008-03-31": "$-0.22", "2007-12-31": "$2.57", "2007-09-30": "$2.61", "2007-06-30": "$0.20", "2007-03-31": "$-2.54", "2006-12-31": "$-3.80"}, "net worth": {"value": "$3.37B"}, "current ratio": {"2020-09-30": "1.15", "2020-06-30": "1.19", "2020-03-31": "1.30", "2019-12-31": "1.21", "2019-09-30": "1.20", "2019-06-30": "1.26", "2019-03-31": "1.30", "2018-12-31": "1.32", "2018-09-30": "1.29", "2018-06-30": "1.32", "2018-03-31": "1.26", "2017-12-31": "1.28", "2017-09-30": "1.27", "2017-06-30": "1.29", "2017-03-31": "1.24", "2016-12-31": "1.26", "2016-09-30": "1.21", "2016-06-30": "1.25", "2016-03-31": "1.23", "2015-12-31": "1.24", "2015-09-30": "1.22", "2015-06-30": "1.24", "2015-03-31": "1.21", "2014-12-31": "1.24", "2014-09-30": "1.18", "2014-06-30": "1.22", "2014-03-31": "1.22", "2013-12-31": "1.23", "2013-09-30": "1.17", "2013-06-30": "1.31", "2013-03-31": "1.20", "2012-12-31": "1.35", "2012-09-30": "1.35", "2012-06-30": "1.29", "2012-03-31": "1.30", "2011-12-31": "1.33", "2011-09-30": "1.29", "2011-06-30": "1.16", "2011-03-31": "1.10", "2010-12-31": "1.09", "2010-09-30": "1.08", "2010-06-30": "1.09", "2010-03-31": "1.08", "2009-12-31": "1.07", "2009-09-30": "1.07", "2009-06-30": "1.06", "2009-03-31": "1.05", "2008-12-31": "1.04", "2008-09-30": "1.18", "2008-06-30": "1.06", "2008-03-31": "1.12", "2007-12-31": "0.99", "2007-09-30": "1.01", "2007-06-30": "1.04", "2007-03-31": "0.95", "2006-12-31": "0.94", "2006-09-30": "0.96", "2006-06-30": "0.90", "2006-03-31": "0.90", "2005-12-31": "0.88", "2005-09-30": "0.84", "2005-06-30": "0.85", "2005-03-31": "0.78"}, "quick ratio": {"2020-09-30": "0.00", "2020-06-30": "0.00", "2020-03-31": "0.00", "2019-12-31": "0.00", "2019-09-30": "0.00", "2019-06-30": "0.00", "2019-03-31": "0.00", "2018-12-31": "0.00", "2018-09-30": "0.00", "2018-06-30": "0.00", "2018-03-31": "0.00", "2017-12-31": "0.00", "2017-09-30": "0.00", "2017-06-30": "0.00", "2017-03-31": "0.00", "2016-12-31": "0.00", "2016-09-30": "0.00", "2016-06-30": "0.00", "2016-03-31": "0.00", "2015-12-31": "0.00", "2015-09-30": "0.00", "2015-06-30": "0.00", "2015-03-31": "0.00", "2014-12-31": "0.00", "2014-09-30": "0.00", "2014-06-30": "0.00", "2014-03-31": "0.00", "2013-12-31": "0.00", "2013-09-30": "0.00", "2013-06-30": "0.00", "2013-03-31": "0.00", "2012-12-31": "0.00", "2012-09-30": "0.00", "2012-06-30": "0.00", "2012-03-31": "0.00", "2011-12-31": "0.00", "2011-09-30": "0.00", "2011-06-30": "0.00", "2011-03-31": "0.00", "2010-12-31": "0.00", "2010-09-30": "0.00", "2010-06-30": "0.00", "2010-03-31": "0.00", "2009-12-31": "0.00", "2009-09-30": "0.00", "2009-06-30": "0.00", "2009-03-31": "0.00", "2008-12-31": "0.00", "2008-09-30": "0.00", "2008-06-30": "0.00", "2008-03-31": "0.00", "2007-12-31": "0.00", "2007-09-30": "0.00", "2007-06-30": "0.00", "2007-03-31": "0.00", "2006-12-31": "0.00", "2006-09-30": "0.00", "2006-06-30": "0.00", "2006-03-31": "0.00", "2005-12-31": "0.00", "2005-09-30": "0.00", "2005-06-30": "0.00", "2005-03-31": "0.00"}, "debt equity ratio": {"current": "1.25", "2020-09-30": "12.72", "2020-06-30": "12.39", "2020-03-31": "11.80", "2019-12-31": "10.62", "2019-09-30": "11.16", "2019-06-30": "10.23", "2019-03-31": "9.99", "2018-12-31": "10.30", "2018-09-30": "10.18", "2018-06-30": "10.86", "2018-03-31": "9.75", "2017-12-31": "10.38", "2017-09-30": "10.31", "2017-06-30": "10.01", "2017-03-31": "9.18", "2016-12-31": "9.80", "2016-09-30": "11.87", "2016-06-30": "11.51", "2016-03-31": "11.27", "2015-12-31": "10.64", "2015-09-30": "10.74", "2015-06-30": "10.46", "2015-03-31": "10.41", "2014-12-31": "9.72", "2014-09-30": "9.99", "2014-06-30": "9.72", "2014-03-31": "8.87", "2013-12-31": "9.69", "2013-09-30": "9.12", "2013-06-30": "9.61", "2013-03-31": "8.89", "2012-12-31": "11.61", "2012-09-30": "11.32", "2012-06-30": "12.43", "2012-03-31": "12.22", "2011-12-31": "12.20", "2011-09-30": "12.11", "2011-06-30": "10.90", "2011-03-31": "10.12", "2010-12-31": "11.20", "2010-09-30": "11.31", "2010-06-30": "10.60", "2010-03-31": "10.00", "2009-12-31": "10.84", "2009-09-30": "10.22", "2009-06-30": "10.43", "2009-03-31": "9.62", "2008-12-31": "12.28", "2008-09-30": "11.45", "2008-06-30": "13.81", "2008-03-31": "12.95", "2007-12-31": "13.53", "2007-09-30": "13.35", "2007-06-30": "13.61", "2007-03-31": "13.49", "2006-12-31": "13.50", "2006-09-30": "13.57", "2006-06-30": "14.19", "2006-03-31": "13.40", "2005-12-31": "13.12", "2005-09-30": "12.81", "2005-06-30": "12.69", "2005-03-31": "12.56"}, "return on equity": {"2020-09-30": "2.55%", "2020-06-30": "3.68%", "2020-03-31": "7.76%", "2019-12-31": "11.58%", "2019-09-30": "11.80%", "2019-06-30": "12.07%", "2019-03-31": "12.22%", "2018-12-31": "12.20%", "2018-09-30": "11.42%", "2018-06-30": "10.56%", "2018-03-31": "9.94%", "2017-12-31": "8.79%", "2017-09-30": "9.18%", "2017-06-30": "8.88%", "2017-03-31": "8.67%", "2016-12-31": "8.21%", "2016-09-30": "7.84%", "2016-06-30": "7.70%", "2016-03-31": "7.86%", "2015-12-31": "8.65%", "2015-09-30": "9.05%", "2015-06-30": "9.43%", "2015-03-31": "9.56%", "2014-12-31": "9.55%", "2014-09-30": "9.74%", "2014-06-30": "9.97%", "2014-03-31": "9.67%", "2013-12-31": "10.83%", "2013-09-30": "11.85%", "2013-06-30": "12.91%", "2013-03-31": "15.25%", "2012-12-31": "16.32%", "2012-09-30": "16.90%", "2012-06-30": "16.59%", "2012-03-31": "15.24%", "2011-12-31": "13.32%", "2011-09-30": "11.33%", "2011-06-30": "9.48%", "2011-03-31": "7.99%", "2010-12-31": "7.39%", "2010-09-30": "6.17%", "2010-06-30": "5.28%", "2010-03-31": "4.17%", "2009-12-31": "3.81%", "2009-09-30": "3.56%", "2009-06-30": "4.23%", "2009-03-31": "5.66%", "2008-12-31": "6.88%", "2008-09-30": "7.98%", "2008-06-30": "8.96%", "2008-03-31": "9.99%", "2007-12-31": "10.42%", "2007-09-30": "11.94%", "2007-06-30": "12.45%", "2007-03-31": "12.21%", "2006-12-31": "12.33%", "2006-09-30": "12.85%", "2006-06-30": "13.26%", "2006-03-31": "14.02%", "2005-12-31": "13.51%"}, "return on assets": {"2020-09-30": "0.20%", "2020-06-30": "0.29%", "2020-03-31": "0.65%", "2019-12-31": "1.01%", "2019-09-30": "1.03%", "2019-06-30": "1.08%", "2019-03-31": "1.08%", "2018-12-31": "1.08%", "2018-09-30": "1.01%", "2018-06-30": "0.93%", "2018-03-31": "0.89%", "2017-12-31": "0.80%", "2017-09-30": "0.85%", "2017-06-30": "0.80%", "2017-03-31": "0.75%", "2016-12-31": "0.68%", "2016-09-30": "0.64%", "2016-06-30": "0.64%", "2016-03-31": "0.67%", "2015-12-31": "0.75%", "2015-09-30": "0.80%", "2015-06-30": "0.85%", "2015-03-31": "0.87%", "2014-12-31": "0.90%", "2014-09-30": "0.92%", "2014-06-30": "0.96%", "2014-03-31": "0.94%", "2013-12-31": "1.05%", "2013-09-30": "1.11%", "2013-06-30": "1.15%", "2013-03-31": "1.28%", "2012-12-31": "1.27%", "2012-09-30": "1.30%", "2012-06-30": "1.25%", "2012-03-31": "1.18%", "2011-12-31": "1.08%", "2011-09-30": "0.94%", "2011-06-30": "0.80%", "2011-03-31": "0.68%", "2010-12-31": "0.63%", "2010-09-30": "0.53%", "2010-06-30": "0.46%", "2010-03-31": "0.37%", "2009-12-31": "0.34%", "2009-09-30": "0.31%", "2009-06-30": "0.36%", "2009-03-31": "0.45%", "2008-12-31": "0.51%", "2008-09-30": "0.58%", "2008-06-30": "0.62%", "2008-03-31": "0.70%", "2007-12-31": "0.72%", "2007-09-30": "0.82%", "2007-06-30": "0.86%", "2007-03-31": "0.83%", "2006-12-31": "0.84%", "2006-09-30": "0.88%", "2006-06-30": "0.92%", "2006-03-31": "1.00%", "2005-12-31": "0.98%"}, "return on investments": {"2020-09-30": "1.86%", "2020-06-30": "2.51%", "2020-03-31": "4.52%", "2019-12-31": "6.79%", "2019-09-30": "6.46%", "2019-06-30": "6.32%", "2019-03-31": "6.05%", "2018-12-31": "6.21%", "2018-09-30": "6.66%", "2018-06-30": "6.59%", "2018-03-31": "6.83%", "2017-12-31": "6.66%", "2017-09-30": "6.58%", "2017-06-30": "6.55%", "2017-03-31": "6.60%", "2016-12-31": "6.07%", "2016-09-30": "5.82%", "2016-06-30": "5.79%", "2016-03-31": "6.05%", "2015-12-31": "6.88%", "2015-09-30": "7.36%", "2015-06-30": "8.07%", "2015-03-31": "8.57%", "2014-12-31": "8.81%", "2014-09-30": "9.12%", "2014-06-30": "9.50%", "2014-03-31": "8.56%", "2013-12-31": "9.44%", "2013-09-30": "8.94%", "2013-06-30": "7.93%", "2013-03-31": "8.72%", "2012-12-31": "7.99%", "2012-09-30": "8.17%", "2012-06-30": "8.11%", "2012-03-31": "8.23%", "2011-12-31": "8.51%", "2011-09-30": "9.10%", "2011-06-30": "10.14%", "2011-03-31": "9.31%", "2010-12-31": "8.39%", "2010-09-30": "7.60%", "2010-06-30": "6.61%", "2010-03-31": "6.56%", "2009-12-31": "6.31%", "2009-09-30": "5.59%", "2009-06-30": "5.09%", "2009-03-31": "4.85%", "2008-12-31": "4.81%", "2008-09-30": "5.84%", "2008-06-30": "7.58%", "2008-03-31": "8.23%", "2007-12-31": "10.25%", "2007-09-30": "10.67%", "2007-06-30": "10.69%", "2007-03-31": "12.27%", "2006-12-31": "12.01%", "2006-09-30": "12.46%", "2006-06-30": "14.42%", "2006-03-31": "13.80%", "2005-12-31": "14.66%"}, "return on tangible equity": {"2020-09-30": "2.64%", "2020-06-30": "3.79%", "2020-03-31": "7.98%", "2019-12-31": "11.89%", "2019-09-30": "12.10%", "2019-06-30": "12.43%", "2019-03-31": "12.65%", "2018-12-31": "12.68%", "2018-09-30": "11.95%", "2018-06-30": "11.05%", "2018-03-31": "10.39%", "2017-12-31": "9.16%", "2017-09-30": "9.52%", "2017-06-30": "9.14%", "2017-03-31": "8.88%", "2016-12-31": "8.37%", "2016-09-30": "7.97%", "2016-06-30": "7.81%", "2016-03-31": "7.96%", "2015-12-31": "8.77%", "2015-09-30": "9.17%", "2015-06-30": "9.56%", "2015-03-31": "9.71%", "2014-12-31": "9.71%", "2014-09-30": "9.91%", "2014-06-30": "10.15%", "2014-03-31": "9.86%", "2013-12-31": "11.05%", "2013-09-30": "12.10%", "2013-06-30": "13.21%", "2013-03-31": "15.62%", "2012-12-31": "16.77%", "2012-09-30": "17.40%", "2012-06-30": "17.14%", "2012-03-31": "15.77%", "2011-12-31": "13.74%", "2011-09-30": "11.64%", "2011-06-30": "9.70%", "2011-03-31": "8.14%", "2010-12-31": "7.53%", "2010-09-30": "6.29%", "2010-06-30": "5.38%", "2010-03-31": "4.25%", "2009-12-31": "3.88%", "2009-09-30": "3.63%", "2009-06-30": "4.31%", "2009-03-31": "5.78%", "2008-12-31": "7.04%", "2008-09-30": "8.18%", "2008-06-30": "9.20%", "2008-03-31": "10.27%", "2007-12-31": "10.73%", "2007-09-30": "12.37%", "2007-06-30": "12.98%", "2007-03-31": "12.82%", "2006-12-31": "13.05%", "2006-09-30": "13.63%", "2006-06-30": "14.01%", "2006-03-31": "14.72%", "2005-12-31": "14.02%"}, "dividend yield history": {"last payout": "$0.00", "last yield": "0.00%"}}