{"ticker": "TFC", "price": {"title": "Truist Financial Historical Annual Stock Price Data", "value": 52.78, "historical": {"2021": {"Average Stock Price": "51.0371", "Year Open": "47.1800", "Year High": "53.7100", "Year Low": "47.1800", "Year Close": "52.7800", "Annual % Change": "10.12%"}, "2020": {"Average Stock Price": "41.5398", "Year Open": "56.6700", "Year High": "56.6700", "Year Low": "25.6900", "Year Close": "47.9300", "Annual % Change": "-14.90%"}, "2019": {"Average Stock Price": "50.3914", "Year Open": "44.3900", "Year High": "56.7200", "Year Low": "44.0900", "Year Close": "56.3200", "Annual % Change": "30.01%"}, "2018": {"Average Stock Price": "51.5652", "Year Open": "49.9200", "Year High": "56.0300", "Year Low": "41.2700", "Year Close": "43.3200", "Annual % Change": "-12.87%"}, "2017": {"Average Stock Price": "46.0944", "Year Open": "46.9800", "Year High": "50.4500", "Year Low": "41.6500", "Year Close": "49.7200", "Annual % Change": "5.74%"}, "2016": {"Average Stock Price": "37.0098", "Year Open": "36.6500", "Year High": "47.7100", "Year Low": "30.2800", "Year Close": "47.0200", "Annual % Change": "24.36%"}, "2015": {"Average Stock Price": "38.3660", "Year Open": "38.6500", "Year High": "41.6000", "Year Low": "34.7800", "Year Close": "37.8100", "Annual % Change": "-2.78%"}, "2014": {"Average Stock Price": "37.9983", "Year Open": "36.7700", "Year High": "40.7700", "Year Low": "35.2000", "Year Close": "38.8900", "Annual % Change": "4.21%"}, "2013": {"Average Stock Price": "33.0504", "Year Open": "30.0700", "Year High": "37.3200", "Year Low": "29.2700", "Year Close": "37.3200", "Annual % Change": "28.20%"}, "2012": {"Average Stock Price": "30.2542", "Year Open": "25.8600", "Year High": "33.9900", "Year Low": "25.7900", "Year Close": "29.1100", "Annual % Change": "15.65%"}, "2011": {"Average Stock Price": "25.0063", "Year Open": "26.8700", "Year High": "29.1700", "Year Low": "19.1700", "Year Close": "25.1700", "Annual % Change": "-4.26%"}, "2010": {"Average Stock Price": "27.3848", "Year Open": "25.8100", "Year High": "35.6100", "Year Low": "21.8700", "Year Close": "26.2900", "Annual % Change": "3.63%"}, "2009": {"Average Stock Price": "22.8521", "Year Open": "26.7300", "Year High": "29.5300", "Year Low": "13.3200", "Year Close": "25.3700", "Annual % Change": "-7.61%"}, "2008": {"Average Stock Price": "30.8775", "Year Open": "29.5500", "Year High": "41.1400", "Year Low": "19.8200", "Year Close": "27.4600", "Annual % Change": "-10.47%"}, "2007": {"Average Stock Price": "39.8936", "Year Open": "44.0000", "Year High": "44.1500", "Year Low": "30.6700", "Year Close": "30.6700", "Annual % Change": "-30.18%"}, "2006": {"Average Stock Price": "41.9764", "Year Open": "42.3100", "Year High": "44.6300", "Year Low": "38.3700", "Year Close": "43.9300", "Annual % Change": "4.82%"}, "2005": {"Average Stock Price": "40.4997", "Year Open": "41.7300", "Year High": "43.7700", "Year Low": "37.0800", "Year Close": "41.9100", "Annual % Change": "-0.33%"}, "2004": {"Average Stock Price": "38.2411", "Year Open": "38.3000", "Year High": "43.2500", "Year Low": "33.3300", "Year Close": "42.0500", "Annual % Change": "8.83%"}, "2003": {"Average Stock Price": "35.2852", "Year Open": "37.9900", "Year High": "39.6600", "Year Low": "31.1500", "Year Close": "38.6400", "Annual % Change": "4.46%"}, "2002": {"Average Stock Price": "36.8064", "Year Open": "35.8200", "Year High": "39.2300", "Year Low": "31.2600", "Year Close": "36.9900", "Annual % Change": "2.44%"}, "2001": {"Average Stock Price": "35.6720", "Year Open": "36.1200", "Year High": "38.4800", "Year Low": "31.4200", "Year Close": "36.1100", "Annual % Change": "-3.22%"}, "2000": {"Average Stock Price": "28.1071", "Year Open": "25.6100", "Year High": "38.2500", "Year Low": "22.0000", "Year Close": "37.3100", "Annual % Change": "37.37%"}, "1999": {"Average Stock Price": "35.3080", "Year Open": "39.5000", "Year High": "40.4400", "Year Low": "27.1000", "Year Close": "27.1600", "Annual % Change": "-32.62%"}, "1998": {"Average Stock Price": "33.2815", "Year Open": "31.5600", "Year High": "40.6200", "Year Low": "27.3100", "Year Close": "40.3100", "Annual % Change": "25.85%"}, "1997": {"Average Stock Price": "23.4806", "Year Open": "17.7500", "Year High": "32.5000", "Year Low": "17.6250", "Year Close": "32.0300", "Annual % Change": "76.72%"}, "1996": {"Average Stock Price": "15.3156", "Year Open": "13.3100", "Year High": "18.3750", "Year Low": "12.9400", "Year Close": "18.1250", "Annual % Change": "38.10%"}, "1995": {"Average Stock Price": "11.7054", "Year Open": "9.6250", "Year High": "13.5600", "Year Low": "9.4400", "Year Close": "13.1250", "Annual % Change": "37.29%"}, "1994": {"Average Stock Price": "10.0111", "Year Open": "9.9400", "Year High": "10.9400", "Year Low": "8.5600", "Year Close": "9.5600", "Annual % Change": "-3.19%"}, "1993": {"Average Stock Price": "10.4301", "Year Open": "10.2500", "Year High": "11.6900", "Year Low": "9.4400", "Year Close": "9.8750", "Annual % Change": "0.66%"}, "1992": {"Average Stock Price": "8.0304", "Year Open": "6.9400", "Year High": "9.8100", "Year Low": "6.6900", "Year Close": "9.8100", "Annual % Change": "41.35%"}, "1991": {"Average Stock Price": "5.9770", "Year Open": "5.1250", "Year High": "7.8750", "Year Low": "4.3750", "Year Close": "6.9400", "Annual % Change": "38.80%"}}}, "market cap": {"value": "$71.95B"}, "income statement": {"Revenue": {"2020-12-31": "24427.00000", "2019-12-31": "14664.00000", "2018-12-31": "12996.00000", "2017-12-31": "12156.00000", "2016-12-31": "11538.00000", "2015-12-31": "10346.00000", "2014-12-31": "9998.00000", "2013-12-31": "10543.00000", "2012-12-31": "10737.00000", "2011-12-31": "9998.00000", "2010-12-31": "11072.00000", "2009-12-31": "10818.00000", "2008-12-31": "10404.00000", "2007-12-31": "10668.00000", "2006-12-31": "9414.00000", "2005-12-31": "7832.00000"}, "Cost Of Goods Sold": {"2020-12-31": "1722.00000", "2019-12-31": "2096.00000", "2018-12-31": "1438.00000", "2017-12-31": "839.00000", "2016-12-31": "745.00000", "2015-12-31": "735.00000", "2014-12-31": "768.00000", "2013-12-31": "891.00000", "2012-12-31": "1060.00000", "2011-12-31": "1378.00000", "2010-12-31": "1795.00000", "2009-12-31": "2040.00000", "2008-12-31": "2969.00000", "2007-12-31": "4014.00000", "2006-12-31": "3185.00000", "2005-12-31": "1981.00000"}, "Gross Profit": {"2020-12-31": "22705.00000", "2019-12-31": "12568.00000", "2018-12-31": "11558.00000", "2017-12-31": "11317.00000", "2016-12-31": "10793.00000", "2015-12-31": "9611.00000", "2014-12-31": "9230.00000", "2013-12-31": "9652.00000", "2012-12-31": "9677.00000", "2011-12-31": "8620.00000", "2010-12-31": "9277.00000", "2009-12-31": "8778.00000", "2008-12-31": "7435.00000", "2007-12-31": "6654.00000", "2006-12-31": "6229.00000", "2005-12-31": "5851.00000"}, "Research And Development Expenses": {"2020-12-31": "", "2019-12-31": "", "2018-12-31": "", "2017-12-31": "", "2016-12-31": "", "2015-12-31": "", "2014-12-31": "", "2013-12-31": "", "2012-12-31": "", "2011-12-31": "", "2010-12-31": "", "2009-12-31": "", "2008-12-31": "", "2007-12-31": "", "2006-12-31": "", "2005-12-31": ""}, "SG&A Expenses": {"2020-12-31": "15429.00000", "2019-12-31": "7889.00000", "2018-12-31": "7101.00000", "2017-12-31": "7614.00000", "2016-12-31": "6972.00000", "2015-12-31": "6424.00000", "2014-12-31": "5966.00000", "2013-12-31": "6217.00000", "2012-12-31": "6707.00000", "2011-12-31": "6877.00000", "2010-12-31": "8117.00000", "2009-12-31": "7590.00000", "2008-12-31": "5167.00000", "2007-12-31": "3947.00000", "2006-12-31": "3634.00000", "2005-12-31": "3283.00000"}, "Other Operating Income Or Expenses": {"2020-12-31": "", "2019-12-31": "", "2018-12-31": "", "2017-12-31": "", "2016-12-31": "", "2015-12-31": "", "2014-12-31": "", "2013-12-31": "", "2012-12-31": "", "2011-12-31": "", "2010-12-31": "", "2009-12-31": "", "2008-12-31": "", "2007-12-31": "", "2006-12-31": "", "2005-12-31": ""}, "Operating Expenses": {"2020-12-31": "18094.00000", "2019-12-31": "10285.00000", "2018-12-31": "8790.00000", "2017-12-31": "8715.00000", "2016-12-31": "7867.00000", "2015-12-31": "7264.00000", "2014-12-31": "6825.00000", "2013-12-31": "7214.00000", "2012-12-31": "7877.00000", "2011-12-31": "8354.00000", "2010-12-31": "10034.00000", "2009-12-31": "9744.00000", "2008-12-31": "8310.00000", "2007-12-31": "8065.00000", "2006-12-31": "6923.00000", "2005-12-31": "5376.00000"}, "Operating Income": {"2020-12-31": "6333.00000", "2019-12-31": "4379.00000", "2018-12-31": "4206.00000", "2017-12-31": "3441.00000", "2016-12-31": "3671.00000", "2015-12-31": "3082.00000", "2014-12-31": "3173.00000", "2013-12-31": "3329.00000", "2012-12-31": "2860.00000", "2011-12-31": "1644.00000", "2010-12-31": "1038.00000", "2009-12-31": "1074.00000", "2008-12-31": "2094.00000", "2007-12-31": "2603.00000", "2006-12-31": "2491.00000", "2005-12-31": "2456.00000"}, "Total Non-Operating Income/Expense": {"2020-12-31": "-860.00000", "2019-12-31": "-360.00000", "2018-12-31": "-146.00000", "2017-12-31": "-115.00000", "2016-12-31": "-171.00000", "2015-12-31": "-165.00000", "2014-12-31": "-46.00000", "2013-12-31": "-46.00000", "2012-12-31": "-68.00000", "2011-12-31": "-16.00000", "2010-12-31": "-69.00000", "2009-12-31": "-38.00000", "2008-12-31": "-15.00000", "2007-12-31": "-21.00000", "2006-12-31": "-18.00000", "2005-12-31": "11.00000"}, "Pre-Tax Income": {"2020-12-31": "5473.00000", "2019-12-31": "4019.00000", "2018-12-31": "4060.00000", "2017-12-31": "3326.00000", "2016-12-31": "3500.00000", "2015-12-31": "2917.00000", "2014-12-31": "3127.00000", "2013-12-31": "3283.00000", "2012-12-31": "2792.00000", "2011-12-31": "1628.00000", "2010-12-31": "969.00000", "2009-12-31": "1036.00000", "2008-12-31": "2079.00000", "2007-12-31": "2582.00000", "2006-12-31": "2473.00000", "2005-12-31": "2467.00000"}, "Income Taxes": {"2020-12-31": "981.00000", "2019-12-31": "782.00000", "2018-12-31": "803.00000", "2017-12-31": "911.00000", "2016-12-31": "1058.00000", "2015-12-31": "794.00000", "2014-12-31": "921.00000", "2013-12-31": "1553.00000", "2012-12-31": "764.00000", "2011-12-31": "296.00000", "2010-12-31": "115.00000", "2009-12-31": "159.00000", "2008-12-31": "550.00000", "2007-12-31": "836.00000", "2006-12-31": "945.00000", "2005-12-31": "813.00000"}, "Income After Taxes": {"2020-12-31": "4492.00000", "2019-12-31": "3237.00000", "2018-12-31": "3257.00000", "2017-12-31": "2415.00000", "2016-12-31": "2442.00000", "2015-12-31": "2123.00000", "2014-12-31": "2206.00000", "2013-12-31": "1730.00000", "2012-12-31": "2028.00000", "2011-12-31": "1332.00000", "2010-12-31": "854.00000", "2009-12-31": "877.00000", "2008-12-31": "1529.00000", "2007-12-31": "1746.00000", "2006-12-31": "1528.00000", "2005-12-31": "1654.00000"}, "Other Income": {"2020-12-31": "", "2019-12-31": "", "2018-12-31": "", "2017-12-31": "", "2016-12-31": "", "2015-12-31": "", "2014-12-31": "", "2013-12-31": "", "2012-12-31": "", "2011-12-31": "", "2010-12-31": "", "2009-12-31": "", "2008-12-31": "", "2007-12-31": "", "2006-12-31": "", "2005-12-31": ""}, "Income From Continuous Operations": {"2020-12-31": "4492.00000", "2019-12-31": "3237.00000", "2018-12-31": "3257.00000", "2017-12-31": "2415.00000", "2016-12-31": "2442.00000", "2015-12-31": "2123.00000", "2014-12-31": "2206.00000", "2013-12-31": "1730.00000", "2012-12-31": "2028.00000", "2011-12-31": "1332.00000", "2010-12-31": "854.00000", "2009-12-31": "877.00000", "2008-12-31": "1529.00000", "2007-12-31": "1746.00000", "2006-12-31": "1528.00000", "2005-12-31": "1654.00000"}, "Income From Discontinued Operations": {"2020-12-31": "", "2019-12-31": "", "2018-12-31": "", "2017-12-31": "", "2016-12-31": "", "2015-12-31": "", "2014-12-31": "", "2013-12-31": "", "2012-12-31": "", "2011-12-31": "", "2010-12-31": "", "2009-12-31": "", "2008-12-31": "", "2007-12-31": "", "2006-12-31": "", "2005-12-31": ""}, "Net Income": {"2020-12-31": "4184.00000", "2019-12-31": "3028.00000", "2018-12-31": "3063.00000", "2017-12-31": "2220.00000", "2016-12-31": "2259.00000", "2015-12-31": "1936.00000", "2014-12-31": "1983.00000", "2013-12-31": "1563.00000", "2012-12-31": "1916.00000", "2011-12-31": "1289.00000", "2010-12-31": "816.00000", "2009-12-31": "729.00000", "2008-12-31": "1498.00000", "2007-12-31": "1734.00000", "2006-12-31": "1528.00000", "2005-12-31": "1654.00000"}, "EBITDA": {"2020-12-31": "", "2019-12-31": "", "2018-12-31": "", "2017-12-31": "", "2016-12-31": "", "2015-12-31": "", "2014-12-31": "", "2013-12-31": "", "2012-12-31": "", "2011-12-31": "", "2010-12-31": "", "2009-12-31": "", "2008-12-31": "", "2007-12-31": "", "2006-12-31": "", "2005-12-31": ""}, "EBIT": {"2020-12-31": "", "2019-12-31": "", "2018-12-31": "", "2017-12-31": "", "2016-12-31": "", "2015-12-31": "", "2014-12-31": "", "2013-12-31": "", "2012-12-31": "", "2011-12-31": "", "2010-12-31": "", "2009-12-31": "", "2008-12-31": "", "2007-12-31": "", "2006-12-31": "", "2005-12-31": ""}, "Basic Shares Outstanding": {"2020-12-31": "1347.08000", "2019-12-31": "805.10400", "2018-12-31": "772.96300", "2017-12-31": "799.21700", "2016-12-31": "804.68000", "2015-12-31": "748.01000", "2014-12-31": "718.14000", "2013-12-31": "703.04200", "2012-12-31": "698.73900", "2011-12-31": "696.53200", "2010-12-31": "692.48900", "2009-12-31": "629.58300", "2008-12-31": "548.84700", "2007-12-31": "547.18400", "2006-12-31": "539.14000", "2005-12-31": "546.91600"}, "Shares Outstanding": {"2020-12-31": "1358.28900", "2019-12-31": "815.20400", "2018-12-31": "783.48400", "2017-12-31": "810.97700", "2016-12-31": "814.91600", "2015-12-31": "757.76500", "2014-12-31": "728.37200", "2013-12-31": "714.36300", "2012-12-31": "708.87700", "2011-12-31": "705.16800", "2010-12-31": "701.03900", "2009-12-31": "635.61900", "2008-12-31": "552.49800", "2007-12-31": "551.75500", "2006-12-31": "543.89100", "2005-12-31": "551.38000"}, "Basic EPS": {"2020-12-31": "3.11000", "2019-12-31": "3.76000", "2018-12-31": "3.96000", "2017-12-31": "2.78000", "2016-12-31": "2.81000", "2015-12-31": "2.59000", "2014-12-31": "2.76000", "2013-12-31": "2.22000", "2012-12-31": "2.74000", "2011-12-31": "1.85000", "2010-12-31": "1.18000", "2009-12-31": "1.16000", "2008-12-31": "2.73000", "2007-12-31": "3.17000", "2006-12-31": "2.84000", "2005-12-31": "3.02000"}, "EPS - Earnings Per Share": {"2020-12-31": "3.08000", "2019-12-31": "3.71000", "2018-12-31": "3.91000", "2017-12-31": "2.74000", "2016-12-31": "2.77000", "2015-12-31": "2.56000", "2014-12-31": "2.72000", "2013-12-31": "2.19000", "2012-12-31": "2.70000", "2011-12-31": "1.83000", "2010-12-31": "1.16000", "2009-12-31": "1.15000", "2008-12-31": "2.71000", "2007-12-31": "3.14000", "2006-12-31": "2.81000", "2005-12-31": "3.00000"}}, "income statement, quarterly": {"Revenue": {"2020-12-31": "5896.00000", "2020-09-30": "5833.00000", "2020-06-30": "6311.00000", "2020-03-31": "6387.00000", "2019-12-31": "4210.00000", "2019-09-30": "3521.00000", "2019-06-30": "3558.00000", "2019-03-31": "3375.00000", "2018-12-31": "3371.00000", "2018-09-30": "3308.00000", "2018-06-30": "3216.00000", "2018-03-31": "3101.00000", "2017-12-31": "3123.00000", "2017-09-30": "3043.00000", "2017-06-30": "3044.00000", "2017-03-31": "2946.00000", "2016-12-31": "2907.00000", "2016-09-30": "2959.00000", "2016-06-30": "2935.00000", "2016-03-31": "2737.00000", "2015-12-31": "2710.00000", "2015-09-30": "2638.00000", "2015-06-30": "2508.00000", "2015-03-31": "2490.00000", "2014-12-31": "2540.00000", "2014-09-30": "2490.00000", "2014-06-30": "2495.00000", "2014-03-31": "2473.00000", "2013-12-31": "2650.00000", "2013-09-30": "2544.00000", "2013-06-30": "2689.00000", "2013-03-31": "2660.00000", "2012-12-31": "2746.00000", "2012-09-30": "2683.00000", "2012-06-30": "2694.00000", "2012-03-31": "2614.00000", "2011-12-31": "2691.00000", "2011-09-30": "2440.00000", "2011-06-30": "2477.00000", "2011-03-31": "2390.00000", "2010-12-31": "2719.00000", "2010-09-30": "2872.00000", "2010-06-30": "2858.00000", "2010-03-31": "2623.00000", "2009-12-31": "2790.00000", "2009-09-30": "2685.00000", "2009-06-30": "2633.00000", "2009-03-31": "2710.00000", "2008-12-31": "2536.00000", "2008-09-30": "2585.00000", "2008-06-30": "2617.00000", "2008-03-31": "2666.00000", "2007-12-31": "2730.00000", "2007-09-30": "2705.00000", "2007-06-30": "2690.00000", "2007-03-31": "2543.00000", "2006-12-31": "2468.00000", "2006-09-30": "2463.00000", "2006-06-30": "2319.00000", "2006-03-31": "2164.00000", "2005-12-31": "2118.71500", "2005-09-30": "2035.56900", "2005-06-30": "1917.60300", "2005-03-31": "1760.11300"}, "Cost Of Goods Sold": {"2020-12-31": "245.00000", "2020-09-30": "261.00000", "2020-06-30": "440.00000", "2020-03-31": "776.00000", "2019-12-31": "585.00000", "2019-09-30": "518.00000", "2019-06-30": "516.00000", "2019-03-31": "477.00000", "2018-12-31": "431.00000", "2018-09-30": "382.00000", "2018-06-30": "337.00000", "2018-03-31": "288.00000", "2017-12-31": "254.00000", "2017-09-30": "230.00000", "2017-06-30": "189.00000", "2017-03-31": "166.00000", "2016-12-31": "180.00000", "2016-09-30": "185.00000", "2016-06-30": "188.00000", "2016-03-31": "192.00000", "2015-12-31": "191.00000", "2015-09-30": "186.00000", "2015-06-30": "177.00000", "2015-03-31": "181.00000", "2014-12-31": "183.00000", "2014-09-30": "192.00000", "2014-06-30": "194.00000", "2014-03-31": "199.00000", "2013-12-31": "204.00000", "2013-09-30": "222.00000", "2013-06-30": "228.00000", "2013-03-31": "237.00000", "2012-12-31": "250.00000", "2012-09-30": "237.00000", "2012-06-30": "266.00000", "2012-03-31": "307.00000", "2011-12-31": "317.00000", "2011-09-30": "334.00000", "2011-06-30": "336.00000", "2011-03-31": "391.00000", "2010-12-31": "423.00000", "2010-09-30": "448.00000", "2010-06-30": "459.00000", "2010-03-31": "465.00000", "2009-12-31": "497.00000", "2009-09-30": "508.00000", "2009-06-30": "502.00000", "2009-03-31": "533.00000", "2008-12-31": "664.00000", "2008-09-30": "705.00000", "2008-06-30": "722.00000", "2008-03-31": "878.00000", "2007-12-31": "1021.00000", "2007-09-30": "1052.00000", "2007-06-30": "995.00000", "2007-03-31": "946.00000", "2006-12-31": "910.00000", "2006-09-30": "865.00000", "2006-06-30": "751.00000", "2006-03-31": "659.00000", "2005-12-31": "599.51500", "2005-09-30": "531.45700", "2005-06-30": "455.71900", "2005-03-31": "394.30900"}, "Gross Profit": {"2020-12-31": "5651.00000", "2020-09-30": "5572.00000", "2020-06-30": "5871.00000", "2020-03-31": "5611.00000", "2019-12-31": "3625.00000", "2019-09-30": "3003.00000", "2019-06-30": "3042.00000", "2019-03-31": "2898.00000", "2018-12-31": "2940.00000", "2018-09-30": "2926.00000", "2018-06-30": "2879.00000", "2018-03-31": "2813.00000", "2017-12-31": "2869.00000", "2017-09-30": "2813.00000", "2017-06-30": "2855.00000", "2017-03-31": "2780.00000", "2016-12-31": "2727.00000", "2016-09-30": "2774.00000", "2016-06-30": "2747.00000", "2016-03-31": "2545.00000", "2015-12-31": "2519.00000", "2015-09-30": "2452.00000", "2015-06-30": "2331.00000", "2015-03-31": "2309.00000", "2014-12-31": "2357.00000", "2014-09-30": "2298.00000", "2014-06-30": "2301.00000", "2014-03-31": "2274.00000", "2013-12-31": "2446.00000", "2013-09-30": "2322.00000", "2013-06-30": "2461.00000", "2013-03-31": "2423.00000", "2012-12-31": "2496.00000", "2012-09-30": "2446.00000", "2012-06-30": "2428.00000", "2012-03-31": "2307.00000", "2011-12-31": "2374.00000", "2011-09-30": "2106.00000", "2011-06-30": "2141.00000", "2011-03-31": "1999.00000", "2010-12-31": "2296.00000", "2010-09-30": "2424.00000", "2010-06-30": "2399.00000", "2010-03-31": "2158.00000", "2009-12-31": "2293.00000", "2009-09-30": "2177.00000", "2009-06-30": "2131.00000", "2009-03-31": "2177.00000", "2008-12-31": "1872.00000", "2008-09-30": "1880.00000", "2008-06-30": "1895.00000", "2008-03-31": "1788.00000", "2007-12-31": "1709.00000", "2007-09-30": "1653.00000", "2007-06-30": "1695.00000", "2007-03-31": "1597.00000", "2006-12-31": "1558.00000", "2006-09-30": "1598.00000", "2006-06-30": "1568.00000", "2006-03-31": "1505.00000", "2005-12-31": "1519.20000", "2005-09-30": "1504.11200", "2005-06-30": "1461.88400", "2005-03-31": "1365.80400"}, "Research And Development Expenses": {"2020-12-31": "", "2020-09-30": "", "2020-06-30": "", "2020-03-31": "", "2019-12-31": "", "2019-09-30": "", "2019-06-30": "", "2019-03-31": "", "2018-12-31": "", "2018-09-30": "", "2018-06-30": "", "2018-03-31": "", "2017-12-31": "", "2017-09-30": "", "2017-06-30": "", "2017-03-31": "", "2016-12-31": "", "2016-09-30": "", "2016-06-30": "", "2016-03-31": "", "2015-12-31": "", "2015-09-30": "", "2015-06-30": "", "2015-03-31": "", "2014-12-31": "", "2014-09-30": "", "2014-06-30": "", "2014-03-31": "", "2013-12-31": "", "2013-09-30": "", "2013-06-30": "", "2013-03-31": "", "2012-12-31": "", "2012-09-30": "", "2012-06-30": "", "2012-03-31": "", "2011-12-31": "", "2011-09-30": "", "2011-06-30": "", "2011-03-31": "", "2010-12-31": "", "2010-09-30": "", "2010-06-30": "", "2010-03-31": "", "2009-12-31": "", "2009-09-30": "", "2009-06-30": "", "2009-03-31": "", "2008-12-31": "", "2008-09-30": "", "2008-06-30": "", "2008-03-31": "", "2007-12-31": "", "2007-09-30": "", "2007-06-30": "", "2007-03-31": "", "2006-12-31": "", "2006-09-30": "", "2006-06-30": "", "2006-03-31": "", "2005-12-31": "", "2005-09-30": "", "2005-06-30": "", "2005-03-31": ""}, "SG&A Expenses": {"2020-12-31": "3476.00000", "2020-09-30": "3714.00000", "2020-06-30": "4258.00000", "2020-03-31": "3981.00000", "2019-12-31": "2409.00000", "2019-09-30": "1859.00000", "2019-06-30": "1839.00000", "2019-03-31": "1782.00000", "2018-12-31": "1700.00000", "2018-09-30": "1826.00000", "2018-06-30": "1800.00000", "2018-03-31": "1775.00000", "2017-12-31": "1817.00000", "2017-09-30": "1790.00000", "2017-06-30": "1831.00000", "2017-03-31": "2176.00000", "2016-12-31": "1746.00000", "2016-09-30": "1778.00000", "2016-06-30": "1774.00000", "2016-03-31": "1674.00000", "2015-12-31": "1644.00000", "2015-09-30": "1591.00000", "2015-06-30": "1702.00000", "2015-03-31": "1487.00000", "2014-12-31": "1437.00000", "2014-09-30": "1543.00000", "2014-06-30": "1572.00000", "2014-03-31": "1414.00000", "2013-12-31": "1420.00000", "2013-09-30": "1533.00000", "2013-06-30": "1610.00000", "2013-03-31": "1654.00000", "2012-12-31": "1701.00000", "2012-09-30": "1699.00000", "2012-06-30": "1668.00000", "2012-03-31": "1639.00000", "2011-12-31": "1850.00000", "2011-09-30": "1643.00000", "2011-06-30": "1696.00000", "2011-03-31": "1688.00000", "2010-12-31": "2032.00000", "2010-09-30": "2138.00000", "2010-06-30": "2080.00000", "2010-03-31": "1867.00000", "2009-12-31": "2041.00000", "2009-09-30": "1982.00000", "2009-06-30": "1859.00000", "2009-03-31": "1708.00000", "2008-12-31": "1439.00000", "2008-09-30": "1339.00000", "2008-06-30": "1263.00000", "2008-03-31": "1126.00000", "2007-12-31": "1084.00000", "2007-09-30": "960.00000", "2007-06-30": "980.00000", "2007-03-31": "923.00000", "2006-12-31": "959.00000", "2006-09-30": "940.00000", "2006-06-30": "891.00000", "2006-03-31": "844.00000", "2005-12-31": "865.06400", "2005-09-30": "819.22500", "2005-06-30": "852.50500", "2005-03-31": "746.20610"}, "Other Operating Income Or Expenses": {"2020-12-31": "", "2020-09-30": "", "2020-06-30": "", "2020-03-31": "", "2019-12-31": "", "2019-09-30": "", "2019-06-30": "", "2019-03-31": "", "2018-12-31": "", "2018-09-30": "", "2018-06-30": "", "2018-03-31": "", "2017-12-31": "", "2017-09-30": "", "2017-06-30": "", "2017-03-31": "", "2016-12-31": "", "2016-09-30": "", "2016-06-30": "", "2016-03-31": "", "2015-12-31": "", "2015-09-30": "", "2015-06-30": "", "2015-03-31": "", "2014-12-31": "", "2014-09-30": "", "2014-06-30": "", "2014-03-31": "", "2013-12-31": "", "2013-09-30": "", "2013-06-30": "", "2013-03-31": "", "2012-12-31": "", "2012-09-30": "", "2012-06-30": "", "2012-03-31": "", "2011-12-31": "", "2011-09-30": "", "2011-06-30": "", "2011-03-31": "", "2010-12-31": "", "2010-09-30": "", "2010-06-30": "", "2010-03-31": "", "2009-12-31": "", "2009-09-30": "", "2009-06-30": "", "2009-03-31": "", "2008-12-31": "", "2008-09-30": "", "2008-06-30": "", "2008-03-31": "", "2007-12-31": "", "2007-09-30": "", "2007-06-30": "", "2007-03-31": "", "2006-12-31": "", "2006-09-30": "", "2006-06-30": "", "2006-03-31": "", "2005-12-31": "", "2005-09-30": "", "2005-06-30": "", "2005-03-31": ""}, "Operating Expenses": {"2020-12-31": "3947.00000", "2020-09-30": "4201.00000", "2020-06-30": "4953.00000", "2020-03-31": "4993.00000", "2019-12-31": "3108.00000", "2019-09-30": "2441.00000", "2019-06-30": "2416.00000", "2019-03-31": "2320.00000", "2018-12-31": "2285.00000", "2018-09-30": "2241.00000", "2018-06-30": "2168.00000", "2018-03-31": "2096.00000", "2017-12-31": "2225.00000", "2017-09-30": "2054.00000", "2017-06-30": "2056.00000", "2017-03-31": "2380.00000", "2016-12-31": "1964.00000", "2016-09-30": "2001.00000", "2016-06-30": "2004.00000", "2016-03-31": "1898.00000", "2015-12-31": "1867.00000", "2015-09-30": "1806.00000", "2015-06-30": "1902.00000", "2015-03-31": "1689.00000", "2014-12-31": "1642.00000", "2014-09-30": "1758.00000", "2014-06-30": "1789.00000", "2014-03-31": "1636.00000", "2013-12-31": "1650.00000", "2013-09-30": "1781.00000", "2013-06-30": "1865.00000", "2013-03-31": "1918.00000", "2012-12-31": "1979.00000", "2012-09-30": "1967.00000", "2012-06-30": "1963.00000", "2012-03-31": "1968.00000", "2011-12-31": "2191.00000", "2011-09-30": "2001.00000", "2011-06-30": "2057.00000", "2011-03-31": "2105.00000", "2010-12-31": "2483.00000", "2010-09-30": "2616.00000", "2010-06-30": "2571.00000", "2010-03-31": "2364.00000", "2009-12-31": "2574.00000", "2009-09-30": "2519.00000", "2009-06-30": "2385.00000", "2009-03-31": "2266.00000", "2008-12-31": "2200.00000", "2008-09-30": "2069.00000", "2008-06-30": "2010.00000", "2008-03-31": "2031.00000", "2007-12-31": "2132.00000", "2007-09-30": "2038.00000", "2007-06-30": "2001.00000", "2007-03-31": "1894.00000", "2006-12-31": "1896.00000", "2006-09-30": "1832.00000", "2006-06-30": "1667.00000", "2006-03-31": "1528.00000", "2005-12-31": "1493.32600", "2005-09-30": "1377.22200", "2005-06-30": "1336.83500", "2005-03-31": "1168.61700"}, "Operating Income": {"2020-12-31": "1949.00000", "2020-09-30": "1632.00000", "2020-06-30": "1358.00000", "2020-03-31": "1394.00000", "2019-12-31": "1102.00000", "2019-09-30": "1080.00000", "2019-06-30": "1142.00000", "2019-03-31": "1055.00000", "2018-12-31": "1086.00000", "2018-09-30": "1067.00000", "2018-06-30": "1048.00000", "2018-03-31": "1005.00000", "2017-12-31": "898.00000", "2017-09-30": "989.00000", "2017-06-30": "988.00000", "2017-03-31": "566.00000", "2016-12-31": "943.00000", "2016-09-30": "958.00000", "2016-06-30": "931.00000", "2016-03-31": "839.00000", "2015-12-31": "843.00000", "2015-09-30": "832.00000", "2015-06-30": "606.00000", "2015-03-31": "801.00000", "2014-12-31": "898.00000", "2014-09-30": "732.00000", "2014-06-30": "706.00000", "2014-03-31": "837.00000", "2013-12-31": "1000.00000", "2013-09-30": "763.00000", "2013-06-30": "824.00000", "2013-03-31": "742.00000", "2012-12-31": "767.00000", "2012-09-30": "716.00000", "2012-06-30": "731.00000", "2012-03-31": "646.00000", "2011-12-31": "500.00000", "2011-09-30": "439.00000", "2011-06-30": "420.00000", "2011-03-31": "285.00000", "2010-12-31": "236.00000", "2010-09-30": "256.00000", "2010-06-30": "287.00000", "2010-03-31": "259.00000", "2009-12-31": "216.00000", "2009-09-30": "166.00000", "2009-06-30": "248.00000", "2009-03-31": "444.00000", "2008-12-31": "336.00000", "2008-09-30": "516.00000", "2008-06-30": "607.00000", "2008-03-31": "635.00000", "2007-12-31": "598.00000", "2007-09-30": "667.00000", "2007-06-30": "689.00000", "2007-03-31": "649.00000", "2006-12-31": "572.00000", "2006-09-30": "631.00000", "2006-06-30": "652.00000", "2006-03-31": "636.00000", "2005-12-31": "625.38940", "2005-09-30": "658.34700", "2005-06-30": "580.76810", "2005-03-31": "591.49580"}, "Total Non-Operating Income/Expense": {"2020-12-31": "-308.00000", "2020-09-30": "-236.00000", "2020-06-30": "-209.00000", "2020-03-31": "-107.00000", "2019-12-31": "-223.00000", "2019-09-30": "-34.00000", "2019-06-30": "-23.00000", "2019-03-31": "-80.00000", "2018-12-31": "-76.00000", "2018-09-30": "-18.00000", "2018-06-30": "-24.00000", "2018-03-31": "-28.00000", "2017-12-31": "-22.00000", "2017-09-30": "-47.00000", "2017-06-30": "-10.00000", "2017-03-31": "-36.00000", "2016-12-31": "-13.00000", "2016-09-30": "-43.00000", "2016-06-30": "-92.00000", "2016-03-31": "-23.00000", "2015-12-31": "-50.00000", "2015-09-30": "-77.00000", "2015-06-30": "-25.00000", "2015-03-31": "-13.00000", "2014-12-31": "-18.00000", "2014-09-30": "-7.00000", "2014-06-30": "-13.00000", "2014-03-31": "-8.00000", "2013-12-31": "-10.00000", "2013-09-30": "-4.00000", "2013-06-30": "-27.00000", "2013-03-31": "-5.00000", "2012-12-31": "-11.00000", "2012-09-30": "-43.00000", "2012-06-30": "-2.00000", "2012-03-31": "-12.00000", "2011-12-31": "-16.00000", "2011-09-30": "", "2011-06-30": "-2.00000", "2011-03-31": "2.00000", "2010-12-31": "-4.00000", "2010-09-30": "-10.00000", "2010-06-30": "-38.00000", "2010-03-31": "-17.00000", "2009-12-31": "-9.00000", "2009-09-30": "-18.00000", "2009-06-30": "1.00000", "2009-03-31": "-12.00000", "2008-12-31": "-4.00000", "2008-09-30": "-5.00000", "2008-06-30": "-1.00000", "2008-03-31": "-5.00000", "2007-12-31": "-3.00000", "2007-09-30": "-7.00000", "2007-06-30": "-5.00000", "2007-03-31": "-6.00000", "2006-12-31": "-9.00000", "2006-09-30": "-10.00000", "2006-06-30": "-2.00000", "2006-03-31": "3.00000", "2005-12-31": "6.21500", "2005-09-30": "1.82400", "2005-06-30": "0.40400", "2005-03-31": "2.55700"}, "Pre-Tax Income": {"2020-12-31": "1641.00000", "2020-09-30": "1396.00000", "2020-06-30": "1149.00000", "2020-03-31": "1287.00000", "2019-12-31": "879.00000", "2019-09-30": "1046.00000", "2019-06-30": "1119.00000", "2019-03-31": "975.00000", "2018-12-31": "1010.00000", "2018-09-30": "1049.00000", "2018-06-30": "1024.00000", "2018-03-31": "977.00000", "2017-12-31": "876.00000", "2017-09-30": "942.00000", "2017-06-30": "978.00000", "2017-03-31": "530.00000", "2016-12-31": "930.00000", "2016-09-30": "915.00000", "2016-06-30": "839.00000", "2016-03-31": "816.00000", "2015-12-31": "793.00000", "2015-09-30": "755.00000", "2015-06-30": "581.00000", "2015-03-31": "788.00000", "2014-12-31": "880.00000", "2014-09-30": "725.00000", "2014-06-30": "693.00000", "2014-03-31": "829.00000", "2013-12-31": "990.00000", "2013-09-30": "759.00000", "2013-06-30": "797.00000", "2013-03-31": "737.00000", "2012-12-31": "756.00000", "2012-09-30": "673.00000", "2012-06-30": "729.00000", "2012-03-31": "634.00000", "2011-12-31": "484.00000", "2011-09-30": "439.00000", "2011-06-30": "418.00000", "2011-03-31": "287.00000", "2010-12-31": "232.00000", "2010-09-30": "246.00000", "2010-06-30": "249.00000", "2010-03-31": "242.00000", "2009-12-31": "207.00000", "2009-09-30": "148.00000", "2009-06-30": "249.00000", "2009-03-31": "432.00000", "2008-12-31": "332.00000", "2008-09-30": "511.00000", "2008-06-30": "606.00000", "2008-03-31": "630.00000", "2007-12-31": "595.00000", "2007-09-30": "660.00000", "2007-06-30": "684.00000", "2007-03-31": "643.00000", "2006-12-31": "563.00000", "2006-09-30": "621.00000", "2006-06-30": "650.00000", "2006-03-31": "639.00000", "2005-12-31": "631.60400", "2005-09-30": "660.17100", "2005-06-30": "581.17200", "2005-03-31": "594.05300"}, "Income Taxes": {"2020-12-31": "311.00000", "2020-09-30": "255.00000", "2020-06-30": "191.00000", "2020-03-31": "224.00000", "2019-12-31": "153.00000", "2019-09-30": "218.00000", "2019-06-30": "234.00000", "2019-03-31": "177.00000", "2018-12-31": "205.00000", "2018-09-30": "210.00000", "2018-06-30": "202.00000", "2018-03-31": "186.00000", "2017-12-31": "209.00000", "2017-09-30": "294.00000", "2017-06-30": "304.00000", "2017-03-31": "104.00000", "2016-12-31": "287.00000", "2016-09-30": "273.00000", "2016-06-30": "252.00000", "2016-03-31": "246.00000", "2015-12-31": "251.00000", "2015-09-30": "222.00000", "2015-06-30": "80.00000", "2015-03-31": "241.00000", "2014-12-31": "277.00000", "2014-09-30": "172.00000", "2014-06-30": "216.00000", "2014-03-31": "256.00000", "2013-12-31": "401.00000", "2013-09-30": "450.00000", "2013-06-30": "221.00000", "2013-03-31": "481.00000", "2012-12-31": "207.00000", "2012-09-30": "177.00000", "2012-06-30": "191.00000", "2012-03-31": "189.00000", "2011-12-31": "84.00000", "2011-09-30": "68.00000", "2011-06-30": "91.00000", "2011-03-31": "53.00000", "2010-12-31": "15.00000", "2010-09-30": "27.00000", "2010-06-30": "25.00000", "2010-03-31": "48.00000", "2009-12-31": "13.00000", "2009-09-30": "-9.00000", "2009-06-30": "41.00000", "2009-03-31": "114.00000", "2008-12-31": "25.00000", "2008-09-30": "149.00000", "2008-06-30": "175.00000", "2008-03-31": "201.00000", "2007-12-31": "172.00000", "2007-09-30": "216.00000", "2007-06-30": "226.00000", "2007-03-31": "222.00000", "2006-12-31": "312.00000", "2006-09-30": "204.00000", "2006-06-30": "221.00000", "2006-03-31": "208.00000", "2005-12-31": "201.79900", "2005-09-30": "218.16500", "2005-06-30": "194.36700", "2005-03-31": "198.66900"}, "Income After Taxes": {"2020-12-31": "1330.00000", "2020-09-30": "1141.00000", "2020-06-30": "958.00000", "2020-03-31": "1063.00000", "2019-12-31": "726.00000", "2019-09-30": "828.00000", "2019-06-30": "885.00000", "2019-03-31": "798.00000", "2018-12-31": "805.00000", "2018-09-30": "839.00000", "2018-06-30": "822.00000", "2018-03-31": "791.00000", "2017-12-31": "667.00000", "2017-09-30": "648.00000", "2017-06-30": "674.00000", "2017-03-31": "426.00000", "2016-12-31": "643.00000", "2016-09-30": "642.00000", "2016-06-30": "587.00000", "2016-03-31": "570.00000", "2015-12-31": "542.00000", "2015-09-30": "533.00000", "2015-06-30": "501.00000", "2015-03-31": "547.00000", "2014-12-31": "603.00000", "2014-09-30": "553.00000", "2014-06-30": "477.00000", "2014-03-31": "573.00000", "2013-12-31": "589.00000", "2013-09-30": "309.00000", "2013-06-30": "576.00000", "2013-03-31": "256.00000", "2012-12-31": "549.00000", "2012-09-30": "496.00000", "2012-06-30": "538.00000", "2012-03-31": "445.00000", "2011-12-31": "400.00000", "2011-09-30": "371.00000", "2011-06-30": "327.00000", "2011-03-31": "234.00000", "2010-12-31": "217.00000", "2010-09-30": "219.00000", "2010-06-30": "224.00000", "2010-03-31": "194.00000", "2009-12-31": "194.00000", "2009-09-30": "157.00000", "2009-06-30": "208.00000", "2009-03-31": "318.00000", "2008-12-31": "307.00000", "2008-09-30": "362.00000", "2008-06-30": "431.00000", "2008-03-31": "429.00000", "2007-12-31": "423.00000", "2007-09-30": "444.00000", "2007-06-30": "458.00000", "2007-03-31": "421.00000", "2006-12-31": "251.00000", "2006-09-30": "417.00000", "2006-06-30": "429.00000", "2006-03-31": "431.00000", "2005-12-31": "429.80490", "2005-09-30": "442.00600", "2005-06-30": "386.80500", "2005-03-31": "395.38400"}, "Other Income": {"2020-12-31": "", "2020-09-30": "", "2020-06-30": "", "2020-03-31": "", "2019-12-31": "", "2019-09-30": "", "2019-06-30": "", "2019-03-31": "", "2018-12-31": "", "2018-09-30": "", "2018-06-30": "", "2018-03-31": "", "2017-12-31": "", "2017-09-30": "", "2017-06-30": "", "2017-03-31": "", "2016-12-31": "", "2016-09-30": "", "2016-06-30": "", "2016-03-31": "", "2015-12-31": "", "2015-09-30": "", "2015-06-30": "", "2015-03-31": "", "2014-12-31": "", "2014-09-30": "", "2014-06-30": "", "2014-03-31": "", "2013-12-31": "", "2013-09-30": "", "2013-06-30": "", "2013-03-31": "", "2012-12-31": "", "2012-09-30": "", "2012-06-30": "", "2012-03-31": "", "2011-12-31": "", "2011-09-30": "", "2011-06-30": "", "2011-03-31": "", "2010-12-31": "", "2010-09-30": "", "2010-06-30": "", "2010-03-31": "", "2009-12-31": "", "2009-09-30": "", "2009-06-30": "", "2009-03-31": "", "2008-12-31": "", "2008-09-30": "", "2008-06-30": "", "2008-03-31": "", "2007-12-31": "", "2007-09-30": "", "2007-06-30": "", "2007-03-31": "", "2006-12-31": "", "2006-09-30": "", "2006-06-30": "", "2006-03-31": "", "2005-12-31": "", "2005-09-30": "", "2005-06-30": "", "2005-03-31": ""}, "Income From Continuous Operations": {"2020-12-31": "1330.00000", "2020-09-30": "1141.00000", "2020-06-30": "958.00000", "2020-03-31": "1063.00000", "2019-12-31": "726.00000", "2019-09-30": "828.00000", "2019-06-30": "885.00000", "2019-03-31": "798.00000", "2018-12-31": "805.00000", "2018-09-30": "839.00000", "2018-06-30": "822.00000", "2018-03-31": "791.00000", "2017-12-31": "667.00000", "2017-09-30": "648.00000", "2017-06-30": "674.00000", "2017-03-31": "426.00000", "2016-12-31": "643.00000", "2016-09-30": "642.00000", "2016-06-30": "587.00000", "2016-03-31": "570.00000", "2015-12-31": "542.00000", "2015-09-30": "533.00000", "2015-06-30": "501.00000", "2015-03-31": "547.00000", "2014-12-31": "603.00000", "2014-09-30": "553.00000", "2014-06-30": "477.00000", "2014-03-31": "573.00000", "2013-12-31": "589.00000", "2013-09-30": "309.00000", "2013-06-30": "576.00000", "2013-03-31": "256.00000", "2012-12-31": "549.00000", "2012-09-30": "496.00000", "2012-06-30": "538.00000", "2012-03-31": "445.00000", "2011-12-31": "400.00000", "2011-09-30": "371.00000", "2011-06-30": "327.00000", "2011-03-31": "234.00000", "2010-12-31": "217.00000", "2010-09-30": "219.00000", "2010-06-30": "224.00000", "2010-03-31": "194.00000", "2009-12-31": "194.00000", "2009-09-30": "157.00000", "2009-06-30": "208.00000", "2009-03-31": "318.00000", "2008-12-31": "307.00000", "2008-09-30": "362.00000", "2008-06-30": "431.00000", "2008-03-31": "429.00000", "2007-12-31": "423.00000", "2007-09-30": "444.00000", "2007-06-30": "458.00000", "2007-03-31": "421.00000", "2006-12-31": "251.00000", "2006-09-30": "417.00000", "2006-06-30": "429.00000", "2006-03-31": "431.00000", "2005-12-31": "429.80490", "2005-09-30": "442.00600", "2005-06-30": "386.80500", "2005-03-31": "395.38400"}, "Income From Discontinued Operations": {"2020-12-31": "", "2020-09-30": "", "2020-06-30": "", "2020-03-31": "", "2019-12-31": "", "2019-09-30": "", "2019-06-30": "", "2019-03-31": "", "2018-12-31": "", "2018-09-30": "", "2018-06-30": "", "2018-03-31": "", "2017-12-31": "", "2017-09-30": "", "2017-06-30": "", "2017-03-31": "", "2016-12-31": "", "2016-09-30": "", "2016-06-30": "", "2016-03-31": "", "2015-12-31": "", "2015-09-30": "", "2015-06-30": "", "2015-03-31": "", "2014-12-31": "", "2014-09-30": "", "2014-06-30": "", "2014-03-31": "", "2013-12-31": "", "2013-09-30": "", "2013-06-30": "", "2013-03-31": "", "2012-12-31": "", "2012-09-30": "", "2012-06-30": "", "2012-03-31": "", "2011-12-31": "", "2011-09-30": "", "2011-06-30": "", "2011-03-31": "", "2010-12-31": "", "2010-09-30": "", "2010-06-30": "", "2010-03-31": "", "2009-12-31": "", "2009-09-30": "", "2009-06-30": "", "2009-03-31": "", "2008-12-31": "", "2008-09-30": "", "2008-06-30": "", "2008-03-31": "", "2007-12-31": "", "2007-09-30": "", "2007-06-30": "", "2007-03-31": "", "2006-12-31": "", "2006-09-30": "", "2006-06-30": "", "2006-03-31": "", "2005-12-31": "", "2005-09-30": "", "2005-06-30": "", "2005-03-31": ""}, "Net Income": {"2020-12-31": "1228.00000", "2020-09-30": "1068.00000", "2020-06-30": "902.00000", "2020-03-31": "986.00000", "2019-12-31": "702.00000", "2019-09-30": "735.00000", "2019-06-30": "842.00000", "2019-03-31": "749.00000", "2018-12-31": "754.00000", "2018-09-30": "789.00000", "2018-06-30": "775.00000", "2018-03-31": "745.00000", "2017-12-31": "614.00000", "2017-09-30": "597.00000", "2017-06-30": "631.00000", "2017-03-31": "378.00000", "2016-12-31": "592.00000", "2016-09-30": "599.00000", "2016-06-30": "541.00000", "2016-03-31": "527.00000", "2015-12-31": "502.00000", "2015-09-30": "492.00000", "2015-06-30": "454.00000", "2015-03-31": "488.00000", "2014-12-31": "551.00000", "2014-09-30": "512.00000", "2014-06-30": "424.00000", "2014-03-31": "496.00000", "2013-12-31": "538.00000", "2013-09-30": "268.00000", "2013-06-30": "547.00000", "2013-03-31": "210.00000", "2012-12-31": "506.00000", "2012-09-30": "469.00000", "2012-06-30": "510.00000", "2012-03-31": "431.00000", "2011-12-31": "391.00000", "2011-09-30": "366.00000", "2011-06-30": "307.00000", "2011-03-31": "225.00000", "2010-12-31": "208.00000", "2010-09-30": "210.00000", "2010-06-30": "210.00000", "2010-03-31": "188.00000", "2009-12-31": "185.00000", "2009-09-30": "152.00000", "2009-06-30": "121.00000", "2009-03-31": "271.00000", "2008-12-31": "284.00000", "2008-09-30": "358.00000", "2008-06-30": "428.00000", "2008-03-31": "428.00000", "2007-12-31": "411.00000", "2007-09-30": "444.00000", "2007-06-30": "458.00000", "2007-03-31": "421.00000", "2006-12-31": "251.00000", "2006-09-30": "417.00000", "2006-06-30": "429.00000", "2006-03-31": "431.00000", "2005-12-31": "429.80500", "2005-09-30": "442.00600", "2005-06-30": "386.80500", "2005-03-31": "395.38400"}, "EBITDA": {"2020-12-31": "", "2020-09-30": "", "2020-06-30": "", "2020-03-31": "", "2019-12-31": "", "2019-09-30": "", "2019-06-30": "", "2019-03-31": "", "2018-12-31": "", "2018-09-30": "", "2018-06-30": "", "2018-03-31": "", "2017-12-31": "", "2017-09-30": "", "2017-06-30": "", "2017-03-31": "", "2016-12-31": "", "2016-09-30": "", "2016-06-30": "", "2016-03-31": "", "2015-12-31": "", "2015-09-30": "", "2015-06-30": "", "2015-03-31": "", "2014-12-31": "", "2014-09-30": "", "2014-06-30": "", "2014-03-31": "", "2013-12-31": "", "2013-09-30": "", "2013-06-30": "", "2013-03-31": "", "2012-12-31": "", "2012-09-30": "", "2012-06-30": "", "2012-03-31": "", "2011-12-31": "", "2011-09-30": "", "2011-06-30": "", "2011-03-31": "", "2010-12-31": "", "2010-09-30": "", "2010-06-30": "", "2010-03-31": "", "2009-12-31": "", "2009-09-30": "", "2009-06-30": "", "2009-03-31": "", "2008-12-31": "", "2008-09-30": "", "2008-06-30": "", "2008-03-31": "", "2007-12-31": "", "2007-09-30": "", "2007-06-30": "", "2007-03-31": "", "2006-12-31": "", "2006-09-30": "", "2006-06-30": "", "2006-03-31": "", "2005-12-31": "", "2005-09-30": "", "2005-06-30": "", "2005-03-31": ""}, "EBIT": {"2020-12-31": "", "2020-09-30": "", "2020-06-30": "", "2020-03-31": "", "2019-12-31": "", "2019-09-30": "", "2019-06-30": "", "2019-03-31": "", "2018-12-31": "", "2018-09-30": "", "2018-06-30": "", "2018-03-31": "", "2017-12-31": "", "2017-09-30": "", "2017-06-30": "", "2017-03-31": "", "2016-12-31": "", "2016-09-30": "", "2016-06-30": "", "2016-03-31": "", "2015-12-31": "", "2015-09-30": "", "2015-06-30": "", "2015-03-31": "", "2014-12-31": "", "2014-09-30": "", "2014-06-30": "", "2014-03-31": "", "2013-12-31": "", "2013-09-30": "", "2013-06-30": "", "2013-03-31": "", "2012-12-31": "", "2012-09-30": "", "2012-06-30": "", "2012-03-31": "", "2011-12-31": "", "2011-09-30": "", "2011-06-30": "", "2011-03-31": "", "2010-12-31": "", "2010-09-30": "", "2010-06-30": "", "2010-03-31": "", "2009-12-31": "", "2009-09-30": "", "2009-06-30": "", "2009-03-31": "", "2008-12-31": "", "2008-09-30": "", "2008-06-30": "", "2008-03-31": "", "2007-12-31": "", "2007-09-30": "", "2007-06-30": "", "2007-03-31": "", "2006-12-31": "", "2006-09-30": "", "2006-06-30": "", "2006-03-31": "", "2005-12-31": "", "2005-09-30": "", "2005-06-30": "", "2005-03-31": ""}, "Basic Shares Outstanding": {"2020-12-31": "1348.49300", "2020-09-30": "1347.91600", "2020-06-30": "1347.51200", "2020-03-31": "1344.37200", "2019-12-31": "805.10400", "2019-09-30": "766.16700", "2019-06-30": "765.95800", "2019-03-31": "764.13500", "2018-12-31": "772.96300", "2018-09-30": "771.56200", "2018-06-30": "775.83600", "2018-03-31": "779.61700", "2017-12-31": "799.21700", "2017-09-30": "794.55800", "2017-06-30": "808.98000", "2017-03-31": "809.90300", "2016-12-31": "804.68000", "2016-09-30": "812.52100", "2016-06-30": "814.26100", "2016-03-31": "781.19300", "2015-12-31": "748.01000", "2015-09-30": "764.43500", "2015-06-30": "724.88000", "2015-03-31": "721.63900", "2014-12-31": "718.14000", "2014-09-30": "720.11700", "2014-06-30": "719.08000", "2014-03-31": "712.84200", "2013-12-31": "703.04200", "2013-09-30": "704.13400", "2013-06-30": "702.08200", "2013-03-31": "700.27500", "2012-12-31": "698.73900", "2012-09-30": "699.09100", "2012-06-30": "698.57900", "2012-03-31": "697.68500", "2011-12-31": "696.53200", "2011-09-30": "697.05200", "2011-06-30": "696.62500", "2011-03-31": "695.30900", "2010-12-31": "692.48900", "2010-09-30": "693.01700", "2010-06-30": "692.11300", "2010-03-31": "690.79200", "2009-12-31": "629.58300", "2009-09-30": "665.40800", "2009-06-30": "602.72600", "2009-03-31": "559.80100", "2008-12-31": "548.84700", "2008-09-30": "549.76100", "2008-06-30": "546.62800", "2008-03-31": "546.21400", "2007-12-31": "547.18400", "2007-09-30": "550.60300", "2007-06-30": "548.38500", "2007-03-31": "541.85100", "2006-12-31": "539.14000", "2006-09-30": "538.91100", "2006-06-30": "536.88200", "2006-03-31": "539.95270", "2005-12-31": "546.91600", "2005-09-30": "547.46780", "2005-06-30": "547.08920", "2005-03-31": "549.28200"}, "Shares Outstanding": {"2020-12-31": "1361.76300", "2020-09-30": "1358.12200", "2020-06-30": "1355.83400", "2020-03-31": "1357.54500", "2019-12-31": "815.20400", "2019-09-30": "775.79100", "2019-06-30": "774.60300", "2019-03-31": "774.07100", "2018-12-31": "783.48400", "2018-09-30": "781.86700", "2018-06-30": "785.75000", "2018-03-31": "791.00500", "2017-12-31": "810.97700", "2017-09-30": "806.12400", "2017-06-30": "819.38900", "2017-03-31": "822.71900", "2016-12-31": "814.91600", "2016-09-30": "823.10600", "2016-06-30": "823.68200", "2016-03-31": "790.17600", "2015-12-31": "757.76500", "2015-09-30": "774.02300", "2015-06-30": "734.52700", "2015-03-31": "731.51100", "2014-12-31": "728.37200", "2014-09-30": "729.98900", "2014-06-30": "728.45200", "2014-03-31": "724.28300", "2013-12-31": "714.36300", "2013-09-30": "716.10100", "2013-06-30": "712.86100", "2013-03-31": "711.02000", "2012-12-31": "708.87700", "2012-09-30": "709.87500", "2012-06-30": "708.45400", "2012-03-31": "707.36900", "2011-12-31": "705.16800", "2011-09-30": "705.60400", "2011-06-30": "704.96900", "2011-03-31": "704.10100", "2010-12-31": "701.03900", "2010-09-30": "701.53500", "2010-06-30": "701.32200", "2010-03-31": "698.67500", "2009-12-31": "635.61900", "2009-09-30": "672.45700", "2009-06-30": "608.79700", "2009-03-31": "563.56600", "2008-12-31": "552.49800", "2008-09-30": "553.54400", "2008-06-30": "549.75800", "2008-03-31": "548.94600", "2007-12-31": "551.75500", "2007-09-30": "555.33600", "2007-06-30": "553.93500", "2007-03-31": "547.23000", "2006-12-31": "543.89100", "2006-09-30": "544.28600", "2006-06-30": "541.60800", "2006-03-31": "543.43590", "2005-12-31": "551.38000", "2005-09-30": "552.05880", "2005-06-30": "551.24510", "2005-03-31": "553.65470"}, "Basic EPS": {"2020-12-31": "0.91000", "2020-09-30": "0.79000", "2020-06-30": "0.67000", "2020-03-31": "0.73000", "2019-12-31": "0.72000", "2019-09-30": "0.96000", "2019-06-30": "1.10000", "2019-03-31": "0.98000", "2018-12-31": "0.98000", "2018-09-30": "1.02000", "2018-06-30": "1.00000", "2018-03-31": "0.96000", "2017-12-31": "0.78000", "2017-09-30": "0.75000", "2017-06-30": "0.78000", "2017-03-31": "0.47000", "2016-12-31": "0.73000", "2016-09-30": "0.74000", "2016-06-30": "0.67000", "2016-03-31": "0.67000", "2015-12-31": "0.64000", "2015-09-30": "0.64000", "2015-06-30": "0.63000", "2015-03-31": "0.68000", "2014-12-31": "0.76000", "2014-09-30": "0.71000", "2014-06-30": "0.59000", "2014-03-31": "0.70000", "2013-12-31": "0.76000", "2013-09-30": "0.38000", "2013-06-30": "0.78000", "2013-03-31": "0.30000", "2012-12-31": "0.72000", "2012-09-30": "0.67000", "2012-06-30": "0.73000", "2012-03-31": "0.62000", "2011-12-31": "0.57000", "2011-09-30": "0.52000", "2011-06-30": "0.44000", "2011-03-31": "0.32000", "2010-12-31": "0.31000", "2010-09-30": "0.30000", "2010-06-30": "0.30000", "2010-03-31": "0.27000", "2009-12-31": "0.25000", "2009-09-30": "0.23000", "2009-06-30": "0.20000", "2009-03-31": "0.48000", "2008-12-31": "0.52000", "2008-09-30": "0.65000", "2008-06-30": "0.78000", "2008-03-31": "0.78000", "2007-12-31": "0.74000", "2007-09-30": "0.81000", "2007-06-30": "0.84000", "2007-03-31": "0.78000", "2006-12-31": "0.47000", "2006-09-30": "0.77000", "2006-06-30": "0.80000", "2006-03-31": "0.80000", "2005-12-31": "0.78000", "2005-09-30": "0.81000", "2005-06-30": "0.71000", "2005-03-31": "0.72000"}, "EPS - Earnings Per Share": {"2020-12-31": "0.90000", "2020-09-30": "0.79000", "2020-06-30": "0.67000", "2020-03-31": "0.73000", "2019-12-31": "0.70000", "2019-09-30": "0.95000", "2019-06-30": "1.09000", "2019-03-31": "0.97000", "2018-12-31": "0.97000", "2018-09-30": "1.01000", "2018-06-30": "0.99000", "2018-03-31": "0.94000", "2017-12-31": "0.77000", "2017-09-30": "0.74000", "2017-06-30": "0.77000", "2017-03-31": "0.46000", "2016-12-31": "0.71000", "2016-09-30": "0.73000", "2016-06-30": "0.66000", "2016-03-31": "0.67000", "2015-12-31": "0.63000", "2015-09-30": "0.64000", "2015-06-30": "0.62000", "2015-03-31": "0.67000", "2014-12-31": "0.76000", "2014-09-30": "0.70000", "2014-06-30": "0.58000", "2014-03-31": "0.68000", "2013-12-31": "0.76000", "2013-09-30": "0.37000", "2013-06-30": "0.77000", "2013-03-31": "0.29000", "2012-12-31": "0.71000", "2012-09-30": "0.66000", "2012-06-30": "0.72000", "2012-03-31": "0.61000", "2011-12-31": "0.55000", "2011-09-30": "0.52000", "2011-06-30": "0.44000", "2011-03-31": "0.32000", "2010-12-31": "0.29000", "2010-09-30": "0.30000", "2010-06-30": "0.30000", "2010-03-31": "0.27000", "2009-12-31": "0.24000", "2009-09-30": "0.23000", "2009-06-30": "0.20000", "2009-03-31": "0.48000", "2008-12-31": "0.50000", "2008-09-30": "0.65000", "2008-06-30": "0.78000", "2008-03-31": "0.78000", "2007-12-31": "0.74000", "2007-09-30": "0.80000", "2007-06-30": "0.83000", "2007-03-31": "0.77000", "2006-12-31": "0.46000", "2006-09-30": "0.77000", "2006-06-30": "0.79000", "2006-03-31": "0.79000", "2005-12-31": "0.79000", "2005-09-30": "0.80000", "2005-06-30": "0.70000", "2005-03-31": "0.71000"}}, "balance sheet": {"Cash On Hand": {"2020-12-31": "24485.00000", "2019-12-31": "26215.00000", "2018-12-31": "4378.00000", "2017-12-31": "3083.00000", "2016-12-31": "4424.00000", "2015-12-31": "4167.00000", "2014-12-31": "2699.00000", "2013-12-31": "2587.00000", "2012-12-31": "4286.00000", "2011-12-31": "4898.00000", "2010-12-31": "3327.00000", "2009-12-31": "3555.00000", "2008-12-31": "3495.00000", "2007-12-31": "4334.00000", "2006-12-31": "5012.00000", "2005-12-31": "3589.00000"}, "Receivables": {"2020-12-31": "", "2019-12-31": "", "2018-12-31": "", "2017-12-31": "", "2016-12-31": "", "2015-12-31": "", "2014-12-31": "", "2013-12-31": "", "2012-12-31": "", "2011-12-31": "", "2010-12-31": "", "2009-12-31": "", "2008-12-31": "", "2007-12-31": "", "2006-12-31": "", "2005-12-31": ""}, "Inventory": {"2020-12-31": "", "2019-12-31": "", "2018-12-31": "", "2017-12-31": "", "2016-12-31": "", "2015-12-31": "", "2014-12-31": "", "2013-12-31": "", "2012-12-31": "", "2011-12-31": "", "2010-12-31": "", "2009-12-31": "", "2008-12-31": "", "2007-12-31": "", "2006-12-31": "", "2005-12-31": ""}, "Pre-Paid Expenses": {"2020-12-31": "", "2019-12-31": "", "2018-12-31": "", "2017-12-31": "", "2016-12-31": "", "2015-12-31": "", "2014-12-31": "", "2013-12-31": "", "2012-12-31": "", "2011-12-31": "", "2010-12-31": "", "2009-12-31": "", "2008-12-31": "", "2007-12-31": "", "2006-12-31": "", "2005-12-31": ""}, "Other Current Assets": {"2020-12-31": "", "2019-12-31": "", "2018-12-31": "", "2017-12-31": "", "2016-12-31": "", "2015-12-31": "", "2014-12-31": "", "2013-12-31": "", "2012-12-31": "", "2011-12-31": "", "2010-12-31": "", "2009-12-31": "", "2008-12-31": "", "2007-12-31": "", "2006-12-31": "", "2005-12-31": ""}, "Total Current Assets": {"2020-12-31": "324443.00000", "2019-12-31": "332881.00000", "2018-12-31": "152821.00000", "2017-12-31": "146393.00000", "2016-12-31": "147973.00000", "2015-12-31": "139693.00000", "2014-12-31": "122532.00000", "2013-12-31": "117994.00000", "2012-12-31": "120632.00000", "2011-12-31": "114947.00000", "2010-12-31": "109805.00000", "2009-12-31": "110224.00000", "2008-12-31": "100590.00000", "2007-12-31": "95016.00000", "2006-12-31": "87715.00000", "2005-12-31": "77787.00000"}, "Property, Plant, And Equipment": {"2020-12-31": "3870.00000", "2019-12-31": "3712.00000", "2018-12-31": "2118.00000", "2017-12-31": "2055.00000", "2016-12-31": "2107.00000", "2015-12-31": "2007.00000", "2014-12-31": "1827.00000", "2013-12-31": "1869.00000", "2012-12-31": "1888.00000", "2011-12-31": "1855.00000", "2010-12-31": "1840.00000", "2009-12-31": "1583.00000", "2008-12-31": "1580.00000", "2007-12-31": "1529.00000", "2006-12-31": "1410.00000", "2005-12-31": "1287.00000"}, "Long-Term Investments": {"2020-12-31": "120788.00000", "2019-12-31": "74727.00000", "2018-12-31": "45590.00000", "2017-12-31": "47574.00000", "2016-12-31": "43606.00000", "2015-12-31": "43827.00000", "2014-12-31": "41147.00000", "2013-12-31": "40205.00000", "2012-12-31": "38731.00000", "2011-12-31": "36407.00000", "2010-12-31": "23169.00000", "2009-12-31": "33253.00000", "2008-12-31": "32843.00000", "2007-12-31": "22419.00000", "2006-12-31": "20721.00000", "2005-12-31": "19783.00000"}, "Goodwill And Intangible Assets": {"2020-12-31": "29454.00000", "2019-12-31": "29926.00000", "2018-12-31": "11698.00000", "2017-12-31": "11385.00000", "2016-12-31": "11544.00000", "2015-12-31": "10114.00000", "2014-12-31": "8218.00000", "2013-12-31": "8430.00000", "2012-12-31": "8104.00000", "2011-12-31": "7085.00000", "2010-12-31": "7346.00000", "2009-12-31": "7525.00000", "2008-12-31": "6395.00000", "2007-12-31": "6155.00000", "2006-12-31": "5765.00000", "2005-12-31": "5175.00000"}, "Other Long-Term Assets": {"2020-12-31": "30673.00000", "2019-12-31": "31832.00000", "2018-12-31": "13470.00000", "2017-12-31": "14235.00000", "2016-12-31": "14046.00000", "2015-12-31": "14306.00000", "2014-12-31": "13110.00000", "2013-12-31": "14512.00000", "2012-12-31": "15144.00000", "2011-12-31": "14285.00000", "2010-12-31": "14921.00000", "2009-12-31": "13179.00000", "2008-12-31": "10607.00000", "2007-12-31": "7499.00000", "2006-12-31": "5740.00000", "2005-12-31": "5138.00000"}, "Total Long-Term Assets": {"2020-12-31": "184785.00000", "2019-12-31": "140197.00000", "2018-12-31": "72876.00000", "2017-12-31": "75249.00000", "2016-12-31": "71303.00000", "2015-12-31": "70254.00000", "2014-12-31": "64302.00000", "2013-12-31": "65016.00000", "2012-12-31": "63867.00000", "2011-12-31": "59632.00000", "2010-12-31": "47276.00000", "2009-12-31": "55540.00000", "2008-12-31": "51425.00000", "2007-12-31": "37602.00000", "2006-12-31": "33636.00000", "2005-12-31": "31383.00000"}, "Total Assets": {"2020-12-31": "509228.00000", "2019-12-31": "473078.00000", "2018-12-31": "225697.00000", "2017-12-31": "221642.00000", "2016-12-31": "219276.00000", "2015-12-31": "209947.00000", "2014-12-31": "186834.00000", "2013-12-31": "183010.00000", "2012-12-31": "184499.00000", "2011-12-31": "174579.00000", "2010-12-31": "157081.00000", "2009-12-31": "165764.00000", "2008-12-31": "152015.00000", "2007-12-31": "132618.00000", "2006-12-31": "121351.00000", "2005-12-31": "109170.00000"}, "Total Current Liabilities": {"2020-12-31": "387169.00000", "2019-12-31": "352945.00000", "2018-12-31": "166377.00000", "2017-12-31": "168299.00000", "2016-12-31": "167385.00000", "2015-12-31": "158838.00000", "2014-12-31": "139145.00000", "2013-12-31": "138708.00000", "2012-12-31": "144162.00000", "2011-12-31": "135296.00000", "2010-12-31": "118853.00000", "2009-12-31": "128147.00000", "2008-12-31": "117902.00000", "2007-12-31": "101293.00000", "2006-12-31": "93702.00000", "2005-12-31": "84922.00000"}, "Long Term Debt": {"2020-12-31": "39597.00000", "2019-12-31": "41339.00000", "2018-12-31": "23709.00000", "2017-12-31": "23648.00000", "2016-12-31": "21965.00000", "2015-12-31": "23769.00000", "2014-12-31": "23312.00000", "2013-12-31": "21493.00000", "2012-12-31": "19114.00000", "2011-12-31": "21803.00000", "2010-12-31": "21730.00000", "2009-12-31": "21376.00000", "2008-12-31": "18032.00000", "2007-12-31": "18693.00000", "2006-12-31": "15904.00000", "2005-12-31": "13119.00000"}, "Other Non-Current Liabilities": {"2020-12-31": "11550.00000", "2019-12-31": "12236.00000", "2018-12-31": "5433.00000", "2017-12-31": "", "2016-12-31": "", "2015-12-31": "", "2014-12-31": "", "2013-12-31": "", "2012-12-31": "", "2011-12-31": "", "2010-12-31": "", "2009-12-31": "", "2008-12-31": "", "2007-12-31": "", "2006-12-31": "", "2005-12-31": ""}, "Total Long Term Liabilities": {"2020-12-31": "51147.00000", "2019-12-31": "53575.00000", "2018-12-31": "29142.00000", "2017-12-31": "23648.00000", "2016-12-31": "21965.00000", "2015-12-31": "23769.00000", "2014-12-31": "23312.00000", "2013-12-31": "21493.00000", "2012-12-31": "19114.00000", "2011-12-31": "21803.00000", "2010-12-31": "21730.00000", "2009-12-31": "21376.00000", "2008-12-31": "18032.00000", "2007-12-31": "18693.00000", "2006-12-31": "15904.00000", "2005-12-31": "13119.00000"}, "Total Liabilities": {"2020-12-31": "438316.00000", "2019-12-31": "406520.00000", "2018-12-31": "195519.00000", "2017-12-31": "191947.00000", "2016-12-31": "189350.00000", "2015-12-31": "182607.00000", "2014-12-31": "162457.00000", "2013-12-31": "160201.00000", "2012-12-31": "163276.00000", "2011-12-31": "157099.00000", "2010-12-31": "140583.00000", "2009-12-31": "149523.00000", "2008-12-31": "135934.00000", "2007-12-31": "119986.00000", "2006-12-31": "109606.00000", "2005-12-31": "98041.00000"}, "Common Stock Net": {"2020-12-31": "6745.00000", "2019-12-31": "6711.00000", "2018-12-31": "3817.00000", "2017-12-31": "3910.00000", "2016-12-31": "4047.00000", "2015-12-31": "3902.00000", "2014-12-31": "3603.00000", "2013-12-31": "3533.00000", "2012-12-31": "3499.00000", "2011-12-31": "3486.00000", "2010-12-31": "3472.00000", "2009-12-31": "3449.00000", "2008-12-31": "2796.00000", "2007-12-31": "2730.00000", "2006-12-31": "2707.00000", "2005-12-31": "2715.00000"}, "Retained Earnings (Accumulated Deficit)": {"2020-12-31": "19455.00000", "2019-12-31": "19806.00000", "2018-12-31": "18118.00000", "2017-12-31": "16259.00000", "2016-12-31": "14809.00000", "2015-12-31": "13464.00000", "2014-12-31": "12317.00000", "2013-12-31": "11044.00000", "2012-12-31": "10129.00000", "2011-12-31": "8772.00000", "2010-12-31": "7935.00000", "2009-12-31": "7539.00000", "2008-12-31": "7381.00000", "2007-12-31": "6919.00000", "2006-12-31": "6596.00000", "2005-12-31": "5951.00000"}, "Comprehensive Income": {"2020-12-31": "716.00000", "2019-12-31": "-844.00000", "2018-12-31": "-1715.00000", "2017-12-31": "-1467.00000", "2016-12-31": "-1132.00000", "2015-12-31": "-1028.00000", "2014-12-31": "-751.00000", "2013-12-31": "-593.00000", "2012-12-31": "-559.00000", "2011-12-31": "-713.00000", "2010-12-31": "-747.00000", "2009-12-31": "-417.00000", "2008-12-31": "-732.00000", "2007-12-31": "-104.00000", "2006-12-31": "-359.00000", "2005-12-31": "-356.00000"}, "Other Share Holders Equity": {"2020-12-31": "", "2019-12-31": "", "2018-12-31": "", "2017-12-31": "", "2016-12-31": "", "2015-12-31": "", "2014-12-31": "", "2013-12-31": "", "2012-12-31": "", "2011-12-31": "", "2010-12-31": "", "2009-12-31": "", "2008-12-31": "", "2007-12-31": "", "2006-12-31": "", "2005-12-31": ""}, "Share Holder Equity": {"2020-12-31": "70912.00000", "2019-12-31": "66558.00000", "2018-12-31": "30178.00000", "2017-12-31": "29695.00000", "2016-12-31": "29926.00000", "2015-12-31": "27340.00000", "2014-12-31": "24377.00000", "2013-12-31": "22809.00000", "2012-12-31": "21223.00000", "2011-12-31": "17480.00000", "2010-12-31": "16498.00000", "2009-12-31": "16241.00000", "2008-12-31": "16081.00000", "2007-12-31": "12632.00000", "2006-12-31": "11745.00000", "2005-12-31": "11129.00000"}, "Total Liabilities And Share Holders Equity": {"2020-12-31": "509228.00000", "2019-12-31": "473078.00000", "2018-12-31": "225697.00000", "2017-12-31": "221642.00000", "2016-12-31": "219276.00000", "2015-12-31": "209947.00000", "2014-12-31": "186834.00000", "2013-12-31": "183010.00000", "2012-12-31": "184499.00000", "2011-12-31": "174579.00000", "2010-12-31": "157081.00000", "2009-12-31": "165764.00000", "2008-12-31": "152015.00000", "2007-12-31": "132618.00000", "2006-12-31": "121351.00000", "2005-12-31": "109170.00000"}}, "balance sheet, quarterly": {"Cash On Hand": {"2020-12-31": "24485.00000", "2020-09-30": "43078.00000", "2020-06-30": "46366.00000", "2020-03-31": "42007.00000", "2019-12-31": "26215.00000", "2019-09-30": "3018.00000", "2019-06-30": "2701.00000", "2019-03-31": "2972.00000", "2018-12-31": "4378.00000", "2018-09-30": "3153.00000", "2018-06-30": "3053.00000", "2018-03-31": "3111.00000", "2017-12-31": "3083.00000", "2017-09-30": "3127.00000", "2017-06-30": "3428.00000", "2017-03-31": "4480.00000", "2016-12-31": "4424.00000", "2016-09-30": "3626.00000", "2016-06-30": "3459.00000", "2016-03-31": "3444.00000", "2015-12-31": "4167.00000", "2015-09-30": "3358.00000", "2015-06-30": "3000.00000", "2015-03-31": "2512.00000", "2014-12-31": "2699.00000", "2014-09-30": "2309.00000", "2014-06-30": "2740.00000", "2014-03-31": "3108.00000", "2013-12-31": "2587.00000", "2013-09-30": "3506.00000", "2013-06-30": "3501.00000", "2013-03-31": "3841.00000", "2012-12-31": "4286.00000", "2012-09-30": "4078.00000", "2012-06-30": "4404.00000", "2012-03-31": "4661.00000", "2011-12-31": "4898.00000", "2011-09-30": "4851.00000", "2011-06-30": "3369.00000", "2011-03-31": "3083.00000", "2010-12-31": "3327.00000", "2010-09-30": "3291.00000", "2010-06-30": "3351.00000", "2010-03-31": "3158.00000", "2009-12-31": "3555.00000", "2009-09-30": "3363.00000", "2009-06-30": "3023.00000", "2009-03-31": "2764.00000", "2008-12-31": "3495.00000", "2008-09-30": "3247.00000", "2008-06-30": "3353.00000", "2008-03-31": "3515.00000", "2007-12-31": "4334.00000", "2007-09-30": "4281.00000", "2007-06-30": "3970.00000", "2007-03-31": "3408.00000", "2006-12-31": "5012.00000", "2006-09-30": "3748.50800", "2006-06-30": "4005.41500", "2006-03-31": "3461.08000", "2005-12-31": "3589.00000", "2005-09-30": "3085.78800", "2005-06-30": "3504.03800", "2005-03-31": "2806.77700"}, "Receivables": {"2020-12-31": "", "2020-09-30": "", "2020-06-30": "", "2020-03-31": "", "2019-12-31": "", "2019-09-30": "", "2019-06-30": "", "2019-03-31": "", "2018-12-31": "", "2018-09-30": "", "2018-06-30": "", "2018-03-31": "", "2017-12-31": "", "2017-09-30": "", "2017-06-30": "", "2017-03-31": "", "2016-12-31": "", "2016-09-30": "", "2016-06-30": "", "2016-03-31": "", "2015-12-31": "", "2015-09-30": "", "2015-06-30": "", "2015-03-31": "", "2014-12-31": "", "2014-09-30": "", "2014-06-30": "", "2014-03-31": "", "2013-12-31": "", "2013-09-30": "", "2013-06-30": "", "2013-03-31": "", "2012-12-31": "", "2012-09-30": "", "2012-06-30": "", "2012-03-31": "", "2011-12-31": "", "2011-09-30": "", "2011-06-30": "", "2011-03-31": "", "2010-12-31": "", "2010-09-30": "", "2010-06-30": "", "2010-03-31": "", "2009-12-31": "", "2009-09-30": "", "2009-06-30": "", "2009-03-31": "", "2008-12-31": "", "2008-09-30": "", "2008-06-30": "", "2008-03-31": "", "2007-12-31": "", "2007-09-30": "", "2007-06-30": "", "2007-03-31": "", "2006-12-31": "", "2006-09-30": "", "2006-06-30": "", "2006-03-31": "", "2005-12-31": "", "2005-09-30": "", "2005-06-30": "", "2005-03-31": ""}, "Inventory": {"2020-12-31": "", "2020-09-30": "", "2020-06-30": "", "2020-03-31": "", "2019-12-31": "", "2019-09-30": "", "2019-06-30": "", "2019-03-31": "", "2018-12-31": "", "2018-09-30": "", "2018-06-30": "", "2018-03-31": "", "2017-12-31": "", "2017-09-30": "", "2017-06-30": "", "2017-03-31": "", "2016-12-31": "", "2016-09-30": "", "2016-06-30": "", "2016-03-31": "", "2015-12-31": "", "2015-09-30": "", "2015-06-30": "", "2015-03-31": "", "2014-12-31": "", "2014-09-30": "", "2014-06-30": "", "2014-03-31": "", "2013-12-31": "", "2013-09-30": "", "2013-06-30": "", "2013-03-31": "", "2012-12-31": "", "2012-09-30": "", "2012-06-30": "", "2012-03-31": "", "2011-12-31": "", "2011-09-30": "", "2011-06-30": "", "2011-03-31": "", "2010-12-31": "", "2010-09-30": "", "2010-06-30": "", "2010-03-31": "", "2009-12-31": "", "2009-09-30": "", "2009-06-30": "", "2009-03-31": "", "2008-12-31": "", "2008-09-30": "", "2008-06-30": "", "2008-03-31": "", "2007-12-31": "", "2007-09-30": "", "2007-06-30": "", "2007-03-31": "", "2006-12-31": "", "2006-09-30": "", "2006-06-30": "", "2006-03-31": "", "2005-12-31": "", "2005-09-30": "", "2005-06-30": "", "2005-03-31": ""}, "Pre-Paid Expenses": {"2020-12-31": "", "2020-09-30": "", "2020-06-30": "", "2020-03-31": "", "2019-12-31": "", "2019-09-30": "", "2019-06-30": "", "2019-03-31": "", "2018-12-31": "", "2018-09-30": "", "2018-06-30": "", "2018-03-31": "", "2017-12-31": "", "2017-09-30": "", "2017-06-30": "", "2017-03-31": "", "2016-12-31": "", "2016-09-30": "", "2016-06-30": "", "2016-03-31": "", "2015-12-31": "", "2015-09-30": "", "2015-06-30": "", "2015-03-31": "", "2014-12-31": "", "2014-09-30": "", "2014-06-30": "", "2014-03-31": "", "2013-12-31": "", "2013-09-30": "", "2013-06-30": "", "2013-03-31": "", "2012-12-31": "", "2012-09-30": "", "2012-06-30": "", "2012-03-31": "", "2011-12-31": "", "2011-09-30": "", "2011-06-30": "", "2011-03-31": "", "2010-12-31": "", "2010-09-30": "", "2010-06-30": "", "2010-03-31": "", "2009-12-31": "", "2009-09-30": "", "2009-06-30": "", "2009-03-31": "", "2008-12-31": "", "2008-09-30": "", "2008-06-30": "", "2008-03-31": "", "2007-12-31": "", "2007-09-30": "", "2007-06-30": "", "2007-03-31": "", "2006-12-31": "", "2006-09-30": "", "2006-06-30": "", "2006-03-31": "", "2005-12-31": "", "2005-09-30": "", "2005-06-30": "", "2005-03-31": ""}, "Other Current Assets": {"2020-12-31": "", "2020-09-30": "", "2020-06-30": "", "2020-03-31": "", "2019-12-31": "", "2019-09-30": "", "2019-06-30": "", "2019-03-31": "", "2018-12-31": "", "2018-09-30": "", "2018-06-30": "", "2018-03-31": "", "2017-12-31": "", "2017-09-30": "", "2017-06-30": "", "2017-03-31": "", "2016-12-31": "", "2016-09-30": "", "2016-06-30": "", "2016-03-31": "", "2015-12-31": "", "2015-09-30": "", "2015-06-30": "", "2015-03-31": "", "2014-12-31": "", "2014-09-30": "", "2014-06-30": "", "2014-03-31": "", "2013-12-31": "", "2013-09-30": "", "2013-06-30": "", "2013-03-31": "", "2012-12-31": "", "2012-09-30": "", "2012-06-30": "", "2012-03-31": "", "2011-12-31": "", "2011-09-30": "", "2011-06-30": "", "2011-03-31": "", "2010-12-31": "", "2010-09-30": "", "2010-06-30": "", "2010-03-31": "", "2009-12-31": "", "2009-09-30": "", "2009-06-30": "", "2009-03-31": "", "2008-12-31": "", "2008-09-30": "", "2008-06-30": "", "2008-03-31": "", "2007-12-31": "", "2007-09-30": "", "2007-06-30": "", "2007-03-31": "", "2006-12-31": "", "2006-09-30": "", "2006-06-30": "", "2006-03-31": "", "2005-12-31": "", "2005-09-30": "", "2005-06-30": "", "2005-03-31": ""}, "Total Current Assets": {"2020-12-31": "324443.00000", "2020-09-30": "349364.00000", "2020-06-30": "361812.00000", "2020-03-31": "360835.00000", "2019-12-31": "332881.00000", "2019-09-30": "152300.00000", "2019-06-30": "154929.00000", "2019-03-31": "151302.00000", "2018-12-31": "152821.00000", "2018-09-30": "149327.00000", "2018-06-30": "149321.00000", "2018-03-31": "145819.00000", "2017-12-31": "146393.00000", "2017-09-30": "145660.00000", "2017-06-30": "147059.00000", "2017-03-31": "146889.00000", "2016-12-31": "147973.00000", "2016-09-30": "147227.00000", "2016-06-30": "146663.00000", "2016-03-31": "138627.00000", "2015-12-31": "139693.00000", "2015-09-30": "138867.00000", "2015-06-30": "126313.00000", "2015-03-31": "123075.00000", "2014-12-31": "122532.00000", "2014-09-30": "121495.00000", "2014-06-30": "122365.00000", "2014-03-31": "119098.00000", "2013-12-31": "117994.00000", "2013-09-30": "120250.00000", "2013-06-30": "119882.00000", "2013-03-31": "119862.00000", "2012-12-31": "120632.00000", "2012-09-30": "120290.00000", "2012-06-30": "116920.00000", "2012-03-31": "114115.00000", "2011-12-31": "114947.00000", "2011-09-30": "111166.00000", "2011-06-30": "107649.00000", "2011-03-31": "106909.00000", "2010-12-31": "109805.00000", "2010-09-30": "108618.00000", "2010-06-30": "107577.00000", "2010-03-31": "107456.00000", "2009-12-31": "110224.00000", "2009-09-30": "111347.00000", "2009-06-30": "101247.00000", "2009-03-31": "101134.00000", "2008-12-31": "100590.00000", "2008-09-30": "98552.00000", "2008-06-30": "97811.00000", "2008-03-31": "96369.00000", "2007-12-31": "95016.00000", "2007-09-30": "93406.00000", "2007-06-30": "91592.00000", "2007-03-31": "87832.00000", "2006-12-31": "87715.00000", "2006-09-30": "84815.09000", "2006-06-30": "83419.17000", "2006-03-31": "78907.13000", "2005-12-31": "77787.00000", "2005-09-30": "75939.86000", "2005-06-30": "74435.34000", "2005-03-31": "71393.13000"}, "Property, Plant, And Equipment": {"2020-12-31": "3870.00000", "2020-09-30": "3968.00000", "2020-06-30": "4002.00000", "2020-03-31": "3999.00000", "2019-12-31": "3712.00000", "2019-09-30": "2022.00000", "2019-06-30": "2029.00000", "2019-03-31": "2078.00000", "2018-12-31": "2118.00000", "2018-09-30": "2154.00000", "2018-06-30": "2154.00000", "2018-03-31": "2078.00000", "2017-12-31": "2055.00000", "2017-09-30": "2043.00000", "2017-06-30": "2084.00000", "2017-03-31": "2104.00000", "2016-12-31": "2107.00000", "2016-09-30": "2059.00000", "2016-06-30": "2088.00000", "2016-03-31": "2001.00000", "2015-12-31": "2007.00000", "2015-09-30": "2038.00000", "2015-06-30": "1900.00000", "2015-03-31": "1879.00000", "2014-12-31": "1827.00000", "2014-09-30": "1842.00000", "2014-06-30": "1857.00000", "2014-03-31": "1854.00000", "2013-12-31": "1869.00000", "2013-09-30": "1876.00000", "2013-06-30": "1893.00000", "2013-03-31": "1880.00000", "2012-12-31": "1888.00000", "2012-09-30": "1940.00000", "2012-06-30": "1816.00000", "2012-03-31": "1822.00000", "2011-12-31": "1855.00000", "2011-09-30": "1864.00000", "2011-06-30": "1846.00000", "2011-03-31": "1830.00000", "2010-12-31": "1840.00000", "2010-09-30": "1831.00000", "2010-06-30": "1835.00000", "2010-03-31": "1798.00000", "2009-12-31": "1583.00000", "2009-09-30": "1591.00000", "2009-06-30": "1577.00000", "2009-03-31": "1583.00000", "2008-12-31": "1580.00000", "2008-09-30": "1557.00000", "2008-06-30": "1557.00000", "2008-03-31": "1544.00000", "2007-12-31": "1529.00000", "2007-09-30": "1504.00000", "2007-06-30": "1485.00000", "2007-03-31": "1431.00000", "2006-12-31": "1410.00000", "2006-09-30": "1387.08000", "2006-06-30": "1342.22900", "2006-03-31": "1267.64700", "2005-12-31": "1287.00000", "2005-09-30": "1269.22400", "2005-06-30": "1263.46700", "2005-03-31": "1274.16700"}, "Long-Term Investments": {"2020-12-31": "120788.00000", "2020-09-30": "86132.00000", "2020-06-30": "77805.00000", "2020-03-31": "78398.00000", "2019-12-31": "74727.00000", "2019-09-30": "54765.00000", "2019-06-30": "45289.00000", "2019-03-31": "46410.00000", "2018-12-31": "45590.00000", "2018-09-30": "45368.00000", "2018-06-30": "45668.00000", "2018-03-31": "47407.00000", "2017-12-31": "47574.00000", "2017-09-30": "46631.00000", "2017-06-30": "45283.00000", "2017-03-31": "44877.00000", "2016-12-31": "43606.00000", "2016-09-30": "47199.00000", "2016-06-30": "47006.00000", "2016-03-31": "46480.00000", "2015-12-31": "43827.00000", "2015-09-30": "43494.00000", "2015-06-30": "40620.00000", "2015-03-31": "42089.00000", "2014-12-31": "41147.00000", "2014-09-30": "41891.00000", "2014-06-30": "41368.00000", "2014-03-31": "41308.00000", "2013-12-31": "40205.00000", "2013-09-30": "36394.00000", "2013-06-30": "38228.00000", "2013-03-31": "37289.00000", "2012-12-31": "38731.00000", "2012-09-30": "37238.00000", "2012-06-30": "37643.00000", "2012-03-31": "37865.00000", "2011-12-31": "36407.00000", "2011-09-30": "32784.00000", "2011-06-30": "27961.00000", "2011-03-31": "26220.00000", "2010-12-31": "23169.00000", "2010-09-30": "24497.00000", "2010-06-30": "23662.00000", "2010-03-31": "32654.00000", "2009-12-31": "33253.00000", "2009-09-30": "34133.00000", "2009-06-30": "31033.00000", "2009-03-31": "19008.00000", "2008-12-31": "32843.00000", "2008-09-30": "20534.00000", "2008-06-30": "22657.00000", "2008-03-31": "23487.00000", "2007-12-31": "22419.00000", "2007-09-30": "23061.00000", "2007-06-30": "22254.00000", "2007-03-31": "20898.00000", "2006-12-31": "20721.00000", "2006-09-30": "20733.17000", "2006-06-30": "20090.95000", "2006-03-31": "19433.57000", "2005-12-31": "19783.00000", "2005-09-30": "19817.14000", "2005-06-30": "20123.46000", "2005-03-31": "19562.49000"}, "Goodwill And Intangible Assets": {"2020-12-31": "29454.00000", "2020-09-30": "28700.00000", "2020-06-30": "28975.00000", "2020-03-31": "29245.00000", "2019-12-31": "29926.00000", "2019-09-30": "11429.00000", "2019-06-30": "11512.00000", "2019-03-31": "11580.00000", "2018-12-31": "11698.00000", "2018-09-30": "11800.00000", "2018-06-30": "11407.00000", "2018-03-31": "11415.00000", "2017-12-31": "11385.00000", "2017-09-30": "11407.00000", "2017-06-30": "11452.00000", "2017-03-31": "11524.00000", "2016-12-31": "11544.00000", "2016-09-30": "11347.00000", "2016-06-30": "11352.00000", "2016-03-31": "10075.00000", "2015-12-31": "10114.00000", "2015-09-30": "10046.00000", "2015-06-30": "8567.00000", "2015-03-31": "8244.00000", "2014-12-31": "8218.00000", "2014-09-30": "8339.00000", "2014-06-30": "8374.00000", "2014-03-31": "8378.00000", "2013-12-31": "8430.00000", "2013-09-30": "8374.00000", "2013-06-30": "8336.00000", "2013-03-31": "8205.00000", "2012-12-31": "8104.00000", "2012-09-30": "7999.00000", "2012-06-30": "7689.00000", "2012-03-31": "7195.00000", "2011-12-31": "7085.00000", "2011-09-30": "7022.00000", "2011-06-30": "7352.00000", "2011-03-31": "7425.00000", "2010-12-31": "7346.00000", "2010-09-30": "7133.00000", "2010-06-30": "7301.00000", "2010-03-31": "7531.00000", "2009-12-31": "7525.00000", "2009-09-30": "7467.00000", "2009-06-30": "6603.00000", "2009-03-31": "6378.00000", "2008-12-31": "6395.00000", "2008-09-30": "6448.00000", "2008-06-30": "6422.00000", "2008-03-31": "6106.00000", "2007-12-31": "6155.00000", "2007-09-30": "6156.00000", "2007-06-30": "6195.00000", "2007-03-31": "5833.00000", "2006-12-31": "5765.00000", "2006-09-30": "5782.50500", "2006-06-30": "5723.46300", "2006-03-31": "5242.54700", "2005-12-31": "5175.00000", "2005-09-30": "4741.13700", "2005-06-30": "4769.68400", "2005-03-31": "4670.80000"}, "Other Long-Term Assets": {"2020-12-31": "30673.00000", "2020-09-30": "31019.00000", "2020-06-30": "31742.00000", "2020-03-31": "33752.00000", "2019-12-31": "31832.00000", "2019-09-30": "16234.00000", "2019-06-30": "17113.00000", "2019-03-31": "16313.00000", "2018-12-31": "13470.00000", "2018-09-30": "14236.00000", "2018-06-30": "14131.00000", "2018-03-31": "14010.00000", "2017-12-31": "14235.00000", "2017-09-30": "14599.00000", "2017-06-30": "15314.00000", "2017-03-31": "15107.00000", "2016-12-31": "14046.00000", "2016-09-30": "14790.00000", "2016-06-30": "14750.00000", "2016-03-31": "15222.00000", "2015-12-31": "14306.00000", "2015-09-30": "14364.00000", "2015-06-30": "13617.00000", "2015-03-31": "13941.00000", "2014-12-31": "13110.00000", "2014-09-30": "13455.00000", "2014-06-30": "14048.00000", "2014-03-31": "14013.00000", "2013-12-31": "14512.00000", "2013-09-30": "14156.00000", "2013-06-30": "14396.00000", "2013-03-31": "13601.00000", "2012-12-31": "15144.00000", "2012-09-30": "14554.00000", "2012-06-30": "14461.00000", "2012-03-31": "13755.00000", "2011-12-31": "14285.00000", "2011-09-30": "14841.00000", "2011-06-30": "14502.00000", "2011-03-31": "14655.00000", "2010-12-31": "14921.00000", "2010-09-30": "15151.00000", "2010-06-30": "14708.00000", "2010-03-31": "14261.00000", "2009-12-31": "13179.00000", "2009-09-30": "10790.00000", "2009-06-30": "11938.00000", "2009-03-31": "15322.00000", "2008-12-31": "10607.00000", "2008-09-30": "9950.00000", "2008-06-30": "8018.00000", "2008-03-31": "8911.00000", "2007-12-31": "7499.00000", "2007-09-30": "6654.00000", "2007-06-30": "6051.00000", "2007-03-31": "5700.00000", "2006-12-31": "5740.00000", "2006-09-30": "5806.04900", "2006-06-30": "5707.92500", "2006-03-31": "5182.78900", "2005-12-31": "5138.00000", "2005-09-30": "5312.79100", "2005-06-30": "5243.37200", "2005-03-31": "5114.49500"}, "Total Long-Term Assets": {"2020-12-31": "184785.00000", "2020-09-30": "149819.00000", "2020-06-30": "142524.00000", "2020-03-31": "145394.00000", "2019-12-31": "140197.00000", "2019-09-30": "84450.00000", "2019-06-30": "75943.00000", "2019-03-31": "76381.00000", "2018-12-31": "72876.00000", "2018-09-30": "73558.00000", "2018-06-30": "73360.00000", "2018-03-31": "74910.00000", "2017-12-31": "75249.00000", "2017-09-30": "74680.00000", "2017-06-30": "74133.00000", "2017-03-31": "73612.00000", "2016-12-31": "71303.00000", "2016-09-30": "75395.00000", "2016-06-30": "75196.00000", "2016-03-31": "73778.00000", "2015-12-31": "70254.00000", "2015-09-30": "69942.00000", "2015-06-30": "64704.00000", "2015-03-31": "66153.00000", "2014-12-31": "64302.00000", "2014-09-30": "65527.00000", "2014-06-30": "65647.00000", "2014-03-31": "65553.00000", "2013-12-31": "65016.00000", "2013-09-30": "60800.00000", "2013-06-30": "62853.00000", "2013-03-31": "60975.00000", "2012-12-31": "63867.00000", "2012-09-30": "61731.00000", "2012-06-30": "61609.00000", "2012-03-31": "60637.00000", "2011-12-31": "59632.00000", "2011-09-30": "56511.00000", "2011-06-30": "51661.00000", "2011-03-31": "50130.00000", "2010-12-31": "47276.00000", "2010-09-30": "48612.00000", "2010-06-30": "47506.00000", "2010-03-31": "56244.00000", "2009-12-31": "55540.00000", "2009-09-30": "53981.00000", "2009-06-30": "51151.00000", "2009-03-31": "42291.00000", "2008-12-31": "51425.00000", "2008-09-30": "38489.00000", "2008-06-30": "38654.00000", "2008-03-31": "40048.00000", "2007-12-31": "37602.00000", "2007-09-30": "37375.00000", "2007-06-30": "35985.00000", "2007-03-31": "33862.00000", "2006-12-31": "33636.00000", "2006-09-30": "33708.80000", "2006-06-30": "32864.56000", "2006-03-31": "31126.56000", "2005-12-31": "31383.00000", "2005-09-30": "31140.30000", "2005-06-30": "31399.99000", "2005-03-31": "30621.95000"}, "Total Assets": {"2020-12-31": "509228.00000", "2020-09-30": "499183.00000", "2020-06-30": "504336.00000", "2020-03-31": "506229.00000", "2019-12-31": "473078.00000", "2019-09-30": "236750.00000", "2019-06-30": "230872.00000", "2019-03-31": "227683.00000", "2018-12-31": "225697.00000", "2018-09-30": "222885.00000", "2018-06-30": "222681.00000", "2018-03-31": "220729.00000", "2017-12-31": "221642.00000", "2017-09-30": "220340.00000", "2017-06-30": "221192.00000", "2017-03-31": "220501.00000", "2016-12-31": "219276.00000", "2016-09-30": "222622.00000", "2016-06-30": "221859.00000", "2016-03-31": "212405.00000", "2015-12-31": "209947.00000", "2015-09-30": "208809.00000", "2015-06-30": "191017.00000", "2015-03-31": "189228.00000", "2014-12-31": "186834.00000", "2014-09-30": "187022.00000", "2014-06-30": "188012.00000", "2014-03-31": "184651.00000", "2013-12-31": "183010.00000", "2013-09-30": "181050.00000", "2013-06-30": "182735.00000", "2013-03-31": "180837.00000", "2012-12-31": "184499.00000", "2012-09-30": "182021.00000", "2012-06-30": "178529.00000", "2012-03-31": "174752.00000", "2011-12-31": "174579.00000", "2011-09-30": "167677.00000", "2011-06-30": "159310.00000", "2011-03-31": "157039.00000", "2010-12-31": "157081.00000", "2010-09-30": "157230.00000", "2010-06-30": "155083.00000", "2010-03-31": "163700.00000", "2009-12-31": "165764.00000", "2009-09-30": "165328.00000", "2009-06-30": "152398.00000", "2009-03-31": "143425.00000", "2008-12-31": "152015.00000", "2008-09-30": "137041.00000", "2008-06-30": "136465.00000", "2008-03-31": "136417.00000", "2007-12-31": "132618.00000", "2007-09-30": "130781.00000", "2007-06-30": "127577.00000", "2007-03-31": "121694.00000", "2006-12-31": "121351.00000", "2006-09-30": "118523.90000", "2006-06-30": "116283.70000", "2006-03-31": "110033.70000", "2005-12-31": "109170.00000", "2005-09-30": "107080.20000", "2005-06-30": "105835.30000", "2005-03-31": "102015.10000"}, "Total Current Liabilities": {"2020-12-31": "387169.00000", "2020-09-30": "376991.00000", "2020-06-30": "381935.00000", "2020-03-31": "362875.00000", "2019-12-31": "352945.00000", "2019-09-30": "178927.00000", "2019-06-30": "176468.00000", "2019-03-31": "172071.00000", "2018-12-31": "166377.00000", "2018-09-30": "169642.00000", "2018-06-30": "168768.00000", "2018-03-31": "167657.00000", "2017-12-31": "168299.00000", "2017-09-30": "169624.00000", "2017-06-30": "169105.00000", "2017-03-31": "168841.00000", "2016-12-31": "167385.00000", "2016-09-30": "169755.00000", "2016-06-30": "167681.00000", "2016-03-31": "161343.00000", "2015-12-31": "158838.00000", "2015-09-30": "156662.00000", "2015-06-30": "142614.00000", "2015-03-31": "141053.00000", "2014-12-31": "139145.00000", "2014-09-30": "140353.00000", "2014-06-30": "142120.00000", "2014-03-31": "137711.00000", "2013-12-31": "138708.00000", "2013-09-30": "138554.00000", "2013-06-30": "141377.00000", "2013-03-31": "141292.00000", "2012-12-31": "144162.00000", "2012-09-30": "142268.00000", "2012-06-30": "137042.00000", "2012-03-31": "134102.00000", "2011-12-31": "135296.00000", "2011-09-30": "127983.00000", "2011-06-30": "118881.00000", "2011-03-31": "117778.00000", "2010-12-31": "118853.00000", "2010-09-30": "118332.00000", "2010-06-30": "116257.00000", "2010-03-31": "125744.00000", "2009-12-31": "128147.00000", "2009-09-30": "127869.00000", "2009-06-30": "119496.00000", "2009-03-31": "109288.00000", "2008-12-31": "117902.00000", "2008-09-30": "102769.00000", "2008-06-30": "103109.00000", "2008-03-31": "102031.00000", "2007-12-31": "101293.00000", "2007-09-30": "99320.00000", "2007-06-30": "97139.00000", "2007-03-31": "90108.00000", "2006-12-31": "93702.00000", "2006-09-30": "90630.59000", "2006-06-30": "89924.48000", "2006-03-31": "86018.66000", "2005-12-31": "84922.00000", "2005-09-30": "83507.48000", "2005-06-30": "82789.28000", "2005-03-31": "80062.81000"}, "Long Term Debt": {"2020-12-31": "39597.00000", "2020-09-30": "41008.00000", "2020-06-30": "42133.00000", "2020-03-31": "65662.00000", "2019-12-31": "41339.00000", "2019-09-30": "25520.00000", "2019-06-30": "22640.00000", "2019-03-31": "24729.00000", "2018-12-31": "23709.00000", "2018-09-30": "23236.00000", "2018-06-30": "24081.00000", "2018-03-31": "23410.00000", "2017-12-31": "23648.00000", "2017-09-30": "20863.00000", "2017-06-30": "21738.00000", "2017-03-31": "21635.00000", "2016-12-31": "21965.00000", "2016-09-30": "22776.00000", "2016-06-30": "24435.00000", "2016-03-31": "22823.00000", "2015-12-31": "23769.00000", "2015-09-30": "24883.00000", "2015-06-30": "23271.00000", "2015-03-31": "23437.00000", "2014-12-31": "23312.00000", "2014-09-30": "22355.00000", "2014-06-30": "21927.00000", "2014-03-31": "23384.00000", "2013-12-31": "21493.00000", "2013-09-30": "20402.00000", "2013-06-30": "19362.00000", "2013-03-31": "18316.00000", "2012-12-31": "19114.00000", "2012-09-30": "19221.00000", "2012-06-30": "22561.00000", "2012-03-31": "22768.00000", "2011-12-31": "21803.00000", "2011-09-30": "22153.00000", "2011-06-30": "23380.00000", "2011-03-31": "22591.00000", "2010-12-31": "21730.00000", "2010-09-30": "22111.00000", "2010-06-30": "22086.00000", "2010-03-31": "21428.00000", "2009-12-31": "21376.00000", "2009-09-30": "21317.00000", "2009-06-30": "18110.00000", "2009-03-31": "17955.00000", "2008-12-31": "18032.00000", "2008-09-30": "21337.00000", "2008-06-30": "20556.00000", "2008-03-31": "21544.00000", "2007-12-31": "18693.00000", "2007-09-30": "19059.00000", "2007-06-30": "18313.00000", "2007-03-31": "19936.00000", "2006-12-31": "15904.00000", "2006-09-30": "16159.38000", "2006-06-30": "15195.14000", "2006-03-31": "13045.06000", "2005-12-31": "13119.00000", "2005-09-30": "12376.76000", "2005-06-30": "11955.68000", "2005-03-31": "11126.99000"}, "Other Non-Current Liabilities": {"2020-12-31": "11550.00000", "2020-09-30": "11211.00000", "2020-06-30": "11385.00000", "2020-03-31": "11631.00000", "2019-12-31": "12236.00000", "2019-09-30": "", "2019-06-30": "", "2019-03-31": "", "2018-12-31": "5433.00000", "2018-09-30": "", "2018-06-30": "", "2018-03-31": "", "2017-12-31": "", "2017-09-30": "", "2017-06-30": "", "2017-03-31": "", "2016-12-31": "", "2016-09-30": "", "2016-06-30": "", "2016-03-31": "", "2015-12-31": "", "2015-09-30": "", "2015-06-30": "", "2015-03-31": "", "2014-12-31": "", "2014-09-30": "", "2014-06-30": "", "2014-03-31": "", "2013-12-31": "", "2013-09-30": "", "2013-06-30": "", "2013-03-31": "", "2012-12-31": "", "2012-09-30": "", "2012-06-30": "", "2012-03-31": "", "2011-12-31": "", "2011-09-30": "", "2011-06-30": "", "2011-03-31": "", "2010-12-31": "", "2010-09-30": "", "2010-06-30": "", "2010-03-31": "", "2009-12-31": "", "2009-09-30": "", "2009-06-30": "", "2009-03-31": "", "2008-12-31": "", "2008-09-30": "", "2008-06-30": "", "2008-03-31": "", "2007-12-31": "", "2007-09-30": "", "2007-06-30": "", "2007-03-31": "", "2006-12-31": "", "2006-09-30": "", "2006-06-30": "", "2006-03-31": "", "2005-12-31": "", "2005-09-30": "", "2005-06-30": "", "2005-03-31": ""}, "Total Long Term Liabilities": {"2020-12-31": "51147.00000", "2020-09-30": "52219.00000", "2020-06-30": "53518.00000", "2020-03-31": "77293.00000", "2019-12-31": "53575.00000", "2019-09-30": "25520.00000", "2019-06-30": "22640.00000", "2019-03-31": "24729.00000", "2018-12-31": "29142.00000", "2018-09-30": "23236.00000", "2018-06-30": "24081.00000", "2018-03-31": "23410.00000", "2017-12-31": "23648.00000", "2017-09-30": "20863.00000", "2017-06-30": "21738.00000", "2017-03-31": "21635.00000", "2016-12-31": "21965.00000", "2016-09-30": "22776.00000", "2016-06-30": "24435.00000", "2016-03-31": "22823.00000", "2015-12-31": "23769.00000", "2015-09-30": "24883.00000", "2015-06-30": "23271.00000", "2015-03-31": "23437.00000", "2014-12-31": "23312.00000", "2014-09-30": "22355.00000", "2014-06-30": "21927.00000", "2014-03-31": "23384.00000", "2013-12-31": "21493.00000", "2013-09-30": "20402.00000", "2013-06-30": "19362.00000", "2013-03-31": "18316.00000", "2012-12-31": "19114.00000", "2012-09-30": "19221.00000", "2012-06-30": "22561.00000", "2012-03-31": "22768.00000", "2011-12-31": "21803.00000", "2011-09-30": "22153.00000", "2011-06-30": "23380.00000", "2011-03-31": "22591.00000", "2010-12-31": "21730.00000", "2010-09-30": "22111.00000", "2010-06-30": "22086.00000", "2010-03-31": "21428.00000", "2009-12-31": "21376.00000", "2009-09-30": "21317.00000", "2009-06-30": "18110.00000", "2009-03-31": "17955.00000", "2008-12-31": "18032.00000", "2008-09-30": "21337.00000", "2008-06-30": "20556.00000", "2008-03-31": "21544.00000", "2007-12-31": "18693.00000", "2007-09-30": "19059.00000", "2007-06-30": "18313.00000", "2007-03-31": "19936.00000", "2006-12-31": "15904.00000", "2006-09-30": "16159.38000", "2006-06-30": "15195.14000", "2006-03-31": "13045.06000", "2005-12-31": "13119.00000", "2005-09-30": "12376.76000", "2005-06-30": "11955.68000", "2005-03-31": "11126.99000"}, "Total Liabilities": {"2020-12-31": "438316.00000", "2020-09-30": "429210.00000", "2020-06-30": "435453.00000", "2020-03-31": "440168.00000", "2019-12-31": "406520.00000", "2019-09-30": "204447.00000", "2019-06-30": "199108.00000", "2019-03-31": "196800.00000", "2018-12-31": "195519.00000", "2018-09-30": "192878.00000", "2018-06-30": "192849.00000", "2018-03-31": "191067.00000", "2017-12-31": "191947.00000", "2017-09-30": "190487.00000", "2017-06-30": "190843.00000", "2017-03-31": "190476.00000", "2016-12-31": "189350.00000", "2016-09-30": "192531.00000", "2016-06-30": "192116.00000", "2016-03-31": "184166.00000", "2015-12-31": "182607.00000", "2015-09-30": "181545.00000", "2015-06-30": "165885.00000", "2015-03-31": "164490.00000", "2014-12-31": "162457.00000", "2014-09-30": "162708.00000", "2014-06-30": "164047.00000", "2014-03-31": "161095.00000", "2013-12-31": "160201.00000", "2013-09-30": "158956.00000", "2013-06-30": "160739.00000", "2013-03-31": "159608.00000", "2012-12-31": "163276.00000", "2012-09-30": "161489.00000", "2012-06-30": "159603.00000", "2012-03-31": "156870.00000", "2011-12-31": "157099.00000", "2011-09-30": "150136.00000", "2011-06-30": "142261.00000", "2011-03-31": "140369.00000", "2010-12-31": "140583.00000", "2010-09-30": "140443.00000", "2010-06-30": "138343.00000", "2010-03-31": "147172.00000", "2009-12-31": "149523.00000", "2009-09-30": "149186.00000", "2009-06-30": "137606.00000", "2009-03-31": "127243.00000", "2008-12-31": "135934.00000", "2008-09-30": "124106.00000", "2008-06-30": "123665.00000", "2008-03-31": "123575.00000", "2007-12-31": "119986.00000", "2007-09-30": "118379.00000", "2007-06-30": "115452.00000", "2007-03-31": "110044.00000", "2006-12-31": "109606.00000", "2006-09-30": "106790.00000", "2006-06-30": "105119.60000", "2006-03-31": "99063.72000", "2005-12-31": "98041.00000", "2005-09-30": "95884.23000", "2005-06-30": "94744.95000", "2005-03-31": "91189.80000"}, "Common Stock Net": {"2020-12-31": "6745.00000", "2020-09-30": "6741.00000", "2020-06-30": "6738.00000", "2020-03-31": "6737.00000", "2019-12-31": "6711.00000", "2019-09-30": "3832.00000", "2019-06-30": "3830.00000", "2019-03-31": "3830.00000", "2018-12-31": "3817.00000", "2018-09-30": "3853.00000", "2018-06-30": "3872.00000", "2018-03-31": "3899.00000", "2017-12-31": "3910.00000", "2017-09-30": "3945.00000", "2017-06-30": "4040.00000", "2017-03-31": "4057.00000", "2016-12-31": "4047.00000", "2016-09-30": "4057.00000", "2016-06-30": "4073.00000", "2016-03-31": "3912.00000", "2015-12-31": "3902.00000", "2015-09-30": "3901.00000", "2015-06-30": "3667.00000", "2015-03-31": "3616.00000", "2014-12-31": "3603.00000", "2014-09-30": "3601.00000", "2014-06-30": "3598.00000", "2014-03-31": "3592.00000", "2013-12-31": "3533.00000", "2013-09-30": "3525.00000", "2013-06-30": "3515.00000", "2013-03-31": "3507.00000", "2012-12-31": "3499.00000", "2012-09-30": "3498.00000", "2012-06-30": "3494.00000", "2012-03-31": "3492.00000", "2011-12-31": "3486.00000", "2011-09-30": "3486.00000", "2011-06-30": "3484.00000", "2011-03-31": "3481.00000", "2010-12-31": "3472.00000", "2010-09-30": "3468.00000", "2010-06-30": "3464.00000", "2010-03-31": "3459.00000", "2009-12-31": "3449.00000", "2009-09-30": "3437.00000", "2009-06-30": "3240.00000", "2009-03-31": "2803.00000", "2008-12-31": "2796.00000", "2008-09-30": "2761.00000", "2008-06-30": "2735.00000", "2008-03-31": "2734.00000", "2007-12-31": "2730.00000", "2007-09-30": "2746.00000", "2007-06-30": "2760.00000", "2007-03-31": "2712.00000", "2006-12-31": "2707.00000", "2006-09-30": "2703.26100", "2006-06-30": "2684.48000", "2006-03-31": "2677.94000", "2005-12-31": "2715.00000", "2005-09-30": "2740.25700", "2005-06-30": "2733.98400", "2005-03-31": "2743.19400"}, "Retained Earnings (Accumulated Deficit)": {"2020-12-31": "19455.00000", "2020-09-30": "18834.00000", "2020-06-30": "18373.00000", "2020-03-31": "18076.00000", "2019-12-31": "19806.00000", "2019-09-30": "19440.00000", "2019-06-30": "19050.00000", "2019-03-31": "18518.00000", "2018-12-31": "18118.00000", "2018-09-30": "17673.00000", "2018-06-30": "17197.00000", "2018-03-31": "16712.00000", "2017-12-31": "16259.00000", "2017-09-30": "15656.00000", "2017-06-30": "15321.00000", "2017-03-31": "14933.00000", "2016-12-31": "14809.00000", "2016-09-30": "14459.00000", "2016-06-30": "14104.00000", "2016-03-31": "13791.00000", "2015-12-31": "13464.00000", "2015-09-30": "13172.00000", "2015-06-30": "12891.00000", "2015-03-31": "12632.00000", "2014-12-31": "12317.00000", "2014-09-30": "11982.00000", "2014-06-30": "11634.00000", "2014-03-31": "11382.00000", "2013-12-31": "11044.00000", "2013-09-30": "10669.00000", "2013-06-30": "10564.00000", "2013-03-31": "10178.00000", "2012-12-31": "10129.00000", "2012-09-30": "9761.00000", "2012-06-30": "9433.00000", "2012-03-31": "9064.00000", "2011-12-31": "8772.00000", "2011-09-30": "8493.00000", "2011-06-30": "8241.00000", "2011-03-31": "8042.00000", "2010-12-31": "7935.00000", "2010-09-30": "7833.00000", "2010-06-30": "7729.00000", "2010-03-31": "7624.00000", "2009-12-31": "7539.00000", "2009-09-30": "7458.00000", "2009-06-30": "7409.00000", "2009-03-31": "7385.00000", "2008-12-31": "7381.00000", "2008-09-30": "7357.00000", "2008-06-30": "7258.00000", "2008-03-31": "7087.00000", "2007-12-31": "6919.00000", "2007-09-30": "6759.00000", "2007-06-30": "6568.00000", "2007-03-31": "6364.00000", "2006-12-31": "6596.00000", "2006-09-30": "6572.71600", "2006-06-30": "6382.70600", "2006-03-31": "6179.55900", "2005-12-31": "5951.00000", "2005-09-30": "5731.16200", "2005-06-30": "5494.52700", "2005-03-31": "5315.13800"}, "Comprehensive Income": {"2020-12-31": "716.00000", "2020-09-30": "470.00000", "2020-06-30": "847.00000", "2020-03-31": "898.00000", "2019-12-31": "-844.00000", "2019-09-30": "-1026.00000", "2019-06-30": "-1119.00000", "2019-03-31": "-1421.00000", "2018-12-31": "-1715.00000", "2018-09-30": "-1852.00000", "2018-06-30": "-1706.00000", "2018-03-31": "-1645.00000", "2017-12-31": "-1467.00000", "2017-09-30": "-1036.00000", "2017-06-30": "-1073.00000", "2017-03-31": "-1125.00000", "2016-12-31": "-1132.00000", "2016-09-30": "-750.00000", "2016-06-30": "-837.00000", "2016-03-31": "-917.00000", "2015-12-31": "-1028.00000", "2015-09-30": "-796.00000", "2015-06-30": "-748.00000", "2015-03-31": "-733.00000", "2014-12-31": "-751.00000", "2014-09-30": "-442.00000", "2014-06-30": "-406.00000", "2014-03-31": "-500.00000", "2013-12-31": "-593.00000", "2013-09-30": "-860.00000", "2013-06-30": "-784.00000", "2013-03-31": "-612.00000", "2012-12-31": "-559.00000", "2012-09-30": "-409.00000", "2012-06-30": "-541.00000", "2012-03-31": "-616.00000", "2011-12-31": "-713.00000", "2011-09-30": "-356.00000", "2011-06-30": "-574.00000", "2011-03-31": "-706.00000", "2010-12-31": "-747.00000", "2010-09-30": "-335.00000", "2010-06-30": "-237.00000", "2010-03-31": "-292.00000", "2009-12-31": "-417.00000", "2009-09-30": "-364.00000", "2009-06-30": "-730.00000", "2009-03-31": "-683.00000", "2008-12-31": "-732.00000", "2008-09-30": "-461.00000", "2008-06-30": "-339.00000", "2008-03-31": "-103.00000", "2007-12-31": "-104.00000", "2007-09-30": "-268.00000", "2007-06-30": "-452.00000", "2007-03-31": "-288.00000", "2006-12-31": "-359.00000", "2006-09-30": "-317.96600", "2006-06-30": "-551.79400", "2006-03-31": "-464.73100", "2005-12-31": "-356.00000", "2005-09-30": "-286.55600", "2005-06-30": "-128.61100", "2005-03-31": "-290.61100"}, "Other Share Holders Equity": {"2020-12-31": "", "2020-09-30": "", "2020-06-30": "", "2020-03-31": "", "2019-12-31": "", "2019-09-30": "", "2019-06-30": "", "2019-03-31": "", "2018-12-31": "", "2018-09-30": "", "2018-06-30": "", "2018-03-31": "", "2017-12-31": "", "2017-09-30": "", "2017-06-30": "", "2017-03-31": "", "2016-12-31": "", "2016-09-30": "", "2016-06-30": "", "2016-03-31": "", "2015-12-31": "", "2015-09-30": "", "2015-06-30": "", "2015-03-31": "", "2014-12-31": "", "2014-09-30": "", "2014-06-30": "", "2014-03-31": "", "2013-12-31": "", "2013-09-30": "", "2013-06-30": "", "2013-03-31": "", "2012-12-31": "", "2012-09-30": "", "2012-06-30": "", "2012-03-31": "", "2011-12-31": "", "2011-09-30": "", "2011-06-30": "", "2011-03-31": "", "2010-12-31": "", "2010-09-30": "", "2010-06-30": "", "2010-03-31": "", "2009-12-31": "", "2009-09-30": "", "2009-06-30": "", "2009-03-31": "", "2008-12-31": "", "2008-09-30": "", "2008-06-30": "", "2008-03-31": "", "2007-12-31": "", "2007-09-30": "", "2007-06-30": "", "2007-03-31": "", "2006-12-31": "", "2006-09-30": "", "2006-06-30": "", "2006-03-31": "", "2005-12-31": "", "2005-09-30": "", "2005-06-30": "", "2005-03-31": ""}, "Share Holder Equity": {"2020-12-31": "70912.00000", "2020-09-30": "69973.00000", "2020-06-30": "68883.00000", "2020-03-31": "66061.00000", "2019-12-31": "66558.00000", "2019-09-30": "32303.00000", "2019-06-30": "31764.00000", "2019-03-31": "30883.00000", "2018-12-31": "30178.00000", "2018-09-30": "30007.00000", "2018-06-30": "29832.00000", "2018-03-31": "29662.00000", "2017-12-31": "29695.00000", "2017-09-30": "29853.00000", "2017-06-30": "30349.00000", "2017-03-31": "30025.00000", "2016-12-31": "29926.00000", "2016-09-30": "30091.00000", "2016-06-30": "29743.00000", "2016-03-31": "28239.00000", "2015-12-31": "27340.00000", "2015-09-30": "27264.00000", "2015-06-30": "25132.00000", "2015-03-31": "24738.00000", "2014-12-31": "24377.00000", "2014-09-30": "24314.00000", "2014-06-30": "23965.00000", "2014-03-31": "23556.00000", "2013-12-31": "22809.00000", "2013-09-30": "22094.00000", "2013-06-30": "21996.00000", "2013-03-31": "21229.00000", "2012-12-31": "21223.00000", "2012-09-30": "20532.00000", "2012-06-30": "18926.00000", "2012-03-31": "17882.00000", "2011-12-31": "17480.00000", "2011-09-30": "17541.00000", "2011-06-30": "17049.00000", "2011-03-31": "16670.00000", "2010-12-31": "16498.00000", "2010-09-30": "16787.00000", "2010-06-30": "16740.00000", "2010-03-31": "16528.00000", "2009-12-31": "16241.00000", "2009-09-30": "16142.00000", "2009-06-30": "14792.00000", "2009-03-31": "16182.00000", "2008-12-31": "16081.00000", "2008-09-30": "12935.00000", "2008-06-30": "12800.00000", "2008-03-31": "12842.00000", "2007-12-31": "12632.00000", "2007-09-30": "12402.00000", "2007-06-30": "12125.00000", "2007-03-31": "11650.00000", "2006-12-31": "11745.00000", "2006-09-30": "11733.92000", "2006-06-30": "11164.11000", "2006-03-31": "10969.97000", "2005-12-31": "11129.00000", "2005-09-30": "11195.92000", "2005-06-30": "11090.37000", "2005-03-31": "10825.28000"}, "Total Liabilities And Share Holders Equity": {"2020-12-31": "509228.00000", "2020-09-30": "499183.00000", "2020-06-30": "504336.00000", "2020-03-31": "506229.00000", "2019-12-31": "473078.00000", "2019-09-30": "236750.00000", "2019-06-30": "230872.00000", "2019-03-31": "227683.00000", "2018-12-31": "225697.00000", "2018-09-30": "222885.00000", "2018-06-30": "222681.00000", "2018-03-31": "220729.00000", "2017-12-31": "221642.00000", "2017-09-30": "220340.00000", "2017-06-30": "221192.00000", "2017-03-31": "220501.00000", "2016-12-31": "219276.00000", "2016-09-30": "222622.00000", "2016-06-30": "221859.00000", "2016-03-31": "212405.00000", "2015-12-31": "209947.00000", "2015-09-30": "208809.00000", "2015-06-30": "191017.00000", "2015-03-31": "189228.00000", "2014-12-31": "186834.00000", "2014-09-30": "187022.00000", "2014-06-30": "188012.00000", "2014-03-31": "184651.00000", "2013-12-31": "183010.00000", "2013-09-30": "181050.00000", "2013-06-30": "182735.00000", "2013-03-31": "180837.00000", "2012-12-31": "184499.00000", "2012-09-30": "182021.00000", "2012-06-30": "178529.00000", "2012-03-31": "174752.00000", "2011-12-31": "174579.00000", "2011-09-30": "167677.00000", "2011-06-30": "159310.00000", "2011-03-31": "157039.00000", "2010-12-31": "157081.00000", "2010-09-30": "157230.00000", "2010-06-30": "155083.00000", "2010-03-31": "163700.00000", "2009-12-31": "165764.00000", "2009-09-30": "165328.00000", "2009-06-30": "152398.00000", "2009-03-31": "143425.00000", "2008-12-31": "152015.00000", "2008-09-30": "137041.00000", "2008-06-30": "136465.00000", "2008-03-31": "136417.00000", "2007-12-31": "132618.00000", "2007-09-30": "130781.00000", "2007-06-30": "127577.00000", "2007-03-31": "121694.00000", "2006-12-31": "121351.00000", "2006-09-30": "118523.90000", "2006-06-30": "116283.70000", "2006-03-31": "110033.70000", "2005-12-31": "109170.00000", "2005-09-30": "107080.20000", "2005-06-30": "105835.30000", "2005-03-31": "102015.10000"}}, "cash flow statement": {"Net Income/Loss": {"2020-12-31": "0.00000", "2019-12-31": "3237.00000", "2018-12-31": "3257.00000", "2017-12-31": "2415.00000", "2016-12-31": "2442.00000", "2015-12-31": "2123.00000", "2014-12-31": "2206.00000", "2013-12-31": "1730.00000", "2012-12-31": "2028.00000", "2011-12-31": "1332.00000", "2010-12-31": "854.00000", "2009-12-31": "877.00000", "2008-12-31": "1529.00000", "2007-12-31": "1746.00000", "2006-12-31": "1528.00000", "2005-12-31": "1654.00000"}, "Total Depreciation And Amortization - Cash Flow": {"2020-12-31": "", "2019-12-31": "630.00000", "2018-12-31": "555.00000", "2017-12-31": "550.00000", "2016-12-31": "555.00000", "2015-12-31": "461.00000", "2014-12-31": "424.00000", "2013-12-31": "421.00000", "2012-12-31": "391.00000", "2011-12-31": "363.00000", "2010-12-31": "382.00000", "2009-12-31": "339.00000", "2008-12-31": "392.00000", "2007-12-31": "404.00000", "2006-12-31": "418.00000", "2005-12-31": "418.00000"}, "Other Non-Cash Items": {"2020-12-31": "", "2019-12-31": "896.00000", "2018-12-31": "704.00000", "2017-12-31": "1072.00000", "2016-12-31": "640.00000", "2015-12-31": "709.00000", "2014-12-31": "478.00000", "2013-12-31": "944.00000", "2012-12-31": "1753.00000", "2011-12-31": "2066.00000", "2010-12-31": "2739.00000", "2009-12-31": "2927.00000", "2008-12-31": "1460.00000", "2007-12-31": "521.00000", "2006-12-31": "340.00000", "2005-12-31": "228.00000"}, "Total Non-Cash Items": {"2020-12-31": "", "2019-12-31": "1526.00000", "2018-12-31": "1259.00000", "2017-12-31": "1622.00000", "2016-12-31": "1195.00000", "2015-12-31": "1170.00000", "2014-12-31": "902.00000", "2013-12-31": "1365.00000", "2012-12-31": "2144.00000", "2011-12-31": "2429.00000", "2010-12-31": "3121.00000", "2009-12-31": "3266.00000", "2008-12-31": "1852.00000", "2007-12-31": "925.00000", "2006-12-31": "758.00000", "2005-12-31": "646.00000"}, "Change In Accounts Receivable": {"2020-12-31": "", "2019-12-31": "-1895.00000", "2018-12-31": "188.00000", "2017-12-31": "618.00000", "2016-12-31": "-644.00000", "2015-12-31": "422.00000", "2014-12-31": "-201.00000", "2013-12-31": "2445.00000", "2012-12-31": "-433.00000", "2011-12-31": "-583.00000", "2010-12-31": "-620.00000", "2009-12-31": "-31.00000", "2008-12-31": "-591.00000", "2007-12-31": "-383.00000", "2006-12-31": "7.00000", "2005-12-31": "-7.00000"}, "Change In Inventories": {"2020-12-31": "", "2019-12-31": "368.00000", "2018-12-31": "242.00000", "2017-12-31": "115.00000", "2016-12-31": "432.00000", "2015-12-31": "-698.00000", "2014-12-31": "-101.00000", "2013-12-31": "116.00000", "2012-12-31": "", "2011-12-31": "", "2010-12-31": "", "2009-12-31": "-260.00000", "2008-12-31": "633.00000", "2007-12-31": "1138.00000", "2006-12-31": "-1434.00000", "2005-12-31": "-372.00000"}, "Change In Accounts Payable": {"2020-12-31": "", "2019-12-31": "", "2018-12-31": "", "2017-12-31": "", "2016-12-31": "", "2015-12-31": "", "2014-12-31": "-4.00000", "2013-12-31": "", "2012-12-31": "", "2011-12-31": "", "2010-12-31": "", "2009-12-31": "", "2008-12-31": "", "2007-12-31": "-824.00000", "2006-12-31": "", "2005-12-31": ""}, "Change In Assets/Liabilities": {"2020-12-31": "", "2019-12-31": "-1748.00000", "2018-12-31": "-19.00000", "2017-12-31": "-15.00000", "2016-12-31": "", "2015-12-31": "-14.00000", "2014-12-31": "346.00000", "2013-12-31": "-75.00000", "2012-12-31": "-210.00000", "2011-12-31": "629.00000", "2010-12-31": "-1124.00000", "2009-12-31": "-949.00000", "2008-12-31": "-2435.00000", "2007-12-31": "-1560.00000", "2006-12-31": "-607.00000", "2005-12-31": "-577.00000"}, "Total Change In Assets/Liabilities": {"2020-12-31": "", "2019-12-31": "-3275.00000", "2018-12-31": "411.00000", "2017-12-31": "718.00000", "2016-12-31": "-230.00000", "2015-12-31": "-290.00000", "2014-12-31": "1.00000", "2013-12-31": "2190.00000", "2012-12-31": "-297.00000", "2011-12-31": "618.00000", "2010-12-31": "-1055.00000", "2009-12-31": "-4630.00000", "2008-12-31": "1840.00000", "2007-12-31": "-1629.00000", "2006-12-31": "-1531.00000", "2005-12-31": "-651.00000"}, "Cash Flow From Operating Activities": {"2020-12-31": "", "2019-12-31": "1520.00000", "2018-12-31": "4349.00000", "2017-12-31": "4635.00000", "2016-12-31": "3115.00000", "2015-12-31": "3131.00000", "2014-12-31": "3210.00000", "2013-12-31": "5308.00000", "2012-12-31": "3714.00000", "2011-12-31": "4276.00000", "2010-12-31": "2898.00000", "2009-12-31": "-493.00000", "2008-12-31": "5353.00000", "2007-12-31": "1112.00000", "2006-12-31": "767.00000", "2005-12-31": "1708.00000"}, "Net Change In Property, Plant, And Equipment": {"2020-12-31": "", "2019-12-31": "", "2018-12-31": "", "2017-12-31": "", "2016-12-31": "", "2015-12-31": "", "2014-12-31": "", "2013-12-31": "", "2012-12-31": "", "2011-12-31": "", "2010-12-31": "539.00000", "2009-12-31": "-174.00000", "2008-12-31": "-219.00000", "2007-12-31": "-256.00000", "2006-12-31": "-166.00000", "2005-12-31": "-167.00000"}, "Net Change In Intangible Assets": {"2020-12-31": "", "2019-12-31": "", "2018-12-31": "", "2017-12-31": "", "2016-12-31": "-2986.00000", "2015-12-31": "", "2014-12-31": "", "2013-12-31": "", "2012-12-31": "", "2011-12-31": "", "2010-12-31": "", "2009-12-31": "", "2008-12-31": "", "2007-12-31": "", "2006-12-31": "", "2005-12-31": ""}, "Net Acquisitions/Divestitures": {"2020-12-31": "", "2019-12-31": "6256.00000", "2018-12-31": "-296.00000", "2017-12-31": "", "2016-12-31": "-726.00000", "2015-12-31": "1055.00000", "2014-12-31": "1025.00000", "2013-12-31": "516.00000", "2012-12-31": "675.00000", "2011-12-31": "-86.00000", "2010-12-31": "-839.00000", "2009-12-31": "4502.00000", "2008-12-31": "311.00000", "2007-12-31": "-141.00000", "2006-12-31": "38.00000", "2005-12-31": "-124.00000"}, "Net Change In Short-term Investments": {"2020-12-31": "", "2019-12-31": "", "2018-12-31": "", "2017-12-31": "", "2016-12-31": "", "2015-12-31": "", "2014-12-31": "", "2013-12-31": "", "2012-12-31": "", "2011-12-31": "", "2010-12-31": "", "2009-12-31": "", "2008-12-31": "", "2007-12-31": "", "2006-12-31": "", "2005-12-31": ""}, "Net Change In Long-Term Investments": {"2020-12-31": "", "2019-12-31": "1430.00000", "2018-12-31": "1738.00000", "2017-12-31": "-4048.00000", "2016-12-31": "2365.00000", "2015-12-31": "-98.00000", "2014-12-31": "-625.00000", "2013-12-31": "-2576.00000", "2012-12-31": "-1846.00000", "2011-12-31": "-12399.00000", "2010-12-31": "10785.00000", "2009-12-31": "3068.00000", "2008-12-31": "-10651.00000", "2007-12-31": "-883.00000", "2006-12-31": "-676.00000", "2005-12-31": "-1173.00000"}, "Net Change In Investments - Total": {"2020-12-31": "", "2019-12-31": "1430.00000", "2018-12-31": "1738.00000", "2017-12-31": "-4048.00000", "2016-12-31": "2365.00000", "2015-12-31": "-98.00000", "2014-12-31": "-625.00000", "2013-12-31": "-2576.00000", "2012-12-31": "-1846.00000", "2011-12-31": "-12399.00000", "2010-12-31": "10785.00000", "2009-12-31": "3068.00000", "2008-12-31": "-10651.00000", "2007-12-31": "-883.00000", "2006-12-31": "-676.00000", "2005-12-31": "-1173.00000"}, "Investing Activities - Other": {"2020-12-31": "", "2019-12-31": "662.00000", "2018-12-31": "-6405.00000", "2017-12-31": "-1362.00000", "2016-12-31": "371.00000", "2015-12-31": "-2806.00000", "2014-12-31": "-4415.00000", "2013-12-31": "-2149.00000", "2012-12-31": "-5876.00000", "2011-12-31": "-5522.00000", "2010-12-31": "-4506.00000", "2009-12-31": "-163.00000", "2008-12-31": "-7764.00000", "2007-12-31": "-6182.00000", "2006-12-31": "-6483.00000", "2005-12-31": "-7278.00000"}, "Cash Flow From Investing Activities": {"2020-12-31": "", "2019-12-31": "8348.00000", "2018-12-31": "-4963.00000", "2017-12-31": "-5410.00000", "2016-12-31": "-976.00000", "2015-12-31": "-1849.00000", "2014-12-31": "-4015.00000", "2013-12-31": "-4209.00000", "2012-12-31": "-7047.00000", "2011-12-31": "-18007.00000", "2010-12-31": "5979.00000", "2009-12-31": "7233.00000", "2008-12-31": "-18323.00000", "2007-12-31": "-7462.00000", "2006-12-31": "-7287.00000", "2005-12-31": "-8742.00000"}, "Net Long-Term Debt": {"2020-12-31": "", "2019-12-31": "-2181.00000", "2018-12-31": "236.00000", "2017-12-31": "1430.00000", "2016-12-31": "-1971.00000", "2015-12-31": "-161.00000", "2014-12-31": "1598.00000", "2013-12-31": "2530.00000", "2012-12-31": "-2785.00000", "2011-12-31": "-180.00000", "2010-12-31": "164.00000", "2009-12-31": "9.00000", "2008-12-31": "-1431.00000", "2007-12-31": "2122.00000", "2006-12-31": "2378.00000", "2005-12-31": "1672.00000"}, "Net Current Debt": {"2020-12-31": "", "2019-12-31": "6293.00000", "2018-12-31": "240.00000", "2017-12-31": "3532.00000", "2016-12-31": "-3581.00000", "2015-12-31": "-982.00000", "2014-12-31": "-421.00000", "2013-12-31": "1274.00000", "2012-12-31": "-702.00000", "2011-12-31": "-2107.00000", "2010-12-31": "-2434.00000", "2009-12-31": "-2756.00000", "2008-12-31": "151.00000", "2007-12-31": "1004.00000", "2006-12-31": "1286.00000", "2005-12-31": "-126.00000"}, "Debt Issuance/Retirement Net - Total": {"2020-12-31": "", "2019-12-31": "4112.00000", "2018-12-31": "476.00000", "2017-12-31": "4962.00000", "2016-12-31": "-5552.00000", "2015-12-31": "-1143.00000", "2014-12-31": "1177.00000", "2013-12-31": "3804.00000", "2012-12-31": "-3487.00000", "2011-12-31": "-2287.00000", "2010-12-31": "-2270.00000", "2009-12-31": "-2747.00000", "2008-12-31": "-1280.00000", "2007-12-31": "3126.00000", "2006-12-31": "3664.00000", "2005-12-31": "1546.00000"}, "Net Common Equity Issued/Repurchased": {"2020-12-31": "", "2019-12-31": "", "2018-12-31": "-1205.00000", "2017-12-31": "-1613.00000", "2016-12-31": "-520.00000", "2015-12-31": "68.00000", "2014-12-31": "298.00000", "2013-12-31": "", "2012-12-31": "", "2011-12-31": "", "2010-12-31": "110.00000", "2009-12-31": "2727.00000", "2008-12-31": "160.00000", "2007-12-31": "-190.00000", "2006-12-31": "-845.00000", "2005-12-31": "-406.00000"}, "Net Total Equity Issued/Repurchased": {"2020-12-31": "", "2019-12-31": "-42.00000", "2018-12-31": "-1205.00000", "2017-12-31": "-1613.00000", "2016-12-31": "-70.00000", "2015-12-31": "68.00000", "2014-12-31": "298.00000", "2013-12-31": "487.00000", "2012-12-31": "2116.00000", "2011-12-31": "", "2010-12-31": "110.00000", "2009-12-31": "-474.00000", "2008-12-31": "3294.00000", "2007-12-31": "-190.00000", "2006-12-31": "-845.00000", "2005-12-31": "-406.00000"}, "Total Common And Preferred Stock Dividends Paid": {"2020-12-31": "", "2019-12-31": "-1459.00000", "2018-12-31": "-1378.00000", "2017-12-31": "-1179.00000", "2016-12-31": "-1092.00000", "2015-12-31": "-937.00000", "2014-12-31": "-814.00000", "2013-12-31": "-912.00000", "2012-12-31": "-564.00000", "2011-12-31": "-446.00000", "2010-12-31": "-415.00000", "2009-12-31": "-820.00000", "2008-12-31": "-1019.00000", "2007-12-31": "-962.00000", "2006-12-31": "-863.00000", "2005-12-31": "-801.00000"}, "Financial Activities - Other": {"2020-12-31": "", "2019-12-31": "2742.00000", "2018-12-31": "3609.00000", "2017-12-31": "-2719.00000", "2016-12-31": "4832.00000", "2015-12-31": "2116.00000", "2014-12-31": "304.00000", "2013-12-31": "-5352.00000", "2012-12-31": "4731.00000", "2011-12-31": "17953.00000", "2010-12-31": "-6566.00000", "2009-12-31": "-2790.00000", "2008-12-31": "11598.00000", "2007-12-31": "4781.00000", "2006-12-31": "4479.00000", "2005-12-31": "6588.00000"}, "Cash Flow From Financial Activities": {"2020-12-31": "", "2019-12-31": "5353.00000", "2018-12-31": "1502.00000", "2017-12-31": "-549.00000", "2016-12-31": "-1882.00000", "2015-12-31": "104.00000", "2014-12-31": "965.00000", "2013-12-31": "-1973.00000", "2012-12-31": "2796.00000", "2011-12-31": "15220.00000", "2010-12-31": "-9141.00000", "2009-12-31": "-6831.00000", "2008-12-31": "12593.00000", "2007-12-31": "6755.00000", "2006-12-31": "6435.00000", "2005-12-31": "6927.00000"}, "Net Cash Flow": {"2020-12-31": "", "2019-12-31": "15221.00000", "2018-12-31": "888.00000", "2017-12-31": "-1324.00000", "2016-12-31": "257.00000", "2015-12-31": "1386.00000", "2014-12-31": "160.00000", "2013-12-31": "-874.00000", "2012-12-31": "-537.00000", "2011-12-31": "1489.00000", "2010-12-31": "-264.00000", "2009-12-31": "-91.00000", "2008-12-31": "-377.00000", "2007-12-31": "405.00000", "2006-12-31": "-85.00000", "2005-12-31": "-107.00000"}, "Stock-Based Compensation": {"2020-12-31": "", "2019-12-31": "165.00000", "2018-12-31": "141.00000", "2017-12-31": "132.00000", "2016-12-31": "115.00000", "2015-12-31": "106.00000", "2014-12-31": "102.00000", "2013-12-31": "96.00000", "2012-12-31": "97.00000", "2011-12-31": "98.00000", "2010-12-31": "79.00000", "2009-12-31": "62.00000", "2008-12-31": "75.00000", "2007-12-31": "70.00000", "2006-12-31": "58.00000", "2005-12-31": ""}, "Common Stock Dividends Paid": {"2020-12-31": "", "2019-12-31": "-1309.00000", "2018-12-31": "-1204.00000", "2017-12-31": "-1005.00000", "2016-12-31": "-925.00000", "2015-12-31": "-789.00000", "2014-12-31": "-666.00000", "2013-12-31": "-765.00000", "2012-12-31": "-531.00000", "2011-12-31": "-446.00000", "2010-12-31": "-415.00000", "2009-12-31": "-727.00000", "2008-12-31": "-1019.00000", "2007-12-31": "-962.00000", "2006-12-31": "-863.00000", "2005-12-31": "-801.00000"}}, "cash flow statement, quarterly": {"Net Income/Loss": {"2020-12-31": -3162, "2020-09-30": 1141, "2020-06-30": 958, "2020-03-31": "1063.00000", "2019-12-31": 726, "2019-09-30": 828, "2019-06-30": 885, "2019-03-31": "798.00000", "2018-12-31": 805, "2018-09-30": 839, "2018-06-30": 822, "2018-03-31": "791.00000", "2017-12-31": 667, "2017-09-30": 648, "2017-06-30": 674, "2017-03-31": "426.00000", "2016-12-31": 643, "2016-09-30": 642, "2016-06-30": 587, "2016-03-31": "570.00000", "2015-12-31": 542, "2015-09-30": 533, "2015-06-30": 501, "2015-03-31": "547.00000", "2014-12-31": 603, "2014-09-30": 553, "2014-06-30": 477, "2014-03-31": "573.00000", "2013-12-31": 589, "2013-09-30": 309, "2013-06-30": 576, "2013-03-31": "256.00000", "2012-12-31": 549, "2012-09-30": 496, "2012-06-30": 538, "2012-03-31": "445.00000", "2011-12-31": 400, "2011-09-30": 371, "2011-06-30": 327, "2011-03-31": "234.00000", "2010-12-31": 217, "2010-09-30": 219, "2010-06-30": 224, "2010-03-31": "194.00000", "2009-12-31": 194, "2009-09-30": 157, "2009-06-30": 208, "2009-03-31": "318.00000", "2008-12-31": 307, "2008-09-30": 362, "2008-06-30": 431, "2008-03-31": "429.00000", "2007-12-31": 423, "2007-09-30": 444, "2007-06-30": 458, "2007-03-31": "421.00000", "2006-12-31": 251, "2006-09-30": 417, "2006-06-30": 429, "2006-03-31": "431.00000", "2005-12-31": 429.805, "2005-09-30": 442.006, "2005-06-30": 386.805, "2005-03-31": "395.38400"}, "Total Depreciation And Amortization - Cash Flow": {"2020-12-31": -1207, "2020-09-30": 388, "2020-06-30": 420, "2020-03-31": "399.00000", "2019-12-31": 213, "2019-09-30": 141, "2019-06-30": 139, "2019-03-31": "137.00000", "2018-12-31": 142, "2018-09-30": 139, "2018-06-30": 136, "2018-03-31": "138.00000", "2017-12-31": 137, "2017-09-30": 139, "2017-06-30": 137, "2017-03-31": "137.00000", "2016-12-31": 145, "2016-09-30": 141, "2016-06-30": 142, "2016-03-31": "127.00000", "2015-12-31": 123, "2015-09-30": 121, "2015-06-30": 110, "2015-03-31": "107.00000", "2014-12-31": 108, "2014-09-30": 109, "2014-06-30": 103, "2014-03-31": "104.00000", "2013-12-31": 108, "2013-09-30": 106, "2013-06-30": 106, "2013-03-31": "101.00000", "2012-12-31": 102, "2012-09-30": 107, "2012-06-30": 96, "2012-03-31": "86.00000", "2011-12-31": 92, "2011-09-30": 91, "2011-06-30": 89, "2011-03-31": "91.00000", "2010-12-31": 94, "2010-09-30": 94, "2010-06-30": 97, "2010-03-31": "97.00000", "2009-12-31": 49, "2009-09-30": 99, "2009-06-30": 96, "2009-03-31": "95.00000", "2008-12-31": 95, "2008-09-30": 101, "2008-06-30": 96, "2008-03-31": "100.00000", "2007-12-31": 102, "2007-09-30": 102, "2007-06-30": 100, "2007-03-31": "100.00000", "2006-12-31": 90, "2006-09-30": 113, "2006-06-30": 108, "2006-03-31": "107.00000", "2005-12-31": 48.023, "2005-09-30": 115.99, "2005-06-30": 139.575, "2005-03-31": "114.41200"}, "Other Non-Cash Items": {"2020-12-31": -2036, "2020-09-30": 421, "2020-06-30": 641, "2020-03-31": "974.00000", "2019-12-31": 333, "2019-09-30": 156, "2019-06-30": 220, "2019-03-31": "187.00000", "2018-12-31": 172, "2018-09-30": 172, "2018-06-30": 179, "2018-03-31": "181.00000", "2017-12-31": 162, "2017-09-30": 161, "2017-06-30": 179, "2017-03-31": "570.00000", "2016-12-31": 147, "2016-09-30": 179, "2016-06-30": 149, "2016-03-31": "165.00000", "2015-12-31": 147, "2015-09-30": 135, "2015-06-30": 305, "2015-03-31": "122.00000", "2014-12-31": 101, "2014-09-30": 189, "2014-06-30": 110, "2014-03-31": "78.00000", "2013-12-31": 348, "2013-09-30": 131, "2013-06-30": 183, "2013-03-31": "282.00000", "2012-12-31": 705, "2012-09-30": 305, "2012-06-30": 362, "2012-03-31": "381.00000", "2011-12-31": 697, "2011-09-30": 442, "2011-06-30": 460, "2011-03-31": "467.00000", "2010-12-31": 684, "2010-09-30": 681, "2010-06-30": 647, "2010-03-31": "727.00000", "2009-12-31": 991, "2009-09-30": 692, "2009-06-30": 699, "2009-03-31": "545.00000", "2008-12-31": 548, "2008-09-30": 374, "2008-06-30": 342, "2008-03-31": "196.00000", "2007-12-31": 201, "2007-09-30": 113, "2007-06-30": 100, "2007-03-31": "107.00000", "2006-12-31": 157, "2006-09-30": 73, "2006-06-30": 66, "2006-03-31": "44.00000", "2005-12-31": 68.931, "2005-09-30": 60.15, "2005-06-30": 52.307, "2005-03-31": "46.61200"}, "Total Non-Cash Items": {"2020-12-31": -3243, "2020-09-30": 809, "2020-06-30": 1061, "2020-03-31": "1373.00000", "2019-12-31": 546, "2019-09-30": 297, "2019-06-30": 359, "2019-03-31": "324.00000", "2018-12-31": 314, "2018-09-30": 311, "2018-06-30": 315, "2018-03-31": "319.00000", "2017-12-31": 299, "2017-09-30": 300, "2017-06-30": 316, "2017-03-31": "707.00000", "2016-12-31": 292, "2016-09-30": 320, "2016-06-30": 291, "2016-03-31": "292.00000", "2015-12-31": 270, "2015-09-30": 256, "2015-06-30": 415, "2015-03-31": "229.00000", "2014-12-31": 209, "2014-09-30": 298, "2014-06-30": 213, "2014-03-31": "182.00000", "2013-12-31": 456, "2013-09-30": 237, "2013-06-30": 289, "2013-03-31": "383.00000", "2012-12-31": 807, "2012-09-30": 412, "2012-06-30": 458, "2012-03-31": "467.00000", "2011-12-31": 789, "2011-09-30": 533, "2011-06-30": 549, "2011-03-31": "558.00000", "2010-12-31": 778, "2010-09-30": 775, "2010-06-30": 744, "2010-03-31": "824.00000", "2009-12-31": 1040, "2009-09-30": 791, "2009-06-30": 795, "2009-03-31": "640.00000", "2008-12-31": 643, "2008-09-30": 475, "2008-06-30": 438, "2008-03-31": "296.00000", "2007-12-31": 303, "2007-09-30": 215, "2007-06-30": 200, "2007-03-31": "207.00000", "2006-12-31": 247, "2006-09-30": 186, "2006-06-30": 174, "2006-03-31": "151.00000", "2005-12-31": 116.954, "2005-09-30": 176.14, "2005-06-30": 191.882, "2005-03-31": "161.02400"}, "Change In Accounts Receivable": {"2020-12-31": -1783, "2020-09-30": 336, "2020-06-30": -1931, "2020-03-31": "3378.00000", "2019-12-31": -1557, "2019-09-30": -152, "2019-06-30": -336, "2019-03-31": "150.00000", "2018-12-31": 111, "2018-09-30": 593, "2018-06-30": -426, "2018-03-31": "-90.00000", "2017-12-31": 119, "2017-09-30": 105, "2017-06-30": -105, "2017-03-31": "499.00000", "2016-12-31": 973, "2016-09-30": -204, "2016-06-30": -873, "2016-03-31": "-540.00000", "2015-12-31": 417, "2015-09-30": 1049, "2015-06-30": -346, "2015-03-31": "-698.00000", "2014-12-31": 578, "2014-09-30": -309, "2014-06-30": -592, "2014-03-31": "122.00000", "2013-12-31": 1636, "2013-09-30": -490, "2013-06-30": 967, "2013-03-31": "332.00000", "2012-12-31": -290, "2012-09-30": -722, "2012-06-30": -635, "2012-03-31": "1214.00000", "2011-12-31": -1009, "2011-09-30": -868, "2011-06-30": 205, "2011-03-31": "1089.00000", "2010-12-31": -213, "2010-09-30": -916, "2010-06-30": 34, "2010-03-31": "475.00000", "2009-12-31": 508, "2009-09-30": 1995, "2009-06-30": -179, "2009-03-31": "-2355.00000", "2008-12-31": 9, "2008-09-30": 87, "2008-06-30": 340, "2008-03-31": "-1027.00000", "2007-12-31": 337, "2007-09-30": -166, "2007-06-30": -463, "2007-03-31": "-91.00000", "2006-12-31": 2, "2006-09-30": 91, "2006-06-30": -243, "2006-03-31": "157.00000", "2005-12-31": 111.3481, "2005-09-30": 11.3167, "2005-06-30": -112.1487, "2005-03-31": "-17.51610"}, "Change In Inventories": {"2020-12-31": -1063, "2020-09-30": -846, "2020-06-30": 39, "2020-03-31": "1870.00000", "2019-12-31": 377, "2019-09-30": 1029, "2019-06-30": 95, "2019-03-31": "-1133.00000", "2018-12-31": 745, "2018-09-30": -316, "2018-06-30": -197, "2018-03-31": "10.00000", "2017-12-31": 456, "2017-09-30": 314, "2017-06-30": -11, "2017-03-31": "-644.00000", "2016-12-31": 244, "2016-09-30": -407, "2016-06-30": 902, "2016-03-31": "-307.00000", "2015-12-31": -367, "2015-09-30": -92, "2015-06-30": 152, "2015-03-31": "-391.00000", "2014-12-31": -101, "2014-09-30": 0, "2014-06-30": 0, "2014-03-31": "", "2013-12-31": 116, "2013-09-30": 0, "2013-06-30": 0, "2013-03-31": "", "2012-12-31": 0, "2012-09-30": 0, "2012-06-30": 0, "2012-03-31": "", "2011-12-31": 0, "2011-09-30": 0, "2011-06-30": 158, "2011-03-31": "-158.00000", "2010-12-31": -68, "2010-09-30": 19, "2010-06-30": 64, "2010-03-31": "-15.00000", "2009-12-31": 50, "2009-09-30": -164, "2009-06-30": -41, "2009-03-31": "-105.00000", "2008-12-31": 172, "2008-09-30": -34, "2008-06-30": 95, "2008-03-31": "400.00000", "2007-12-31": 578, "2007-09-30": -520, "2007-06-30": -161, "2007-03-31": "1241.00000", "2006-12-31": -1259, "2006-09-30": 31, "2006-06-30": -174, "2006-03-31": "-32.00000", "2005-12-31": -272.604, "2005-09-30": 241.494, "2005-06-30": -196.485, "2005-03-31": "-144.40500"}, "Change In Accounts Payable": {"2020-12-31": 0, "2020-09-30": 0, "2020-06-30": 0, "2020-03-31": "", "2019-12-31": 0, "2019-09-30": 0, "2019-06-30": 0, "2019-03-31": "", "2018-12-31": 0, "2018-09-30": 0, "2018-06-30": 0, "2018-03-31": "", "2017-12-31": 0, "2017-09-30": 0, "2017-06-30": 0, "2017-03-31": "", "2016-12-31": 0, "2016-09-30": 0, "2016-06-30": 0, "2016-03-31": "", "2015-12-31": 0, "2015-09-30": 0, "2015-06-30": 0, "2015-03-31": "", "2014-12-31": -4, "2014-09-30": 0, "2014-06-30": 0, "2014-03-31": "", "2013-12-31": 0, "2013-09-30": 0, "2013-06-30": 0, "2013-03-31": "", "2012-12-31": 0, "2012-09-30": 0, "2012-06-30": 0, "2012-03-31": "", "2011-12-31": 0, "2011-09-30": 0, "2011-06-30": 0, "2011-03-31": "", "2010-12-31": 0, "2010-09-30": 0, "2010-06-30": 0, "2010-03-31": "", "2009-12-31": 0, "2009-09-30": 0, "2009-06-30": 0, "2009-03-31": "", "2008-12-31": 0, "2008-09-30": 0, "2008-06-30": 0, "2008-03-31": "", "2007-12-31": -824, "2007-09-30": 0, "2007-06-30": 0, "2007-03-31": "", "2006-12-31": 0, "2006-09-30": 0, "2006-06-30": 0, "2006-03-31": "", "2005-12-31": 0, "2005-09-30": 0, "2005-06-30": 0, "2005-03-31": ""}, "Change In Assets/Liabilities": {"2020-12-31": 716, "2020-09-30": 2798, "2020-06-30": 140, "2020-03-31": "-3654.00000", "2019-12-31": -849, "2019-09-30": 265, "2019-06-30": -158, "2019-03-31": "-1006.00000", "2018-12-31": -240, "2018-09-30": 221, "2018-06-30": 583, "2018-03-31": "-583.00000", "2017-12-31": 327, "2017-09-30": 35, "2017-06-30": 509, "2017-03-31": "-886.00000", "2016-12-31": 230, "2016-09-30": 208, "2016-06-30": 43, "2016-03-31": "-481.00000", "2015-12-31": 280, "2015-09-30": 230, "2015-06-30": -217, "2015-03-31": "-307.00000", "2014-12-31": -567, "2014-09-30": 545, "2014-06-30": 293, "2014-03-31": "75.00000", "2013-12-31": 696, "2013-09-30": -272, "2013-06-30": -564, "2013-03-31": "65.00000", "2012-12-31": 7, "2012-09-30": 191, "2012-06-30": -565, "2012-03-31": "157.00000", "2011-12-31": -416, "2011-09-30": 114, "2011-06-30": 386, "2011-03-31": "545.00000", "2010-12-31": -150, "2010-09-30": -32, "2010-06-30": -186, "2010-03-31": "-756.00000", "2009-12-31": -1297, "2009-09-30": 1448, "2009-06-30": 3180, "2009-03-31": "-4280.00000", "2008-12-31": -47, "2008-09-30": -1832, "2008-06-30": 679, "2008-03-31": "-1235.00000", "2007-12-31": -659, "2007-09-30": -502, "2007-06-30": -477, "2007-03-31": "78.00000", "2006-12-31": -285, "2006-09-30": 29, "2006-06-30": -220, "2006-03-31": "-131.00000", "2005-12-31": -287.085, "2005-09-30": -134.484, "2005-06-30": -46.273, "2005-03-31": "-109.15800"}, "Total Change In Assets/Liabilities": {"2020-12-31": 934, "2020-09-30": -776, "2020-06-30": -1752, "2020-03-31": "1594.00000", "2019-12-31": -1470, "2019-09-30": 583, "2019-06-30": -399, "2019-03-31": "-1989.00000", "2018-12-31": 616, "2018-09-30": 439, "2018-06-30": 19, "2018-03-31": "-663.00000", "2017-12-31": 902, "2017-09-30": 454, "2017-06-30": 393, "2017-03-31": "-1031.00000", "2016-12-31": 1798, "2016-09-30": -1054, "2016-06-30": 105, "2016-03-31": "-1079.00000", "2015-12-31": 479, "2015-09-30": 965, "2015-06-30": -294, "2015-03-31": "-1440.00000", "2014-12-31": 838, "2014-09-30": -190, "2014-06-30": -685, "2014-03-31": "38.00000", "2013-12-31": 2712, "2013-09-30": -1375, "2013-06-30": 925, "2013-03-31": "-72.00000", "2012-12-31": -375, "2012-09-30": -792, "2012-06-30": -213, "2012-03-31": "1083.00000", "2011-12-31": -1116, "2011-09-30": -434, "2011-06-30": 965, "2011-03-31": "1203.00000", "2010-12-31": -483, "2010-09-30": -702, "2010-06-30": 492, "2010-03-31": "-362.00000", "2009-12-31": -700, "2009-09-30": 3426, "2009-06-30": 2946, "2009-03-31": "-10302.00000", "2008-12-31": 3854, "2008-09-30": -1534, "2008-06-30": 409, "2008-03-31": "-889.00000", "2007-12-31": 657, "2007-09-30": -1351, "2007-06-30": -1011, "2007-03-31": "76.00000", "2006-12-31": -121, "2006-09-30": -1181, "2006-06-30": -211, "2006-03-31": "-18.00000", "2005-12-31": -148.2408, "2005-09-30": 150.4816, "2005-06-30": -681.8408, "2005-03-31": "28.60000"}, "Cash Flow From Operating Activities": {"2020-12-31": -5029, "2020-09-30": 425, "2020-06-30": -24, "2020-03-31": "4628.00000", "2019-12-31": -444, "2019-09-30": 1775, "2019-06-30": 934, "2019-03-31": "-745.00000", "2018-12-31": 1371, "2018-09-30": 1551, "2018-06-30": 1119, "2018-03-31": "308.00000", "2017-12-31": 1676, "2017-09-30": 1471, "2017-06-30": 1330, "2017-03-31": "158.00000", "2016-12-31": 2478, "2016-09-30": -224, "2016-06-30": 991, "2016-03-31": "-130.00000", "2015-12-31": 1229, "2015-09-30": 1880, "2015-06-30": 615, "2015-03-31": "-593.00000", "2014-12-31": 1706, "2014-09-30": 627, "2014-06-30": 245, "2014-03-31": "632.00000", "2013-12-31": 3558, "2013-09-30": -558, "2013-06-30": 1877, "2013-03-31": "431.00000", "2012-12-31": 1044, "2012-09-30": 51, "2012-06-30": 746, "2012-03-31": "1873.00000", "2011-12-31": -72, "2011-09-30": 495, "2011-06-30": 1822, "2011-03-31": "2031.00000", "2010-12-31": 554, "2010-09-30": 271, "2010-06-30": 1436, "2010-03-31": "637.00000", "2009-12-31": 374, "2009-09-30": 4470, "2009-06-30": 3934, "2009-03-31": "-9271.00000", "2008-12-31": 4919, "2008-09-30": -621, "2008-06-30": 1201, "2008-03-31": "-146.00000", "2007-12-31": 1454, "2007-09-30": -678, "2007-06-30": -350, "2007-03-31": "686.00000", "2006-12-31": 405, "2006-09-30": -596, "2006-06-30": 394, "2006-03-31": "564.00000", "2005-12-31": 468.425, "2005-09-30": 750.726, "2005-06-30": -100.155, "2005-03-31": "589.00400"}, "Net Change In Property, Plant, And Equipment": {"2020-12-31": 716, "2020-09-30": -130, "2020-06-30": -122, "2020-03-31": "-464.00000", "2019-12-31": 116, "2019-09-30": -52, "2019-06-30": -30, "2019-03-31": "-34.00000", "2018-12-31": 0, "2018-09-30": 0, "2018-06-30": 0, "2018-03-31": "", "2017-12-31": 0, "2017-09-30": 0, "2017-06-30": 0, "2017-03-31": "", "2016-12-31": 0, "2016-09-30": 0, "2016-06-30": 0, "2016-03-31": "", "2015-12-31": 0, "2015-09-30": 0, "2015-06-30": 0, "2015-03-31": "", "2014-12-31": 0, "2014-09-30": 0, "2014-06-30": 0, "2014-03-31": "", "2013-12-31": 0, "2013-09-30": 0, "2013-06-30": 0, "2013-03-31": "", "2012-12-31": -560, "2012-09-30": 621, "2012-06-30": -40, "2012-03-31": "-21.00000", "2011-12-31": 176, "2011-09-30": -72, "2011-06-30": -56, "2011-03-31": "-48.00000", "2010-12-31": 909, "2010-09-30": -44, "2010-06-30": -63, "2010-03-31": "-263.00000", "2009-12-31": -46, "2009-09-30": -46, "2009-06-30": -41, "2009-03-31": "-41.00000", "2008-12-31": -71, "2008-09-30": -43, "2008-06-30": -52, "2008-03-31": "-53.00000", "2007-12-31": -87, "2007-09-30": -58, "2007-06-30": -56, "2007-03-31": "-55.00000", "2006-12-31": -62, "2006-09-30": -68, "2006-06-30": -62, "2006-03-31": "26.00000", "2005-12-31": -52.537, "2005-09-30": -42.465, "2005-06-30": -47.038, "2005-03-31": "-24.96000"}, "Net Change In Intangible Assets": {"2020-12-31": 0, "2020-09-30": 0, "2020-06-30": 0, "2020-03-31": "", "2019-12-31": 0, "2019-09-30": 0, "2019-06-30": 0, "2019-03-31": "", "2018-12-31": 0, "2018-09-30": 0, "2018-06-30": 0, "2018-03-31": "", "2017-12-31": 0, "2017-09-30": 0, "2017-06-30": 0, "2017-03-31": "", "2016-12-31": -2986, "2016-09-30": 0, "2016-06-30": 0, "2016-03-31": "", "2015-12-31": 0, "2015-09-30": 0, "2015-06-30": 0, "2015-03-31": "", "2014-12-31": 0, "2014-09-30": 0, "2014-06-30": 0, "2014-03-31": "", "2013-12-31": 0, "2013-09-30": 0, "2013-06-30": 0, "2013-03-31": "", "2012-12-31": 0, "2012-09-30": 0, "2012-06-30": 0, "2012-03-31": "", "2011-12-31": 0, "2011-09-30": 0, "2011-06-30": 0, "2011-03-31": "", "2010-12-31": 0, "2010-09-30": 0, "2010-06-30": 0, "2010-03-31": "", "2009-12-31": 0, "2009-09-30": 0, "2009-06-30": 0, "2009-03-31": "", "2008-12-31": 0, "2008-09-30": 0, "2008-06-30": 0, "2008-03-31": "", "2007-12-31": 0, "2007-09-30": 0, "2007-06-30": 0, "2007-03-31": "", "2006-12-31": 0, "2006-09-30": 0, "2006-06-30": 0, "2006-03-31": "", "2005-12-31": 0, "2005-09-30": 0, "2005-06-30": 20.804, "2005-03-31": "-20.80400"}, "Net Acquisitions/Divestitures": {"2020-12-31": 1811, "2020-09-30": -1732, "2020-06-30": -17, "2020-03-31": "-62.00000", "2019-12-31": 6289, "2019-09-30": -33, "2019-06-30": 0, "2019-03-31": "", "2018-12-31": -296, "2018-09-30": 0, "2018-06-30": 0, "2018-03-31": "", "2017-12-31": 0, "2017-09-30": 0, "2017-06-30": 0, "2017-03-31": "", "2016-12-31": 63, "2016-09-30": 0, "2016-06-30": -789, "2016-03-31": "", "2015-12-31": -252, "2015-09-30": -435, "2015-06-30": -174, "2015-03-31": "1916.00000", "2014-12-31": 0, "2014-09-30": 0, "2014-06-30": 1035, "2014-03-31": "-10.00000", "2013-12-31": 522, "2013-09-30": 0, "2013-06-30": 0, "2013-03-31": "-6.00000", "2012-12-31": -17, "2012-09-30": 1247, "2012-06-30": -555, "2012-03-31": "", "2011-12-31": -86, "2011-09-30": 0, "2011-06-30": 0, "2011-03-31": "", "2010-12-31": -7, "2010-09-30": 0, "2010-06-30": 5, "2010-03-31": "-837.00000", "2009-12-31": 24, "2009-09-30": 5178, "2009-06-30": 17, "2009-03-31": "-717.00000", "2008-12-31": 470, "2008-09-30": -13, "2008-06-30": -107, "2008-03-31": "-39.00000", "2007-12-31": -164, "2007-09-30": -22, "2007-06-30": 32, "2007-03-31": "13.00000", "2006-12-31": -30, "2006-09-30": 51, "2006-06-30": 51, "2006-03-31": "-34.00000", "2005-12-31": 4.461, "2005-09-30": -1.41, "2005-06-30": -115.595, "2005-03-31": "-11.45600"}, "Net Change In Short-term Investments": {"2020-12-31": -117, "2020-09-30": 45, "2020-06-30": 451, "2020-03-31": "-379.00000", "2019-12-31": -29, "2019-09-30": 34, "2019-06-30": 104, "2019-03-31": "-109.00000", "2018-12-31": 0, "2018-09-30": 0, "2018-06-30": 0, "2018-03-31": "", "2017-12-31": 0, "2017-09-30": 0, "2017-06-30": 0, "2017-03-31": "", "2016-12-31": 0, "2016-09-30": 0, "2016-06-30": 0, "2016-03-31": "", "2015-12-31": 0, "2015-09-30": 0, "2015-06-30": 0, "2015-03-31": "", "2014-12-31": 0, "2014-09-30": 0, "2014-06-30": 0, "2014-03-31": "", "2013-12-31": 0, "2013-09-30": 0, "2013-06-30": 0, "2013-03-31": "", "2012-12-31": 0, "2012-09-30": 0, "2012-06-30": 0, "2012-03-31": "", "2011-12-31": 0, "2011-09-30": 0, "2011-06-30": 0, "2011-03-31": "", "2010-12-31": 0, "2010-09-30": 0, "2010-06-30": 0, "2010-03-31": "", "2009-12-31": 0, "2009-09-30": 0, "2009-06-30": 0, "2009-03-31": "", "2008-12-31": 0, "2008-09-30": 0, "2008-06-30": 0, "2008-03-31": "", "2007-12-31": 0, "2007-09-30": 0, "2007-06-30": 0, "2007-03-31": "", "2006-12-31": 0, "2006-09-30": 0, "2006-06-30": 0, "2006-03-31": "", "2005-12-31": 0, "2005-09-30": 0, "2005-06-30": 0, "2005-03-31": ""}, "Net Change In Long-Term Investments": {"2020-12-31": 7507, "2020-09-30": -8758, "2020-06-30": 1912, "2020-03-31": "-661.00000", "2019-12-31": 9698, "2019-09-30": -9441, "2019-06-30": 1514, "2019-03-31": "-341.00000", "2018-12-31": 275, "2018-09-30": 82, "2018-06-30": 1603, "2018-03-31": "-222.00000", "2017-12-31": -1156, "2017-09-30": -1327, "2017-06-30": -284, "2017-03-31": "-1281.00000", "2016-12-31": 2814, "2016-09-30": -325, "2016-06-30": 2110, "2016-03-31": "-2234.00000", "2015-12-31": -634, "2015-09-30": -228, "2015-06-30": 1593, "2015-03-31": "-829.00000", "2014-12-31": 862, "2014-09-30": -595, "2014-06-30": 79, "2014-03-31": "-971.00000", "2013-12-31": -4038, "2013-09-30": 1669, "2013-06-30": -1536, "2013-03-31": "1329.00000", "2012-12-31": -2998, "2012-09-30": 2098, "2012-06-30": 344, "2012-03-31": "-1290.00000", "2011-12-31": -3797, "2011-09-30": -4199, "2011-06-30": -1458, "2011-03-31": "-2945.00000", "2010-12-31": 770, "2010-09-30": -497, "2010-06-30": 9594, "2010-03-31": "918.00000", "2009-12-31": -140, "2009-09-30": 1437, "2009-06-30": -12204, "2009-03-31": "13975.00000", "2008-12-31": -11972, "2008-09-30": 1906, "2008-06-30": 401, "2008-03-31": "-986.00000", "2007-12-31": 864, "2007-09-30": -480, "2007-06-30": -1183, "2007-03-31": "-84.00000", "2006-12-31": 84, "2006-09-30": -156, "2006-06-30": -790, "2006-03-31": "186.00000", "2005-12-31": 121.431, "2005-09-30": 48.965, "2005-06-30": -317.193, "2005-03-31": "-1026.20300"}, "Net Change In Investments - Total": {"2020-12-31": 7390, "2020-09-30": -8713, "2020-06-30": 2363, "2020-03-31": "-1040.00000", "2019-12-31": 9669, "2019-09-30": -9407, "2019-06-30": 1618, "2019-03-31": "-450.00000", "2018-12-31": 275, "2018-09-30": 82, "2018-06-30": 1603, "2018-03-31": "-222.00000", "2017-12-31": -1156, "2017-09-30": -1327, "2017-06-30": -284, "2017-03-31": "-1281.00000", "2016-12-31": 2814, "2016-09-30": -325, "2016-06-30": 2110, "2016-03-31": "-2234.00000", "2015-12-31": -634, "2015-09-30": -228, "2015-06-30": 1593, "2015-03-31": "-829.00000", "2014-12-31": 862, "2014-09-30": -595, "2014-06-30": 79, "2014-03-31": "-971.00000", "2013-12-31": -4038, "2013-09-30": 1669, "2013-06-30": -1536, "2013-03-31": "1329.00000", "2012-12-31": -2998, "2012-09-30": 2098, "2012-06-30": 344, "2012-03-31": "-1290.00000", "2011-12-31": -3797, "2011-09-30": -4199, "2011-06-30": -1458, "2011-03-31": "-2945.00000", "2010-12-31": 770, "2010-09-30": -497, "2010-06-30": 9594, "2010-03-31": "918.00000", "2009-12-31": -140, "2009-09-30": 1437, "2009-06-30": -12204, "2009-03-31": "13975.00000", "2008-12-31": -11972, "2008-09-30": 1906, "2008-06-30": 401, "2008-03-31": "-986.00000", "2007-12-31": 864, "2007-09-30": -480, "2007-06-30": -1183, "2007-03-31": "-84.00000", "2006-12-31": 84, "2006-09-30": -156, "2006-06-30": -790, "2006-03-31": "186.00000", "2005-12-31": 121.431, "2005-09-30": 48.965, "2005-06-30": -317.193, "2005-03-31": "-1026.20300"}, "Investing Activities - Other": {"2020-12-31": 4170, "2020-09-30": 8457, "2020-06-30": 5322, "2020-03-31": "-17949.00000", "2019-12-31": 1645, "2019-09-30": 2933, "2019-06-30": -3814, "2019-03-31": "-102.00000", "2018-12-31": -2209, "2018-09-30": -1252, "2018-06-30": -3369, "2018-03-31": "425.00000", "2017-12-31": -1052, "2017-09-30": 751, "2017-06-30": -1595, "2017-03-31": "534.00000", "2016-12-31": 1840, "2016-09-30": -328, "2016-06-30": -1594, "2016-03-31": "453.00000", "2015-12-31": -501, "2015-09-30": -630, "2015-06-30": -1381, "2015-03-31": "-294.00000", "2014-12-31": -1389, "2014-09-30": 649, "2014-06-30": -2991, "2014-03-31": "-684.00000", "2013-12-31": -676, "2013-09-30": 105, "2013-06-30": -1818, "2013-03-31": "240.00000", "2012-12-31": -198, "2012-09-30": -2021, "2012-06-30": -2713, "2012-03-31": "-944.00000", "2011-12-31": -3462, "2011-09-30": -1628, "2011-06-30": -1150, "2011-03-31": "718.00000", "2010-12-31": -2743, "2010-09-30": -1350, "2010-06-30": -1048, "2010-03-31": "635.00000", "2009-12-31": -287, "2009-09-30": 88, "2009-06-30": -641, "2009-03-31": "677.00000", "2008-12-31": -2605, "2008-09-30": -1483, "2008-06-30": -2283, "2008-03-31": "-1393.00000", "2007-12-31": -2004, "2007-09-30": -1526, "2007-06-30": -1783, "2007-03-31": "-869.00000", "2006-12-31": -1688, "2006-09-30": -1399, "2006-06-30": -2058, "2006-03-31": "-1338.00000", "2005-12-31": -1667.313, "2005-09-30": -2006.091, "2005-06-30": -2347.54, "2005-03-31": "-1257.05600"}, "Cash Flow From Investing Activities": {"2020-12-31": 14087, "2020-09-30": -2118, "2020-06-30": 7546, "2020-03-31": "-19515.00000", "2019-12-31": 17719, "2019-09-30": -6559, "2019-06-30": -2226, "2019-03-31": "-586.00000", "2018-12-31": -2230, "2018-09-30": -1170, "2018-06-30": -1766, "2018-03-31": "203.00000", "2017-12-31": -2208, "2017-09-30": -576, "2017-06-30": -1879, "2017-03-31": "-747.00000", "2016-12-31": 1731, "2016-09-30": -653, "2016-06-30": -273, "2016-03-31": "-1781.00000", "2015-12-31": -1387, "2015-09-30": -1293, "2015-06-30": 38, "2015-03-31": "793.00000", "2014-12-31": -527, "2014-09-30": 54, "2014-06-30": -1877, "2014-03-31": "-1665.00000", "2013-12-31": -4192, "2013-09-30": 1774, "2013-06-30": -3354, "2013-03-31": "1563.00000", "2012-12-31": -3773, "2012-09-30": 1945, "2012-06-30": -2964, "2012-03-31": "-2255.00000", "2011-12-31": -7169, "2011-09-30": -5899, "2011-06-30": -2664, "2011-03-31": "-2275.00000", "2010-12-31": -1071, "2010-09-30": -1891, "2010-06-30": 8488, "2010-03-31": "453.00000", "2009-12-31": -449, "2009-09-30": 6657, "2009-06-30": -12869, "2009-03-31": "13894.00000", "2008-12-31": -14178, "2008-09-30": 367, "2008-06-30": -2041, "2008-03-31": "-2471.00000", "2007-12-31": -1391, "2007-09-30": -2086, "2007-06-30": -2990, "2007-03-31": "-995.00000", "2006-12-31": -1696, "2006-09-30": -1572, "2006-06-30": -2859, "2006-03-31": "-1160.00000", "2005-12-31": -1593.958, "2005-09-30": -2001.001, "2005-06-30": -2806.562, "2005-03-31": "-2340.47900"}, "Net Long-Term Debt": {"2020-12-31": 1097, "2020-09-30": -981, "2020-06-30": -23622, "2020-03-31": "23506.00000", "2019-12-31": -3575, "2019-09-30": 2757, "2019-06-30": -2275, "2019-03-31": "912.00000", "2018-12-31": 311, "2018-09-30": -786, "2018-06-30": 745, "2018-03-31": "-34.00000", "2017-12-31": 2914, "2017-09-30": -863, "2017-06-30": 77, "2017-03-31": "-698.00000", "2016-12-31": -426, "2016-09-30": -1565, "2016-06-30": 1157, "2016-03-31": "-1137.00000", "2015-12-31": -969, "2015-09-30": 1057, "2015-06-30": -247, "2015-03-31": "-2.00000", "2014-12-31": 855, "2014-09-30": 376, "2014-06-30": -1517, "2014-03-31": "1884.00000", "2013-12-31": 1166, "2013-09-30": 997, "2013-06-30": 1123, "2013-03-31": "-756.00000", "2012-12-31": -75, "2012-09-30": -3585, "2012-06-30": -174, "2012-03-31": "1049.00000", "2011-12-31": -317, "2011-09-30": -1470, "2011-06-30": 735, "2011-03-31": "872.00000", "2010-12-31": -253, "2010-09-30": -58, "2010-06-30": 476, "2010-03-31": "-1.00000", "2009-12-31": 189, "2009-09-30": -533, "2009-06-30": 376, "2009-03-31": "-23.00000", "2008-12-31": -3990, "2008-09-30": 713, "2008-06-30": -771, "2008-03-31": "2617.00000", "2007-12-31": -576, "2007-09-30": 479, "2007-06-30": -1780, "2007-03-31": "3999.00000", "2006-12-31": -288, "2006-09-30": 732, "2006-06-30": 2051, "2006-03-31": "-117.00000", "2005-12-31": 748.337, "2005-09-30": 511.624, "2005-06-30": 664.504, "2005-03-31": "-252.46500"}, "Net Current Debt": {"2020-12-31": 11972, "2020-09-30": 544, "2020-06-30": -6994, "2020-03-31": "-5522.00000", "2019-12-31": 976, "2019-09-30": 151, "2019-06-30": 4039, "2019-03-31": "1127.00000", "2018-12-31": -4474, "2018-09-30": 6076, "2018-06-30": -745, "2018-03-31": "-617.00000", "2017-12-31": -2978, "2017-09-30": 1774, "2017-06-30": 4123, "2017-03-31": "613.00000", "2016-12-31": -2658, "2016-09-30": 2592, "2016-06-30": -4052, "2016-03-31": "537.00000", "2015-12-31": 1012, "2015-09-30": -2137, "2015-06-30": 730, "2015-03-31": "-587.00000", "2014-12-31": 332, "2014-09-30": -594, "2014-06-30": 694, "2014-03-31": "-853.00000", "2013-12-31": -675, "2013-09-30": 1621, "2013-06-30": -47, "2013-03-31": "375.00000", "2012-12-31": -229, "2012-09-30": -103, "2012-06-30": -240, "2012-03-31": "-130.00000", "2011-12-31": -387, "2011-09-30": -889, "2011-06-30": -344, "2011-03-31": "-487.00000", "2010-12-31": -147, "2010-09-30": -260, "2010-06-30": -940, "2010-03-31": "-1087.00000", "2009-12-31": -250, "2009-09-30": -4349, "2009-06-30": -1090, "2009-03-31": "2933.00000", "2008-12-31": 710, "2008-09-30": -729, "2008-06-30": 1194, "2008-03-31": "-1024.00000", "2007-12-31": 15, "2007-09-30": 1297, "2007-06-30": 2378, "2007-03-31": "-2686.00000", "2006-12-31": 853, "2006-09-30": 377, "2006-06-30": 260, "2006-03-31": "-204.00000", "2005-12-31": 28.417, "2005-09-30": -604.307, "2005-06-30": -2014.337, "2005-03-31": "2464.22700"}, "Debt Issuance/Retirement Net - Total": {"2020-12-31": 13069, "2020-09-30": -437, "2020-06-30": -30616, "2020-03-31": "17984.00000", "2019-12-31": -2599, "2019-09-30": 2908, "2019-06-30": 1764, "2019-03-31": "2039.00000", "2018-12-31": -4163, "2018-09-30": 5290, "2018-06-30": 0, "2018-03-31": "-651.00000", "2017-12-31": -64, "2017-09-30": 911, "2017-06-30": 4200, "2017-03-31": "-85.00000", "2016-12-31": -3084, "2016-09-30": 1027, "2016-06-30": -2895, "2016-03-31": "-600.00000", "2015-12-31": 43, "2015-09-30": -1080, "2015-06-30": 483, "2015-03-31": "-589.00000", "2014-12-31": 1187, "2014-09-30": -218, "2014-06-30": -823, "2014-03-31": "1031.00000", "2013-12-31": 491, "2013-09-30": 2618, "2013-06-30": 1076, "2013-03-31": "-381.00000", "2012-12-31": -304, "2012-09-30": -3688, "2012-06-30": -414, "2012-03-31": "919.00000", "2011-12-31": -704, "2011-09-30": -2359, "2011-06-30": 391, "2011-03-31": "385.00000", "2010-12-31": -400, "2010-09-30": -318, "2010-06-30": -464, "2010-03-31": "-1088.00000", "2009-12-31": -61, "2009-09-30": -4882, "2009-06-30": -714, "2009-03-31": "2910.00000", "2008-12-31": -3280, "2008-09-30": -16, "2008-06-30": 423, "2008-03-31": "1593.00000", "2007-12-31": -561, "2007-09-30": 1776, "2007-06-30": 598, "2007-03-31": "1313.00000", "2006-12-31": 565, "2006-09-30": 1109, "2006-06-30": 2311, "2006-03-31": "-321.00000", "2005-12-31": 776.754, "2005-09-30": -92.683, "2005-06-30": -1349.833, "2005-03-31": "2211.76200"}, "Net Common Equity Issued/Repurchased": {"2020-12-31": 0, "2020-09-30": 0, "2020-06-30": 0, "2020-03-31": "", "2019-12-31": 0, "2019-09-30": 0, "2019-06-30": 0, "2019-03-31": "", "2018-12-31": -375, "2018-09-30": -200, "2018-06-30": -310, "2018-03-31": "-320.00000", "2017-12-31": -373, "2017-09-30": -920, "2017-06-30": -246, "2017-03-31": "-74.00000", "2016-12-31": -376, "2016-09-30": -135, "2016-06-30": 9, "2016-03-31": "-18.00000", "2015-12-31": 9, "2015-09-30": 59, "2015-06-30": 0, "2015-03-31": "", "2014-12-31": 298, "2014-09-30": 0, "2014-06-30": -245, "2014-03-31": "245.00000", "2013-12-31": 0, "2013-09-30": 0, "2013-06-30": 15, "2013-03-31": "-15.00000", "2012-12-31": 0, "2012-09-30": 0, "2012-06-30": 9, "2012-03-31": "-9.00000", "2011-12-31": -22, "2011-09-30": 5, "2011-06-30": 13, "2011-03-31": "4.00000", "2010-12-31": 18, "2010-09-30": 16, "2010-06-30": 25, "2010-03-31": "51.00000", "2009-12-31": 19, "2009-09-30": 985, "2009-06-30": 1701, "2009-03-31": "22.00000", "2008-12-31": 32, "2008-09-30": 102, "2008-06-30": 1, "2008-03-31": "25.00000", "2007-12-31": -125, "2007-09-30": -111, "2007-06-30": 21, "2007-03-31": "25.00000", "2006-12-31": 13, "2006-09-30": 13, "2006-06-30": -553, "2006-03-31": "-318.00000", "2005-12-31": -246.082, "2005-09-30": 23.33, "2005-06-30": -78.867, "2005-03-31": "-104.38100"}, "Net Total Equity Issued/Repurchased": {"2020-12-31": -2949, "2020-09-30": 908, "2020-06-30": 2544, "2020-03-31": "-503.00000", "2019-12-31": 0, "2019-09-30": -42, "2019-06-30": 0, "2019-03-31": "", "2018-12-31": -375, "2018-09-30": -200, "2018-06-30": -310, "2018-03-31": "-320.00000", "2017-12-31": -373, "2017-09-30": -920, "2017-06-30": -246, "2017-03-31": "-74.00000", "2016-12-31": -376, "2016-09-30": -135, "2016-06-30": 8, "2016-03-31": "433.00000", "2015-12-31": 9, "2015-09-30": 59, "2015-06-30": 0, "2015-03-31": "", "2014-12-31": 298, "2014-09-30": 0, "2014-06-30": -245, "2014-03-31": "245.00000", "2013-12-31": 0, "2013-09-30": 0, "2013-06-30": 502, "2013-03-31": "-15.00000", "2012-12-31": 437, "2012-09-30": 1120, "2012-06-30": 568, "2012-03-31": "-9.00000", "2011-12-31": -22, "2011-09-30": 5, "2011-06-30": 13, "2011-03-31": "4.00000", "2010-12-31": 18, "2010-09-30": 16, "2010-06-30": 25, "2010-03-31": "51.00000", "2009-12-31": 19, "2009-09-30": 918, "2009-06-30": -1433, "2009-03-31": "22.00000", "2008-12-31": 3166, "2008-09-30": 102, "2008-06-30": 1, "2008-03-31": "25.00000", "2007-12-31": -125, "2007-09-30": -111, "2007-06-30": 21, "2007-03-31": "25.00000", "2006-12-31": 13, "2006-09-30": 13, "2006-06-30": -553, "2006-03-31": "-318.00000", "2005-12-31": -246.082, "2005-09-30": 23.33, "2005-06-30": -78.867, "2005-03-31": "-104.38100"}, "Total Common And Preferred Stock Dividends Paid": {"2020-12-31": 2017, "2020-09-30": -680, "2020-06-30": -658, "2020-03-31": "-679.00000", "2019-12-31": -364, "2019-09-30": -389, "2019-06-30": -354, "2019-03-31": "-352.00000", "2018-12-31": -353, "2018-09-30": -356, "2018-06-30": -334, "2018-03-31": "-335.00000", "2017-12-31": -302, "2017-09-30": -305, "2017-06-30": -286, "2017-03-31": "-286.00000", "2016-12-31": -287, "2016-09-30": -286, "2016-06-30": -271, "2016-03-31": "-248.00000", "2015-12-31": -247, "2015-09-30": -248, "2015-06-30": -232, "2015-03-31": "-210.00000", "2014-12-31": -210, "2014-09-30": -209, "2014-06-30": -202, "2014-03-31": "-193.00000", "2013-12-31": -192, "2013-09-30": -192, "2013-06-30": -197, "2013-03-31": "-331.00000", "2012-12-31": -165, "2012-09-30": -148, "2012-06-30": -139, "2012-03-31": "-112.00000", "2011-12-31": -112, "2011-09-30": -111, "2011-06-30": -119, "2011-03-31": "-104.00000", "2010-12-31": -104, "2010-09-30": -104, "2010-06-30": -104, "2010-03-31": "-103.00000", "2009-12-31": -103, "2009-09-30": -98, "2009-06-30": -316, "2009-03-31": "-303.00000", "2008-12-31": -259, "2008-09-30": -257, "2008-06-30": -252, "2008-03-31": "-251.00000", "2007-12-31": -253, "2007-09-30": -254, "2007-06-30": -227, "2007-03-31": "-228.00000", "2006-12-31": -227, "2006-09-30": -226, "2006-06-30": -203, "2006-03-31": "-207.00000", "2005-12-31": -208.346, "2005-09-30": -207.909, "2005-06-30": -192.049, "2005-03-31": "-192.69600"}, "Financial Activities - Other": {"2020-12-31": -39238, "2020-09-30": -2187, "2020-06-30": 26057, "2020-03-31": "15368.00000", "2019-12-31": 1849, "2019-09-30": 2658, "2019-06-30": -285, "2019-03-31": "-1480.00000", "2018-12-31": 6568, "2018-09-30": -5015, "2018-06-30": 1233, "2018-03-31": "823.00000", "2017-12-31": 1244, "2017-09-30": -882, "2017-06-30": -4171, "2017-03-31": "1090.00000", "2016-12-31": 534, "2016-09-30": 630, "2016-06-30": 2275, "2016-03-31": "1393.00000", "2015-12-31": 1284, "2015-09-30": 841, "2015-06-30": -282, "2015-03-31": "273.00000", "2014-12-31": -2146, "2014-09-30": -685, "2014-06-30": 3130, "2014-03-31": "5.00000", "2013-12-31": 31, "2013-09-30": -3552, "2013-06-30": -93, "2013-03-31": "-1738.00000", "2012-12-31": 3065, "2012-09-30": 492, "2012-06-30": 1882, "2012-03-31": "-708.00000", "2011-12-31": 7549, "2011-09-30": 9487, "2011-06-30": 1143, "2011-03-31": "-226.00000", "2010-12-31": 934, "2010-09-30": 1971, "2010-06-30": -9110, "2010-03-31": "-361.00000", "2009-12-31": 478, "2009-09-30": -6908, "2009-06-30": 11632, "2009-03-31": "-7992.00000", "2008-12-31": 9980, "2008-09-30": 174, "2008-06-30": 730, "2008-03-31": "714.00000", "2007-12-31": 1525, "2007-09-30": 1106, "2007-06-30": 3269, "2007-03-31": "-1119.00000", "2006-12-31": 905, "2006-09-30": 1002, "2006-06-30": 1285, "2006-03-31": "1287.00000", "2005-12-31": 1102.597, "2005-09-30": 1351.113, "2005-06-30": 4995.219, "2005-03-31": "-860.92900"}, "Cash Flow From Financial Activities": {"2020-12-31": -27101, "2020-09-30": -2396, "2020-06-30": -2673, "2020-03-31": "32170.00000", "2019-12-31": -1114, "2019-09-30": 5135, "2019-06-30": 1125, "2019-03-31": "207.00000", "2018-12-31": 1677, "2018-09-30": -281, "2018-06-30": 589, "2018-03-31": "-483.00000", "2017-12-31": 505, "2017-09-30": -1196, "2017-06-30": -503, "2017-03-31": "645.00000", "2016-12-31": -3213, "2016-09-30": 1236, "2016-06-30": -883, "2016-03-31": "978.00000", "2015-12-31": 1089, "2015-09-30": -428, "2015-06-30": -31, "2015-03-31": "-526.00000", "2014-12-31": -871, "2014-09-30": -1112, "2014-06-30": 1860, "2014-03-31": "1088.00000", "2013-12-31": 330, "2013-09-30": -1126, "2013-06-30": 1288, "2013-03-31": "-2465.00000", "2012-12-31": 3033, "2012-09-30": -2224, "2012-06-30": 1897, "2012-03-31": "90.00000", "2011-12-31": 6711, "2011-09-30": 7022, "2011-06-30": 1428, "2011-03-31": "59.00000", "2010-12-31": 448, "2010-09-30": 1565, "2010-06-30": -9653, "2010-03-31": "-1501.00000", "2009-12-31": 333, "2009-09-30": -10970, "2009-06-30": 9169, "2009-03-31": "-5363.00000", "2008-12-31": 9607, "2008-09-30": 3, "2008-06-30": 902, "2008-03-31": "2081.00000", "2007-12-31": 586, "2007-09-30": 2517, "2007-06-30": 3661, "2007-03-31": "-9.00000", "2006-12-31": 1256, "2006-09-30": 1898, "2006-06-30": 2840, "2006-03-31": "441.00000", "2005-12-31": 1424.923, "2005-09-30": 1073.851, "2005-06-30": 3374.47, "2005-03-31": "1053.75600"}, "Net Cash Flow": {"2020-12-31": -18043, "2020-09-30": -4089, "2020-06-30": 4849, "2020-03-31": "17283.00000", "2019-12-31": 16161, "2019-09-30": 351, "2019-06-30": -167, "2019-03-31": "-1124.00000", "2018-12-31": 818, "2018-09-30": 100, "2018-06-30": -58, "2018-03-31": "28.00000", "2017-12-31": -27, "2017-09-30": -301, "2017-06-30": -1052, "2017-03-31": "56.00000", "2016-12-31": 996, "2016-09-30": 359, "2016-06-30": -165, "2016-03-31": "-933.00000", "2015-12-31": 931, "2015-09-30": 159, "2015-06-30": 622, "2015-03-31": "-326.00000", "2014-12-31": 308, "2014-09-30": -431, "2014-06-30": 228, "2014-03-31": "55.00000", "2013-12-31": -304, "2013-09-30": 90, "2013-06-30": -189, "2013-03-31": "-471.00000", "2012-12-31": 304, "2012-09-30": -228, "2012-06-30": -321, "2012-03-31": "-292.00000", "2011-12-31": -530, "2011-09-30": 1618, "2011-06-30": 586, "2011-03-31": "-185.00000", "2010-12-31": -69, "2010-09-30": -55, "2010-06-30": 271, "2010-03-31": "-411.00000", "2009-12-31": 258, "2009-09-30": 157, "2009-06-30": 234, "2009-03-31": "-740.00000", "2008-12-31": 348, "2008-09-30": -251, "2008-06-30": 62, "2008-03-31": "-536.00000", "2007-12-31": 649, "2007-09-30": -247, "2007-06-30": 321, "2007-03-31": "-318.00000", "2006-12-31": -35, "2006-09-30": -270, "2006-06-30": 375, "2006-03-31": "-155.00000", "2005-12-31": 299.39, "2005-09-30": -176.424, "2005-06-30": 467.753, "2005-03-31": "-697.71900"}, "Stock-Based Compensation": {"2020-12-31": -280, "2020-09-30": 104, "2020-06-30": 97, "2020-03-31": "79.00000", "2019-12-31": 46, "2019-09-30": 39, "2019-06-30": 48, "2019-03-31": "32.00000", "2018-12-31": 28, "2018-09-30": 37, "2018-06-30": 45, "2018-03-31": "31.00000", "2017-12-31": 23, "2017-09-30": 35, "2017-06-30": 44, "2017-03-31": "30.00000", "2016-12-31": 19, "2016-09-30": 31, "2016-06-30": 38, "2016-03-31": "27.00000", "2015-12-31": 18, "2015-09-30": 30, "2015-06-30": 35, "2015-03-31": "23.00000", "2014-12-31": 18, "2014-09-30": 28, "2014-06-30": 36, "2014-03-31": "20.00000", "2013-12-31": 11, "2013-09-30": 25, "2013-06-30": 35, "2013-03-31": "25.00000", "2012-12-31": 18, "2012-09-30": 28, "2012-06-30": 26, "2012-03-31": "25.00000", "2011-12-31": 25, "2011-09-30": 24, "2011-06-30": 25, "2011-03-31": "24.00000", "2010-12-31": 21, "2010-09-30": 21, "2010-06-30": 21, "2010-03-31": "16.00000", "2009-12-31": 12, "2009-09-30": 14, "2009-06-30": 17, "2009-03-31": "19.00000", "2008-12-31": 14, "2008-09-30": 23, "2008-06-30": 22, "2008-03-31": "16.00000", "2007-12-31": 14, "2007-09-30": 14, "2007-06-30": 14, "2007-03-31": "28.00000", "2006-12-31": 11, "2006-09-30": 10, "2006-06-30": 10, "2006-03-31": "27.00000", "2005-12-31": -0.222, "2005-09-30": 0.131, "2005-06-30": 0.046, "2005-03-31": "0.04500"}, "Common Stock Dividends Paid": {"2020-12-31": 1817, "2020-09-30": -607, "2020-06-30": -605, "2020-03-31": "-605.00000", "2019-12-31": -345, "2019-09-30": -345, "2019-06-30": -310, "2019-03-31": "-309.00000", "2018-12-31": -309, "2018-09-30": -313, "2018-06-30": -290, "2018-03-31": "-292.00000", "2017-12-31": -258, "2017-09-30": -262, "2017-06-30": -242, "2017-03-31": "-243.00000", "2016-12-31": -243, "2016-09-30": -243, "2016-06-30": -228, "2016-03-31": "-211.00000", "2015-12-31": -210, "2015-09-30": -211, "2015-06-30": -195, "2015-03-31": "-173.00000", "2014-12-31": -173, "2014-09-30": -172, "2014-06-30": -165, "2014-03-31": "-156.00000", "2013-12-31": -155, "2013-09-30": -155, "2013-06-30": -154, "2013-03-31": "-301.00000", "2012-12-31": -140, "2012-09-30": -140, "2012-06-30": -139, "2012-03-31": "-112.00000", "2011-12-31": -112, "2011-09-30": -111, "2011-06-30": -119, "2011-03-31": "-104.00000", "2010-12-31": -104, "2010-09-30": -104, "2010-06-30": -104, "2010-03-31": "-103.00000", "2009-12-31": -103, "2009-09-30": -98, "2009-06-30": -263, "2009-03-31": "-263.00000", "2008-12-31": -259, "2008-09-30": -257, "2008-06-30": -252, "2008-03-31": "-251.00000", "2007-12-31": -253, "2007-09-30": -254, "2007-06-30": -227, "2007-03-31": "-228.00000", "2006-12-31": -227, "2006-09-30": -226, "2006-06-30": -203, "2006-03-31": "-207.00000", "2005-12-31": -208.346, "2005-09-30": -207.909, "2005-06-30": -192.049, "2005-03-31": "-192.69600"}}, "financial ratios": {"Current Ratio": {"2019-12-31": "", "2018-12-31": "", "2017-12-31": "", "2016-12-31": "", "2015-12-31": "", "2014-12-31": "", "2013-12-31": "", "2012-12-31": "", "2011-12-31": "", "2010-12-31": "", "2009-12-31": "", "2008-12-31": "", "2007-12-31": "", "2006-12-31": "", "2005-12-31": ""}, "Long-term Debt / Capital": {"2019-12-31": "0.38310", "2018-12-31": "0.44000", "2017-12-31": "0.44330", "2016-12-31": "0.42330", "2015-12-31": "0.46510", "2014-12-31": "0.48880", "2013-12-31": "0.48510", "2012-12-31": "0.47390", "2011-12-31": "0.55500", "2010-12-31": "0.56840", "2009-12-31": "0.56830", "2008-12-31": "0.52860", "2007-12-31": "0.59670", "2006-12-31": "0.57520", "2005-12-31": "0.54100"}, "Debt/Equity Ratio": {"2019-12-31": "0.89480", "2018-12-31": "0.95720", "2017-12-31": "0.96270", "2016-12-31": "0.78100", "2015-12-31": "1.00080", "2014-12-31": "1.10880", "2013-12-31": "1.12370", "2012-12-31": "1.03560", "2011-12-31": "1.45130", "2010-12-31": "1.66100", "2009-12-31": "1.81530", "2008-12-31": "1.79220", "2007-12-31": "2.32160", "2006-12-31": "2.04270", "2005-12-31": "1.76840"}, "Gross Margin": {"2019-12-31": "", "2018-12-31": "", "2017-12-31": "", "2016-12-31": "", "2015-12-31": "", "2014-12-31": "", "2013-12-31": "", "2012-12-31": "", "2011-12-31": "", "2010-12-31": "", "2009-12-31": "", "2008-12-31": "", "2007-12-31": "", "2006-12-31": "", "2005-12-31": ""}, "Operating Margin": {"2019-12-31": "", "2018-12-31": "", "2017-12-31": "", "2016-12-31": "", "2015-12-31": "", "2014-12-31": "", "2013-12-31": "", "2012-12-31": "", "2011-12-31": "", "2010-12-31": "", "2009-12-31": "", "2008-12-31": "", "2007-12-31": "", "2006-12-31": "", "2005-12-31": ""}, "EBIT Margin": {"2019-12-31": "", "2018-12-31": "", "2017-12-31": "", "2016-12-31": "", "2015-12-31": "", "2014-12-31": "", "2013-12-31": "", "2012-12-31": "", "2011-12-31": "", "2010-12-31": "", "2009-12-31": "", "2008-12-31": "", "2007-12-31": "", "2006-12-31": "", "2005-12-31": ""}, "EBITDA Margin": {"2019-12-31": "", "2018-12-31": "", "2017-12-31": "", "2016-12-31": "", "2015-12-31": "", "2014-12-31": "", "2013-12-31": "", "2012-12-31": "", "2011-12-31": "", "2010-12-31": "", "2009-12-31": "", "2008-12-31": "", "2007-12-31": "", "2006-12-31": "", "2005-12-31": ""}, "Pre-Tax Profit Margin": {"2019-12-31": "33.62340", "2018-12-31": "36.93600", "2017-12-31": "30.88210", "2016-12-31": "34.24320", "2015-12-31": "31.76520", "2014-12-31": "34.82570", "2013-12-31": "36.23620", "2012-12-31": "32.38980", "2011-12-31": "21.91120", "2010-12-31": "14.59560", "2009-12-31": "17.36220", "2008-12-31": "34.70790", "2007-12-31": "41.60490", "2006-12-31": "41.29240", "2005-12-31": "43.78770"}, "Net Profit Margin": {"2019-12-31": "25.33260", "2018-12-31": "27.86570", "2017-12-31": "20.61280", "2016-12-31": "22.10160", "2015-12-31": "21.08240", "2014-12-31": "22.08490", "2013-12-31": "17.25170", "2012-12-31": "22.22740", "2011-12-31": "17.34860", "2010-12-31": "12.29100", "2009-12-31": "12.21720", "2008-12-31": "25.00840", "2007-12-31": "27.94070", "2006-12-31": "25.51340", "2005-12-31": "29.35750"}, "Asset Turnover": {"2019-12-31": "0.02530", "2018-12-31": "0.04870", "2017-12-31": "0.04860", "2016-12-31": "0.04660", "2015-12-31": "0.04370", "2014-12-31": "0.04810", "2013-12-31": "0.04950", "2012-12-31": "0.04670", "2011-12-31": "0.04260", "2010-12-31": "0.04230", "2009-12-31": "0.03600", "2008-12-31": "0.03940", "2007-12-31": "0.04680", "2006-12-31": "0.04940", "2005-12-31": "0.05160"}, "Inventory Turnover Ratio": {"2019-12-31": "", "2018-12-31": "", "2017-12-31": "", "2016-12-31": "", "2015-12-31": "", "2014-12-31": "", "2013-12-31": "", "2012-12-31": "", "2011-12-31": "", "2010-12-31": "", "2009-12-31": "", "2008-12-31": "", "2007-12-31": "", "2006-12-31": "", "2005-12-31": ""}, "Receiveable Turnover": {"2019-12-31": "", "2018-12-31": "", "2017-12-31": "", "2016-12-31": "", "2015-12-31": "", "2014-12-31": "", "2013-12-31": "", "2012-12-31": "", "2011-12-31": "", "2010-12-31": "", "2009-12-31": "", "2008-12-31": "", "2007-12-31": "", "2006-12-31": "", "2005-12-31": ""}, "Days Sales In Receivables": {"2019-12-31": "", "2018-12-31": "", "2017-12-31": "", "2016-12-31": "", "2015-12-31": "", "2014-12-31": "", "2013-12-31": "", "2012-12-31": "", "2011-12-31": "", "2010-12-31": "", "2009-12-31": "", "2008-12-31": "", "2007-12-31": "", "2006-12-31": "", "2005-12-31": ""}, "ROE - Return On Equity": {"2019-12-31": "5.26720", "2018-12-31": "12.00740", "2017-12-31": "9.06460", "2016-12-31": "9.08720", "2015-12-31": "8.58230", "2014-12-31": "10.13140", "2013-12-31": "8.56180", "2012-12-31": "10.61390", "2011-12-31": "7.62010", "2010-12-31": "5.17640", "2009-12-31": "5.39990", "2008-12-31": "11.76240", "2007-12-31": "13.82200", "2006-12-31": "13.00980", "2005-12-31": "14.86210"}, "Return On Tangible Equity": {"2019-12-31": "8.83650", "2018-12-31": "17.62450", "2017-12-31": "13.18950", "2016-12-31": "13.28470", "2015-12-31": "12.32440", "2014-12-31": "13.65180", "2013-12-31": "12.03140", "2012-12-31": "15.45850", "2011-12-31": "12.81390", "2010-12-31": "9.33130", "2009-12-31": "10.06200", "2008-12-31": "15.78570", "2007-12-31": "26.95690", "2006-12-31": "25.55180", "2005-12-31": "27.77960"}, "ROA - Return On Assets": {"2019-12-31": "0.68420", "2018-12-31": "1.44310", "2017-12-31": "1.08960", "2016-12-31": "1.11370", "2015-12-31": "1.01120", "2014-12-31": "1.18070", "2013-12-31": "0.94530", "2012-12-31": "1.09920", "2011-12-31": "0.76300", "2010-12-31": "0.54370", "2009-12-31": "0.52910", "2008-12-31": "1.00580", "2007-12-31": "1.31660", "2006-12-31": "1.25920", "2005-12-31": "1.51510"}, "ROI - Return On Investment": {"2019-12-31": "3.00010", "2018-12-31": "6.04410", "2017-12-31": "4.52730", "2016-12-31": "4.70600", "2015-12-31": "4.15390", "2014-12-31": "4.62580", "2013-12-31": "3.90500", "2012-12-31": "5.02760", "2011-12-31": "3.39080", "2010-12-31": "2.23400", "2009-12-31": "2.33140", "2008-12-31": "4.48220", "2007-12-31": "5.57380", "2006-12-31": "5.52640", "2005-12-31": "6.82120"}, "Book Value Per Share": {"2019-12-31": "49.59000", "2018-12-31": "39.53490", "2017-12-31": "37.97290", "2016-12-31": "36.96960", "2015-12-31": "35.03610", "2014-12-31": "33.82420", "2013-12-31": "32.27900", "2012-12-31": "30.33040", "2011-12-31": "25.07380", "2010-12-31": "23.75930", "2009-12-31": "23.54620", "2008-12-31": "28.75470", "2007-12-31": "23.13740", "2006-12-31": "21.69080", "2005-12-31": "20.49160"}, "Operating Cash Flow Per Share": {"2019-12-31": -3.6862, "2018-12-31": -0.1645, "2017-12-31": 1.8928, "2016-12-31": -0.3094, "2015-12-31": -0.2752, "2014-12-31": -3.0233, "2013-12-31": 2.1911, "2012-12-31": -0.8245, "2011-12-31": 1.9299, "2010-12-31": 4.9095, "2009-12-31": -10.4643, "2008-12-31": 7.6733, "2007-12-31": 0.6052, "2006-12-31": -1.6875, "2005-12-31": 3.0977}, "Free Cash Flow Per Share": {"2019-12-31": -3.6862, "2018-12-31": -0.1645, "2017-12-31": 1.8928, "2016-12-31": -0.3094, "2015-12-31": -0.2752, "2014-12-31": -3.0233, "2013-12-31": 2.1911, "2012-12-31": -0.8245, "2011-12-31": 1.1611, "2010-12-31": 5.9521, "2009-12-31": -10.3417, "2008-12-31": 7.7409, "2007-12-31": 0.4464, "2006-12-31": -1.6898, "2005-12-31": 2.7948}}, "financial ratios, quarterly": {"Current Ratio": {"2020-09-30": "", "2020-06-30": "", "2020-03-31": "", "2019-12-31": "", "2019-09-30": "", "2019-06-30": "", "2019-03-31": "", "2018-12-31": "", "2018-09-30": "", "2018-06-30": "", "2018-03-31": "", "2017-12-31": "", "2017-09-30": "", "2017-06-30": "", "2017-03-31": "", "2016-12-31": "", "2016-09-30": "", "2016-06-30": "", "2016-03-31": "", "2015-12-31": "", "2015-09-30": "", "2015-06-30": "", "2015-03-31": "", "2014-12-31": "", "2014-09-30": "", "2014-06-30": "", "2014-03-31": "", "2013-12-31": "", "2013-09-30": "", "2013-06-30": "", "2013-03-31": "", "2012-12-31": "", "2012-09-30": "", "2012-06-30": "", "2012-03-31": "", "2011-12-31": "", "2011-09-30": "", "2011-06-30": "", "2011-03-31": "", "2010-12-31": "", "2010-09-30": "", "2010-06-30": "", "2010-03-31": "", "2009-12-31": "", "2009-09-30": "", "2009-06-30": "", "2009-03-31": "", "2008-12-31": "", "2008-09-30": "", "2008-06-30": "", "2008-03-31": "", "2007-12-31": "", "2007-09-30": "", "2007-06-30": "", "2007-03-31": "", "2006-12-31": "", "2006-09-30": "", "2006-06-30": "", "2006-03-31": "", "2005-12-31": "", "2005-09-30": "", "2005-06-30": "", "2005-03-31": ""}, "Long-term Debt / Capital": {"2020-09-30": "0.36950", "2020-06-30": "0.37950", "2020-03-31": "0.49850", "2019-12-31": "0.38310", "2019-09-30": "0.44130", "2019-06-30": "0.41610", "2019-03-31": "0.44470", "2018-12-31": "0.44000", "2018-09-30": "0.43640", "2018-06-30": "0.44670", "2018-03-31": "0.44110", "2017-12-31": "0.44330", "2017-09-30": "0.41140", "2017-06-30": "0.41730", "2017-03-31": "0.41880", "2016-12-31": "0.42330", "2016-09-30": "0.43080", "2016-06-30": "0.45100", "2016-03-31": "0.44700", "2015-12-31": "0.46510", "2015-09-30": "0.47720", "2015-06-30": "0.48080", "2015-03-31": "0.48650", "2014-12-31": "0.48880", "2014-09-30": "0.47900", "2014-06-30": "0.47780", "2014-03-31": "0.49820", "2013-12-31": "0.48510", "2013-09-30": "0.48010", "2013-06-30": "0.46820", "2013-03-31": "0.46320", "2012-12-31": "0.47390", "2012-09-30": "0.48350", "2012-06-30": "0.54380", "2012-03-31": "0.56010", "2011-12-31": "0.55500", "2011-09-30": "0.55810", "2011-06-30": "0.57830", "2011-03-31": "0.57540", "2010-12-31": "0.56840", "2010-09-30": "0.56840", "2010-06-30": "0.56880", "2010-03-31": "0.56450", "2009-12-31": "0.56830", "2009-09-30": "0.56910", "2009-06-30": "0.55040", "2009-03-31": "0.52600", "2008-12-31": "0.52860", "2008-09-30": "0.62260", "2008-06-30": "0.61630", "2008-03-31": "0.62650", "2007-12-31": "0.59670", "2007-09-30": "0.60580", "2007-06-30": "0.60160", "2007-03-31": "0.63120", "2006-12-31": "0.57520", "2006-09-30": "0.57930", "2006-06-30": "0.57650", "2006-03-31": "0.54320", "2005-12-31": "0.54100", "2005-09-30": "0.52500", "2005-06-30": "0.51880", "2005-03-31": "0.50690"}, "Debt/Equity Ratio": {"2020-09-30": "0.67530", "2020-06-30": "0.69440", "2020-03-31": "1.18610", "2019-12-31": "0.89480", "2019-09-30": "1.11210", "2019-06-30": "1.03840", "2019-03-31": "1.00490", "2018-12-31": "0.95720", "2018-09-30": "1.09600", "2018-06-30": "0.92710", "2018-03-31": "0.93490", "2017-12-31": "0.96270", "2017-09-30": "0.96400", "2017-06-30": "0.91860", "2017-03-31": "0.78780", "2016-12-31": "0.78100", "2016-09-30": "0.89200", "2016-06-30": "0.87100", "2016-03-31": "0.95450", "2015-12-31": "1.00080", "2015-09-30": "1.00730", "2015-06-30": "1.08050", "2015-03-31": "1.07390", "2014-12-31": "1.10880", "2014-09-30": "1.05860", "2014-06-30": "1.08100", "2014-03-31": "1.13220", "2013-12-31": "1.12370", "2013-09-30": "1.14130", "2013-06-30": "1.02540", "2013-03-31": "1.01540", "2012-12-31": "1.03560", "2012-09-30": "1.08680", "2012-06-30": "1.36090", "2012-03-31": "1.46540", "2011-12-31": "1.45130", "2011-09-30": "1.48830", "2011-06-30": "1.65530", "2011-03-31": "1.66630", "2010-12-31": "1.66100", "2010-09-30": "1.66380", "2010-06-30": "1.68260", "2010-03-31": "1.72120", "2009-12-31": "1.81530", "2009-09-30": "1.83830", "2009-06-30": "2.07820", "2009-03-31": "1.95750", "2008-12-31": "1.79220", "2008-09-30": "2.42850", "2008-06-30": "2.45000", "2008-03-31": "2.42590", "2007-12-31": "2.32160", "2007-09-30": "2.39290", "2007-06-30": "2.28640", "2007-03-31": "2.29240", "2006-12-31": "2.04270", "2006-09-30": "1.99370", "2006-06-30": "1.96990", "2006-03-31": "1.76860", "2005-12-31": "1.76840", "2005-09-30": "1.68900", "2005-06-30": "1.72160", "2005-03-31": "1.87330"}, "Gross Margin": {"2020-09-30": "", "2020-06-30": "", "2020-03-31": "", "2019-12-31": "", "2019-09-30": "", "2019-06-30": "", "2019-03-31": "", "2018-12-31": "", "2018-09-30": "", "2018-06-30": "", "2018-03-31": "", "2017-12-31": "", "2017-09-30": "", "2017-06-30": "", "2017-03-31": "", "2016-12-31": "", "2016-09-30": "", "2016-06-30": "", "2016-03-31": "", "2015-12-31": "", "2015-09-30": "", "2015-06-30": "", "2015-03-31": "", "2014-12-31": "", "2014-09-30": "", "2014-06-30": "", "2014-03-31": "", "2013-12-31": "", "2013-09-30": "", "2013-06-30": "", "2013-03-31": "", "2012-12-31": "", "2012-09-30": "", "2012-06-30": "", "2012-03-31": "", "2011-12-31": "", "2011-09-30": "", "2011-06-30": "", "2011-03-31": "", "2010-12-31": "", "2010-09-30": "", "2010-06-30": "", "2010-03-31": "", "2009-12-31": "", "2009-09-30": "", "2009-06-30": "", "2009-03-31": "", "2008-12-31": "", "2008-09-30": "", "2008-06-30": "", "2008-03-31": "", "2007-12-31": "", "2007-09-30": "", "2007-06-30": "", "2007-03-31": "", "2006-12-31": "", "2006-09-30": "", "2006-06-30": "", "2006-03-31": "", "2005-12-31": "", "2005-09-30": "", "2005-06-30": "", "2005-03-31": ""}, "Operating Margin": {"2020-09-30": "", "2020-06-30": "", "2020-03-31": "", "2019-12-31": "", "2019-09-30": "", "2019-06-30": "", "2019-03-31": "", "2018-12-31": "", "2018-09-30": "", "2018-06-30": "", "2018-03-31": "", "2017-12-31": "", "2017-09-30": "", "2017-06-30": "", "2017-03-31": "", "2016-12-31": "", "2016-09-30": "", "2016-06-30": "", "2016-03-31": "", "2015-12-31": "", "2015-09-30": "", "2015-06-30": "", "2015-03-31": "", "2014-12-31": "", "2014-09-30": "", "2014-06-30": "", "2014-03-31": "", "2013-12-31": "", "2013-09-30": "", "2013-06-30": "", "2013-03-31": "", "2012-12-31": "", "2012-09-30": "", "2012-06-30": "", "2012-03-31": "", "2011-12-31": "", "2011-09-30": "", "2011-06-30": "", "2011-03-31": "", "2010-12-31": "", "2010-09-30": "", "2010-06-30": "", "2010-03-31": "", "2009-12-31": "", "2009-09-30": "", "2009-06-30": "", "2009-03-31": "", "2008-12-31": "", "2008-09-30": "", "2008-06-30": "", "2008-03-31": "", "2007-12-31": "", "2007-09-30": "", "2007-06-30": "", "2007-03-31": "", "2006-12-31": "", "2006-09-30": "", "2006-06-30": "", "2006-03-31": "", "2005-12-31": "", "2005-09-30": "", "2005-06-30": "", "2005-03-31": ""}, "EBIT Margin": {"2020-09-30": "", "2020-06-30": "", "2020-03-31": "", "2019-12-31": "", "2019-09-30": "", "2019-06-30": "", "2019-03-31": "", "2018-12-31": "", "2018-09-30": "", "2018-06-30": "", "2018-03-31": "", "2017-12-31": "", "2017-09-30": "", "2017-06-30": "", "2017-03-31": "", "2016-12-31": "", "2016-09-30": "", "2016-06-30": "", "2016-03-31": "", "2015-12-31": "", "2015-09-30": "", "2015-06-30": "", "2015-03-31": "", "2014-12-31": "", "2014-09-30": "", "2014-06-30": "", "2014-03-31": "", "2013-12-31": "", "2013-09-30": "", "2013-06-30": "", "2013-03-31": "", "2012-12-31": "", "2012-09-30": "", "2012-06-30": "", "2012-03-31": "", "2011-12-31": "", "2011-09-30": "", "2011-06-30": "", "2011-03-31": "", "2010-12-31": "", "2010-09-30": "", "2010-06-30": "", "2010-03-31": "", "2009-12-31": "", "2009-09-30": "", "2009-06-30": "", "2009-03-31": "", "2008-12-31": "", "2008-09-30": "", "2008-06-30": "", "2008-03-31": "", "2007-12-31": "", "2007-09-30": "", "2007-06-30": "", "2007-03-31": "", "2006-12-31": "", "2006-09-30": "", "2006-06-30": "", "2006-03-31": "", "2005-12-31": "", "2005-09-30": "", "2005-06-30": "", "2005-03-31": ""}, "EBITDA Margin": {"2020-09-30": "", "2020-06-30": "", "2020-03-31": "", "2019-12-31": "", "2019-09-30": "", "2019-06-30": "", "2019-03-31": "", "2018-12-31": "", "2018-09-30": "", "2018-06-30": "", "2018-03-31": "", "2017-12-31": "", "2017-09-30": "", "2017-06-30": "", "2017-03-31": "", "2016-12-31": "", "2016-09-30": "", "2016-06-30": "", "2016-03-31": "", "2015-12-31": "", "2015-09-30": "", "2015-06-30": "", "2015-03-31": "", "2014-12-31": "", "2014-09-30": "", "2014-06-30": "", "2014-03-31": "", "2013-12-31": "", "2013-09-30": "", "2013-06-30": "", "2013-03-31": "", "2012-12-31": "", "2012-09-30": "", "2012-06-30": "", "2012-03-31": "", "2011-12-31": "", "2011-09-30": "", "2011-06-30": "", "2011-03-31": "", "2010-12-31": "", "2010-09-30": "", "2010-06-30": "", "2010-03-31": "", "2009-12-31": "", "2009-09-30": "", "2009-06-30": "", "2009-03-31": "", "2008-12-31": "", "2008-09-30": "", "2008-06-30": "", "2008-03-31": "", "2007-12-31": "", "2007-09-30": "", "2007-06-30": "", "2007-03-31": "", "2006-12-31": "", "2006-09-30": "", "2006-06-30": "", "2006-03-31": "", "2005-12-31": "", "2005-09-30": "", "2005-06-30": "", "2005-03-31": ""}, "Pre-Tax Profit Margin": {"2020-09-30": "27.10150", "2020-06-30": "22.85660", "2020-03-31": "27.27850", "2019-12-31": "25.44880", "2019-09-30": "36.24390", "2019-06-30": "38.98960", "2019-03-31": "35.54500", "2018-12-31": "36.14890", "2018-09-30": "37.58510", "2018-06-30": "37.31780", "2018-03-31": "36.68800", "2017-12-31": "32.07620", "2017-09-30": "35.05770", "2017-06-30": "35.95590", "2017-03-31": "20.13680", "2016-12-31": "35.79680", "2016-09-30": "34.84390", "2016-06-30": "31.82850", "2016-03-31": "34.56160", "2015-12-31": "33.17990", "2015-09-30": "32.14130", "2015-06-30": "26.00720", "2015-03-31": "35.65610", "2014-12-31": "38.69830", "2014-09-30": "32.02300", "2014-06-30": "31.11810", "2014-03-31": "37.44350", "2013-12-31": "41.49200", "2013-09-30": "34.03590", "2013-06-30": "34.75800", "2013-03-31": "34.26310", "2012-12-31": "33.68980", "2012-09-30": "30.56310", "2012-06-30": "33.82830", "2012-03-31": "31.40170", "2011-12-31": "23.02570", "2011-09-30": "23.65300", "2011-06-30": "23.05570", "2011-03-31": "17.29960", "2010-12-31": "14.03510", "2010-09-30": "14.87300", "2010-06-30": "14.23670", "2010-03-31": "15.28740", "2009-12-31": "13.20150", "2009-09-30": "10.08170", "2009-06-30": "17.41260", "2009-03-31": "28.78080", "2008-12-31": "24.70240", "2008-09-30": "33.70710", "2008-06-30": "38.72210", "2008-03-31": "40.25560", "2007-12-31": "39.01640", "2007-09-30": "42.63570", "2007-06-30": "42.56380", "2007-03-31": "42.13630", "2006-12-31": "37.91250", "2006-09-30": "40.42970", "2006-06-30": "43.04640", "2006-03-31": "43.82720", "2005-12-31": "43.55490", "2005-09-30": "45.63460", "2005-06-30": "41.14610", "2005-03-31": "44.84230"}, "Net Profit Margin": {"2020-09-30": "20.73380", "2020-06-30": "17.94310", "2020-03-31": "20.89870", "2019-12-31": "20.32430", "2019-09-30": "25.46780", "2019-06-30": "29.33800", "2019-03-31": "27.30590", "2018-12-31": "26.98640", "2018-09-30": "28.26940", "2018-06-30": "28.24340", "2018-03-31": "27.97600", "2017-12-31": "22.48260", "2017-09-30": "22.21810", "2017-06-30": "23.19850", "2017-03-31": "14.36170", "2016-12-31": "22.78680", "2016-09-30": "22.81040", "2016-06-30": "20.52350", "2016-03-31": "22.32110", "2015-12-31": "21.00420", "2015-09-30": "20.94510", "2015-06-30": "20.32230", "2015-03-31": "22.08150", "2014-12-31": "24.23040", "2014-09-30": "22.61480", "2014-06-30": "19.03910", "2014-03-31": "22.40290", "2013-12-31": "22.54820", "2013-09-30": "12.01790", "2013-06-30": "23.85520", "2013-03-31": "9.76290", "2012-12-31": "22.54900", "2012-09-30": "21.29880", "2012-06-30": "23.66590", "2012-03-31": "21.34720", "2011-12-31": "18.60130", "2011-09-30": "19.71980", "2011-06-30": "16.93330", "2011-03-31": "13.56240", "2010-12-31": "12.58320", "2010-09-30": "12.69650", "2010-06-30": "12.00690", "2010-03-31": "11.87620", "2009-12-31": "11.79850", "2009-09-30": "10.35420", "2009-06-30": "8.46150", "2009-03-31": "18.05460", "2008-12-31": "21.13100", "2008-09-30": "23.61480", "2008-06-30": "27.34820", "2008-03-31": "27.34820", "2007-12-31": "26.95080", "2007-09-30": "28.68220", "2007-06-30": "28.50030", "2007-03-31": "27.58850", "2006-12-31": "16.90240", "2006-09-30": "27.14840", "2006-06-30": "28.41060", "2006-03-31": "29.56100", "2005-12-31": "29.63900", "2005-09-30": "30.55380", "2005-06-30": "27.38520", "2005-03-31": "29.84570"}, "Asset Turnover": {"2020-09-30": "0.01030", "2020-06-30": "0.01000", "2020-03-31": "0.00930", "2019-12-31": "0.00730", "2019-09-30": "0.01220", "2019-06-30": "0.01240", "2019-03-31": "0.01200", "2018-12-31": "0.01240", "2018-09-30": "0.01250", "2018-06-30": "0.01230", "2018-03-31": "0.01210", "2017-12-31": "0.01230", "2017-09-30": "0.01220", "2017-06-30": "0.01230", "2017-03-31": "0.01190", "2016-12-31": "0.01180", "2016-09-30": "0.01180", "2016-06-30": "0.01190", "2016-03-31": "0.01110", "2015-12-31": "0.01140", "2015-09-30": "0.01120", "2015-06-30": "0.01170", "2015-03-31": "0.01170", "2014-12-31": "0.01220", "2014-09-30": "0.01210", "2014-06-30": "0.01180", "2014-03-31": "0.01200", "2013-12-31": "0.01300", "2013-09-30": "0.01230", "2013-06-30": "0.01250", "2013-03-31": "0.01190", "2012-12-31": "0.01220", "2012-09-30": "0.01210", "2012-06-30": "0.01210", "2012-03-31": "0.01160", "2011-12-31": "0.01200", "2011-09-30": "0.01110", "2011-06-30": "0.01140", "2011-03-31": "0.01060", "2010-12-31": "0.01050", "2010-09-30": "0.01050", "2010-06-30": "0.01130", "2010-03-31": "0.00970", "2009-12-31": "0.00950", "2009-09-30": "0.00890", "2009-06-30": "0.00940", "2009-03-31": "0.01050", "2008-12-31": "0.00880", "2008-09-30": "0.01110", "2008-06-30": "0.01150", "2008-03-31": "0.01150", "2007-12-31": "0.01150", "2007-09-30": "0.01180", "2007-06-30": "0.01260", "2007-03-31": "0.01250", "2006-12-31": "0.01220", "2006-09-30": "0.01300", "2006-06-30": "0.01300", "2006-03-31": "0.01330", "2005-12-31": "0.01330", "2005-09-30": "0.01350", "2005-06-30": "0.01330", "2005-03-31": "0.01300"}, "Inventory Turnover Ratio": {"2020-09-30": "", "2020-06-30": "", "2020-03-31": "", "2019-12-31": "", "2019-09-30": "", "2019-06-30": "", "2019-03-31": "", "2018-12-31": "", "2018-09-30": "", "2018-06-30": "", "2018-03-31": "", "2017-12-31": "", "2017-09-30": "", "2017-06-30": "", "2017-03-31": "", "2016-12-31": "", "2016-09-30": "", "2016-06-30": "", "2016-03-31": "", "2015-12-31": "", "2015-09-30": "", "2015-06-30": "", "2015-03-31": "", "2014-12-31": "", "2014-09-30": "", "2014-06-30": "", "2014-03-31": "", "2013-12-31": "", "2013-09-30": "", "2013-06-30": "", "2013-03-31": "", "2012-12-31": "", "2012-09-30": "", "2012-06-30": "", "2012-03-31": "", "2011-12-31": "", "2011-09-30": "", "2011-06-30": "", "2011-03-31": "", "2010-12-31": "", "2010-09-30": "", "2010-06-30": "", "2010-03-31": "", "2009-12-31": "", "2009-09-30": "", "2009-06-30": "", "2009-03-31": "", "2008-12-31": "", "2008-09-30": "", "2008-06-30": "", "2008-03-31": "", "2007-12-31": "", "2007-09-30": "", "2007-06-30": "", "2007-03-31": "", "2006-12-31": "", "2006-09-30": "", "2006-06-30": "", "2006-03-31": "", "2005-12-31": "", "2005-09-30": "", "2005-06-30": "", "2005-03-31": ""}, "Receiveable Turnover": {"2020-09-30": "", "2020-06-30": "", "2020-03-31": "", "2019-12-31": "", "2019-09-30": "", "2019-06-30": "", "2019-03-31": "", "2018-12-31": "", "2018-09-30": "", "2018-06-30": "", "2018-03-31": "", "2017-12-31": "", "2017-09-30": "", "2017-06-30": "", "2017-03-31": "", "2016-12-31": "", "2016-09-30": "", "2016-06-30": "", "2016-03-31": "", "2015-12-31": "", "2015-09-30": "", "2015-06-30": "", "2015-03-31": "", "2014-12-31": "", "2014-09-30": "", "2014-06-30": "", "2014-03-31": "", "2013-12-31": "", "2013-09-30": "", "2013-06-30": "", "2013-03-31": "", "2012-12-31": "", "2012-09-30": "", "2012-06-30": "", "2012-03-31": "", "2011-12-31": "", "2011-09-30": "", "2011-06-30": "", "2011-03-31": "", "2010-12-31": "", "2010-09-30": "", "2010-06-30": "", "2010-03-31": "", "2009-12-31": "", "2009-09-30": "", "2009-06-30": "", "2009-03-31": "", "2008-12-31": "", "2008-09-30": "", "2008-06-30": "", "2008-03-31": "", "2007-12-31": "", "2007-09-30": "", "2007-06-30": "", "2007-03-31": "", "2006-12-31": "", "2006-09-30": "", "2006-06-30": "", "2006-03-31": "", "2005-12-31": "", "2005-09-30": "", "2005-06-30": "", "2005-03-31": ""}, "Days Sales In Receivables": {"2020-09-30": "", "2020-06-30": "", "2020-03-31": "", "2019-12-31": "", "2019-09-30": "", "2019-06-30": "", "2019-03-31": "", "2018-12-31": "", "2018-09-30": "", "2018-06-30": "", "2018-03-31": "", "2017-12-31": "", "2017-09-30": "", "2017-06-30": "", "2017-03-31": "", "2016-12-31": "", "2016-09-30": "", "2016-06-30": "", "2016-03-31": "", "2015-12-31": "", "2015-09-30": "", "2015-06-30": "", "2015-03-31": "", "2014-12-31": "", "2014-09-30": "", "2014-06-30": "", "2014-03-31": "", "2013-12-31": "", "2013-09-30": "", "2013-06-30": "", "2013-03-31": "", "2012-12-31": "", "2012-09-30": "", "2012-06-30": "", "2012-03-31": "", "2011-12-31": "", "2011-09-30": "", "2011-06-30": "", "2011-03-31": "", "2010-12-31": "", "2010-09-30": "", "2010-06-30": "", "2010-03-31": "", "2009-12-31": "", "2009-09-30": "", "2009-06-30": "", "2009-03-31": "", "2008-12-31": "", "2008-09-30": "", "2008-06-30": "", "2008-03-31": "", "2007-12-31": "", "2007-09-30": "", "2007-06-30": "", "2007-03-31": "", "2006-12-31": "", "2006-09-30": "", "2006-06-30": "", "2006-03-31": "", "2005-12-31": "", "2005-09-30": "", "2005-06-30": "", "2005-03-31": ""}, "ROE - Return On Equity": {"2020-09-30": "1.84260", "2020-06-30": "1.55170", "2020-03-31": "1.72950", "2019-12-31": "1.18130", "2019-09-30": "2.83120", "2019-06-30": "3.08240", "2019-03-31": "2.86740", "2018-12-31": "2.96770", "2018-09-30": "3.11270", "2018-06-30": "3.06960", "2018-03-31": "2.97270", "2017-12-31": "2.50360", "2017-09-30": "2.41790", "2017-06-30": "2.46920", "2017-03-31": "1.57940", "2016-12-31": "2.39270", "2016-09-30": "2.37440", "2016-06-30": "2.19930", "2016-03-31": "2.26330", "2015-12-31": "2.19110", "2015-09-30": "2.16130", "2015-06-30": "2.22380", "2015-03-31": "2.47120", "2014-12-31": "2.76940", "2014-09-30": "2.54710", "2014-06-30": "2.23290", "2014-03-31": "2.73470", "2013-12-31": "2.91500", "2013-09-30": "1.58530", "2013-06-30": "2.97010", "2013-03-31": "1.33940", "2012-12-31": "2.87330", "2012-09-30": "2.63090", "2012-06-30": "2.92920", "2012-03-31": "2.48850", "2011-12-31": "2.28830", "2011-09-30": "2.11500", "2011-06-30": "1.91800", "2011-03-31": "1.40370", "2010-12-31": "1.31530", "2010-09-30": "1.30460", "2010-06-30": "1.33810", "2010-03-31": "1.17380", "2009-12-31": "1.19450", "2009-09-30": "0.97260", "2009-06-30": "1.40620", "2009-03-31": "2.42800", "2008-12-31": "2.36170", "2008-09-30": "2.79860", "2008-06-30": "3.36720", "2008-03-31": "3.34060", "2007-12-31": "3.34860", "2007-09-30": "3.58010", "2007-06-30": "3.77730", "2007-03-31": "3.61370", "2006-12-31": "2.13710", "2006-09-30": "3.55380", "2006-06-30": "3.84270", "2006-03-31": "3.92890", "2005-12-31": "3.86200", "2005-09-30": "3.94790", "2005-06-30": "3.48780", "2005-03-31": "3.65240"}, "Return On Tangible Equity": {"2020-09-30": "2.76450", "2020-06-30": "2.40050", "2020-03-31": "2.88730", "2019-12-31": "1.98190", "2019-09-30": "3.96670", "2019-06-30": "4.36990", "2019-03-31": "4.13410", "2018-12-31": "4.35610", "2018-09-30": "4.60810", "2018-06-30": "4.46130", "2018-03-31": "4.33500", "2017-12-31": "3.64280", "2017-09-30": "3.51300", "2017-06-30": "3.56670", "2017-03-31": "2.30260", "2016-12-31": "3.49800", "2016-09-30": "3.42510", "2016-06-30": "3.19180", "2016-03-31": "3.13810", "2015-12-31": "3.14640", "2015-09-30": "3.09560", "2015-06-30": "3.02440", "2015-03-31": "3.31640", "2014-12-31": "3.73170", "2014-09-30": "3.46170", "2014-06-30": "3.05950", "2014-03-31": "3.77520", "2013-12-31": "4.09630", "2013-09-30": "2.25220", "2013-06-30": "4.21670", "2013-03-31": "1.96560", "2012-12-31": "4.18480", "2012-09-30": "3.95760", "2012-06-30": "4.78780", "2012-03-31": "4.16390", "2011-12-31": "3.84800", "2011-09-30": "3.52700", "2011-06-30": "3.37220", "2011-03-31": "2.53110", "2010-12-31": "2.37110", "2010-09-30": "2.26850", "2010-06-30": "2.37310", "2010-03-31": "2.15630", "2009-12-31": "2.22580", "2009-09-30": "1.80980", "2009-06-30": "2.54000", "2009-03-31": "3.24360", "2008-12-31": "3.16950", "2008-09-30": "5.58040", "2008-06-30": "6.75760", "2008-03-31": "6.36880", "2007-12-31": "6.53080", "2007-09-30": "7.10860", "2007-06-30": "7.72340", "2007-03-31": "7.23740", "2006-12-31": "4.19730", "2006-09-30": "7.00670", "2006-06-30": "7.88510", "2006-03-31": "7.52520", "2005-12-31": "7.21880", "2005-09-30": "6.84770", "2005-06-30": "6.11970", "2005-03-31": "6.42430"}, "ROA - Return On Assets": {"2020-09-30": "0.22860", "2020-06-30": "0.19000", "2020-03-31": "0.21000", "2019-12-31": "0.15350", "2019-09-30": "0.34970", "2019-06-30": "0.38330", "2019-03-31": "0.35050", "2018-12-31": "0.35670", "2018-09-30": "0.37640", "2018-06-30": "0.36910", "2018-03-31": "0.35840", "2017-12-31": "0.30090", "2017-09-30": "0.29410", "2017-06-30": "0.30470", "2017-03-31": "0.19320", "2016-12-31": "0.29320", "2016-09-30": "0.28840", "2016-06-30": "0.26460", "2016-03-31": "0.26840", "2015-12-31": "0.25820", "2015-09-30": "0.25530", "2015-06-30": "0.26230", "2015-03-31": "0.28910", "2014-12-31": "0.32270", "2014-09-30": "0.29570", "2014-06-30": "0.25370", "2014-03-31": "0.31030", "2013-12-31": "0.32180", "2013-09-30": "0.17070", "2013-06-30": "0.31520", "2013-03-31": "0.14160", "2012-12-31": "0.29760", "2012-09-30": "0.27250", "2012-06-30": "0.30140", "2012-03-31": "0.25460", "2011-12-31": "0.22910", "2011-09-30": "0.22130", "2011-06-30": "0.20530", "2011-03-31": "0.14900", "2010-12-31": "0.13810", "2010-09-30": "0.13930", "2010-06-30": "0.14440", "2010-03-31": "0.11850", "2009-12-31": "0.11700", "2009-09-30": "0.09500", "2009-06-30": "0.13650", "2009-03-31": "0.22170", "2008-12-31": "0.20200", "2008-09-30": "0.26420", "2008-06-30": "0.31580", "2008-03-31": "0.31450", "2007-12-31": "0.31900", "2007-09-30": "0.33950", "2007-06-30": "0.35900", "2007-03-31": "0.34590", "2006-12-31": "0.20680", "2006-09-30": "0.35180", "2006-06-30": "0.36890", "2006-03-31": "0.39170", "2005-12-31": "0.39370", "2005-09-30": "0.41280", "2005-06-30": "0.36550", "2005-03-31": "0.38760"}, "ROI - Return On Investment": {"2020-09-30": "1.02810", "2020-06-30": "0.86290", "2020-03-31": "0.80700", "2019-12-31": "0.67290", "2019-09-30": "1.43200", "2019-06-30": "1.62670", "2019-03-31": "1.43490", "2018-12-31": "1.49390", "2018-09-30": "1.57580", "2018-06-30": "1.52470", "2018-03-31": "1.49040", "2017-12-31": "1.25040", "2017-09-30": "1.27770", "2017-06-30": "1.29400", "2017-03-31": "0.82460", "2016-12-31": "1.23910", "2016-09-30": "1.21440", "2016-06-30": "1.08350", "2016-03-31": "1.11630", "2015-12-31": "1.06050", "2015-09-30": "1.02210", "2015-06-30": "1.03510", "2015-03-31": "1.13540", "2014-12-31": "1.26440", "2014-09-30": "1.18490", "2014-06-30": "1.03940", "2014-03-31": "1.22070", "2013-12-31": "1.32950", "2013-09-30": "0.72710", "2013-06-30": "1.39270", "2013-03-31": "0.64740", "2012-12-31": "1.36100", "2012-09-30": "1.24770", "2012-06-30": "1.29680", "2012-03-31": "1.09470", "2011-12-31": "1.01830", "2011-09-30": "0.93470", "2011-06-30": "0.80880", "2011-03-31": "0.59600", "2010-12-31": "0.56760", "2010-09-30": "0.56300", "2010-06-30": "0.57690", "2010-03-31": "0.51110", "2009-12-31": "0.51570", "2009-09-30": "0.41910", "2009-06-30": "0.63220", "2009-03-31": "0.93150", "2008-12-31": "0.90000", "2008-09-30": "1.05630", "2008-06-30": "1.29210", "2008-03-31": "1.24760", "2007-12-31": "1.35040", "2007-09-30": "1.41130", "2007-06-30": "1.50470", "2007-03-31": "1.33290", "2006-12-31": "0.90780", "2006-09-30": "1.49500", "2006-06-30": "1.62750", "2006-03-31": "1.79470", "2005-12-31": "1.77250", "2005-09-30": "1.87510", "2005-06-30": "1.67840", "2005-03-31": "1.80110"}, "Book Value Per Share": {"2020-09-30": "51.90420", "2020-06-30": "51.11500", "2020-03-31": "49.02630", "2019-12-31": "49.59000", "2019-09-30": "42.15440", "2019-06-30": "41.46680", "2019-03-31": "40.32150", "2018-12-31": "39.53490", "2018-09-30": "38.93880", "2018-06-30": "38.52040", "2018-03-31": "38.04030", "2017-12-31": "37.97290", "2017-09-30": "37.84030", "2017-06-30": "37.55630", "2017-03-31": "37.00530", "2016-12-31": "36.96960", "2016-09-30": "37.08420", "2016-06-30": "36.51690", "2016-03-31": "36.09380", "2015-12-31": "35.03610", "2015-09-30": "34.94710", "2015-06-30": "34.26400", "2015-03-31": "34.20820", "2014-12-31": "33.82420", "2014-09-30": "33.75550", "2014-06-30": "33.30400", "2014-03-31": "32.78510", "2013-12-31": "32.27900", "2013-09-30": "31.34230", "2013-06-30": "31.28900", "2013-03-31": "30.26490", "2012-12-31": "30.33040", "2012-09-30": "29.35070", "2012-06-30": "27.08380", "2012-03-31": "25.60230", "2011-12-31": "25.07380", "2011-09-30": "25.16280", "2011-06-30": "24.46430", "2011-03-31": "23.94140", "2010-12-31": "23.75930", "2010-09-30": "24.20410", "2010-06-30": "24.16360", "2010-03-31": "23.88890", "2009-12-31": "23.54620", "2009-09-30": "23.48110", "2009-06-30": "22.82480", "2009-03-31": "28.86740", "2008-12-31": "28.75470", "2008-09-30": "23.42200", "2008-06-30": "23.40350", "2008-03-31": "23.48580", "2007-12-31": "23.13740", "2007-09-30": "22.57630", "2007-06-30": "21.96770", "2007-03-31": "21.47800", "2006-12-31": "21.69080", "2006-09-30": "21.70330", "2006-06-30": "20.79380", "2006-03-31": "20.48210", "2005-12-31": "20.49160", "2005-09-30": "20.42860", "2005-06-30": "20.28240", "2005-03-31": "19.73120"}, "Operating Cash Flow Per Share": {"2020-09-30": 0.3072, "2020-06-30": -0.0134, "2020-03-31": "3.40910", "2019-12-31": -0.667, "2019-09-30": 2.2876, "2019-06-30": 1.2064, "2019-03-31": "-0.96240", "2018-12-31": 1.742, "2018-09-30": 1.9927, "2018-06-30": 1.4267, "2018-03-31": "0.38940", "2017-12-31": 2.0446, "2017-09-30": 1.8547, "2017-06-30": 1.624, "2017-03-31": "0.19200", "2016-12-31": 3.0486, "2016-09-30": -0.2714, "2016-06-30": 1.2098, "2016-03-31": "-0.16450", "2015-12-31": 1.6746, "2015-09-30": 2.4273, "2015-06-30": 0.8407, "2015-03-31": "-0.81070", "2014-12-31": 2.3468, "2014-09-30": 0.8564, "2014-06-30": 0.3313, "2014-03-31": "0.87260", "2013-12-31": 4.9866, "2013-09-30": -0.7939, "2013-06-30": 2.6315, "2013-03-31": "0.60620", "2012-12-31": 1.4781, "2012-09-30": 0.0644, "2012-06-30": 1.049, "2012-03-31": "2.64780", "2011-12-31": -0.0983, "2011-09-30": 0.6966, "2011-06-30": 2.581, "2011-03-31": "2.88450", "2010-12-31": 0.7927, "2010-09-30": 0.3854, "2010-06-30": 2.0441, "2010-03-31": "0.91170", "2009-12-31": 0.5137, "2009-09-30": 7.4772, "2009-06-30": 7.6841, "2009-03-31": "-16.45060", "2008-12-31": 8.9047, "2008-09-30": -1.135, "2008-06-30": 2.185, "2008-03-31": "-0.26600", "2007-12-31": 2.6312, "2007-09-30": -1.2224, "2007-06-30": -0.647, "2007-03-31": "1.25360", "2006-12-31": 0.7451, "2006-09-30": -1.1037, "2006-06-30": 0.731, "2006-03-31": "1.03780", "2005-12-31": 0.8523, "2005-09-30": 1.3586, "2005-06-30": -0.177, "2005-03-31": "1.06380"}, "Free Cash Flow Per Share": {"2020-09-30": 0.2122, "2020-06-30": -0.1038, "2020-03-31": "3.06730", "2019-12-31": -0.5175, "2019-09-30": 2.2207, "2019-06-30": 1.1678, "2019-03-31": "-1.00640", "2018-12-31": 1.742, "2018-09-30": 1.9927, "2018-06-30": 1.4267, "2018-03-31": "0.38940", "2017-12-31": 2.0446, "2017-09-30": 1.8547, "2017-06-30": 1.624, "2017-03-31": "0.19200", "2016-12-31": 3.0486, "2016-09-30": -0.2714, "2016-06-30": 1.2098, "2016-03-31": "-0.16450", "2015-12-31": 1.6746, "2015-09-30": 2.4273, "2015-06-30": 0.8407, "2015-03-31": "-0.81070", "2014-12-31": 2.3468, "2014-09-30": 0.8564, "2014-06-30": 0.3313, "2014-03-31": "0.87260", "2013-12-31": 4.9866, "2013-09-30": -0.7939, "2013-06-30": 2.6315, "2013-03-31": "0.60620", "2012-12-31": 0.6892, "2012-09-30": 0.9394, "2012-06-30": 0.9925, "2012-03-31": "2.61820", "2011-12-31": 0.1511, "2011-09-30": 0.5947, "2011-06-30": 2.5016, "2011-03-31": "2.81640", "2010-12-31": 2.0889, "2010-09-30": 0.3228, "2010-06-30": 1.9557, "2010-03-31": "0.53530", "2009-12-31": 0.4302, "2009-09-30": 7.4216, "2009-06-30": 7.6222, "2009-03-31": "-16.52340", "2008-12-31": 8.7756, "2008-09-30": -1.2113, "2008-06-30": 2.0905, "2008-03-31": "-0.36250", "2007-12-31": 2.4716, "2007-09-30": -1.3264, "2007-06-30": -0.7469, "2007-03-31": "1.15310", "2006-12-31": 0.631, "2006-09-30": -1.2283, "2006-06-30": 0.6166, "2006-03-31": "1.08570", "2005-12-31": 0.7568, "2005-09-30": 1.2818, "2005-06-30": -0.2626, "2005-03-31": "1.01880"}}, "revenue": {"Truist Financial Annual Revenue (Millions of US $)": {"2020": "$24,427", "2019": "$14,664", "2018": "$12,996", "2017": "$12,156", "2016": "$11,538", "2015": "$10,346", "2014": "$9,998", "2013": "$10,543", "2012": "$10,737", "2011": "$9,998", "2010": "$11,072", "2009": "$10,818", "2008": "$10,404", "2007": "$10,668", "2006": "$9,414", "2005": "$7,832"}, "Truist Financial Quarterly Revenue (Millions of US $)": {"2020-12-31": "$5,896", "2020-09-30": "$5,833", "2020-06-30": "$6,311", "2020-03-31": "$6,387", "2019-12-31": "$4,210", "2019-09-30": "$3,521", "2019-06-30": "$3,558", "2019-03-31": "$3,375", "2018-12-31": "$3,371", "2018-09-30": "$3,308", "2018-06-30": "$3,216", "2018-03-31": "$3,101", "2017-12-31": "$3,123", "2017-09-30": "$3,043", "2017-06-30": "$3,044", "2017-03-31": "$2,946", "2016-12-31": "$2,907", "2016-09-30": "$2,959", "2016-06-30": "$2,935", "2016-03-31": "$2,737", "2015-12-31": "$2,710", "2015-09-30": "$2,638", "2015-06-30": "$2,508", "2015-03-31": "$2,490", "2014-12-31": "$2,540", "2014-09-30": "$2,490", "2014-06-30": "$2,495", "2014-03-31": "$2,473", "2013-12-31": "$2,650", "2013-09-30": "$2,544", "2013-06-30": "$2,689", "2013-03-31": "$2,660", "2012-12-31": "$2,746", "2012-09-30": "$2,683", "2012-06-30": "$2,694", "2012-03-31": "$2,614", "2011-12-31": "$2,691", "2011-09-30": "$2,440", "2011-06-30": "$2,477", "2011-03-31": "$2,390", "2010-12-31": "$2,719", "2010-09-30": "$2,872", "2010-06-30": "$2,858", "2010-03-31": "$2,623", "2009-12-31": "$2,790", "2009-09-30": "$2,685", "2009-06-30": "$2,633", "2009-03-31": "$2,710", "2008-12-31": "$2,536", "2008-09-30": "$2,585", "2008-06-30": "$2,617", "2008-03-31": "$2,666", "2007-12-31": "$2,730", "2007-09-30": "$2,705", "2007-06-30": "$2,690", "2007-03-31": "$2,543", "2006-12-31": "$2,468", "2006-09-30": "$2,463", "2006-06-30": "$2,319", "2006-03-31": "$2,164", "2005-12-31": "$2,119", "2005-09-30": "$2,036", "2005-06-30": "$1,918", "2005-03-31": "$1,760"}}, "gross-profit": {"Truist Financial Annual Gross Profit (Millions of US $)": {"2020": "$22,705", "2019": "$12,568", "2018": "$11,558", "2017": "$11,317", "2016": "$10,793", "2015": "$9,611", "2014": "$9,230", "2013": "$9,652", "2012": "$9,677", "2011": "$8,620", "2010": "$9,277", "2009": "$8,778", "2008": "$7,435", "2007": "$6,654", "2006": "$6,229", "2005": "$5,851"}, "Truist Financial Quarterly Gross Profit (Millions of US $)": {"2020-12-31": "$5,651", "2020-09-30": "$5,572", "2020-06-30": "$5,871", "2020-03-31": "$5,611", "2019-12-31": "$3,625", "2019-09-30": "$3,003", "2019-06-30": "$3,042", "2019-03-31": "$2,898", "2018-12-31": "$2,940", "2018-09-30": "$2,926", "2018-06-30": "$2,879", "2018-03-31": "$2,813", "2017-12-31": "$2,869", "2017-09-30": "$2,813", "2017-06-30": "$2,855", "2017-03-31": "$2,780", "2016-12-31": "$2,727", "2016-09-30": "$2,774", "2016-06-30": "$2,747", "2016-03-31": "$2,545", "2015-12-31": "$2,519", "2015-09-30": "$2,452", "2015-06-30": "$2,331", "2015-03-31": "$2,309", "2014-12-31": "$2,357", "2014-09-30": "$2,298", "2014-06-30": "$2,301", "2014-03-31": "$2,274", "2013-12-31": "$2,446", "2013-09-30": "$2,322", "2013-06-30": "$2,461", "2013-03-31": "$2,423", "2012-12-31": "$2,496", "2012-09-30": "$2,446", "2012-06-30": "$2,428", "2012-03-31": "$2,307", "2011-12-31": "$2,374", "2011-09-30": "$2,106", "2011-06-30": "$2,141", "2011-03-31": "$1,999", "2010-12-31": "$2,296", "2010-09-30": "$2,424", "2010-06-30": "$2,399", "2010-03-31": "$2,158", "2009-12-31": "$2,293", "2009-09-30": "$2,177", "2009-06-30": "$2,131", "2009-03-31": "$2,177", "2008-12-31": "$1,872", "2008-09-30": "$1,880", "2008-06-30": "$1,895", "2008-03-31": "$1,788", "2007-12-31": "$1,709", "2007-09-30": "$1,653", "2007-06-30": "$1,695", "2007-03-31": "$1,597", "2006-12-31": "$1,558", "2006-09-30": "$1,598", "2006-06-30": "$1,568", "2006-03-31": "$1,505", "2005-12-31": "$1,519", "2005-09-30": "$1,504", "2005-06-30": "$1,462", "2005-03-31": "$1,366"}}, "operating-income": {"Truist Financial Annual Operating Income (Millions of US $)": {"2020": "$6,333", "2019": "$4,379", "2018": "$4,206", "2017": "$3,441", "2016": "$3,671", "2015": "$3,082", "2014": "$3,173", "2013": "$3,329", "2012": "$2,860", "2011": "$1,644", "2010": "$1,038", "2009": "$1,074", "2008": "$2,094", "2007": "$2,603", "2006": "$2,491", "2005": "$2,456"}, "Truist Financial Quarterly Operating Income (Millions of US $)": {"2020-12-31": "$1,949", "2020-09-30": "$1,632", "2020-06-30": "$1,358", "2020-03-31": "$1,394", "2019-12-31": "$1,102", "2019-09-30": "$1,080", "2019-06-30": "$1,142", "2019-03-31": "$1,055", "2018-12-31": "$1,086", "2018-09-30": "$1,067", "2018-06-30": "$1,048", "2018-03-31": "$1,005", "2017-12-31": "$898", "2017-09-30": "$989", "2017-06-30": "$988", "2017-03-31": "$566", "2016-12-31": "$943", "2016-09-30": "$958", "2016-06-30": "$931", "2016-03-31": "$839", "2015-12-31": "$843", "2015-09-30": "$832", "2015-06-30": "$606", "2015-03-31": "$801", "2014-12-31": "$898", "2014-09-30": "$732", "2014-06-30": "$706", "2014-03-31": "$837", "2013-12-31": "$1,000", "2013-09-30": "$763", "2013-06-30": "$824", "2013-03-31": "$742", "2012-12-31": "$767", "2012-09-30": "$716", "2012-06-30": "$731", "2012-03-31": "$646", "2011-12-31": "$500", "2011-09-30": "$439", "2011-06-30": "$420", "2011-03-31": "$285", "2010-12-31": "$236", "2010-09-30": "$256", "2010-06-30": "$287", "2010-03-31": "$259", "2009-12-31": "$216", "2009-09-30": "$166", "2009-06-30": "$248", "2009-03-31": "$444", "2008-12-31": "$336", "2008-09-30": "$516", "2008-06-30": "$607", "2008-03-31": "$635", "2007-12-31": "$598", "2007-09-30": "$667", "2007-06-30": "$689", "2007-03-31": "$649", "2006-12-31": "$572", "2006-09-30": "$631", "2006-06-30": "$652", "2006-03-31": "$636", "2005-12-31": "$625", "2005-09-30": "$658", "2005-06-30": "$581", "2005-03-31": "$591"}}, "ebitda": {"Truist Financial Annual EBITDA (Millions of US $)": {"2019": "$", "2018": "$", "2017": "$", "2016": "$", "2015": "$", "2014": "$", "2013": "$", "2012": "$", "2011": "$", "2010": "$", "2009": "$", "2008": "$", "2007": "$", "2006": "$", "2005": "$"}, "Truist Financial Quarterly EBITDA (Millions of US $)": {"2020-09-30": "", "2020-06-30": "", "2020-03-31": "", "2019-12-31": "", "2019-09-30": "", "2019-06-30": "", "2019-03-31": "", "2018-12-31": "", "2018-09-30": "", "2018-06-30": "", "2018-03-31": "", "2017-12-31": "", "2017-09-30": "", "2017-06-30": "", "2017-03-31": "", "2016-12-31": "", "2016-09-30": "", "2016-06-30": "", "2016-03-31": "", "2015-12-31": "", "2015-09-30": "", "2015-06-30": "", "2015-03-31": "", "2014-12-31": "", "2014-09-30": "", "2014-06-30": "", "2014-03-31": "", "2013-12-31": "", "2013-09-30": "", "2013-06-30": "", "2013-03-31": "", "2012-12-31": "", "2012-09-30": "", "2012-06-30": "", "2012-03-31": "", "2011-12-31": "", "2011-09-30": "", "2011-06-30": "", "2011-03-31": "", "2010-12-31": "", "2010-09-30": "", "2010-06-30": "", "2010-03-31": "", "2009-12-31": "", "2009-09-30": "", "2009-06-30": "", "2009-03-31": "", "2008-12-31": "", "2008-09-30": "", "2008-06-30": "", "2008-03-31": "", "2007-12-31": "", "2007-09-30": "", "2007-06-30": "", "2007-03-31": "", "2006-12-31": "", "2006-09-30": "", "2006-06-30": "", "2006-03-31": "", "2005-12-31": "", "2005-09-30": "", "2005-06-30": "", "2005-03-31": ""}}, "net-income": {"Truist Financial Annual Net Income (Millions of US $)": {"2020": "$4,184", "2019": "$3,028", "2018": "$3,063", "2017": "$2,220", "2016": "$2,259", "2015": "$1,936", "2014": "$1,983", "2013": "$1,563", "2012": "$1,916", "2011": "$1,289", "2010": "$816", "2009": "$729", "2008": "$1,498", "2007": "$1,734", "2006": "$1,528", "2005": "$1,654"}, "Truist Financial Quarterly Net Income (Millions of US $)": {"2020-12-31": "$1,228", "2020-09-30": "$1,068", "2020-06-30": "$902", "2020-03-31": "$986", "2019-12-31": "$702", "2019-09-30": "$735", "2019-06-30": "$842", "2019-03-31": "$749", "2018-12-31": "$754", "2018-09-30": "$789", "2018-06-30": "$775", "2018-03-31": "$745", "2017-12-31": "$614", "2017-09-30": "$597", "2017-06-30": "$631", "2017-03-31": "$378", "2016-12-31": "$592", "2016-09-30": "$599", "2016-06-30": "$541", "2016-03-31": "$527", "2015-12-31": "$502", "2015-09-30": "$492", "2015-06-30": "$454", "2015-03-31": "$488", "2014-12-31": "$551", "2014-09-30": "$512", "2014-06-30": "$424", "2014-03-31": "$496", "2013-12-31": "$538", "2013-09-30": "$268", "2013-06-30": "$547", "2013-03-31": "$210", "2012-12-31": "$506", "2012-09-30": "$469", "2012-06-30": "$510", "2012-03-31": "$431", "2011-12-31": "$391", "2011-09-30": "$366", "2011-06-30": "$307", "2011-03-31": "$225", "2010-12-31": "$208", "2010-09-30": "$210", "2010-06-30": "$210", "2010-03-31": "$188", "2009-12-31": "$185", "2009-09-30": "$152", "2009-06-30": "$121", "2009-03-31": "$271", "2008-12-31": "$284", "2008-09-30": "$358", "2008-06-30": "$428", "2008-03-31": "$428", "2007-12-31": "$411", "2007-09-30": "$444", "2007-06-30": "$458", "2007-03-31": "$421", "2006-12-31": "$251", "2006-09-30": "$417", "2006-06-30": "$429", "2006-03-31": "$431", "2005-12-31": "$430", "2005-09-30": "$442", "2005-06-30": "$387", "2005-03-31": "$395"}}, "eps-earnings-per-share-diluted": {"Truist Financial Annual EPS": {"2020": "$3.08", "2019": "$3.71", "2018": "$3.91", "2017": "$2.74", "2016": "$2.77", "2015": "$2.56", "2014": "$2.72", "2013": "$2.19", "2012": "$2.70", "2011": "$1.83", "2010": "$1.16", "2009": "$1.15", "2008": "$2.71", "2007": "$3.14", "2006": "$2.81", "2005": "$3.00"}, "Truist Financial Quarterly EPS": {"2020-12-31": "$0.90", "2020-09-30": "$0.79", "2020-06-30": "$0.67", "2020-03-31": "$0.73", "2019-12-31": "$0.70", "2019-09-30": "$0.95", "2019-06-30": "$1.09", "2019-03-31": "$0.97", "2018-12-31": "$0.97", "2018-09-30": "$1.01", "2018-06-30": "$0.99", "2018-03-31": "$0.94", "2017-12-31": "$0.77", "2017-09-30": "$0.74", "2017-06-30": "$0.77", "2017-03-31": "$0.46", "2016-12-31": "$0.71", "2016-09-30": "$0.73", "2016-06-30": "$0.66", "2016-03-31": "$0.67", "2015-12-31": "$0.63", "2015-09-30": "$0.64", "2015-06-30": "$0.62", "2015-03-31": "$0.67", "2014-12-31": "$0.76", "2014-09-30": "$0.70", "2014-06-30": "$0.58", "2014-03-31": "$0.68", "2013-12-31": "$0.76", "2013-09-30": "$0.37", "2013-06-30": "$0.77", "2013-03-31": "$0.29", "2012-12-31": "$0.71", "2012-09-30": "$0.66", "2012-06-30": "$0.72", "2012-03-31": "$0.61", "2011-12-31": "$0.55", "2011-09-30": "$0.52", "2011-06-30": "$0.44", "2011-03-31": "$0.32", "2010-12-31": "$0.29", "2010-09-30": "$0.30", "2010-06-30": "$0.30", "2010-03-31": "$0.27", "2009-12-31": "$0.24", "2009-09-30": "$0.23", "2009-06-30": "$0.20", "2009-03-31": "$0.48", "2008-12-31": "$0.50", "2008-09-30": "$0.65", "2008-06-30": "$0.78", "2008-03-31": "$0.78", "2007-12-31": "$0.74", "2007-09-30": "$0.80", "2007-06-30": "$0.83", "2007-03-31": "$0.77", "2006-12-31": "$0.46", "2006-09-30": "$0.77", "2006-06-30": "$0.79", "2006-03-31": "$0.79", "2005-12-31": "$0.79", "2005-09-30": "$0.80", "2005-06-30": "$0.70", "2005-03-31": "$0.71"}}, "shares-outstanding": {"Truist Financial Annual Shares Outstanding (Millions of Shares)": {"2020": "1,358", "2019": "815", "2018": "783", "2017": "811", "2016": "815", "2015": "758", "2014": "728", "2013": "714", "2012": "709", "2011": "705", "2010": "701", "2009": "636", "2008": "552", "2007": "552", "2006": "544", "2005": "551"}, "Truist Financial Quarterly Shares Outstanding (Millions of Shares)": {"2020-12-31": "1,362", "2020-09-30": "1,358", "2020-06-30": "1,356", "2020-03-31": "1,358", "2019-12-31": "815", "2019-09-30": "776", "2019-06-30": "775", "2019-03-31": "774", "2018-12-31": "783", "2018-09-30": "782", "2018-06-30": "786", "2018-03-31": "791", "2017-12-31": "811", "2017-09-30": "806", "2017-06-30": "819", "2017-03-31": "823", "2016-12-31": "815", "2016-09-30": "823", "2016-06-30": "824", "2016-03-31": "790", "2015-12-31": "758", "2015-09-30": "774", "2015-06-30": "735", "2015-03-31": "732", "2014-12-31": "728", "2014-09-30": "730", "2014-06-30": "728", "2014-03-31": "724", "2013-12-31": "714", "2013-09-30": "716", "2013-06-30": "713", "2013-03-31": "711", "2012-12-31": "709", "2012-09-30": "710", "2012-06-30": "708", "2012-03-31": "707", "2011-12-31": "705", "2011-09-30": "706", "2011-06-30": "705", "2011-03-31": "704", "2010-12-31": "701", "2010-09-30": "702", "2010-06-30": "701", "2010-03-31": "699", "2009-12-31": "636", "2009-09-30": "672", "2009-06-30": "609", "2009-03-31": "564", "2008-12-31": "552", "2008-09-30": "554", "2008-06-30": "550", "2008-03-31": "549", "2007-12-31": "552", "2007-09-30": "555", "2007-06-30": "554", "2007-03-31": "547", "2006-12-31": "544", "2006-09-30": "544", "2006-06-30": "542", "2006-03-31": "543", "2005-12-31": "551", "2005-09-30": "552", "2005-06-30": "551", "2005-03-31": "554"}}, "total-assets": {"Truist Financial Annual Total Assets (Millions of US $)": {"2019": "$473,078", "2018": "$225,697", "2017": "$221,642", "2016": "$219,276", "2015": "$209,947", "2014": "$186,834", "2013": "$183,010", "2012": "$184,499", "2011": "$174,579", "2010": "$157,081", "2009": "$165,764", "2008": "$152,015", "2007": "$132,618", "2006": "$121,351", "2005": "$109,170"}, "Truist Financial Quarterly Total Assets (Millions of US $)": {"2020-09-30": "$499,183", "2020-06-30": "$504,336", "2020-03-31": "$506,229", "2019-12-31": "$473,078", "2019-09-30": "$236,750", "2019-06-30": "$230,872", "2019-03-31": "$227,683", "2018-12-31": "$225,697", "2018-09-30": "$222,885", "2018-06-30": "$222,681", "2018-03-31": "$220,729", "2017-12-31": "$221,642", "2017-09-30": "$220,340", "2017-06-30": "$221,192", "2017-03-31": "$220,501", "2016-12-31": "$219,276", "2016-09-30": "$222,622", "2016-06-30": "$221,859", "2016-03-31": "$212,405", "2015-12-31": "$209,947", "2015-09-30": "$208,809", "2015-06-30": "$191,017", "2015-03-31": "$189,228", "2014-12-31": "$186,834", "2014-09-30": "$187,022", "2014-06-30": "$188,012", "2014-03-31": "$184,651", "2013-12-31": "$183,010", "2013-09-30": "$181,050", "2013-06-30": "$182,735", "2013-03-31": "$180,837", "2012-12-31": "$184,499", "2012-09-30": "$182,021", "2012-06-30": "$178,529", "2012-03-31": "$174,752", "2011-12-31": "$174,579", "2011-09-30": "$167,677", "2011-06-30": "$159,310", "2011-03-31": "$157,039", "2010-12-31": "$157,081", "2010-09-30": "$157,230", "2010-06-30": "$155,083", "2010-03-31": "$163,700", "2009-12-31": "$165,764", "2009-09-30": "$165,328", "2009-06-30": "$152,398", "2009-03-31": "$143,425", "2008-12-31": "$152,015", "2008-09-30": "$137,041", "2008-06-30": "$136,465", "2008-03-31": "$136,417", "2007-12-31": "$132,618", "2007-09-30": "$130,781", "2007-06-30": "$127,577", "2007-03-31": "$121,694", "2006-12-31": "$121,351", "2006-09-30": "$118,524", "2006-06-30": "$116,284", "2006-03-31": "$110,034", "2005-12-31": "$109,170", "2005-09-30": "$107,080", "2005-06-30": "$105,835", "2005-03-31": "$102,015"}}, "cash-on-hand": {"Truist Financial Annual Cash on Hand (Millions of US $)": {"2019": "$26,215", "2018": "$4,378", "2017": "$3,083", "2016": "$4,424", "2015": "$4,167", "2014": "$2,699", "2013": "$2,587", "2012": "$4,286", "2011": "$4,898", "2010": "$3,327", "2009": "$3,555", "2008": "$3,495", "2007": "$4,334", "2006": "$5,012", "2005": "$3,589"}, "Truist Financial Quarterly Cash on Hand (Millions of US $)": {"2020-09-30": "$43,078", "2020-06-30": "$46,366", "2020-03-31": "$42,007", "2019-12-31": "$26,215", "2019-09-30": "$3,018", "2019-06-30": "$2,701", "2019-03-31": "$2,972", "2018-12-31": "$4,378", "2018-09-30": "$3,153", "2018-06-30": "$3,053", "2018-03-31": "$3,111", "2017-12-31": "$3,083", "2017-09-30": "$3,127", "2017-06-30": "$3,428", "2017-03-31": "$4,480", "2016-12-31": "$4,424", "2016-09-30": "$3,626", "2016-06-30": "$3,459", "2016-03-31": "$3,444", "2015-12-31": "$4,167", "2015-09-30": "$3,358", "2015-06-30": "$3,000", "2015-03-31": "$2,512", "2014-12-31": "$2,699", "2014-09-30": "$2,309", "2014-06-30": "$2,740", "2014-03-31": "$3,108", "2013-12-31": "$2,587", "2013-09-30": "$3,506", "2013-06-30": "$3,501", "2013-03-31": "$3,841", "2012-12-31": "$4,286", "2012-09-30": "$4,078", "2012-06-30": "$4,404", "2012-03-31": "$4,661", "2011-12-31": "$4,898", "2011-09-30": "$4,851", "2011-06-30": "$3,369", "2011-03-31": "$3,083", "2010-12-31": "$3,327", "2010-09-30": "$3,291", "2010-06-30": "$3,351", "2010-03-31": "$3,158", "2009-12-31": "$3,555", "2009-09-30": "$3,363", "2009-06-30": "$3,023", "2009-03-31": "$2,764", "2008-12-31": "$3,495", "2008-09-30": "$3,247", "2008-06-30": "$3,353", "2008-03-31": "$3,515", "2007-12-31": "$4,334", "2007-09-30": "$4,281", "2007-06-30": "$3,970", "2007-03-31": "$3,408", "2006-12-31": "$5,012", "2006-09-30": "$3,749", "2006-06-30": "$4,005", "2006-03-31": "$3,461", "2005-12-31": "$3,589", "2005-09-30": "$3,086", "2005-06-30": "$3,504", "2005-03-31": "$2,807"}}, "long-term-debt": {"Truist Financial Annual Long Term Debt (Millions of US $)": {"2019": "$41,339", "2018": "$23,709", "2017": "$23,648", "2016": "$21,965", "2015": "$23,769", "2014": "$23,312", "2013": "$21,493", "2012": "$19,114", "2011": "$21,803", "2010": "$21,730", "2009": "$21,376", "2008": "$18,032", "2007": "$18,693", "2006": "$15,904", "2005": "$13,119"}, "Truist Financial Quarterly Long Term Debt (Millions of US $)": {"2020-09-30": "$41,008", "2020-06-30": "$42,133", "2020-03-31": "$65,662", "2019-12-31": "$41,339", "2019-09-30": "$25,520", "2019-06-30": "$22,640", "2019-03-31": "$24,729", "2018-12-31": "$23,709", "2018-09-30": "$23,236", "2018-06-30": "$24,081", "2018-03-31": "$23,410", "2017-12-31": "$23,648", "2017-09-30": "$20,863", "2017-06-30": "$21,738", "2017-03-31": "$21,635", "2016-12-31": "$21,965", "2016-09-30": "$22,776", "2016-06-30": "$24,435", "2016-03-31": "$22,823", "2015-12-31": "$23,769", "2015-09-30": "$24,883", "2015-06-30": "$23,271", "2015-03-31": "$23,437", "2014-12-31": "$23,312", "2014-09-30": "$22,355", "2014-06-30": "$21,927", "2014-03-31": "$23,384", "2013-12-31": "$21,493", "2013-09-30": "$20,402", "2013-06-30": "$19,362", "2013-03-31": "$18,316", "2012-12-31": "$19,114", "2012-09-30": "$19,221", "2012-06-30": "$22,561", "2012-03-31": "$22,768", "2011-12-31": "$21,803", "2011-09-30": "$22,153", "2011-06-30": "$23,380", "2011-03-31": "$22,591", "2010-12-31": "$21,730", "2010-09-30": "$22,111", "2010-06-30": "$22,086", "2010-03-31": "$21,428", "2009-12-31": "$21,376", "2009-09-30": "$21,317", "2009-06-30": "$18,110", "2009-03-31": "$17,955", "2008-12-31": "$18,032", "2008-09-30": "$21,337", "2008-06-30": "$20,556", "2008-03-31": "$21,544", "2007-12-31": "$18,693", "2007-09-30": "$19,059", "2007-06-30": "$18,313", "2007-03-31": "$19,936", "2006-12-31": "$15,904", "2006-09-30": "$16,159", "2006-06-30": "$15,195", "2006-03-31": "$13,045", "2005-12-31": "$13,119", "2005-09-30": "$12,377", "2005-06-30": "$11,956", "2005-03-31": "$11,127"}}, "total-liabilities": {"Truist Financial Annual Total Liabilities (Millions of US $)": {"2019": "$406,520", "2018": "$195,519", "2017": "$191,947", "2016": "$189,350", "2015": "$182,607", "2014": "$162,457", "2013": "$160,201", "2012": "$163,276", "2011": "$157,099", "2010": "$140,583", "2009": "$149,523", "2008": "$135,934", "2007": "$119,986", "2006": "$109,606", "2005": "$98,041"}, "Truist Financial Quarterly Total Liabilities (Millions of US $)": {"2020-09-30": "$429,210", "2020-06-30": "$435,453", "2020-03-31": "$440,168", "2019-12-31": "$406,520", "2019-09-30": "$204,447", "2019-06-30": "$199,108", "2019-03-31": "$196,800", "2018-12-31": "$195,519", "2018-09-30": "$192,878", "2018-06-30": "$192,849", "2018-03-31": "$191,067", "2017-12-31": "$191,947", "2017-09-30": "$190,487", "2017-06-30": "$190,843", "2017-03-31": "$190,476", "2016-12-31": "$189,350", "2016-09-30": "$192,531", "2016-06-30": "$192,116", "2016-03-31": "$184,166", "2015-12-31": "$182,607", "2015-09-30": "$181,545", "2015-06-30": "$165,885", "2015-03-31": "$164,490", "2014-12-31": "$162,457", "2014-09-30": "$162,708", "2014-06-30": "$164,047", "2014-03-31": "$161,095", "2013-12-31": "$160,201", "2013-09-30": "$158,956", "2013-06-30": "$160,739", "2013-03-31": "$159,608", "2012-12-31": "$163,276", "2012-09-30": "$161,489", "2012-06-30": "$159,603", "2012-03-31": "$156,870", "2011-12-31": "$157,099", "2011-09-30": "$150,136", "2011-06-30": "$142,261", "2011-03-31": "$140,369", "2010-12-31": "$140,583", "2010-09-30": "$140,443", "2010-06-30": "$138,343", "2010-03-31": "$147,172", "2009-12-31": "$149,523", "2009-09-30": "$149,186", "2009-06-30": "$137,606", "2009-03-31": "$127,243", "2008-12-31": "$135,934", "2008-09-30": "$124,106", "2008-06-30": "$123,665", "2008-03-31": "$123,575", "2007-12-31": "$119,986", "2007-09-30": "$118,379", "2007-06-30": "$115,452", "2007-03-31": "$110,044", "2006-12-31": "$109,606", "2006-09-30": "$106,790", "2006-06-30": "$105,120", "2006-03-31": "$99,064", "2005-12-31": "$98,041", "2005-09-30": "$95,884", "2005-06-30": "$94,745", "2005-03-31": "$91,190"}}, "total-share-holder-equity": {"Truist Financial Annual Share Holder Equity (Millions of US $)": {"2019": "$66,558", "2018": "$30,178", "2017": "$29,695", "2016": "$29,926", "2015": "$27,340", "2014": "$24,377", "2013": "$22,809", "2012": "$21,223", "2011": "$17,480", "2010": "$16,498", "2009": "$16,241", "2008": "$16,081", "2007": "$12,632", "2006": "$11,745", "2005": "$11,129"}, "Truist Financial Quarterly Share Holder Equity (Millions of US $)": {"2020-09-30": "$69,973", "2020-06-30": "$68,883", "2020-03-31": "$66,061", "2019-12-31": "$66,558", "2019-09-30": "$32,303", "2019-06-30": "$31,764", "2019-03-31": "$30,883", "2018-12-31": "$30,178", "2018-09-30": "$30,007", "2018-06-30": "$29,832", "2018-03-31": "$29,662", "2017-12-31": "$29,695", "2017-09-30": "$29,853", "2017-06-30": "$30,349", "2017-03-31": "$30,025", "2016-12-31": "$29,926", "2016-09-30": "$30,091", "2016-06-30": "$29,743", "2016-03-31": "$28,239", "2015-12-31": "$27,340", "2015-09-30": "$27,264", "2015-06-30": "$25,132", "2015-03-31": "$24,738", "2014-12-31": "$24,377", "2014-09-30": "$24,314", "2014-06-30": "$23,965", "2014-03-31": "$23,556", "2013-12-31": "$22,809", "2013-09-30": "$22,094", "2013-06-30": "$21,996", "2013-03-31": "$21,229", "2012-12-31": "$21,223", "2012-09-30": "$20,532", "2012-06-30": "$18,926", "2012-03-31": "$17,882", "2011-12-31": "$17,480", "2011-09-30": "$17,541", "2011-06-30": "$17,049", "2011-03-31": "$16,670", "2010-12-31": "$16,498", "2010-09-30": "$16,787", "2010-06-30": "$16,740", "2010-03-31": "$16,528", "2009-12-31": "$16,241", "2009-09-30": "$16,142", "2009-06-30": "$14,792", "2009-03-31": "$16,182", "2008-12-31": "$16,081", "2008-09-30": "$12,935", "2008-06-30": "$12,800", "2008-03-31": "$12,842", "2007-12-31": "$12,632", "2007-09-30": "$12,402", "2007-06-30": "$12,125", "2007-03-31": "$11,650", "2006-12-31": "$11,745", "2006-09-30": "$11,734", "2006-06-30": "$11,164", "2006-03-31": "$10,970", "2005-12-31": "$11,129", "2005-09-30": "$11,196", "2005-06-30": "$11,090", "2005-03-31": "$10,825"}}, "profit-margins": {"current": "18.35%"}, "gross margin": {"2020-12-31": "92.95%", "2020-09-30": "90.93%", "2020-06-30": "88.65%", "2020-03-31": "86.45%", "2019-12-31": "85.71%", "2019-09-30": "85.95%", "2019-06-30": "86.73%", "2019-03-31": "87.74%", "2018-12-31": "88.94%", "2018-09-30": "90.11%", "2018-06-30": "91.12%", "2018-03-31": "92.19%", "2017-12-31": "93.10%", "2017-09-30": "93.59%", "2017-06-30": "93.93%", "2017-03-31": "93.88%", "2016-12-31": "93.54%", "2016-09-30": "93.33%", "2016-06-30": "93.13%", "2016-03-31": "92.96%", "2015-12-31": "92.90%", "2015-09-30": "92.86%", "2015-06-30": "92.69%", "2015-03-31": "92.51%", "2014-12-31": "92.32%", "2014-09-30": "92.19%", "2014-06-30": "91.94%", "2014-03-31": "91.76%", "2013-12-31": "91.55%", "2013-09-30": "91.19%", "2013-06-30": "91.17%", "2013-03-31": "90.82%", "2012-12-31": "90.13%", "2012-09-30": "89.45%", "2012-06-30": "88.27%", "2012-03-31": "87.34%", "2011-12-31": "86.22%", "2011-09-30": "85.20%", "2011-06-30": "84.72%", "2011-03-31": "84.12%", "2010-12-31": "83.79%", "2010-09-30": "83.23%", "2010-06-30": "82.39%", "2010-03-31": "81.62%", "2009-12-31": "81.14%", "2009-09-30": "79.11%", "2009-06-30": "77.03%", "2009-03-31": "74.89%", "2008-12-31": "71.46%", "2008-09-30": "68.62%", "2008-06-30": "65.73%", "2008-03-31": "63.43%", "2007-12-31": "62.37%", "2007-09-30": "62.49%", "2007-06-30": "63.44%", "2007-03-31": "64.55%", "2006-12-31": "66.17%", "2006-09-30": "68.28%", "2006-06-30": "70.57%", "2006-03-31": "72.72%", "2005-12-31": "74.70%"}, "operating margin": {"2020-12-31": "25.93%", "2020-09-30": "24.12%", "2020-06-30": "24.15%", "2020-03-31": "26.69%", "2019-12-31": "29.86%", "2019-09-30": "31.56%", "2019-06-30": "31.96%", "2019-03-31": "32.07%", "2018-12-31": "32.36%", "2018-09-30": "31.52%", "2018-06-30": "31.56%", "2018-03-31": "31.52%", "2017-12-31": "28.31%", "2017-09-30": "29.20%", "2017-06-30": "29.14%", "2017-03-31": "28.93%", "2016-12-31": "31.82%", "2016-09-30": "31.49%", "2016-06-30": "31.26%", "2016-03-31": "29.45%", "2015-12-31": "29.79%", "2015-09-30": "30.83%", "2015-06-30": "30.29%", "2015-03-31": "31.32%", "2014-12-31": "31.74%", "2014-09-30": "32.40%", "2014-06-30": "32.53%", "2014-03-31": "33.06%", "2013-12-31": "31.58%", "2013-09-30": "29.10%", "2013-06-30": "28.29%", "2013-03-31": "27.41%", "2012-12-31": "26.64%", "2012-09-30": "24.27%", "2012-06-30": "22.19%", "2012-03-31": "19.61%", "2011-12-31": "16.44%", "2011-09-30": "13.76%", "2011-06-30": "11.45%", "2011-03-31": "9.82%", "2010-12-31": "9.38%", "2010-09-30": "9.14%", "2010-06-30": "8.47%", "2010-03-31": "8.28%", "2009-12-31": "9.93%", "2009-09-30": "11.30%", "2009-06-30": "14.76%", "2009-03-31": "18.21%", "2008-12-31": "20.13%", "2008-09-30": "22.23%", "2008-06-30": "23.39%", "2008-03-31": "23.99%", "2007-12-31": "24.40%", "2007-09-30": "24.76%", "2007-06-30": "25.00%", "2007-03-31": "25.57%", "2006-12-31": "26.46%", "2006-09-30": "28.06%", "2006-06-30": "29.76%", "2006-03-31": "30.35%", "2005-12-31": "31.34%"}, "ebitda margin": {"2020-09-30": "0.00%", "2020-06-30": "0.00%", "2020-03-31": "0.00%", "2019-12-31": "0.00%", "2019-09-30": "0.00%", "2019-06-30": "0.00%", "2019-03-31": "0.00%", "2018-12-31": "0.00%", "2018-09-30": "0.00%", "2018-06-30": "0.00%", "2018-03-31": "0.00%", "2017-12-31": "0.00%", "2017-09-30": "0.00%", "2017-06-30": "0.00%", "2017-03-31": "0.00%", "2016-12-31": "0.00%", "2016-09-30": "0.00%", "2016-06-30": "0.00%", "2016-03-31": "0.00%", "2015-12-31": "0.00%", "2015-09-30": "0.00%", "2015-06-30": "0.00%", "2015-03-31": "0.00%", "2014-12-31": "0.00%", "2014-09-30": "0.00%", "2014-06-30": "0.00%", "2014-03-31": "0.00%", "2013-12-31": "0.00%", "2013-09-30": "0.00%", "2013-06-30": "0.00%", "2013-03-31": "0.00%", "2012-12-31": "0.00%", "2012-09-30": "0.00%", "2012-06-30": "0.00%", "2012-03-31": "0.00%", "2011-12-31": "0.00%", "2011-09-30": "0.00%", "2011-06-30": "0.00%", "2011-03-31": "0.00%", "2010-12-31": "0.00%", "2010-09-30": "0.00%", "2010-06-30": "0.00%", "2010-03-31": "0.00%", "2009-12-31": "0.00%", "2009-09-30": "0.00%", "2009-06-30": "0.00%", "2009-03-31": "0.00%", "2008-12-31": "0.00%", "2008-09-30": "0.00%", "2008-06-30": "0.00%", "2008-03-31": "0.00%", "2007-12-31": "0.00%", "2007-09-30": "0.00%", "2007-06-30": "0.00%", "2007-03-31": "0.00%", "2006-12-31": "0.00%", "2006-09-30": "0.00%", "2006-06-30": "0.00%", "2006-03-31": "0.00%", "2005-12-31": "0.00%"}, "pre tax profit margin": {"2020-12-31": "22.41%", "2020-09-30": "20.72%", "2020-06-30": "21.35%", "2020-03-31": "24.50%", "2019-12-31": "27.41%", "2019-09-30": "30.02%", "2019-06-30": "30.51%", "2019-03-31": "30.58%", "2018-12-31": "31.24%", "2018-09-30": "30.80%", "2018-06-30": "30.59%", "2018-03-31": "30.65%", "2017-12-31": "27.36%", "2017-09-30": "28.31%", "2017-06-30": "28.28%", "2017-03-31": "27.36%", "2016-12-31": "30.33%", "2016-09-30": "29.65%", "2016-06-30": "29.07%", "2016-03-31": "27.80%", "2015-12-31": "28.19%", "2015-09-30": "29.52%", "2015-06-30": "29.66%", "2015-03-31": "30.81%", "2014-12-31": "31.28%", "2014-09-30": "32.02%", "2014-06-30": "32.19%", "2014-03-31": "32.59%", "2013-12-31": "31.14%", "2013-09-30": "28.66%", "2013-06-30": "27.49%", "2013-03-31": "26.85%", "2012-12-31": "26.00%", "2012-09-30": "23.59%", "2012-06-30": "21.90%", "2012-03-31": "19.32%", "2011-12-31": "16.28%", "2011-09-30": "13.72%", "2011-06-30": "11.31%", "2011-03-31": "9.36%", "2010-12-31": "8.75%", "2010-09-30": "8.47%", "2010-06-30": "7.72%", "2010-03-31": "7.88%", "2009-12-31": "9.58%", "2009-09-30": "10.99%", "2009-06-30": "14.56%", "2009-03-31": "18.00%", "2008-12-31": "19.98%", "2008-09-30": "22.10%", "2008-06-30": "23.24%", "2008-03-31": "23.81%", "2007-12-31": "24.20%", "2007-09-30": "24.51%", "2007-06-30": "24.70%", "2007-03-31": "25.29%", "2006-12-31": "26.27%", "2006-09-30": "28.04%", "2006-06-30": "29.88%", "2006-03-31": "30.50%", "2005-12-31": "31.49%"}, "net profit margin": {"2020-12-31": "17.13%", "2020-09-30": "16.09%", "2020-06-30": "16.28%", "2020-03-31": "18.47%", "2019-12-31": "20.65%", "2019-09-30": "22.28%", "2019-06-30": "23.02%", "2019-03-31": "23.11%", "2018-12-31": "23.57%", "2018-09-30": "22.93%", "2018-06-30": "21.88%", "2018-03-31": "21.01%", "2017-12-31": "18.26%", "2017-09-30": "18.41%", "2017-06-30": "18.56%", "2017-03-31": "17.96%", "2016-12-31": "19.58%", "2016-09-30": "19.13%", "2016-06-30": "18.71%", "2016-03-31": "18.64%", "2015-12-31": "18.71%", "2015-09-30": "19.51%", "2015-06-30": "19.99%", "2015-03-31": "19.72%", "2014-12-31": "19.83%", "2014-09-30": "19.49%", "2014-06-30": "16.98%", "2014-03-31": "17.85%", "2013-12-31": "14.83%", "2013-09-30": "14.39%", "2013-06-30": "16.07%", "2013-03-31": "15.72%", "2012-12-31": "17.84%", "2012-09-30": "16.86%", "2012-06-30": "16.27%", "2012-03-31": "14.63%", "2011-12-31": "12.89%", "2011-09-30": "11.03%", "2011-06-30": "9.08%", "2011-03-31": "7.87%", "2010-12-31": "7.37%", "2010-09-30": "7.12%", "2010-06-30": "6.71%", "2010-03-31": "6.02%", "2009-12-31": "6.74%", "2009-09-30": "7.84%", "2009-06-30": "9.88%", "2009-03-31": "12.83%", "2008-12-31": "14.40%", "2008-09-30": "15.33%", "2008-06-30": "15.96%", "2008-03-31": "16.13%", "2007-12-31": "16.25%", "2007-09-30": "15.13%", "2007-06-30": "15.22%", "2007-03-31": "15.50%", "2006-12-31": "16.23%", "2006-09-30": "18.83%", "2006-06-30": "20.05%", "2006-03-31": "20.52%", "2005-12-31": "21.12%"}, "pe ratio": {"current": "13.90", "2021-02-11": "24.10", "2020-12-31": "21.70", "2020-09-30": "12.71", "2020-06-30": "11.76", "2020-03-31": "8.39", "2019-12-31": "14.22", "2019-09-30": "12.63", "2019-06-30": "11.34", "2019-03-31": "10.92", "2018-12-31": "10.17", "2018-09-30": "11.91", "2018-06-30": "13.24", "2018-03-31": "14.50", "2017-12-31": "16.16", "2017-09-30": "15.43", "2017-06-30": "14.88", "2017-03-31": "15.17", "2016-12-31": "14.66", "2016-09-30": "12.01", "2016-06-30": "11.64", "2016-03-31": "10.95", "2015-12-31": "12.34", "2015-09-30": "11.02", "2015-06-30": "12.08", "2015-03-31": "11.78", "2014-12-31": "11.59", "2014-09-30": "11.06", "2014-06-30": "13.30", "2014-03-31": "12.47", "2013-12-31": "13.56", "2013-09-30": "12.41", "2013-06-30": "10.90", "2013-03-31": "10.24", "2012-12-31": "8.29", "2012-09-30": "9.98", "2012-06-30": "9.76", "2012-03-31": "11.17", "2011-12-31": "10.31", "2011-09-30": "10.05", "2011-06-30": "14.61", "2011-03-31": "16.55", "2010-12-31": "16.44", "2010-09-30": "15.35", "2010-06-30": "17.78", "2010-03-31": "24.03", "2009-12-31": "15.39", "2009-09-30": "13.66", "2009-06-30": "8.44", "2009-03-31": "4.81", "2008-12-31": "6.80", "2008-09-30": "8.48", "2008-06-30": "4.76", "2008-03-31": "6.51", "2007-12-31": "6.14", "2007-09-30": "8.81", "2007-06-30": "8.86", "2007-03-31": "8.97", "2006-12-31": "9.45"}, "price sales": {"2021-02-11": "2.93", "2020-12-31": "2.64", "2020-09-30": "1.99", "2020-06-30": "1.91", "2020-03-31": "1.55", "2019-12-31": "2.87", "2019-09-30": "2.82", "2019-06-30": "2.62", "2019-03-31": "2.53", "2018-12-31": "2.40", "2018-09-30": "2.75", "2018-06-30": "2.91", "2018-03-31": "3.06", "2017-12-31": "2.97", "2017-09-30": "2.84", "2017-06-30": "2.76", "2017-03-31": "2.73", "2016-12-31": "2.87", "2016-09-30": "2.28", "2016-06-30": "2.17", "2016-03-31": "2.03", "2015-12-31": "2.30", "2015-09-30": "2.16", "2015-06-30": "2.43", "2015-03-31": "2.33", "2014-12-31": "2.31", "2014-09-30": "2.16", "2014-06-30": "2.25", "2014-03-31": "2.23", "2013-12-31": "2.01", "2013-09-30": "1.79", "2013-06-30": "1.75", "2013-03-31": "1.61", "2012-12-31": "1.48", "2012-09-30": "1.68", "2012-06-30": "1.59", "2012-03-31": "1.64", "2011-12-31": "1.33", "2011-09-30": "1.11", "2011-06-30": "1.34", "2011-03-31": "1.31", "2010-12-31": "1.22", "2010-09-30": "1.07", "2010-06-30": "1.17", "2010-03-31": "1.42", "2009-12-31": "1.04", "2009-09-30": "1.09", "2009-06-30": "0.84", "2009-03-31": "0.62", "2008-12-31": "0.98", "2008-09-30": "1.31", "2008-06-30": "0.76", "2008-03-31": "1.05", "2007-12-31": "1.00", "2007-09-30": "1.33", "2007-06-30": "1.35", "2007-03-31": "1.39", "2006-12-31": "1.53"}, "price book": {"current": "1.14", "2021-02-11": "1.02", "2020-09-30": "0.72", "2020-06-30": "0.71", "2020-03-31": "0.60", "2019-12-31": "1.08", "2019-09-30": "1.19", "2019-06-30": "1.11", "2019-03-31": "1.07", "2018-12-31": "1.01", "2018-09-30": "1.13", "2018-06-30": "1.18", "2018-03-31": "1.23", "2017-12-31": "1.17", "2017-09-30": "1.10", "2017-06-30": "1.06", "2017-03-31": "1.05", "2016-12-31": "1.10", "2016-09-30": "0.87", "2016-06-30": "0.83", "2016-03-31": "0.78", "2015-12-31": "0.91", "2015-09-30": "0.85", "2015-06-30": "0.97", "2015-03-31": "0.94", "2014-12-31": "0.94", "2014-09-30": "0.89", "2014-06-30": "0.95", "2014-03-31": "0.98", "2013-12-31": "0.92", "2013-09-30": "0.85", "2013-06-30": "0.85", "2013-03-31": "0.81", "2012-12-31": "0.74", "2012-09-30": "0.86", "2012-06-30": "0.86", "2012-03-31": "0.92", "2011-12-31": "0.75", "2011-09-30": "0.63", "2011-06-30": "0.81", "2011-03-31": "0.84", "2010-12-31": "0.81", "2010-09-30": "0.72", "2010-06-30": "0.79", "2010-03-31": "0.98", "2009-12-31": "0.77", "2009-09-30": "0.83", "2009-06-30": "0.68", "2009-03-31": "0.40", "2008-12-31": "0.64", "2008-09-30": "1.07", "2008-06-30": "0.63", "2008-03-31": "0.88", "2007-12-31": "0.84", "2007-09-30": "1.12", "2007-06-30": "1.14", "2007-03-31": "1.17", "2006-12-31": "1.22", "2006-09-30": "1.21", "2006-06-30": "1.18", "2006-03-31": "1.12"}, "price fcf": {"2021-02-11": "", "2020-09-30": "$2.66", "2020-06-30": "$4.67", "2020-03-31": "$5.94", "2019-12-31": "$1.86", "2019-09-30": "$4.12", "2019-06-30": "$3.90", "2019-03-31": "$4.16", "2018-12-31": "$5.55", "2018-09-30": "$5.85", "2018-06-30": "$5.72", "2018-03-31": "$5.91", "2017-12-31": "$5.72", "2017-09-30": "$6.72", "2017-06-30": "$4.59", "2017-03-31": "$4.18", "2016-12-31": "$3.82", "2016-09-30": "$2.45", "2016-06-30": "$5.15", "2016-03-31": "$4.78", "2015-12-31": "$4.13", "2015-09-30": "$4.80", "2015-06-30": "$3.23", "2015-03-31": "$2.72", "2014-12-31": "$4.41", "2014-09-30": "$7.05", "2014-06-30": "$5.40", "2014-03-31": "$7.70", "2013-12-31": "$7.43", "2013-09-30": "$3.13", "2013-06-30": "$4.87", "2013-03-31": "$3.23", "2012-12-31": "$5.24", "2012-09-30": "$4.70", "2012-06-30": "$4.36", "2012-03-31": "$5.87", "2011-12-31": "$6.06", "2011-09-30": "$8.00", "2011-06-30": "$7.73", "2011-03-31": "$7.18", "2010-12-31": "$4.90", "2010-09-30": "$3.24", "2010-06-30": "$10.34", "2010-03-31": "$16.01", "2009-12-31": "$-1.05", "2009-09-30": "$7.30", "2009-06-30": "$-1.34", "2009-03-31": "$-6.87", "2008-12-31": "$9.29", "2008-09-30": "$2.99", "2008-06-30": "$2.87", "2008-03-31": "$0.04", "2007-12-31": "$1.55", "2007-09-30": "$-0.29", "2007-06-30": "$-0.19", "2007-03-31": "$1.17", "2006-12-31": "$1.11"}, "net worth": {"value": "$71.95B"}, "current ratio": {"2020-12-31": "0.84", "2020-09-30": "0.93", "2020-06-30": "0.95", "2020-03-31": "0.99", "2019-12-31": "0.94", "2019-09-30": "0.85", "2019-06-30": "0.88", "2019-03-31": "0.88", "2018-12-31": "0.92", "2018-09-30": "0.88", "2018-06-30": "0.89", "2018-03-31": "0.87", "2017-12-31": "0.87", "2017-09-30": "0.86", "2017-06-30": "0.87", "2017-03-31": "0.87", "2016-12-31": "0.88", "2016-09-30": "0.87", "2016-06-30": "0.88", "2016-03-31": "0.86", "2015-12-31": "0.88", "2015-09-30": "0.89", "2015-06-30": "0.89", "2015-03-31": "0.87", "2014-12-31": "0.88", "2014-09-30": "0.87", "2014-06-30": "0.86", "2014-03-31": "0.87", "2013-12-31": "0.85", "2013-09-30": "0.87", "2013-06-30": "0.85", "2013-03-31": "0.85", "2012-12-31": "0.84", "2012-09-30": "0.85", "2012-06-30": "0.85", "2012-03-31": "0.85", "2011-12-31": "0.85", "2011-09-30": "0.87", "2011-06-30": "0.91", "2011-03-31": "0.91", "2010-12-31": "0.92", "2010-09-30": "0.92", "2010-06-30": "0.93", "2010-03-31": "0.86", "2009-12-31": "0.86", "2009-09-30": "0.87", "2009-06-30": "0.85", "2009-03-31": "0.93", "2008-12-31": "0.85", "2008-09-30": "0.96", "2008-06-30": "0.95", "2008-03-31": "0.95", "2007-12-31": "0.94", "2007-09-30": "0.94", "2007-06-30": "0.94", "2007-03-31": "0.98", "2006-12-31": "0.94", "2006-09-30": "0.94", "2006-06-30": "0.93", "2006-03-31": "0.92", "2005-12-31": "0.92", "2005-09-30": "0.91", "2005-06-30": "0.90", "2005-03-31": "0.89"}, "quick ratio": {"2020-12-31": "0.00", "2020-09-30": "0.00", "2020-06-30": "0.00", "2020-03-31": "0.00", "2019-12-31": "0.00", "2019-09-30": "0.00", "2019-06-30": "0.00", "2019-03-31": "0.00", "2018-12-31": "0.00", "2018-09-30": "0.00", "2018-06-30": "0.00", "2018-03-31": "0.00", "2017-12-31": "0.00", "2017-09-30": "0.00", "2017-06-30": "0.00", "2017-03-31": "0.00", "2016-12-31": "0.00", "2016-09-30": "0.00", "2016-06-30": "0.00", "2016-03-31": "0.00", "2015-12-31": "0.00", "2015-09-30": "0.00", "2015-06-30": "0.00", "2015-03-31": "0.00", "2014-12-31": "0.00", "2014-09-30": "0.00", "2014-06-30": "0.00", "2014-03-31": "0.00", "2013-12-31": "0.00", "2013-09-30": "0.00", "2013-06-30": "0.00", "2013-03-31": "0.00", "2012-12-31": "0.00", "2012-09-30": "0.00", "2012-06-30": "0.00", "2012-03-31": "0.00", "2011-12-31": "0.00", "2011-09-30": "0.00", "2011-06-30": "0.00", "2011-03-31": "0.00", "2010-12-31": "0.00", "2010-09-30": "0.00", "2010-06-30": "0.00", "2010-03-31": "0.00", "2009-12-31": "0.00", "2009-09-30": "0.00", "2009-06-30": "0.00", "2009-03-31": "0.00", "2008-12-31": "0.00", "2008-09-30": "0.00", "2008-06-30": "0.00", "2008-03-31": "0.00", "2007-12-31": "0.00", "2007-09-30": "0.00", "2007-06-30": "0.00", "2007-03-31": "0.00", "2006-12-31": "0.00", "2006-09-30": "0.00", "2006-06-30": "0.00", "2006-03-31": "0.00", "2005-12-31": "0.00", "2005-09-30": "0.00", "2005-06-30": "0.00", "2005-03-31": "0.00"}, "debt equity ratio": {"current": "0.63", "2020-12-31": "6.18", "2020-09-30": "6.13", "2020-06-30": "6.32", "2020-03-31": "6.66", "2019-12-31": "6.11", "2019-09-30": "6.33", "2019-06-30": "6.27", "2019-03-31": "6.37", "2018-12-31": "6.48", "2018-09-30": "6.43", "2018-06-30": "6.47", "2018-03-31": "6.44", "2017-12-31": "6.46", "2017-09-30": "6.38", "2017-06-30": "6.29", "2017-03-31": "6.34", "2016-12-31": "6.33", "2016-09-30": "6.40", "2016-06-30": "6.46", "2016-03-31": "6.52", "2015-12-31": "6.68", "2015-09-30": "6.66", "2015-06-30": "6.60", "2015-03-31": "6.65", "2014-12-31": "6.66", "2014-09-30": "6.69", "2014-06-30": "6.85", "2014-03-31": "6.84", "2013-12-31": "7.02", "2013-09-30": "7.20", "2013-06-30": "7.31", "2013-03-31": "7.52", "2012-12-31": "7.69", "2012-09-30": "7.87", "2012-06-30": "8.43", "2012-03-31": "8.77", "2011-12-31": "8.99", "2011-09-30": "8.56", "2011-06-30": "8.34", "2011-03-31": "8.42", "2010-12-31": "8.52", "2010-09-30": "8.37", "2010-06-30": "8.26", "2010-03-31": "8.90", "2009-12-31": "9.21", "2009-09-30": "9.24", "2009-06-30": "9.30", "2009-03-31": "7.86", "2008-12-31": "8.45", "2008-09-30": "9.60", "2008-06-30": "9.66", "2008-03-31": "9.62", "2007-12-31": "9.50", "2007-09-30": "9.55", "2007-06-30": "9.52", "2007-03-31": "9.45", "2006-12-31": "9.33", "2006-09-30": "9.10", "2006-06-30": "9.42", "2006-03-31": "9.03", "2005-12-31": "8.81", "2005-09-30": "8.56", "2005-06-30": "8.54", "2005-03-31": "8.42"}, "return on equity": {"2020-12-31": "6.07%", "2020-09-30": "5.39%", "2020-06-30": "5.69%", "2020-03-31": "6.64%", "2019-12-31": "7.50%", "2019-09-30": "9.85%", "2019-06-30": "10.21%", "2019-03-31": "10.15%", "2018-12-31": "10.24%", "2018-09-30": "9.81%", "2018-06-30": "9.18%", "2018-03-31": "8.66%", "2017-12-31": "7.40%", "2017-09-30": "7.32%", "2017-06-30": "7.31%", "2017-03-31": "7.05%", "2016-12-31": "7.66%", "2016-09-30": "7.52%", "2016-06-30": "7.33%", "2016-03-31": "7.32%", "2015-12-31": "7.41%", "2015-09-30": "7.82%", "2015-06-30": "8.14%", "2015-03-31": "8.11%", "2014-12-31": "8.24%", "2014-09-30": "8.33%", "2014-06-30": "7.47%", "2014-03-31": "8.18%", "2013-12-31": "7.09%", "2013-09-30": "7.08%", "2013-06-30": "8.15%", "2013-03-31": "8.28%", "2012-12-31": "9.76%", "2012-09-30": "9.63%", "2012-06-30": "9.46%", "2012-03-31": "8.55%", "2011-12-31": "7.50%", "2011-09-30": "6.53%", "2011-06-30": "5.67%", "2011-03-31": "5.12%", "2010-12-31": "4.90%", "2010-09-30": "4.78%", "2010-06-30": "4.48%", "2010-03-31": "4.06%", "2009-12-31": "4.60%", "2009-09-30": "5.24%", "2009-06-30": "6.89%", "2009-03-31": "9.25%", "2008-12-31": "10.96%", "2008-09-30": "12.69%", "2008-06-30": "13.51%", "2008-03-31": "13.93%", "2007-12-31": "14.21%", "2007-09-30": "13.14%", "2007-06-30": "13.10%", "2007-03-31": "13.12%", "2006-12-31": "13.40%", "2006-09-30": "15.17%", "2006-06-30": "15.58%", "2006-03-31": "15.23%", "2005-12-31": "14.95%"}, "return on assets": {"2020-12-31": "0.83%", "2020-09-30": "0.74%", "2020-06-30": "0.77%", "2020-03-31": "0.90%", "2019-12-31": "1.04%", "2019-09-30": "1.34%", "2019-06-30": "1.38%", "2019-03-31": "1.36%", "2018-12-31": "1.37%", "2018-09-30": "1.32%", "2018-06-30": "1.23%", "2018-03-31": "1.17%", "2017-12-31": "1.00%", "2017-09-30": "1.00%", "2017-06-30": "1.00%", "2017-03-31": "0.95%", "2016-12-31": "1.03%", "2016-09-30": "1.00%", "2016-06-30": "0.97%", "2016-03-31": "0.96%", "2015-12-31": "0.97%", "2015-09-30": "1.02%", "2015-06-30": "1.06%", "2015-03-31": "1.05%", "2014-12-31": "1.06%", "2014-09-30": "1.06%", "2014-06-30": "0.94%", "2014-03-31": "1.01%", "2013-12-31": "0.86%", "2013-09-30": "0.84%", "2013-06-30": "0.95%", "2013-03-31": "0.93%", "2012-12-31": "1.06%", "2012-09-30": "1.01%", "2012-06-30": "0.98%", "2012-03-31": "0.88%", "2011-12-31": "0.78%", "2011-09-30": "0.69%", "2011-06-30": "0.60%", "2011-03-31": "0.54%", "2010-12-31": "0.52%", "2010-09-30": "0.49%", "2010-06-30": "0.45%", "2010-03-31": "0.40%", "2009-12-31": "0.47%", "2009-09-30": "0.54%", "2009-06-30": "0.71%", "2009-03-31": "0.94%", "2008-12-31": "1.07%", "2008-09-30": "1.20%", "2008-06-30": "1.28%", "2008-03-31": "1.32%", "2007-12-31": "1.35%", "2007-09-30": "1.26%", "2007-06-30": "1.27%", "2007-03-31": "1.27%", "2006-12-31": "1.31%", "2006-09-30": "1.50%", "2006-06-30": "1.57%", "2006-03-31": "1.56%", "2005-12-31": "1.56%"}, "return on investments": {"2020-12-31": "5.46%", "2020-09-30": "4.75%", "2020-06-30": "4.83%", "2020-03-31": "5.36%", "2019-12-31": "6.35%", "2019-09-30": "7.87%", "2019-06-30": "8.01%", "2019-03-31": "7.86%", "2018-12-31": "7.86%", "2018-09-30": "7.53%", "2018-06-30": "7.47%", "2018-03-31": "7.42%", "2017-12-31": "6.62%", "2017-09-30": "6.76%", "2017-06-30": "6.63%", "2017-03-31": "6.45%", "2016-12-31": "6.99%", "2016-09-30": "6.83%", "2016-06-30": "6.61%", "2016-03-31": "6.16%", "2015-12-31": "6.17%", "2015-09-30": "6.39%", "2015-06-30": "6.36%", "2015-03-31": "6.66%", "2014-12-31": "6.78%", "2014-09-30": "7.13%", "2014-06-30": "7.36%", "2014-03-31": "7.82%", "2013-12-31": "7.94%", "2013-09-30": "7.56%", "2013-06-30": "7.58%", "2013-03-31": "7.34%", "2012-12-31": "7.05%", "2012-09-30": "6.44%", "2012-06-30": "5.75%", "2012-03-31": "5.01%", "2011-12-31": "4.14%", "2011-09-30": "3.50%", "2011-06-30": "3.05%", "2011-03-31": "2.74%", "2010-12-31": "2.70%", "2010-09-30": "2.66%", "2010-06-30": "2.44%", "2010-03-31": "2.44%", "2009-12-31": "3.02%", "2009-09-30": "3.45%", "2009-06-30": "4.56%", "2009-03-31": "5.60%", "2008-12-31": "6.15%", "2008-09-30": "7.07%", "2008-06-30": "7.68%", "2008-03-31": "8.12%", "2007-12-31": "8.34%", "2007-09-30": "8.51%", "2007-06-30": "8.65%", "2007-03-31": "8.83%", "2006-12-31": "9.41%", "2006-09-30": "9.93%", "2006-06-30": "10.47%", "2006-03-31": "10.54%", "2005-12-31": "10.58%"}, "return on tangible equity": {"2020-09-30": "9.46%", "2020-06-30": "9.91%", "2020-03-31": "11.40%", "2019-12-31": "12.48%", "2019-09-30": "15.61%", "2019-06-30": "16.44%", "2019-03-31": "16.49%", "2018-12-31": "16.70%", "2018-09-30": "15.98%", "2018-06-30": "14.88%", "2018-03-31": "14.00%", "2017-12-31": "11.98%", "2017-09-30": "11.84%", "2017-06-30": "11.81%", "2017-03-31": "11.40%", "2016-12-31": "12.26%", "2016-09-30": "11.96%", "2016-06-30": "11.62%", "2016-03-31": "11.42%", "2015-12-31": "11.47%", "2015-09-30": "11.95%", "2015-06-30": "12.30%", "2015-03-31": "12.30%", "2014-12-31": "12.61%", "2014-09-30": "12.89%", "2014-06-30": "11.73%", "2014-03-31": "12.99%", "2013-12-31": "11.41%", "2013-09-30": "11.44%", "2013-06-30": "13.24%", "2013-03-31": "13.58%", "2012-12-31": "16.11%", "2012-09-30": "16.06%", "2012-06-30": "15.86%", "2012-03-31": "14.48%", "2011-12-31": "12.94%", "2011-09-30": "11.46%", "2011-06-30": "10.07%", "2011-03-31": "9.10%", "2010-12-31": "8.76%", "2010-09-30": "8.62%", "2010-06-30": "8.21%", "2010-03-31": "7.47%", "2009-12-31": "8.24%", "2009-09-30": "9.11%", "2009-06-30": "12.11%", "2009-03-31": "16.58%", "2008-12-31": "20.46%", "2008-09-30": "24.93%", "2008-06-30": "26.49%", "2008-03-31": "27.43%", "2007-12-31": "28.34%", "2007-09-30": "26.26%", "2007-06-30": "26.13%", "2007-03-31": "26.18%", "2006-12-31": "26.46%", "2006-09-30": "29.59%", "2006-06-30": "29.38%", "2006-03-31": "27.64%", "2005-12-31": "26.59%"}, "dividend yield history": {"last payout": "$1.80", "last yield": "3.37%"}}