{"ticker": "TFSL", "price": {"title": "TFS Financial Historical Annual Stock Price Data", "value": 17.53, "historical": {"2020": {"Average Stock Price": "16.2808", "Year Open": "19.7200", "Year High": "22.4600", "Year Low": "12.7600", "Year Close": "17.6300", "Annual % Change": "-10.42%"}, "2019": {"Average Stock Price": "17.7669", "Year Open": "16.2600", "Year High": "20.4200", "Year Low": "15.9600", "Year Close": "19.6800", "Annual % Change": "22.01%"}, "2018": {"Average Stock Price": "15.3470", "Year Open": "14.7800", "Year High": "16.4800", "Year Low": "14.3000", "Year Close": "16.1300", "Annual % Change": "7.97%"}, "2017": {"Average Stock Price": "16.1291", "Year Open": "19.0300", "Year High": "19.3600", "Year Low": "14.7900", "Year Close": "14.9400", "Annual % Change": "-21.53%"}, "2016": {"Average Stock Price": "17.8324", "Year Open": "18.4100", "Year High": "19.8300", "Year Low": "15.6000", "Year Close": "19.0400", "Annual % Change": "1.12%"}, "2015": {"Average Stock Price": "16.1840", "Year Open": "14.6950", "Year High": "19.2300", "Year Low": "14.0200", "Year Close": "18.8300", "Annual % Change": "26.50%"}, "2014": {"Average Stock Price": "13.5431", "Year Open": "12.0100", "Year High": "15.2800", "Year Low": "11.3800", "Year Close": "14.8850", "Annual % Change": "22.86%"}, "2013": {"Average Stock Price": "11.2009", "Year Open": "9.8200", "Year High": "12.3800", "Year Low": "9.8200", "Year Close": "12.1150", "Annual % Change": "25.94%"}, "2012": {"Average Stock Price": "9.1860", "Year Open": "9.0200", "Year High": "9.9700", "Year Low": "8.1800", "Year Close": "9.6200", "Annual % Change": "7.37%"}, "2011": {"Average Stock Price": "9.5662", "Year Open": "9.1700", "Year High": "10.9000", "Year Low": "7.7900", "Year Close": "8.9600", "Annual % Change": "-0.67%"}, "2010": {"Average Stock Price": "11.3250", "Year Open": "12.1700", "Year High": "14.3700", "Year Low": "8.0100", "Year Close": "9.0200", "Annual % Change": "-25.70%"}, "2009": {"Average Stock Price": "11.6898", "Year Open": "12.8700", "Year High": "13.0900", "Year Low": "10.3100", "Year Close": "12.1400", "Annual % Change": "-5.89%"}, "2008": {"Average Stock Price": "12.1281", "Year Open": "11.8400", "Year High": "13.5900", "Year Low": "9.5500", "Year Close": "12.9000", "Annual % Change": "8.04%"}, "2007": {"Average Stock Price": "12.0645", "Year Open": "11.7900", "Year High": "13.1500", "Year Low": "10.6700", "Year Close": "11.9400", "Annual % Change": "0.00%"}}}, "market cap": {"value": "$4.92B"}, "income statement": {"Revenue": {"2020-09-30": "508.54900", "2019-09-30": "502.55100", "2018-09-30": "464.58100", "2017-09-30": "428.84400", "2016-09-30": "413.39300", "2015-09-30": "407.73700", "2014-09-30": "396.58400", "2013-09-30": "412.44000", "2012-09-30": "442.31600", "2011-09-30": "458.47500", "2010-09-30": "496.52900", "2009-09-30": "554.60600", "2008-09-30": "597.96300", "2007-09-30": "589.11400", "2006-09-30": "479.41100", "2005-09-30": "453.83800"}, "Cost Of Goods Sold": {"2020-09-30": "213.03000", "2019-09-30": "216.66600", "2018-09-30": "162.10400", "2017-09-30": "130.09900", "2016-09-30": "118.02600", "2015-09-30": "113.35000", "2014-09-30": "103.25100", "2013-09-30": "115.41900", "2012-09-30": "155.64600", "2011-09-30": "179.84500", "2010-09-30": "210.38500", "2009-09-30": "257.14700", "2008-09-30": "330.32100", "2007-09-30": "344.52300", "2006-09-30": "289.13700", "2005-09-30": "227.62000"}, "Gross Profit": {"2020-09-30": "295.51900", "2019-09-30": "285.88500", "2018-09-30": "302.47700", "2017-09-30": "298.74500", "2016-09-30": "295.36700", "2015-09-30": "294.38700", "2014-09-30": "293.33300", "2013-09-30": "297.02100", "2012-09-30": "286.67000", "2011-09-30": "278.63000", "2010-09-30": "286.14400", "2009-09-30": "297.45900", "2008-09-30": "267.64200", "2007-09-30": "244.59090", "2006-09-30": "190.27400", "2005-09-30": "226.21800"}, "Research And Development Expenses": {"2020-09-30": "", "2019-09-30": "", "2018-09-30": "", "2017-09-30": "", "2016-09-30": "", "2015-09-30": "", "2014-09-30": "", "2013-09-30": "", "2012-09-30": "", "2011-09-30": "", "2010-09-30": "", "2009-09-30": "", "2008-09-30": "", "2007-09-30": "", "2006-09-30": "", "2005-09-30": ""}, "SG&A Expenses": {"2020-09-30": "195.27400", "2019-09-30": "183.67300", "2018-09-30": "181.31300", "2017-09-30": "165.40400", "2016-09-30": "173.00400", "2015-09-30": "184.99200", "2014-09-30": "194.47600", "2013-09-30": "214.66000", "2012-09-30": "273.05800", "2011-09-30": "266.55500", "2010-09-30": "267.93300", "2009-09-30": "277.38800", "2008-09-30": "185.94700", "2007-09-30": "200.70900", "2006-09-30": "128.56500", "2005-09-30": "129.20800"}, "Other Operating Income Or Expenses": {"2020-09-30": "", "2019-09-30": "", "2018-09-30": "", "2017-09-30": "", "2016-09-30": "", "2015-09-30": "", "2014-09-30": "", "2013-09-30": "", "2012-09-30": "", "2011-09-30": "", "2010-09-30": "", "2009-09-30": "", "2008-09-30": "", "2007-09-30": "", "2006-09-30": "", "2005-09-30": ""}, "Operating Expenses": {"2020-09-30": "408.30400", "2019-09-30": "400.33900", "2018-09-30": "343.41700", "2017-09-30": "295.50300", "2016-09-30": "291.03000", "2015-09-30": "298.34200", "2014-09-30": "297.72700", "2013-09-30": "330.07900", "2012-09-30": "428.70400", "2011-09-30": "446.40000", "2010-09-30": "478.31800", "2009-09-30": "534.53500", "2008-09-30": "516.26800", "2007-09-30": "545.23210", "2006-09-30": "417.70200", "2005-09-30": "356.82800"}, "Operating Income": {"2020-09-30": "100.24500", "2019-09-30": "102.21200", "2018-09-30": "121.16400", "2017-09-30": "133.34100", "2016-09-30": "122.36300", "2015-09-30": "109.39500", "2014-09-30": "98.85700", "2013-09-30": "82.36100", "2012-09-30": "13.61200", "2011-09-30": "12.07500", "2010-09-30": "18.21100", "2009-09-30": "20.07090", "2008-09-30": "81.69500", "2007-09-30": "43.88190", "2006-09-30": "61.70900", "2005-09-30": "97.01000"}, "Total Non-Operating Income/Expense": {"2020-09-30": "", "2019-09-30": "", "2018-09-30": "", "2017-09-30": "", "2016-09-30": "", "2015-09-30": "", "2014-09-30": "", "2013-09-30": "", "2012-09-30": "", "2011-09-30": "", "2010-09-30": "", "2009-09-30": "", "2008-09-30": "", "2007-09-30": "", "2006-09-30": "", "2005-09-30": ""}, "Pre-Tax Income": {"2020-09-30": "100.24500", "2019-09-30": "102.21200", "2018-09-30": "121.16400", "2017-09-30": "133.34100", "2016-09-30": "122.36300", "2015-09-30": "109.39500", "2014-09-30": "98.85700", "2013-09-30": "82.36100", "2012-09-30": "13.61200", "2011-09-30": "12.07500", "2010-09-30": "18.21100", "2009-09-30": "20.07100", "2008-09-30": "81.69500", "2007-09-30": "43.88200", "2006-09-30": "61.70900", "2005-09-30": "97.01000"}, "Income Taxes": {"2020-09-30": "16.92800", "2019-09-30": "21.97500", "2018-09-30": "35.75700", "2017-09-30": "44.46400", "2016-09-30": "41.81000", "2015-09-30": "36.80400", "2014-09-30": "32.96600", "2013-09-30": "26.40200", "2012-09-30": "2.13300", "2011-09-30": "2.73500", "2010-09-30": "6.87300", "2009-09-30": "5.67600", "2008-09-30": "27.20500", "2007-09-30": "18.27100", "2006-09-30": "18.17000", "2005-09-30": "32.50200"}, "Income After Taxes": {"2020-09-30": "83.31700", "2019-09-30": "80.23700", "2018-09-30": "85.40700", "2017-09-30": "88.87700", "2016-09-30": "80.55300", "2015-09-30": "72.59100", "2014-09-30": "65.89100", "2013-09-30": "55.95900", "2012-09-30": "11.47900", "2011-09-30": "9.34000", "2010-09-30": "11.33800", "2009-09-30": "14.39500", "2008-09-30": "54.49000", "2007-09-30": "25.61100", "2006-09-30": "43.53900", "2005-09-30": "64.50800"}, "Other Income": {"2020-09-30": "", "2019-09-30": "", "2018-09-30": "", "2017-09-30": "", "2016-09-30": "", "2015-09-30": "", "2014-09-30": "", "2013-09-30": "", "2012-09-30": "", "2011-09-30": "", "2010-09-30": "", "2009-09-30": "", "2008-09-30": "", "2007-09-30": "", "2006-09-30": "", "2005-09-30": ""}, "Income From Continuous Operations": {"2020-09-30": "83.31700", "2019-09-30": "80.23700", "2018-09-30": "85.40700", "2017-09-30": "88.87700", "2016-09-30": "80.55300", "2015-09-30": "72.59100", "2014-09-30": "65.89100", "2013-09-30": "55.95900", "2012-09-30": "11.47900", "2011-09-30": "9.34000", "2010-09-30": "11.33800", "2009-09-30": "14.39500", "2008-09-30": "54.49000", "2007-09-30": "25.61100", "2006-09-30": "43.53900", "2005-09-30": "64.50800"}, "Income From Discontinued Operations": {"2020-09-30": "", "2019-09-30": "", "2018-09-30": "", "2017-09-30": "", "2016-09-30": "", "2015-09-30": "", "2014-09-30": "", "2013-09-30": "", "2012-09-30": "", "2011-09-30": "", "2010-09-30": "", "2009-09-30": "", "2008-09-30": "", "2007-09-30": "", "2006-09-30": "", "2005-09-30": ""}, "Net Income": {"2020-09-30": "81.73800", "2019-09-30": "78.71500", "2018-09-30": "84.19600", "2017-09-30": "87.97600", "2016-09-30": "79.79200", "2015-09-30": "71.96500", "2014-09-30": "65.50700", "2013-09-30": "55.67300", "2012-09-30": "11.41900", "2011-09-30": "9.29000", "2010-09-30": "11.00400", "2009-09-30": "13.96200", "2008-09-30": "54.37200", "2007-09-30": "25.61100", "2006-09-30": "43.53900", "2005-09-30": "64.50800"}, "EBITDA": {"2020-09-30": "", "2019-09-30": "", "2018-09-30": "", "2017-09-30": "", "2016-09-30": "", "2015-09-30": "", "2014-09-30": "", "2013-09-30": "", "2012-09-30": "", "2011-09-30": "", "2010-09-30": "", "2009-09-30": "", "2008-09-30": "", "2007-09-30": "", "2006-09-30": "", "2005-09-30": ""}, "EBIT": {"2020-09-30": "", "2019-09-30": "", "2018-09-30": "", "2017-09-30": "", "2016-09-30": "", "2015-09-30": "", "2014-09-30": "", "2013-09-30": "", "2012-09-30": "", "2011-09-30": "", "2010-09-30": "", "2009-09-30": "", "2008-09-30": "", "2007-09-30": "", "2006-09-30": "", "2005-09-30": ""}, "Basic Shares Outstanding": {"2020-09-30": "275.86000", "2019-09-30": "275.39600", "2018-09-30": "275.59000", "2017-09-30": "277.21300", "2016-09-30": "281.56700", "2015-09-30": "289.93600", "2014-09-30": "298.97400", "2013-09-30": "301.83300", "2012-09-30": "301.22700", "2011-09-30": "300.35800", "2010-09-30": "299.79560", "2009-09-30": "301.22760", "2008-09-30": "319.38690", "2007-09-30": "269.51340", "2006-09-30": "227.11900", "2005-09-30": "227.11910"}, "Shares Outstanding": {"2020-09-30": "277.80300", "2019-09-30": "277.37400", "2018-09-30": "277.29800", "2017-09-30": "279.26900", "2016-09-30": "283.78600", "2015-09-30": "292.21000", "2014-09-30": "300.55700", "2013-09-30": "302.74700", "2012-09-30": "301.77000", "2011-09-30": "300.97000", "2010-09-30": "300.25290", "2009-09-30": "301.59240", "2008-09-30": "319.50210", "2007-09-30": "269.51340", "2006-09-30": "227.11900", "2005-09-30": "227.11910"}, "Basic EPS": {"2020-09-30": "0.30000", "2019-09-30": "0.29000", "2018-09-30": "0.31000", "2017-09-30": "0.32000", "2016-09-30": "0.28000", "2015-09-30": "0.25000", "2014-09-30": "0.22000", "2013-09-30": "0.18000", "2012-09-30": "0.04000", "2011-09-30": "0.03000", "2010-09-30": "0.04000", "2009-09-30": "0.05000", "2008-09-30": "0.17000", "2007-09-30": "0.10000", "2006-09-30": "0.19000", "2005-09-30": "0.28000"}, "EPS - Earnings Per Share": {"2020-09-30": "0.29000", "2019-09-30": "0.28000", "2018-09-30": "0.30000", "2017-09-30": "0.32000", "2016-09-30": "0.28000", "2015-09-30": "0.25000", "2014-09-30": "0.22000", "2013-09-30": "0.18000", "2012-09-30": "0.04000", "2011-09-30": "0.03000", "2010-09-30": "0.04000", "2009-09-30": "0.05000", "2008-09-30": "0.17000", "2007-09-30": "0.10000", "2006-09-30": "0.19000", "2005-09-30": "0.28000"}}, "income statement, quarterly": {"Revenue": {"2020-09-30": "122.81400", "2020-06-30": "125.28000", "2020-03-31": "128.47300", "2019-12-31": "131.98200", "2019-09-30": "128.11200", "2019-06-30": "126.12600", "2019-03-31": "125.34900", "2018-12-31": "122.96400", "2018-09-30": "119.40300", "2018-06-30": "118.30900", "2018-03-31": "114.79600", "2017-12-31": "112.07300", "2017-09-30": "111.10200", "2017-06-30": "108.52500", "2017-03-31": "105.63500", "2016-12-31": "103.58200", "2016-09-30": "103.89600", "2016-06-30": "103.10100", "2016-03-31": "103.84800", "2015-12-31": "102.54800", "2015-09-30": "102.70800", "2015-06-30": "101.79800", "2015-03-31": "101.54200", "2014-12-31": "101.68900", "2014-09-30": "100.14200", "2014-06-30": "99.46600", "2014-03-31": "98.87900", "2013-12-31": "98.09700", "2013-09-30": "97.83600", "2013-06-30": "103.02800", "2013-03-31": "102.94100", "2012-12-31": "108.63500", "2012-09-30": "109.30700", "2012-06-30": "110.53600", "2012-03-31": "111.22900", "2011-12-31": "111.24400", "2011-09-30": "114.17000", "2011-06-30": "116.04500", "2011-03-31": "114.00000", "2010-12-31": "114.26000", "2010-09-30": "112.13800", "2010-06-30": "137.91800", "2010-03-31": "122.03700", "2009-12-31": "124.43600", "2009-09-30": "130.85690", "2009-06-30": "139.39700", "2009-03-31": "141.01700", "2008-12-31": "143.33500", "2008-09-30": "146.14000", "2008-06-30": "143.51000", "2008-03-31": "149.71200", "2007-12-31": "158.60100", "2007-09-30": "159.04700", "2007-06-30": "154.29500", "2007-03-31": "137.61800", "2006-12-31": "138.15400", "2006-09-30": "110.04100", "2006-06-30": "125.50100", "2006-03-31": "126.32100", "2005-12-31": "117.54800"}, "Cost Of Goods Sold": {"2020-09-30": "55.59600", "2020-06-30": "47.07900", "2020-03-31": "54.48800", "2019-12-31": "55.86700", "2019-09-30": "57.98300", "2019-06-30": "55.52500", "2019-03-31": "52.68200", "2018-12-31": "50.47600", "2018-09-30": "45.53600", "2018-06-30": "40.84500", "2018-03-31": "38.48200", "2017-12-31": "37.24100", "2017-09-30": "35.86900", "2017-06-30": "33.44900", "2017-03-31": "30.79700", "2016-12-31": "29.98400", "2016-09-30": "30.24600", "2016-06-30": "29.60400", "2016-03-31": "29.38600", "2015-12-31": "28.79000", "2015-09-30": "28.44200", "2015-06-30": "28.08300", "2015-03-31": "28.22500", "2014-12-31": "28.60000", "2014-09-30": "27.83200", "2014-06-30": "25.88400", "2014-03-31": "24.31100", "2013-12-31": "25.22400", "2013-09-30": "26.46600", "2013-06-30": "28.07600", "2013-03-31": "28.90500", "2012-12-31": "31.97200", "2012-09-30": "36.97200", "2012-06-30": "38.36100", "2012-03-31": "39.03300", "2011-12-31": "41.28000", "2011-09-30": "43.01700", "2011-06-30": "44.24100", "2011-03-31": "44.83200", "2010-12-31": "47.75500", "2010-09-30": "50.16700", "2010-06-30": "51.92600", "2010-03-31": "52.79400", "2009-12-31": "55.49800", "2009-09-30": "57.88000", "2009-06-30": "59.51700", "2009-03-31": "63.89800", "2008-12-31": "75.85200", "2008-09-30": "76.53000", "2008-06-30": "75.26300", "2008-03-31": "85.83200", "2007-12-31": "92.69600", "2007-09-30": "93.37500", "2007-06-30": "87.33900", "2007-03-31": "82.70200", "2006-12-31": "81.10700", "2006-09-30": "80.26000", "2006-06-30": "74.14400", "2006-03-31": "68.05300", "2005-12-31": "66.68000"}, "Gross Profit": {"2020-09-30": "67.21800", "2020-06-30": "78.20100", "2020-03-31": "73.98500", "2019-12-31": "76.11500", "2019-09-30": "70.12900", "2019-06-30": "70.60100", "2019-03-31": "72.66700", "2018-12-31": "72.48800", "2018-09-30": "73.86700", "2018-06-30": "77.46400", "2018-03-31": "76.31400", "2017-12-31": "74.83200", "2017-09-30": "75.23300", "2017-06-30": "75.07600", "2017-03-31": "74.83800", "2016-12-31": "73.59800", "2016-09-30": "73.65000", "2016-06-30": "73.49700", "2016-03-31": "74.46200", "2015-12-31": "73.75800", "2015-09-30": "74.26600", "2015-06-30": "73.71500", "2015-03-31": "73.31700", "2014-12-31": "73.08900", "2014-09-30": "72.31000", "2014-06-30": "73.58200", "2014-03-31": "74.56800", "2013-12-31": "72.87300", "2013-09-30": "71.37000", "2013-06-30": "74.95200", "2013-03-31": "74.03600", "2012-12-31": "76.66300", "2012-09-30": "72.33500", "2012-06-30": "72.17500", "2012-03-31": "72.19600", "2011-12-31": "69.96400", "2011-09-30": "71.15300", "2011-06-30": "71.80400", "2011-03-31": "69.16800", "2010-12-31": "66.50500", "2010-09-30": "61.97100", "2010-06-30": "85.99200", "2010-03-31": "69.24300", "2009-12-31": "68.93800", "2009-09-30": "72.97690", "2009-06-30": "79.88000", "2009-03-31": "77.11900", "2008-12-31": "67.48300", "2008-09-30": "69.61000", "2008-06-30": "68.24700", "2008-03-31": "63.88000", "2007-12-31": "65.90500", "2007-09-30": "65.67200", "2007-06-30": "66.95600", "2007-03-31": "54.91600", "2006-12-31": "57.04700", "2006-09-30": "29.78100", "2006-06-30": "51.35700", "2006-03-31": "58.26800", "2005-12-31": "50.86800"}, "Research And Development Expenses": {"2020-09-30": "", "2020-06-30": "", "2020-03-31": "", "2019-12-31": "", "2019-09-30": "", "2019-06-30": "", "2019-03-31": "", "2018-12-31": "", "2018-09-30": "", "2018-06-30": "", "2018-03-31": "", "2017-12-31": "", "2017-09-30": "", "2017-06-30": "", "2017-03-31": "", "2016-12-31": "", "2016-09-30": "", "2016-06-30": "", "2016-03-31": "", "2015-12-31": "", "2015-09-30": "", "2015-06-30": "", "2015-03-31": "", "2014-12-31": "", "2014-09-30": "", "2014-06-30": "", "2014-03-31": "", "2013-12-31": "", "2013-09-30": "", "2013-06-30": "", "2013-03-31": "", "2012-12-31": "", "2012-09-30": "", "2012-06-30": "", "2012-03-31": "", "2011-12-31": "", "2011-09-30": "", "2011-06-30": "", "2011-03-31": "", "2010-12-31": "", "2010-09-30": "", "2010-06-30": "", "2010-03-31": "", "2009-12-31": "", "2009-09-30": "", "2009-06-30": "", "2009-03-31": "", "2008-12-31": "", "2008-09-30": "", "2008-06-30": "", "2008-03-31": "", "2007-12-31": "", "2007-09-30": "", "2007-06-30": "", "2007-03-31": "", "2006-12-31": "", "2006-09-30": "", "2006-06-30": "", "2006-03-31": "", "2005-12-31": ""}, "SG&A Expenses": {"2020-09-30": "50.56300", "2020-06-30": "44.83300", "2020-03-31": "55.55800", "2019-12-31": "44.32000", "2019-09-30": "43.09800", "2019-06-30": "47.86800", "2019-03-31": "46.72700", "2018-12-31": "45.98000", "2018-09-30": "43.42000", "2018-06-30": "49.42900", "2018-03-31": "45.68800", "2017-12-31": "42.77600", "2017-09-30": "40.17900", "2017-06-30": "40.66900", "2017-03-31": "39.29400", "2016-12-31": "45.26200", "2016-09-30": "39.05400", "2016-06-30": "41.97600", "2016-03-31": "45.34100", "2015-12-31": "46.63300", "2015-09-30": "41.02400", "2015-06-30": "47.81900", "2015-03-31": "49.82900", "2014-12-31": "47.97300", "2014-09-30": "48.83700", "2014-06-30": "46.84900", "2014-03-31": "49.93100", "2013-12-31": "48.85900", "2013-09-30": "52.39900", "2013-06-30": "51.26600", "2013-03-31": "55.22900", "2012-12-31": "60.53400", "2012-09-30": "73.51700", "2012-06-30": "71.74200", "2012-03-31": "70.32000", "2011-12-31": "57.47900", "2011-09-30": "60.58400", "2011-06-30": "62.05200", "2011-03-31": "66.47500", "2010-12-31": "77.44400", "2010-09-30": "76.82000", "2010-06-30": "70.68100", "2010-03-31": "64.33300", "2009-12-31": "56.09900", "2009-09-30": "92.60200", "2009-06-30": "65.82200", "2009-03-31": "68.74500", "2008-12-31": "50.21900", "2008-09-30": "50.99700", "2008-06-30": "57.33100", "2008-03-31": "40.51600", "2007-12-31": "37.10300", "2007-09-30": "36.74600", "2007-06-30": "90.69200", "2007-03-31": "37.18600", "2006-12-31": "33.52200", "2006-09-30": "39.03400", "2006-06-30": "29.65400", "2006-03-31": "29.78100", "2005-12-31": "29.54400"}, "Other Operating Income Or Expenses": {"2020-09-30": "", "2020-06-30": "", "2020-03-31": "", "2019-12-31": "", "2019-09-30": "", "2019-06-30": "", "2019-03-31": "", "2018-12-31": "", "2018-09-30": "", "2018-06-30": "", "2018-03-31": "", "2017-12-31": "", "2017-09-30": "", "2017-06-30": "", "2017-03-31": "", "2016-12-31": "", "2016-09-30": "", "2016-06-30": "", "2016-03-31": "", "2015-12-31": "", "2015-09-30": "", "2015-06-30": "", "2015-03-31": "", "2014-12-31": "", "2014-09-30": "", "2014-06-30": "", "2014-03-31": "", "2013-12-31": "", "2013-09-30": "", "2013-06-30": "", "2013-03-31": "", "2012-12-31": "", "2012-09-30": "", "2012-06-30": "", "2012-03-31": "", "2011-12-31": "", "2011-09-30": "", "2011-06-30": "", "2011-03-31": "", "2010-12-31": "", "2010-09-30": "", "2010-06-30": "", "2010-03-31": "", "2009-12-31": "", "2009-09-30": "", "2009-06-30": "", "2009-03-31": "", "2008-12-31": "", "2008-09-30": "", "2008-06-30": "", "2008-03-31": "", "2007-12-31": "", "2007-09-30": "", "2007-06-30": "", "2007-03-31": "", "2006-12-31": "", "2006-09-30": "", "2006-06-30": "", "2006-03-31": "", "2005-12-31": ""}, "Operating Expenses": {"2020-09-30": "106.15900", "2020-06-30": "91.91200", "2020-03-31": "110.04600", "2019-12-31": "100.18700", "2019-09-30": "101.08100", "2019-06-30": "103.39300", "2019-03-31": "99.40900", "2018-12-31": "96.45600", "2018-09-30": "88.95600", "2018-06-30": "90.27400", "2018-03-31": "84.17000", "2017-12-31": "80.01700", "2017-09-30": "76.04800", "2017-06-30": "74.11800", "2017-03-31": "70.09100", "2016-12-31": "75.24600", "2016-09-30": "69.30000", "2016-06-30": "71.58000", "2016-03-31": "74.72700", "2015-12-31": "75.42300", "2015-09-30": "69.46600", "2015-06-30": "75.90200", "2015-03-31": "78.05400", "2014-12-31": "76.57300", "2014-09-30": "76.66900", "2014-06-30": "72.73300", "2014-03-31": "74.24200", "2013-12-31": "74.08300", "2013-09-30": "78.86500", "2013-06-30": "79.34200", "2013-03-31": "84.13400", "2012-12-31": "92.50600", "2012-09-30": "110.48900", "2012-06-30": "110.10300", "2012-03-31": "109.35300", "2011-12-31": "98.75900", "2011-09-30": "103.60100", "2011-06-30": "106.29300", "2011-03-31": "111.30700", "2010-12-31": "125.19900", "2010-09-30": "126.98700", "2010-06-30": "122.60700", "2010-03-31": "117.12700", "2009-12-31": "111.59700", "2009-09-30": "150.48200", "2009-06-30": "125.33900", "2009-03-31": "132.64300", "2008-12-31": "126.07100", "2008-09-30": "127.52700", "2008-06-30": "132.59400", "2008-03-31": "126.34800", "2007-12-31": "129.79900", "2007-09-30": "130.12100", "2007-06-30": "178.03100", "2007-03-31": "119.88800", "2006-12-31": "114.62900", "2006-09-30": "119.29400", "2006-06-30": "103.79800", "2006-03-31": "97.83400", "2005-12-31": "96.22400"}, "Operating Income": {"2020-09-30": "16.65500", "2020-06-30": "33.36800", "2020-03-31": "18.42700", "2019-12-31": "31.79500", "2019-09-30": "27.03100", "2019-06-30": "22.73300", "2019-03-31": "25.94000", "2018-12-31": "26.50800", "2018-09-30": "30.44700", "2018-06-30": "28.03500", "2018-03-31": "30.62600", "2017-12-31": "32.05600", "2017-09-30": "35.05400", "2017-06-30": "34.40700", "2017-03-31": "35.54400", "2016-12-31": "28.33600", "2016-09-30": "34.59600", "2016-06-30": "31.52100", "2016-03-31": "29.12100", "2015-12-31": "27.12500", "2015-09-30": "33.24200", "2015-06-30": "25.89600", "2015-03-31": "23.48800", "2014-12-31": "25.11600", "2014-09-30": "23.47300", "2014-06-30": "26.73300", "2014-03-31": "24.63700", "2013-12-31": "24.01400", "2013-09-30": "18.97100", "2013-06-30": "23.68600", "2013-03-31": "18.80700", "2012-12-31": "16.12900", "2012-09-30": "-1.18200", "2012-06-30": "0.43300", "2012-03-31": "1.87600", "2011-12-31": "12.48500", "2011-09-30": "10.56900", "2011-06-30": "9.75200", "2011-03-31": "2.69300", "2010-12-31": "-10.93900", "2010-09-30": "-14.84900", "2010-06-30": "15.31100", "2010-03-31": "4.91000", "2009-12-31": "12.83900", "2009-09-30": "-19.62510", "2009-06-30": "14.05800", "2009-03-31": "8.37400", "2008-12-31": "17.26400", "2008-09-30": "18.61300", "2008-06-30": "10.91600", "2008-03-31": "23.36400", "2007-12-31": "28.80200", "2007-09-30": "28.92600", "2007-06-30": "-23.73600", "2007-03-31": "17.73000", "2006-12-31": "23.52500", "2006-09-30": "-9.25300", "2006-06-30": "21.70300", "2006-03-31": "28.48700", "2005-12-31": "21.32400"}, "Total Non-Operating Income/Expense": {"2020-09-30": "", "2020-06-30": "", "2020-03-31": "", "2019-12-31": "", "2019-09-30": "", "2019-06-30": "", "2019-03-31": "", "2018-12-31": "", "2018-09-30": "", "2018-06-30": "", "2018-03-31": "", "2017-12-31": "", "2017-09-30": "", "2017-06-30": "", "2017-03-31": "", "2016-12-31": "", "2016-09-30": "", "2016-06-30": "", "2016-03-31": "", "2015-12-31": "", "2015-09-30": "", "2015-06-30": "", "2015-03-31": "", "2014-12-31": "", "2014-09-30": "", "2014-06-30": "", "2014-03-31": "", "2013-12-31": "", "2013-09-30": "", "2013-06-30": "", "2013-03-31": "", "2012-12-31": "", "2012-09-30": "", "2012-06-30": "", "2012-03-31": "", "2011-12-31": "", "2011-09-30": "", "2011-06-30": "", "2011-03-31": "", "2010-12-31": "", "2010-09-30": "", "2010-06-30": "", "2010-03-31": "", "2009-12-31": "", "2009-09-30": "", "2009-06-30": "", "2009-03-31": "", "2008-12-31": "", "2008-09-30": "", "2008-06-30": "", "2008-03-31": "", "2007-12-31": "", "2007-09-30": "", "2007-06-30": "", "2007-03-31": "", "2006-12-31": "", "2006-09-30": "", "2006-06-30": "", "2006-03-31": "", "2005-12-31": ""}, "Pre-Tax Income": {"2020-09-30": "16.65500", "2020-06-30": "33.36800", "2020-03-31": "18.42700", "2019-12-31": "31.79500", "2019-09-30": "27.03100", "2019-06-30": "22.73300", "2019-03-31": "25.94000", "2018-12-31": "26.50800", "2018-09-30": "30.44700", "2018-06-30": "28.03500", "2018-03-31": "30.62600", "2017-12-31": "32.05600", "2017-09-30": "35.05400", "2017-06-30": "34.40700", "2017-03-31": "35.54400", "2016-12-31": "28.33600", "2016-09-30": "34.59600", "2016-06-30": "31.52100", "2016-03-31": "29.12100", "2015-12-31": "27.12500", "2015-09-30": "34.89500", "2015-06-30": "25.89600", "2015-03-31": "23.48800", "2014-12-31": "25.11600", "2014-09-30": "23.47300", "2014-06-30": "26.73300", "2014-03-31": "24.63700", "2013-12-31": "24.01400", "2013-09-30": "23.73900", "2013-06-30": "23.68600", "2013-03-31": "18.80700", "2012-12-31": "16.12900", "2012-09-30": "-1.18200", "2012-06-30": "0.43300", "2012-03-31": "1.87600", "2011-12-31": "12.48500", "2011-09-30": "10.56900", "2011-06-30": "9.75200", "2011-03-31": "2.69300", "2010-12-31": "-10.93900", "2010-09-30": "-14.84900", "2010-06-30": "15.31100", "2010-03-31": "4.91000", "2009-12-31": "12.83900", "2009-09-30": "-19.62500", "2009-06-30": "14.05800", "2009-03-31": "8.37400", "2008-12-31": "17.26400", "2008-09-30": "18.61300", "2008-06-30": "10.91600", "2008-03-31": "23.36400", "2007-12-31": "28.80200", "2007-09-30": "26.36300", "2007-06-30": "-23.73600", "2007-03-31": "17.73000", "2006-12-31": "23.52500", "2006-09-30": "-9.80500", "2006-06-30": "21.70300", "2006-03-31": "28.48700", "2005-12-31": "21.32400"}, "Income Taxes": {"2020-09-30": "3.07700", "2020-06-30": "6.52800", "2020-03-31": "1.17000", "2019-12-31": "6.15300", "2019-09-30": "5.51400", "2019-06-30": "4.47600", "2019-03-31": "5.81000", "2018-12-31": "6.17500", "2018-09-30": "8.84200", "2018-06-30": "7.16000", "2018-03-31": "7.31200", "2017-12-31": "12.44300", "2017-09-30": "12.03600", "2017-06-30": "11.61900", "2017-03-31": "12.08300", "2016-12-31": "8.72600", "2016-09-30": "11.79000", "2016-06-30": "10.90100", "2016-03-31": "9.84500", "2015-12-31": "9.27400", "2015-09-30": "11.87200", "2015-06-30": "8.63800", "2015-03-31": "7.82200", "2014-12-31": "8.47200", "2014-09-30": "7.62200", "2014-06-30": "9.10200", "2014-03-31": "8.25200", "2013-12-31": "7.99000", "2013-09-30": "7.97000", "2013-06-30": "7.43900", "2013-03-31": "6.01700", "2012-12-31": "4.97600", "2012-09-30": "-2.28800", "2012-06-30": "-0.45900", "2012-03-31": "0.85400", "2011-12-31": "4.02600", "2011-09-30": "2.09000", "2011-06-30": "3.76700", "2011-03-31": "0.46900", "2010-12-31": "-3.59100", "2010-09-30": "-4.10200", "2010-06-30": "5.07400", "2010-03-31": "1.98800", "2009-12-31": "3.91300", "2009-09-30": "-6.73500", "2009-06-30": "4.02200", "2009-03-31": "2.61300", "2008-12-31": "5.77600", "2008-09-30": "4.55200", "2008-06-30": "4.12600", "2008-03-31": "8.54100", "2007-12-31": "9.98600", "2007-09-30": "11.31300", "2007-06-30": "-6.47900", "2007-03-31": "5.74300", "2006-12-31": "7.69400", "2006-09-30": "-5.06400", "2006-06-30": "7.00400", "2006-03-31": "9.37700", "2005-12-31": "6.85300"}, "Income After Taxes": {"2020-09-30": "13.57800", "2020-06-30": "26.84000", "2020-03-31": "17.25700", "2019-12-31": "25.64200", "2019-09-30": "21.51700", "2019-06-30": "18.25700", "2019-03-31": "20.13000", "2018-12-31": "20.33300", "2018-09-30": "21.60500", "2018-06-30": "20.87500", "2018-03-31": "23.31400", "2017-12-31": "19.61300", "2017-09-30": "23.01800", "2017-06-30": "22.78800", "2017-03-31": "23.46100", "2016-12-31": "19.61000", "2016-09-30": "22.80600", "2016-06-30": "20.62000", "2016-03-31": "19.27600", "2015-12-31": "17.85100", "2015-09-30": "23.02300", "2015-06-30": "17.25800", "2015-03-31": "15.66600", "2014-12-31": "16.64400", "2014-09-30": "15.85100", "2014-06-30": "17.63100", "2014-03-31": "16.38500", "2013-12-31": "16.02400", "2013-09-30": "15.76900", "2013-06-30": "16.24700", "2013-03-31": "12.79000", "2012-12-31": "11.15300", "2012-09-30": "1.10600", "2012-06-30": "0.89200", "2012-03-31": "1.02200", "2011-12-31": "8.45900", "2011-09-30": "8.47900", "2011-06-30": "5.98500", "2011-03-31": "2.22400", "2010-12-31": "-7.34800", "2010-09-30": "-10.74700", "2010-06-30": "10.23700", "2010-03-31": "2.92200", "2009-12-31": "8.92600", "2009-09-30": "-12.89000", "2009-06-30": "10.03600", "2009-03-31": "5.76100", "2008-12-31": "11.48800", "2008-09-30": "14.06100", "2008-06-30": "6.79000", "2008-03-31": "14.82300", "2007-12-31": "18.81600", "2007-09-30": "15.05000", "2007-06-30": "-17.25700", "2007-03-31": "11.98700", "2006-12-31": "15.83100", "2006-09-30": "-4.74100", "2006-06-30": "14.69900", "2006-03-31": "19.11000", "2005-12-31": "14.47100"}, "Other Income": {"2020-09-30": "", "2020-06-30": "", "2020-03-31": "", "2019-12-31": "", "2019-09-30": "", "2019-06-30": "", "2019-03-31": "", "2018-12-31": "", "2018-09-30": "", "2018-06-30": "", "2018-03-31": "", "2017-12-31": "", "2017-09-30": "", "2017-06-30": "", "2017-03-31": "", "2016-12-31": "", "2016-09-30": "", "2016-06-30": "", "2016-03-31": "", "2015-12-31": "", "2015-09-30": "", "2015-06-30": "", "2015-03-31": "", "2014-12-31": "", "2014-09-30": "", "2014-06-30": "", "2014-03-31": "", "2013-12-31": "", "2013-09-30": "", "2013-06-30": "", "2013-03-31": "", "2012-12-31": "", "2012-09-30": "", "2012-06-30": "", "2012-03-31": "", "2011-12-31": "", "2011-09-30": "", "2011-06-30": "", "2011-03-31": "", "2010-12-31": "", "2010-09-30": "", "2010-06-30": "", "2010-03-31": "", "2009-12-31": "", "2009-09-30": "", "2009-06-30": "", "2009-03-31": "", "2008-12-31": "", "2008-09-30": "", "2008-06-30": "", "2008-03-31": "", "2007-12-31": "", "2007-09-30": "", "2007-06-30": "", "2007-03-31": "", "2006-12-31": "", "2006-09-30": "", "2006-06-30": "", "2006-03-31": "", "2005-12-31": ""}, "Income From Continuous Operations": {"2020-09-30": "13.57800", "2020-06-30": "26.84000", "2020-03-31": "17.25700", "2019-12-31": "25.64200", "2019-09-30": "21.51700", "2019-06-30": "18.25700", "2019-03-31": "20.13000", "2018-12-31": "20.33300", "2018-09-30": "21.60500", "2018-06-30": "20.87500", "2018-03-31": "23.31400", "2017-12-31": "19.61300", "2017-09-30": "23.01800", "2017-06-30": "22.78800", "2017-03-31": "23.46100", "2016-12-31": "19.61000", "2016-09-30": "22.80600", "2016-06-30": "20.62000", "2016-03-31": "19.27600", "2015-12-31": "17.85100", "2015-09-30": "23.02300", "2015-06-30": "17.25800", "2015-03-31": "15.66600", "2014-12-31": "16.64400", "2014-09-30": "15.85100", "2014-06-30": "17.63100", "2014-03-31": "16.38500", "2013-12-31": "16.02400", "2013-09-30": "15.76900", "2013-06-30": "16.24700", "2013-03-31": "12.79000", "2012-12-31": "11.15300", "2012-09-30": "1.10600", "2012-06-30": "0.89200", "2012-03-31": "1.02200", "2011-12-31": "8.45900", "2011-09-30": "8.47900", "2011-06-30": "5.98500", "2011-03-31": "2.22400", "2010-12-31": "-7.34800", "2010-09-30": "-10.74700", "2010-06-30": "10.23700", "2010-03-31": "2.92200", "2009-12-31": "8.92600", "2009-09-30": "-12.89000", "2009-06-30": "10.03600", "2009-03-31": "5.76100", "2008-12-31": "11.48800", "2008-09-30": "14.06100", "2008-06-30": "6.79000", "2008-03-31": "14.82300", "2007-12-31": "18.81600", "2007-09-30": "15.05000", "2007-06-30": "-17.25700", "2007-03-31": "11.98700", "2006-12-31": "15.83100", "2006-09-30": "-4.74100", "2006-06-30": "14.69900", "2006-03-31": "19.11000", "2005-12-31": "14.47100"}, "Income From Discontinued Operations": {"2020-09-30": "", "2020-06-30": "", "2020-03-31": "", "2019-12-31": "", "2019-09-30": "", "2019-06-30": "", "2019-03-31": "", "2018-12-31": "", "2018-09-30": "", "2018-06-30": "", "2018-03-31": "", "2017-12-31": "", "2017-09-30": "", "2017-06-30": "", "2017-03-31": "", "2016-12-31": "", "2016-09-30": "", "2016-06-30": "", "2016-03-31": "", "2015-12-31": "", "2015-09-30": "", "2015-06-30": "", "2015-03-31": "", "2014-12-31": "", "2014-09-30": "", "2014-06-30": "", "2014-03-31": "", "2013-12-31": "", "2013-09-30": "", "2013-06-30": "", "2013-03-31": "", "2012-12-31": "", "2012-09-30": "", "2012-06-30": "", "2012-03-31": "", "2011-12-31": "", "2011-09-30": "", "2011-06-30": "", "2011-03-31": "", "2010-12-31": "", "2010-09-30": "", "2010-06-30": "", "2010-03-31": "", "2009-12-31": "", "2009-09-30": "", "2009-06-30": "", "2009-03-31": "", "2008-12-31": "", "2008-09-30": "", "2008-06-30": "", "2008-03-31": "", "2007-12-31": "", "2007-09-30": "", "2007-06-30": "", "2007-03-31": "", "2006-12-31": "", "2006-09-30": "", "2006-06-30": "", "2006-03-31": "", "2005-12-31": ""}, "Net Income": {"2020-09-30": "13.22000", "2020-06-30": "26.41800", "2020-03-31": "16.87500", "2019-12-31": "25.22500", "2019-09-30": "21.13500", "2019-06-30": "17.89500", "2019-03-31": "19.72400", "2018-12-31": "19.96100", "2018-09-30": "21.22500", "2018-06-30": "20.58800", "2018-03-31": "23.01400", "2017-12-31": "19.36900", "2017-09-30": "22.75800", "2017-06-30": "22.57200", "2017-03-31": "23.24000", "2016-12-31": "19.40600", "2016-09-30": "22.40800", "2016-06-30": "20.43600", "2016-03-31": "19.27600", "2015-12-31": "17.67200", "2015-09-30": "22.67600", "2015-06-30": "17.25800", "2015-03-31": "15.53400", "2014-12-31": "16.49700", "2014-09-30": "15.70700", "2014-06-30": "17.54700", "2014-03-31": "16.30600", "2013-12-31": "15.94700", "2013-09-30": "15.69100", "2013-06-30": "16.16500", "2013-03-31": "12.72200", "2012-12-31": "11.09500", "2012-09-30": "1.09300", "2012-06-30": "0.88700", "2012-03-31": "1.01600", "2011-12-31": "8.42300", "2011-09-30": "8.42000", "2011-06-30": "5.95200", "2011-03-31": "2.22400", "2010-12-31": "-7.30600", "2010-09-30": "-10.68600", "2010-06-30": "10.08300", "2010-03-31": "2.82100", "2009-12-31": "8.78600", "2009-09-30": "-12.91700", "2009-06-30": "9.88300", "2009-03-31": "5.63800", "2008-12-31": "11.35800", "2008-09-30": "13.94300", "2008-06-30": "6.79000", "2008-03-31": "14.82300", "2007-12-31": "18.81600", "2007-09-30": "15.05000", "2007-06-30": "-17.25700", "2007-03-31": "11.98700", "2006-12-31": "15.83100", "2006-09-30": "-4.74100", "2006-06-30": "14.69900", "2006-03-31": "19.11000", "2005-12-31": "14.47100"}, "EBITDA": {"2020-09-30": "", "2020-06-30": "", "2020-03-31": "", "2019-12-31": "", "2019-09-30": "", "2019-06-30": "", "2019-03-31": "", "2018-12-31": "", "2018-09-30": "", "2018-06-30": "", "2018-03-31": "", "2017-12-31": "", "2017-09-30": "", "2017-06-30": "", "2017-03-31": "", "2016-12-31": "", "2016-09-30": "", "2016-06-30": "", "2016-03-31": "", "2015-12-31": "", "2015-09-30": "", "2015-06-30": "", "2015-03-31": "", "2014-12-31": "", "2014-09-30": "", "2014-06-30": "", "2014-03-31": "", "2013-12-31": "", "2013-09-30": "", "2013-06-30": "", "2013-03-31": "", "2012-12-31": "", "2012-09-30": "", "2012-06-30": "", "2012-03-31": "", "2011-12-31": "", "2011-09-30": "", "2011-06-30": "", "2011-03-31": "", "2010-12-31": "", "2010-09-30": "", "2010-06-30": "", "2010-03-31": "", "2009-12-31": "", "2009-09-30": "", "2009-06-30": "", "2009-03-31": "", "2008-12-31": "", "2008-09-30": "", "2008-06-30": "", "2008-03-31": "", "2007-12-31": "", "2007-09-30": "", "2007-06-30": "", "2007-03-31": "", "2006-12-31": "", "2006-09-30": "", "2006-06-30": "", "2006-03-31": "", "2005-12-31": ""}, "EBIT": {"2020-09-30": "", "2020-06-30": "", "2020-03-31": "", "2019-12-31": "", "2019-09-30": "", "2019-06-30": "", "2019-03-31": "", "2018-12-31": "", "2018-09-30": "", "2018-06-30": "", "2018-03-31": "", "2017-12-31": "", "2017-09-30": "", "2017-06-30": "", "2017-03-31": "", "2016-12-31": "", "2016-09-30": "", "2016-06-30": "", "2016-03-31": "", "2015-12-31": "", "2015-09-30": "", "2015-06-30": "", "2015-03-31": "", "2014-12-31": "", "2014-09-30": "", "2014-06-30": "", "2014-03-31": "", "2013-12-31": "", "2013-09-30": "", "2013-06-30": "", "2013-03-31": "", "2012-12-31": "", "2012-09-30": "", "2012-06-30": "", "2012-03-31": "", "2011-12-31": "", "2011-09-30": "", "2011-06-30": "", "2011-03-31": "", "2010-12-31": "", "2010-09-30": "", "2010-06-30": "", "2010-03-31": "", "2009-12-31": "", "2009-09-30": "", "2009-06-30": "", "2009-03-31": "", "2008-12-31": "", "2008-09-30": "", "2008-06-30": "", "2008-03-31": "", "2007-12-31": "", "2007-09-30": "", "2007-06-30": "", "2007-03-31": "", "2006-12-31": "", "2006-09-30": "", "2006-06-30": "", "2006-03-31": "", "2005-12-31": ""}, "Basic Shares Outstanding": {"2020-09-30": "275.86000", "2020-06-30": "275.95600", "2020-03-31": "275.83500", "2019-12-31": "275.57800", "2019-09-30": "275.39600", "2019-06-30": "275.38500", "2019-03-31": "275.35900", "2018-12-31": "275.37600", "2018-09-30": "275.59000", "2018-06-30": "275.46800", "2018-03-31": "275.65600", "2017-12-31": "275.81600", "2017-09-30": "277.21300", "2017-06-30": "277.05600", "2017-03-31": "277.78700", "2016-12-31": "277.92600", "2016-09-30": "281.56700", "2016-06-30": "280.81500", "2016-03-31": "282.31400", "2015-12-31": "283.83500", "2015-09-30": "289.93600", "2015-06-30": "288.55400", "2015-03-31": "291.37700", "2014-12-31": "293.79700", "2014-09-30": "298.97400", "2014-06-30": "298.68200", "2014-03-31": "300.26200", "2013-12-31": "300.63400", "2013-09-30": "301.83300", "2013-06-30": "301.91400", "2013-03-31": "301.75400", "2012-12-31": "301.57600", "2012-09-30": "301.22700", "2012-06-30": "301.27500", "2012-03-31": "301.15300", "2011-12-31": "301.04500", "2011-09-30": "300.35800", "2011-06-30": "300.34800", "2011-03-31": "300.21600", "2010-12-31": "300.14100", "2010-09-30": "299.79560", "2010-06-30": "299.82600", "2010-03-31": "299.69380", "2009-12-31": "299.65900", "2009-09-30": "301.22760", "2009-06-30": "300.24600", "2009-03-31": "301.52380", "2008-12-31": "303.43250", "2008-09-30": "319.38690", "2008-06-30": "320.51040", "2008-03-31": "322.54290", "2007-12-31": "322.32740", "2007-09-30": "269.51340", "2007-06-30": "301.10860", "2007-03-31": "227.11910", "2006-12-31": "227.11910", "2006-09-30": "227.11900", "2006-06-30": "227.11900", "2006-03-31": "", "2005-12-31": ""}, "Shares Outstanding": {"2020-09-30": "277.80300", "2020-06-30": "277.52200", "2020-03-31": "278.10100", "2019-12-31": "277.88900", "2019-09-30": "277.37400", "2019-06-30": "277.39800", "2019-03-31": "277.34300", "2018-12-31": "277.07300", "2018-09-30": "277.29800", "2018-06-30": "277.20100", "2018-03-31": "277.25600", "2017-12-31": "277.62400", "2017-09-30": "279.26900", "2017-06-30": "278.98600", "2017-03-31": "279.91200", "2016-12-31": "280.27200", "2016-09-30": "283.78600", "2016-06-30": "283.01200", "2016-03-31": "284.48600", "2015-12-31": "286.34000", "2015-09-30": "292.21000", "2015-06-30": "290.76000", "2015-03-31": "293.34300", "2014-12-31": "296.12900", "2014-09-30": "300.55700", "2014-06-30": "300.53300", "2014-03-31": "301.53000", "2013-12-31": "301.86900", "2013-09-30": "302.74700", "2013-06-30": "302.92600", "2013-03-31": "302.65200", "2012-12-31": "302.24500", "2012-09-30": "301.77000", "2012-06-30": "301.93700", "2012-03-31": "301.70700", "2011-12-31": "301.41600", "2011-09-30": "300.97000", "2011-06-30": "301.14800", "2011-03-31": "300.95800", "2010-12-31": "300.14100", "2010-09-30": "300.25290", "2010-06-30": "300.55770", "2010-03-31": "300.29920", "2009-12-31": "300.15100", "2009-09-30": "301.59240", "2009-06-30": "300.63900", "2009-03-31": "301.87130", "2008-12-31": "303.77870", "2008-09-30": "319.50210", "2008-06-30": "320.51040", "2008-03-31": "322.54290", "2007-12-31": "322.32740", "2007-09-30": "269.51340", "2007-06-30": "301.10860", "2007-03-31": "227.11910", "2006-12-31": "227.11910", "2006-09-30": "227.11900", "2006-06-30": "227.11900", "2006-03-31": "", "2005-12-31": ""}, "Basic EPS": {"2020-09-30": "0.05000", "2020-06-30": "0.10000", "2020-03-31": "0.06000", "2019-12-31": "0.09000", "2019-09-30": "0.09000", "2019-06-30": "0.06000", "2019-03-31": "0.07000", "2018-12-31": "0.07000", "2018-09-30": "0.09000", "2018-06-30": "0.07000", "2018-03-31": "0.08000", "2017-12-31": "0.07000", "2017-09-30": "0.09000", "2017-06-30": "0.08000", "2017-03-31": "0.08000", "2016-12-31": "0.07000", "2016-09-30": "0.08000", "2016-06-30": "0.07000", "2016-03-31": "0.07000", "2015-12-31": "0.06000", "2015-09-30": "0.08000", "2015-06-30": "0.06000", "2015-03-31": "0.05000", "2014-12-31": "0.06000", "2014-09-30": "0.06000", "2014-06-30": "0.06000", "2014-03-31": "0.05000", "2013-12-31": "0.05000", "2013-09-30": "0.05000", "2013-06-30": "0.05000", "2013-03-31": "0.04000", "2012-12-31": "0.04000", "2012-09-30": "0.00660", "2012-06-30": "0.00000", "2012-03-31": "0.00340", "2011-12-31": "0.03000", "2011-09-30": "0.02000", "2011-06-30": "0.02000", "2011-03-31": "0.01000", "2010-12-31": "-0.02000", "2010-09-30": "-0.03000", "2010-06-30": "0.03000", "2010-03-31": "0.01000", "2009-12-31": "0.03000", "2009-09-30": "-0.04000", "2009-06-30": "0.03000", "2009-03-31": "0.02000", "2008-12-31": "0.04000", "2008-09-30": "0.04000", "2008-06-30": "0.02000", "2008-03-31": "0.05000", "2007-12-31": "0.06000", "2007-09-30": "0.04000", "2007-06-30": "-0.06000", "2007-03-31": "0.05000", "2006-12-31": "0.07000", "2006-09-30": "0.13000", "2006-06-30": "0.06000", "2006-03-31": "", "2005-12-31": ""}, "EPS - Earnings Per Share": {"2020-09-30": "0.04000", "2020-06-30": "0.10000", "2020-03-31": "0.06000", "2019-12-31": "0.09000", "2019-09-30": "0.08000", "2019-06-30": "0.06000", "2019-03-31": "0.07000", "2018-12-31": "0.07000", "2018-09-30": "0.08000", "2018-06-30": "0.07000", "2018-03-31": "0.08000", "2017-12-31": "0.07000", "2017-09-30": "0.09000", "2017-06-30": "0.08000", "2017-03-31": "0.08000", "2016-12-31": "0.07000", "2016-09-30": "0.08000", "2016-06-30": "0.07000", "2016-03-31": "0.07000", "2015-12-31": "0.06000", "2015-09-30": "0.08000", "2015-06-30": "0.06000", "2015-03-31": "0.05000", "2014-12-31": "0.06000", "2014-09-30": "0.06000", "2014-06-30": "0.06000", "2014-03-31": "0.05000", "2013-12-31": "0.05000", "2013-09-30": "0.05000", "2013-06-30": "0.05000", "2013-03-31": "0.04000", "2012-12-31": "0.04000", "2012-09-30": "0.00660", "2012-06-30": "0.00000", "2012-03-31": "0.00340", "2011-12-31": "0.03000", "2011-09-30": "0.02000", "2011-06-30": "0.02000", "2011-03-31": "0.01000", "2010-12-31": "-0.02000", "2010-09-30": "-0.03000", "2010-06-30": "0.03000", "2010-03-31": "0.01000", "2009-12-31": "0.03000", "2009-09-30": "-0.04000", "2009-06-30": "0.03000", "2009-03-31": "0.02000", "2008-12-31": "0.04000", "2008-09-30": "0.04000", "2008-06-30": "0.02000", "2008-03-31": "0.05000", "2007-12-31": "0.06000", "2007-09-30": "0.04000", "2007-06-30": "-0.06000", "2007-03-31": "0.05000", "2006-12-31": "0.07000", "2006-09-30": "0.13000", "2006-06-30": "0.06000", "2006-03-31": "0.00000", "2005-12-31": "0.00000"}}, "balance sheet": {"Cash On Hand": {"2020-09-30": "498.03300", "2019-09-30": "275.14300", "2018-09-30": "269.77500", "2017-09-30": "268.21800", "2016-09-30": "231.23900", "2015-09-30": "155.36900", "2014-09-30": "181.40300", "2013-09-30": "285.99600", "2012-09-30": "308.26200", "2011-09-30": "294.84600", "2010-09-30": "743.74000", "2009-09-30": "307.04600", "2008-09-30": "132.37900", "2007-09-30": "829.71500", "2006-09-30": "252.92700", "2005-09-30": ""}, "Receivables": {"2020-09-30": "", "2019-09-30": "", "2018-09-30": "", "2017-09-30": "", "2016-09-30": "", "2015-09-30": "", "2014-09-30": "", "2013-09-30": "", "2012-09-30": "", "2011-09-30": "", "2010-09-30": "", "2009-09-30": "", "2008-09-30": "", "2007-09-30": "", "2006-09-30": "", "2005-09-30": ""}, "Inventory": {"2020-09-30": "", "2019-09-30": "", "2018-09-30": "", "2017-09-30": "", "2016-09-30": "", "2015-09-30": "", "2014-09-30": "", "2013-09-30": "", "2012-09-30": "", "2011-09-30": "", "2010-09-30": "", "2009-09-30": "", "2008-09-30": "", "2007-09-30": "", "2006-09-30": "", "2005-09-30": ""}, "Pre-Paid Expenses": {"2020-09-30": "", "2019-09-30": "", "2018-09-30": "", "2017-09-30": "", "2016-09-30": "", "2015-09-30": "", "2014-09-30": "", "2013-09-30": "", "2012-09-30": "", "2011-09-30": "", "2010-09-30": "", "2009-09-30": "", "2008-09-30": "", "2007-09-30": "", "2006-09-30": "", "2005-09-30": ""}, "Other Current Assets": {"2020-09-30": "", "2019-09-30": "", "2018-09-30": "", "2017-09-30": "", "2016-09-30": "", "2015-09-30": "", "2014-09-30": "", "2013-09-30": "", "2012-09-30": "", "2011-09-30": "", "2010-09-30": "", "2009-09-30": "", "2008-09-30": "", "2007-09-30": "", "2006-09-30": "", "2005-09-30": ""}, "Total Current Assets": {"2020-09-30": "13674.60000", "2019-09-30": "13515.38000", "2018-09-30": "13180.42000", "2017-09-30": "12723.35000", "2016-09-30": "11977.55000", "2015-09-30": "11375.56000", "2014-09-30": "10849.00000", "2013-09-30": "10405.73000", "2012-09-30": "10692.67000", "2011-09-30": "10081.64000", "2010-09-30": "9986.79900", "2009-09-30": "9626.16600", "2008-09-30": "9588.15600", "2007-09-30": "9059.74800", "2006-09-30": "8086.91800", "2005-09-30": ""}, "Property, Plant, And Equipment": {"2020-09-30": "41.59400", "2019-09-30": "61.57700", "2018-09-30": "63.39900", "2017-09-30": "60.87500", "2016-09-30": "61.00300", "2015-09-30": "57.18700", "2014-09-30": "56.44300", "2013-09-30": "58.51700", "2012-09-30": "61.15000", "2011-09-30": "59.48700", "2010-09-30": "62.68500", "2009-09-30": "65.13400", "2008-09-30": "68.11200", "2007-09-30": "69.66900", "2006-09-30": "82.06700", "2005-09-30": ""}, "Long-Term Investments": {"2020-09-30": "590.23100", "2019-09-30": "649.72200", "2018-09-30": "625.50900", "2017-09-30": "627.46900", "2016-09-30": "587.71900", "2015-09-30": "654.52290", "2014-09-30": "609.27900", "2013-09-30": "512.99600", "2012-09-30": "457.05000", "2011-09-30": "444.04600", "2010-09-30": "707.17900", "2009-09-30": "637.38500", "2008-09-30": "884.47200", "2007-09-30": "914.72700", "2006-09-30": "204.09900", "2005-09-30": ""}, "Goodwill And Intangible Assets": {"2020-09-30": "7.86000", "2019-09-30": "8.08000", "2018-09-30": "8.84000", "2017-09-30": "8.37500", "2016-09-30": "8.85200", "2015-09-30": "9.98800", "2014-09-30": "11.66900", "2013-09-30": "14.07400", "2012-09-30": "19.61300", "2011-09-30": "28.91900", "2010-09-30": "38.65800", "2009-09-30": "41.37500", "2008-09-30": "41.52600", "2007-09-30": "41.06400", "2006-09-30": "40.36600", "2005-09-30": ""}, "Other Long-Term Assets": {"2020-09-30": "327.93600", "2019-09-30": "307.60100", "2018-09-30": "259.15900", "2017-09-30": "272.49000", "2016-09-30": "270.94100", "2015-09-30": "271.63000", "2014-09-30": "276.80000", "2013-09-30": "278.02900", "2012-09-30": "287.64600", "2011-09-30": "278.85300", "2010-09-30": "280.70700", "2009-09-30": "228.78000", "2008-09-30": "204.18500", "2007-09-30": "192.82100", "2006-09-30": "182.11700", "2005-09-30": ""}, "Total Long-Term Assets": {"2020-09-30": "967.62100", "2019-09-30": "1026.98000", "2018-09-30": "956.90700", "2017-09-30": "969.20900", "2016-09-30": "928.51500", "2015-09-30": "993.32790", "2014-09-30": "954.19100", "2013-09-30": "863.61600", "2012-09-30": "825.45900", "2011-09-30": "811.30490", "2010-09-30": "1089.22900", "2009-09-30": "972.67410", "2008-09-30": "1198.29500", "2007-09-30": "1218.28100", "2006-09-30": "508.64900", "2005-09-30": ""}, "Total Assets": {"2020-09-30": "14642.22000", "2019-09-30": "14542.36000", "2018-09-30": "14137.33000", "2017-09-30": "13692.56000", "2016-09-30": "12906.06000", "2015-09-30": "12368.89000", "2014-09-30": "11803.20000", "2013-09-30": "11269.35000", "2012-09-30": "11518.13000", "2011-09-30": "10892.95000", "2010-09-30": "11076.03000", "2009-09-30": "10598.84000", "2008-09-30": "10786.45000", "2007-09-30": "10278.03000", "2006-09-30": "8595.56700", "2005-09-30": "0.00000"}, "Total Current Liabilities": {"2020-09-30": "9291.19100", "2019-09-30": "8806.38400", "2018-09-30": "8522.73300", "2017-09-30": "8195.01500", "2016-09-30": "8385.09500", "2015-09-30": "8335.10400", "2014-09-30": "8694.16300", "2013-09-30": "8505.61900", "2012-09-30": "9027.68100", "2011-09-30": "8769.07400", "2010-09-30": "8917.14600", "2009-09-30": "8628.90600", "2008-09-30": "8315.65600", "2007-09-30": "8173.43900", "2006-09-30": "7444.68100", "2005-09-30": ""}, "Long Term Debt": {"2020-09-30": "3521.74500", "2019-09-30": "3902.98100", "2018-09-30": "3721.69900", "2017-09-30": "3671.37700", "2016-09-30": "2718.79500", "2015-09-30": "2168.62700", "2014-09-30": "1138.63900", "2013-09-30": "745.11700", "2012-09-30": "488.19100", "2011-09-30": "139.85600", "2010-09-30": "70.15800", "2009-09-30": "70.15800", "2008-09-30": "498.02800", "2007-09-30": "", "2006-09-30": "25.10300", "2005-09-30": ""}, "Other Non-Current Liabilities": {"2020-09-30": "157.43100", "2019-09-30": "136.23700", "2018-09-30": "134.49500", "2017-09-30": "136.21200", "2016-09-30": "141.71400", "2015-09-30": "135.78500", "2014-09-30": "130.93600", "2013-09-30": "147.13300", "2012-09-30": "195.40300", "2011-09-30": "210.09400", "2010-09-30": "335.82600", "2009-09-30": "153.91100", "2008-09-30": "129.11400", "2007-09-30": "118.38900", "2006-09-30": "113.18900", "2005-09-30": ""}, "Total Long Term Liabilities": {"2020-09-30": "3679.17600", "2019-09-30": "4039.21800", "2018-09-30": "3856.19400", "2017-09-30": "3807.58900", "2016-09-30": "2860.50900", "2015-09-30": "2304.41200", "2014-09-30": "1269.57500", "2013-09-30": "892.25000", "2012-09-30": "683.59400", "2011-09-30": "349.95000", "2010-09-30": "405.98400", "2009-09-30": "224.06900", "2008-09-30": "627.14200", "2007-09-30": "118.38900", "2006-09-30": "138.29200", "2005-09-30": ""}, "Total Liabilities": {"2020-09-30": "12970.37000", "2019-09-30": "12845.60000", "2018-09-30": "12378.93000", "2017-09-30": "12002.60000", "2016-09-30": "11245.60000", "2015-09-30": "10639.52000", "2014-09-30": "9963.73800", "2013-09-30": "9397.86900", "2012-09-30": "9711.27500", "2011-09-30": "9119.02400", "2010-09-30": "9323.13000", "2009-09-30": "8852.97500", "2008-09-30": "8942.79900", "2007-09-30": "8291.82800", "2006-09-30": "7582.97300", "2005-09-30": ""}, "Common Stock Net": {"2020-09-30": "3.32300", "2019-09-30": "3.32300", "2018-09-30": "3.32300", "2017-09-30": "3.32300", "2016-09-30": "3.32300", "2015-09-30": "3.32300", "2014-09-30": "3.32300", "2013-09-30": "3.32300", "2012-09-30": "3.32300", "2011-09-30": "3.32300", "2010-09-30": "3.32300", "2009-09-30": "3.32300", "2008-09-30": "3.32300", "2007-09-30": "3.32300", "2006-09-30": "", "2005-09-30": ""}, "Retained Earnings (Accumulated Deficit)": {"2020-09-30": "865.51400", "2019-09-30": "837.66200", "2018-09-30": "807.89000", "2017-09-30": "760.07000", "2016-09-30": "698.93000", "2015-09-30": "641.79100", "2014-09-30": "589.67800", "2013-09-30": "529.02100", "2012-09-30": "473.24700", "2011-09-30": "461.83600", "2010-09-30": "452.63300", "2009-09-30": "456.87500", "2008-09-30": "462.19000", "2007-09-30": "421.50300", "2006-09-30": "395.89200", "2005-09-30": ""}, "Comprehensive Income": {"2020-09-30": "-131.96500", "2019-09-30": "-69.37900", "2018-09-30": "23.22200", "2017-09-30": "-7.49200", "2016-09-30": "-19.62600", "2015-09-30": "-13.06500", "2014-09-30": "-10.79200", "2013-09-30": "-8.60400", "2012-09-30": "-5.91600", "2011-09-30": "-16.27700", "2010-09-30": "-18.05600", "2009-09-30": "-17.92300", "2008-09-30": "-8.60700", "2007-09-30": "-6.24300", "2006-09-30": "-11.27700", "2005-09-30": ""}, "Other Share Holders Equity": {"2020-09-30": "-40.08400", "2019-09-30": "-44.41700", "2018-09-30": "-48.75100", "2017-09-30": "-53.08400", "2016-09-30": "-57.41800", "2015-09-30": "-61.75100", "2014-09-30": "-66.08400", "2013-09-30": "-70.41800", "2012-09-30": "-74.75100", "2011-09-30": "-79.08400", "2010-09-30": "-82.69900", "2009-09-30": "-87.89600", "2008-09-30": "-93.54500", "2007-09-30": "-100.59700", "2006-09-30": "", "2005-09-30": ""}, "Share Holder Equity": {"2020-09-30": "1671.85300", "2019-09-30": "1696.75400", "2018-09-30": "1758.40400", "2017-09-30": "1689.95900", "2016-09-30": "1660.45800", "2015-09-30": "1729.37000", "2014-09-30": "1839.45700", "2013-09-30": "1871.47700", "2012-09-30": "1806.85000", "2011-09-30": "1773.92400", "2010-09-30": "1752.89700", "2009-09-30": "1745.86500", "2008-09-30": "1843.65200", "2007-09-30": "1986.20100", "2006-09-30": "1012.59400", "2005-09-30": ""}, "Total Liabilities And Share Holders Equity": {"2020-09-30": "14642.22000", "2019-09-30": "14542.36000", "2018-09-30": "14137.33000", "2017-09-30": "13692.56000", "2016-09-30": "12906.06000", "2015-09-30": "12368.89000", "2014-09-30": "11803.20000", "2013-09-30": "11269.35000", "2012-09-30": "11518.13000", "2011-09-30": "10892.95000", "2010-09-30": "11076.03000", "2009-09-30": "10598.84000", "2008-09-30": "10786.45000", "2007-09-30": "10278.03000", "2006-09-30": "8595.56700", "2005-09-30": ""}}, "balance sheet, quarterly": {"Cash On Hand": {"2020-09-30": "498.03300", "2020-06-30": "329.27900", "2020-03-31": "312.48100", "2019-12-31": "281.22600", "2019-09-30": "275.14300", "2019-06-30": "271.34800", "2019-03-31": "259.24000", "2018-12-31": "286.61900", "2018-09-30": "269.77500", "2018-06-30": "258.54700", "2018-03-31": "271.08900", "2017-12-31": "323.56500", "2017-09-30": "268.21800", "2017-06-30": "264.89900", "2017-03-31": "240.76400", "2016-12-31": "326.41100", "2016-09-30": "231.23900", "2016-06-30": "201.31300", "2016-03-31": "159.28200", "2015-12-31": "159.62200", "2015-09-30": "155.36900", "2015-06-30": "224.20300", "2015-03-31": "220.73500", "2014-12-31": "275.82000", "2014-09-30": "181.40300", "2014-06-30": "255.51000", "2014-03-31": "267.80200", "2013-12-31": "316.91000", "2013-09-30": "285.99600", "2013-06-30": "296.97900", "2013-03-31": "284.14600", "2012-12-31": "333.55400", "2012-09-30": "308.26200", "2012-06-30": "318.35200", "2012-03-31": "342.41500", "2011-12-31": "254.12100", "2011-09-30": "294.84600", "2011-06-30": "277.56900", "2011-03-31": "188.99100", "2010-12-31": "342.49200", "2010-09-30": "743.74000", "2010-06-30": "949.55500", "2010-03-31": "401.98900", "2009-12-31": "275.94400", "2009-09-30": "307.04600", "2009-06-30": "172.78000", "2009-03-31": "98.59500", "2008-12-31": "92.03800", "2008-09-30": "132.37900", "2008-06-30": "99.73500", "2008-03-31": "522.56400", "2007-12-31": "752.35100", "2007-09-30": "829.71500", "2007-06-30": "1107.26800", "2007-03-31": "1405.32600", "2006-12-31": "455.69800", "2006-09-30": "252.92700", "2006-06-30": "", "2006-03-31": "", "2005-12-31": ""}, "Receivables": {"2020-09-30": "", "2020-06-30": "", "2020-03-31": "", "2019-12-31": "", "2019-09-30": "", "2019-06-30": "", "2019-03-31": "", "2018-12-31": "", "2018-09-30": "", "2018-06-30": "", "2018-03-31": "", "2017-12-31": "", "2017-09-30": "", "2017-06-30": "", "2017-03-31": "", "2016-12-31": "", "2016-09-30": "", "2016-06-30": "", "2016-03-31": "", "2015-12-31": "", "2015-09-30": "", "2015-06-30": "", "2015-03-31": "", "2014-12-31": "", "2014-09-30": "", "2014-06-30": "", "2014-03-31": "", "2013-12-31": "", "2013-09-30": "", "2013-06-30": "", "2013-03-31": "", "2012-12-31": "", "2012-09-30": "", "2012-06-30": "", "2012-03-31": "", "2011-12-31": "", "2011-09-30": "", "2011-06-30": "", "2011-03-31": "", "2010-12-31": "", "2010-09-30": "", "2010-06-30": "", "2010-03-31": "", "2009-12-31": "", "2009-09-30": "", "2009-06-30": "", "2009-03-31": "", "2008-12-31": "", "2008-09-30": "", "2008-06-30": "", "2008-03-31": "", "2007-12-31": "", "2007-09-30": "", "2007-06-30": "", "2007-03-31": "", "2006-12-31": "", "2006-09-30": "", "2006-06-30": "", "2006-03-31": "", "2005-12-31": ""}, "Inventory": {"2020-09-30": "", "2020-06-30": "", "2020-03-31": "", "2019-12-31": "", "2019-09-30": "", "2019-06-30": "", "2019-03-31": "", "2018-12-31": "", "2018-09-30": "", "2018-06-30": "", "2018-03-31": "", "2017-12-31": "", "2017-09-30": "", "2017-06-30": "", "2017-03-31": "", "2016-12-31": "", "2016-09-30": "", "2016-06-30": "", "2016-03-31": "", "2015-12-31": "", "2015-09-30": "", "2015-06-30": "", "2015-03-31": "", "2014-12-31": "", "2014-09-30": "", "2014-06-30": "", "2014-03-31": "", "2013-12-31": "", "2013-09-30": "", "2013-06-30": "", "2013-03-31": "", "2012-12-31": "", "2012-09-30": "", "2012-06-30": "", "2012-03-31": "", "2011-12-31": "", "2011-09-30": "", "2011-06-30": "", "2011-03-31": "", "2010-12-31": "", "2010-09-30": "", "2010-06-30": "", "2010-03-31": "", "2009-12-31": "", "2009-09-30": "", "2009-06-30": "", "2009-03-31": "", "2008-12-31": "", "2008-09-30": "", "2008-06-30": "", "2008-03-31": "", "2007-12-31": "", "2007-09-30": "", "2007-06-30": "", "2007-03-31": "", "2006-12-31": "", "2006-09-30": "", "2006-06-30": "", "2006-03-31": "", "2005-12-31": ""}, "Pre-Paid Expenses": {"2020-09-30": "", "2020-06-30": "", "2020-03-31": "", "2019-12-31": "", "2019-09-30": "", "2019-06-30": "", "2019-03-31": "", "2018-12-31": "", "2018-09-30": "", "2018-06-30": "", "2018-03-31": "", "2017-12-31": "", "2017-09-30": "", "2017-06-30": "", "2017-03-31": "", "2016-12-31": "", "2016-09-30": "", "2016-06-30": "", "2016-03-31": "", "2015-12-31": "", "2015-09-30": "", "2015-06-30": "", "2015-03-31": "", "2014-12-31": "", "2014-09-30": "", "2014-06-30": "", "2014-03-31": "", "2013-12-31": "", "2013-09-30": "", "2013-06-30": "", "2013-03-31": "", "2012-12-31": "", "2012-09-30": "", "2012-06-30": "", "2012-03-31": "", "2011-12-31": "", "2011-09-30": "", "2011-06-30": "", "2011-03-31": "", "2010-12-31": "", "2010-09-30": "", "2010-06-30": "", "2010-03-31": "", "2009-12-31": "", "2009-09-30": "", "2009-06-30": "", "2009-03-31": "", "2008-12-31": "", "2008-09-30": "", "2008-06-30": "", "2008-03-31": "", "2007-12-31": "", "2007-09-30": "", "2007-06-30": "", "2007-03-31": "", "2006-12-31": "", "2006-09-30": "", "2006-06-30": "", "2006-03-31": "", "2005-12-31": ""}, "Other Current Assets": {"2020-09-30": "", "2020-06-30": "", "2020-03-31": "", "2019-12-31": "", "2019-09-30": "", "2019-06-30": "", "2019-03-31": "", "2018-12-31": "", "2018-09-30": "", "2018-06-30": "", "2018-03-31": "", "2017-12-31": "", "2017-09-30": "", "2017-06-30": "", "2017-03-31": "", "2016-12-31": "", "2016-09-30": "", "2016-06-30": "", "2016-03-31": "", "2015-12-31": "", "2015-09-30": "", "2015-06-30": "", "2015-03-31": "", "2014-12-31": "", "2014-09-30": "", "2014-06-30": "", "2014-03-31": "", "2013-12-31": "", "2013-09-30": "", "2013-06-30": "", "2013-03-31": "", "2012-12-31": "", "2012-09-30": "", "2012-06-30": "", "2012-03-31": "", "2011-12-31": "", "2011-09-30": "", "2011-06-30": "", "2011-03-31": "", "2010-12-31": "", "2010-09-30": "", "2010-06-30": "", "2010-03-31": "", "2009-12-31": "", "2009-09-30": "", "2009-06-30": "", "2009-03-31": "", "2008-12-31": "", "2008-09-30": "", "2008-06-30": "", "2008-03-31": "", "2007-12-31": "", "2007-09-30": "", "2007-06-30": "", "2007-03-31": "", "2006-12-31": "", "2006-09-30": "", "2006-06-30": "", "2006-03-31": "", "2005-12-31": ""}, "Total Current Assets": {"2020-09-30": "13674.60000", "2020-06-30": "13793.54000", "2020-03-31": "13928.19000", "2019-12-31": "13798.83000", "2019-09-30": "13515.38000", "2019-06-30": "13343.48000", "2019-03-31": "13185.33000", "2018-12-31": "13246.35000", "2018-09-30": "13180.42000", "2018-06-30": "12968.53000", "2018-03-31": "12990.90000", "2017-12-31": "12929.85000", "2017-09-30": "12723.35000", "2017-06-30": "12565.28000", "2017-03-31": "12445.61000", "2016-12-31": "12254.23000", "2016-09-30": "11977.55000", "2016-06-30": "11674.77000", "2016-03-31": "11487.94000", "2015-12-31": "11395.04000", "2015-09-30": "11375.56000", "2015-06-30": "11275.03000", "2015-03-31": "11135.20000", "2014-12-31": "11079.84000", "2014-09-30": "10849.00000", "2014-06-30": "10801.79000", "2014-03-31": "10657.51000", "2013-12-31": "10507.64000", "2013-09-30": "10405.73000", "2013-06-30": "10290.18000", "2013-03-31": "10264.32000", "2012-12-31": "10532.45000", "2012-09-30": "10692.67000", "2012-06-30": "10706.98000", "2012-03-31": "10494.89000", "2011-12-31": "10302.05000", "2011-09-30": "10081.64000", "2011-06-30": "10011.42000", "2011-03-31": "9976.56100", "2010-12-31": "10083.63000", "2010-09-30": "9986.79900", "2010-06-30": "9860.76300", "2010-03-31": "9663.07500", "2009-12-31": "9662.46000", "2009-09-30": "9626.16600", "2009-06-30": "9789.89900", "2009-03-31": "9562.33900", "2008-12-31": "9725.26100", "2008-09-30": "9588.15600", "2008-06-30": "9113.10400", "2008-03-31": "9145.12700", "2007-12-31": "9201.38600", "2007-09-30": "9059.74800", "2007-06-30": "8962.35000", "2007-03-31": "9034.09400", "2006-12-31": "8101.81300", "2006-09-30": "8086.91800", "2006-06-30": "", "2006-03-31": "", "2005-12-31": ""}, "Property, Plant, And Equipment": {"2020-09-30": "41.59400", "2020-06-30": "42.69700", "2020-03-31": "42.68400", "2019-12-31": "43.09200", "2019-09-30": "61.57700", "2019-06-30": "61.91600", "2019-03-31": "62.43300", "2018-12-31": "62.82900", "2018-09-30": "63.39900", "2018-06-30": "63.28200", "2018-03-31": "63.65100", "2017-12-31": "63.14400", "2017-09-30": "60.87500", "2017-06-30": "58.35000", "2017-03-31": "58.99000", "2016-12-31": "59.95200", "2016-09-30": "61.00300", "2016-06-30": "60.83500", "2016-03-31": "59.96800", "2015-12-31": "59.05900", "2015-09-30": "57.18700", "2015-06-30": "56.19900", "2015-03-31": "55.78800", "2014-12-31": "56.40700", "2014-09-30": "56.44300", "2014-06-30": "57.31200", "2014-03-31": "58.19500", "2013-12-31": "58.19800", "2013-09-30": "58.51700", "2013-06-30": "58.64400", "2013-03-31": "59.59600", "2012-12-31": "60.91500", "2012-09-30": "61.15000", "2012-06-30": "60.55300", "2012-03-31": "60.19700", "2011-12-31": "59.16200", "2011-09-30": "59.48700", "2011-06-30": "60.51800", "2011-03-31": "61.39000", "2010-12-31": "62.14200", "2010-09-30": "62.68500", "2010-06-30": "62.86000", "2010-03-31": "63.97900", "2009-12-31": "63.95900", "2009-09-30": "65.13400", "2009-06-30": "66.50400", "2009-03-31": "66.66700", "2008-12-31": "67.28700", "2008-09-30": "68.11200", "2008-06-30": "68.47100", "2008-03-31": "69.15200", "2007-12-31": "69.80100", "2007-09-30": "69.66900", "2007-06-30": "68.30500", "2007-03-31": "81.65000", "2006-12-31": "82.13200", "2006-09-30": "82.06700", "2006-06-30": "", "2006-03-31": "", "2005-12-31": ""}, "Long-Term Investments": {"2020-09-30": "590.23100", "2020-06-30": "651.12300", "2020-03-31": "681.34200", "2019-12-31": "655.85500", "2019-09-30": "649.72200", "2019-06-30": "664.59200", "2019-03-31": "668.11600", "2018-12-31": "658.02300", "2018-09-30": "625.50900", "2018-06-30": "635.50200", "2018-03-31": "638.54500", "2017-12-31": "631.10210", "2017-09-30": "627.46900", "2017-06-30": "616.68900", "2017-03-31": "619.05500", "2016-12-31": "599.98400", "2016-09-30": "587.71900", "2016-06-30": "600.00600", "2016-03-31": "638.38810", "2015-12-31": "657.87600", "2015-09-30": "654.52290", "2015-06-30": "638.82200", "2015-03-31": "655.56100", "2014-12-31": "644.55300", "2014-09-30": "609.27900", "2014-06-30": "564.72500", "2014-03-31": "527.03000", "2013-12-31": "524.41800", "2013-09-30": "512.99600", "2013-06-30": "490.15000", "2013-03-31": "492.50800", "2012-12-31": "486.50000", "2012-09-30": "457.05000", "2012-06-30": "420.09900", "2012-03-31": "424.62400", "2011-12-31": "401.43400", "2011-09-30": "444.04600", "2011-06-30": "493.97500", "2011-03-31": "529.32900", "2010-12-31": "604.97000", "2010-09-30": "707.17900", "2010-06-30": "701.78590", "2010-03-31": "689.22800", "2009-12-31": "684.98000", "2009-09-30": "637.38500", "2009-06-30": "680.80100", "2009-03-31": "777.58400", "2008-12-31": "843.84700", "2008-09-30": "884.47200", "2008-06-30": "932.49100", "2008-03-31": "1008.26200", "2007-12-31": "978.73710", "2007-09-30": "914.72700", "2007-06-30": "739.42600", "2007-03-31": "512.97900", "2006-12-31": "333.60800", "2006-09-30": "204.09900", "2006-06-30": "", "2006-03-31": "", "2005-12-31": ""}, "Goodwill And Intangible Assets": {"2020-09-30": "7.86000", "2020-06-30": "7.65600", "2020-03-31": "7.19400", "2019-12-31": "7.14200", "2019-09-30": "8.08000", "2019-06-30": "8.28900", "2019-03-31": "8.48400", "2018-12-31": "8.64300", "2018-09-30": "8.84000", "2018-06-30": "9.11100", "2018-03-31": "8.03400", "2017-12-31": "8.16800", "2017-09-30": "8.37500", "2017-06-30": "8.62500", "2017-03-31": "8.60500", "2016-12-31": "8.64500", "2016-09-30": "8.85200", "2016-06-30": "9.21300", "2016-03-31": "9.47500", "2015-12-31": "9.62100", "2015-09-30": "9.98800", "2015-06-30": "10.28700", "2015-03-31": "10.74100", "2014-12-31": "11.22900", "2014-09-30": "11.66900", "2014-06-30": "12.25400", "2014-03-31": "12.84500", "2013-12-31": "13.39100", "2013-09-30": "14.07400", "2013-06-30": "15.27200", "2013-03-31": "16.39000", "2012-12-31": "17.78700", "2012-09-30": "19.61300", "2012-06-30": "21.80500", "2012-03-31": "23.87900", "2011-12-31": "26.02400", "2011-09-30": "28.91900", "2011-06-30": "30.79100", "2011-03-31": "32.00400", "2010-12-31": "33.53200", "2010-09-30": "38.65800", "2010-06-30": "42.29100", "2010-03-31": "41.27600", "2009-12-31": "40.71600", "2009-09-30": "41.37500", "2009-06-30": "36.60300", "2009-03-31": "34.87300", "2008-12-31": "42.72100", "2008-09-30": "41.52600", "2008-06-30": "42.03200", "2008-03-31": "41.68700", "2007-12-31": "41.34700", "2007-09-30": "41.06400", "2007-06-30": "41.74000", "2007-03-31": "42.04400", "2006-12-31": "41.94000", "2006-09-30": "40.36600", "2006-06-30": "", "2006-03-31": "", "2005-12-31": ""}, "Other Long-Term Assets": {"2020-09-30": "327.93600", "2020-06-30": "339.73100", "2020-03-31": "342.93600", "2019-12-31": "301.27400", "2019-09-30": "307.60100", "2019-06-30": "293.46300", "2019-03-31": "282.26400", "2018-12-31": "262.83700", "2018-09-30": "259.15900", "2018-06-30": "260.16900", "2018-03-31": "254.90000", "2017-12-31": "255.61800", "2017-09-30": "272.49000", "2017-06-30": "276.63400", "2017-03-31": "273.93000", "2016-12-31": "267.06700", "2016-09-30": "270.94100", "2016-06-30": "279.52500", "2016-03-31": "270.79500", "2015-12-31": "269.04600", "2015-09-30": "271.63000", "2015-06-30": "279.17300", "2015-03-31": "276.40700", "2014-12-31": "275.81000", "2014-09-30": "276.80000", "2014-06-30": "279.94100", "2014-03-31": "278.86000", "2013-12-31": "277.80200", "2013-09-30": "278.02900", "2013-06-30": "282.29400", "2013-03-31": "288.94800", "2012-12-31": "281.97600", "2012-09-30": "287.64600", "2012-06-30": "285.56500", "2012-03-31": "283.17700", "2011-12-31": "269.45600", "2011-09-30": "278.85300", "2011-06-30": "280.83500", "2011-03-31": "285.77700", "2010-12-31": "280.39500", "2010-09-30": "280.70700", "2010-06-30": "272.50200", "2010-03-31": "279.61600", "2009-12-31": "275.45900", "2009-09-30": "228.78000", "2009-06-30": "209.33300", "2009-03-31": "203.41700", "2008-12-31": "196.63800", "2008-09-30": "204.18500", "2008-06-30": "204.83600", "2008-03-31": "196.60000", "2007-12-31": "185.64000", "2007-09-30": "192.82100", "2007-06-30": "204.55200", "2007-03-31": "179.39700", "2006-12-31": "173.65200", "2006-09-30": "182.11700", "2006-06-30": "", "2006-03-31": "", "2005-12-31": ""}, "Total Long-Term Assets": {"2020-09-30": "967.62100", "2020-06-30": "1041.20700", "2020-03-31": "1074.15600", "2019-12-31": "1007.36300", "2019-09-30": "1026.98000", "2019-06-30": "1028.26000", "2019-03-31": "1021.29700", "2018-12-31": "992.33200", "2018-09-30": "956.90700", "2018-06-30": "968.06400", "2018-03-31": "965.13000", "2017-12-31": "958.03200", "2017-09-30": "969.20900", "2017-06-30": "960.29800", "2017-03-31": "960.58000", "2016-12-31": "935.64810", "2016-09-30": "928.51500", "2016-06-30": "949.57900", "2016-03-31": "978.62600", "2015-12-31": "995.60190", "2015-09-30": "993.32790", "2015-06-30": "984.48100", "2015-03-31": "998.49710", "2014-12-31": "987.99900", "2014-09-30": "954.19100", "2014-06-30": "914.23210", "2014-03-31": "876.93000", "2013-12-31": "873.80900", "2013-09-30": "863.61600", "2013-06-30": "846.36000", "2013-03-31": "857.44200", "2012-12-31": "847.17800", "2012-09-30": "825.45900", "2012-06-30": "788.02200", "2012-03-31": "791.87700", "2011-12-31": "756.07600", "2011-09-30": "811.30490", "2011-06-30": "866.11900", "2011-03-31": "908.50010", "2010-12-31": "981.03890", "2010-09-30": "1089.22900", "2010-06-30": "1079.43900", "2010-03-31": "1074.09900", "2009-12-31": "1065.11400", "2009-09-30": "972.67410", "2009-06-30": "993.24110", "2009-03-31": "1082.54100", "2008-12-31": "1150.49300", "2008-09-30": "1198.29500", "2008-06-30": "1247.83000", "2008-03-31": "1315.70100", "2007-12-31": "1275.52500", "2007-09-30": "1218.28100", "2007-06-30": "1054.02300", "2007-03-31": "816.07000", "2006-12-31": "631.33200", "2006-09-30": "508.64900", "2006-06-30": "", "2006-03-31": "", "2005-12-31": ""}, "Total Assets": {"2020-09-30": "14642.22000", "2020-06-30": "14834.74000", "2020-03-31": "15002.34000", "2019-12-31": "14806.19000", "2019-09-30": "14542.36000", "2019-06-30": "14371.74000", "2019-03-31": "14206.63000", "2018-12-31": "14238.68000", "2018-09-30": "14137.33000", "2018-06-30": "13936.59000", "2018-03-31": "13956.03000", "2017-12-31": "13887.88000", "2017-09-30": "13692.56000", "2017-06-30": "13525.58000", "2017-03-31": "13406.19000", "2016-12-31": "13189.88000", "2016-09-30": "12906.06000", "2016-06-30": "12624.35000", "2016-03-31": "12466.57000", "2015-12-31": "12390.64000", "2015-09-30": "12368.89000", "2015-06-30": "12259.51000", "2015-03-31": "12133.69000", "2014-12-31": "12067.84000", "2014-09-30": "11803.20000", "2014-06-30": "11716.02000", "2014-03-31": "11534.44000", "2013-12-31": "11381.45000", "2013-09-30": "11269.35000", "2013-06-30": "11136.54000", "2013-03-31": "11121.76000", "2012-12-31": "11379.63000", "2012-09-30": "11518.13000", "2012-06-30": "11495.00000", "2012-03-31": "11286.77000", "2011-12-31": "11058.13000", "2011-09-30": "10892.95000", "2011-06-30": "10877.54000", "2011-03-31": "10885.06000", "2010-12-31": "11064.67000", "2010-09-30": "11076.03000", "2010-06-30": "10940.20000", "2010-03-31": "10737.17000", "2009-12-31": "10727.57000", "2009-09-30": "10598.84000", "2009-06-30": "10783.14000", "2009-03-31": "10644.88000", "2008-12-31": "10875.75000", "2008-09-30": "10786.45000", "2008-06-30": "10360.93000", "2008-03-31": "10460.83000", "2007-12-31": "10476.91000", "2007-09-30": "10278.03000", "2007-06-30": "10016.37000", "2007-03-31": "9850.16400", "2006-12-31": "8733.14500", "2006-09-30": "8595.56700", "2006-06-30": "0.00000", "2006-03-31": "0.00000", "2005-12-31": "0.00000"}, "Total Current Liabilities": {"2020-09-30": "9291.19100", "2020-06-30": "9285.82200", "2020-03-31": "9142.28000", "2019-12-31": "9056.69900", "2019-09-30": "8806.38400", "2019-06-30": "8750.94500", "2019-03-31": "8762.17000", "2018-12-31": "8633.54100", "2018-09-30": "8522.73300", "2018-06-30": "8443.35400", "2018-03-31": "8389.08900", "2017-12-31": "8300.04200", "2017-09-30": "8195.01500", "2017-06-30": "8223.85000", "2017-03-31": "8240.32200", "2016-12-31": "8342.54600", "2016-09-30": "8385.09500", "2016-06-30": "8419.72700", "2016-03-31": "8365.35400", "2015-12-31": "8397.05400", "2015-09-30": "8335.10400", "2015-06-30": "8510.03700", "2015-03-31": "8543.72300", "2014-12-31": "8626.51400", "2014-09-30": "8694.16300", "2014-06-30": "8750.34400", "2014-03-31": "8461.54000", "2013-12-31": "8404.12500", "2013-09-30": "8505.61900", "2013-06-30": "8683.08000", "2013-03-31": "8794.81600", "2012-12-31": "8895.12600", "2012-09-30": "9027.68100", "2012-06-30": "8992.47200", "2012-03-31": "8861.27800", "2011-12-31": "8750.34500", "2011-09-30": "8769.07400", "2011-06-30": "8807.77800", "2011-03-31": "8811.43800", "2010-12-31": "8905.44500", "2010-09-30": "8917.14600", "2010-06-30": "8969.95600", "2010-03-31": "8760.14500", "2009-12-31": "8715.23700", "2009-09-30": "8628.90600", "2009-06-30": "8562.58100", "2009-03-31": "8438.63900", "2008-12-31": "8406.86600", "2008-09-30": "8315.65600", "2008-06-30": "8230.45500", "2008-03-31": "8287.36500", "2007-12-31": "8352.48700", "2007-09-30": "8173.43900", "2007-06-30": "7934.04100", "2007-03-31": "7712.22400", "2006-12-31": "7553.92500", "2006-09-30": "7444.68100", "2006-06-30": "", "2006-03-31": "", "2005-12-31": ""}, "Long Term Debt": {"2020-09-30": "3521.74500", "2020-06-30": "3759.14800", "2020-03-31": "4082.95100", "2019-12-31": "3889.64900", "2019-09-30": "3902.98100", "2019-06-30": "3833.60000", "2019-03-31": "3590.07200", "2018-12-31": "3734.32900", "2018-09-30": "3721.69900", "2018-06-30": "3664.76100", "2018-03-31": "3717.06400", "2017-12-31": "3758.85500", "2017-09-30": "3671.37700", "2017-06-30": "3542.77200", "2017-03-31": "3366.18900", "2016-12-31": "3049.36700", "2016-09-30": "2718.79500", "2016-06-30": "2442.89200", "2016-03-31": "2283.37500", "2015-12-31": "2164.22500", "2015-09-30": "2168.62700", "2015-06-30": "1899.08000", "2015-03-31": "1667.75300", "2014-12-31": "1504.70500", "2014-09-30": "1138.63900", "2014-06-30": "1017.40000", "2014-03-31": "1070.13200", "2013-12-31": "986.02200", "2013-09-30": "745.11700", "2013-06-30": "475.06200", "2013-03-31": "315.91900", "2012-12-31": "468.00000", "2012-09-30": "488.19100", "2012-06-30": "569.73300", "2012-03-31": "419.09400", "2011-12-31": "264.48900", "2011-09-30": "139.85600", "2011-06-30": "185.12900", "2011-03-31": "168.14800", "2010-12-31": "64.15500", "2010-09-30": "70.15800", "2010-06-30": "70.15800", "2010-03-31": "70.16300", "2009-12-31": "70.16300", "2009-09-30": "70.15800", "2009-06-30": "190.15800", "2009-03-31": "160.09300", "2008-12-31": "547.53500", "2008-09-30": "498.02800", "2008-06-30": "93.00700", "2008-03-31": "", "2007-12-31": "", "2007-09-30": "", "2007-06-30": "25.10300", "2007-03-31": "25.10600", "2006-12-31": "25.10600", "2006-09-30": "25.10300", "2006-06-30": "", "2006-03-31": "", "2005-12-31": ""}, "Other Non-Current Liabilities": {"2020-09-30": "157.43100", "2020-06-30": "134.29700", "2020-03-31": "121.94700", "2019-12-31": "130.89400", "2019-09-30": "136.23700", "2019-06-30": "76.71100", "2019-03-31": "118.40000", "2018-12-31": "127.02800", "2018-09-30": "134.49500", "2018-06-30": "83.18400", "2018-03-31": "120.08000", "2017-12-31": "128.30500", "2017-09-30": "136.21200", "2017-06-30": "81.33300", "2017-03-31": "121.29100", "2016-12-31": "132.62900", "2016-09-30": "141.71400", "2016-06-30": "82.73400", "2016-03-31": "127.42900", "2015-12-31": "126.91600", "2015-09-30": "135.78500", "2015-06-30": "89.11300", "2015-03-31": "131.79200", "2014-12-31": "123.93100", "2014-09-30": "130.93600", "2014-06-30": "83.41000", "2014-03-31": "118.64100", "2013-12-31": "128.86000", "2013-09-30": "147.13300", "2013-06-30": "126.46700", "2013-03-31": "175.64200", "2012-12-31": "196.45800", "2012-09-30": "195.40300", "2012-06-30": "127.35300", "2012-03-31": "206.59200", "2011-12-31": "247.33200", "2011-09-30": "210.09400", "2011-06-30": "118.24700", "2011-03-31": "152.49200", "2010-12-31": "347.49600", "2010-09-30": "335.82600", "2010-06-30": "138.56100", "2010-03-31": "154.33000", "2009-12-31": "190.97700", "2009-09-30": "153.91100", "2009-06-30": "253.65700", "2009-03-31": "273.44100", "2008-12-31": "126.50900", "2008-09-30": "129.11400", "2008-06-30": "82.47800", "2008-03-31": "152.99800", "2007-12-31": "116.28600", "2007-09-30": "118.38900", "2007-06-30": "76.80300", "2007-03-31": "1054.14800", "2006-12-31": "107.92700", "2006-09-30": "113.18900", "2006-06-30": "", "2006-03-31": "", "2005-12-31": ""}, "Total Long Term Liabilities": {"2020-09-30": "3679.17600", "2020-06-30": "3893.44500", "2020-03-31": "4204.89800", "2019-12-31": "4020.54300", "2019-09-30": "4039.21800", "2019-06-30": "3910.31100", "2019-03-31": "3708.47200", "2018-12-31": "3861.35700", "2018-09-30": "3856.19400", "2018-06-30": "3747.94500", "2018-03-31": "3837.14400", "2017-12-31": "3887.16000", "2017-09-30": "3807.58900", "2017-06-30": "3624.10500", "2017-03-31": "3487.48000", "2016-12-31": "3181.99600", "2016-09-30": "2860.50900", "2016-06-30": "2525.62600", "2016-03-31": "2410.80400", "2015-12-31": "2291.14100", "2015-09-30": "2304.41200", "2015-06-30": "1988.19300", "2015-03-31": "1799.54500", "2014-12-31": "1628.63600", "2014-09-30": "1269.57500", "2014-06-30": "1100.81000", "2014-03-31": "1188.77300", "2013-12-31": "1114.88200", "2013-09-30": "892.25000", "2013-06-30": "601.52900", "2013-03-31": "491.56100", "2012-12-31": "664.45800", "2012-09-30": "683.59400", "2012-06-30": "697.08600", "2012-03-31": "625.68600", "2011-12-31": "511.82100", "2011-09-30": "349.95000", "2011-06-30": "303.37600", "2011-03-31": "320.64000", "2010-12-31": "411.65100", "2010-09-30": "405.98400", "2010-06-30": "208.71900", "2010-03-31": "224.49300", "2009-12-31": "261.14000", "2009-09-30": "224.06900", "2009-06-30": "443.81500", "2009-03-31": "433.53400", "2008-12-31": "674.04390", "2008-09-30": "627.14200", "2008-06-30": "175.48500", "2008-03-31": "152.99800", "2007-12-31": "116.28600", "2007-09-30": "118.38900", "2007-06-30": "122.12900", "2007-03-31": "1096.97200", "2006-12-31": "150.57200", "2006-09-30": "138.29200", "2006-06-30": "", "2006-03-31": "", "2005-12-31": ""}, "Total Liabilities": {"2020-09-30": "12970.37000", "2020-06-30": "13179.27000", "2020-03-31": "13347.18000", "2019-12-31": "13077.24000", "2019-09-30": "12845.60000", "2019-06-30": "12661.26000", "2019-03-31": "12470.64000", "2018-12-31": "12494.90000", "2018-09-30": "12378.93000", "2018-06-30": "12191.30000", "2018-03-31": "12226.23000", "2017-12-31": "12187.20000", "2017-09-30": "12002.60000", "2017-06-30": "11847.96000", "2017-03-31": "11727.80000", "2016-12-31": "11524.54000", "2016-09-30": "11245.60000", "2016-06-30": "10945.35000", "2016-03-31": "10776.16000", "2015-12-31": "10688.19000", "2015-09-30": "10639.52000", "2015-06-30": "10498.23000", "2015-03-31": "10343.27000", "2014-12-31": "10255.15000", "2014-09-30": "9963.73800", "2014-06-30": "9851.15400", "2014-03-31": "9650.31300", "2013-12-31": "9519.00700", "2013-09-30": "9397.86900", "2013-06-30": "9284.60900", "2013-03-31": "9286.37700", "2012-12-31": "9559.58400", "2012-09-30": "9711.27500", "2012-06-30": "9689.55700", "2012-03-31": "9486.96500", "2011-12-31": "9262.16600", "2011-09-30": "9119.02400", "2011-06-30": "9111.15400", "2011-03-31": "9132.07800", "2010-12-31": "9317.09600", "2010-09-30": "9323.13000", "2010-06-30": "9178.67500", "2010-03-31": "8984.63800", "2009-12-31": "8976.37700", "2009-09-30": "8852.97500", "2009-06-30": "9006.39600", "2009-03-31": "8872.17300", "2008-12-31": "9080.91000", "2008-09-30": "8942.79900", "2008-06-30": "8405.94000", "2008-03-31": "8440.36300", "2007-12-31": "8468.77300", "2007-09-30": "8291.82800", "2007-06-30": "8056.17000", "2007-03-31": "8809.19600", "2006-12-31": "7704.49700", "2006-09-30": "7582.97300", "2006-06-30": "", "2006-03-31": "", "2005-12-31": ""}, "Common Stock Net": {"2020-09-30": "3.32300", "2020-06-30": "3.32300", "2020-03-31": "3.32300", "2019-12-31": "3.32300", "2019-09-30": "3.32300", "2019-06-30": "3.32300", "2019-03-31": "3.32300", "2018-12-31": "3.32300", "2018-09-30": "3.32300", "2018-06-30": "3.32300", "2018-03-31": "3.32300", "2017-12-31": "3.32300", "2017-09-30": "3.32300", "2017-06-30": "3.32300", "2017-03-31": "3.32300", "2016-12-31": "3.32300", "2016-09-30": "3.32300", "2016-06-30": "3.32300", "2016-03-31": "3.32300", "2015-12-31": "3.32300", "2015-09-30": "3.32300", "2015-06-30": "3.32300", "2015-03-31": "3.32300", "2014-12-31": "3.32300", "2014-09-30": "3.32300", "2014-06-30": "3.32300", "2014-03-31": "3.32300", "2013-12-31": "3.32300", "2013-09-30": "3.32300", "2013-06-30": "3.32300", "2013-03-31": "3.32300", "2012-12-31": "3.32300", "2012-09-30": "3.32300", "2012-06-30": "3.32300", "2012-03-31": "3.32300", "2011-12-31": "3.32300", "2011-09-30": "3.32300", "2011-06-30": "3.32300", "2011-03-31": "3.32300", "2010-12-31": "3.32300", "2010-09-30": "3.32300", "2010-06-30": "3.32300", "2010-03-31": "3.32300", "2009-12-31": "3.32300", "2009-09-30": "3.32300", "2009-06-30": "3.32300", "2009-03-31": "3.32300", "2008-12-31": "3.32300", "2008-09-30": "3.32300", "2008-06-30": "3.32300", "2008-03-31": "3.32300", "2007-12-31": "3.32300", "2007-09-30": "3.32300", "2007-06-30": "3.32300", "2007-03-31": "", "2006-12-31": "", "2006-09-30": "", "2006-06-30": "", "2006-03-31": "", "2005-12-31": ""}, "Retained Earnings (Accumulated Deficit)": {"2020-09-30": "865.51400", "2020-06-30": "865.96500", "2020-03-31": "853.15500", "2019-12-31": "849.92900", "2019-09-30": "837.66200", "2019-06-30": "829.50800", "2019-03-31": "823.64400", "2018-12-31": "815.91800", "2018-09-30": "807.89000", "2018-06-30": "798.62600", "2018-03-31": "786.16700", "2017-12-31": "771.31700", "2017-09-30": "760.07000", "2017-06-30": "745.51300", "2017-03-31": "729.06300", "2016-12-31": "712.07900", "2016-09-30": "698.93000", "2016-06-30": "682.72700", "2016-03-31": "667.56000", "2015-12-31": "653.89100", "2015-09-30": "641.79100", "2015-06-30": "624.26300", "2015-03-31": "611.33500", "2014-12-31": "600.20200", "2014-09-30": "589.67800", "2014-06-30": "578.74100", "2014-03-31": "561.13300", "2013-12-31": "544.84900", "2013-09-30": "529.02100", "2013-06-30": "513.31100", "2013-03-31": "497.11300", "2012-12-31": "484.30700", "2012-09-30": "473.24700", "2012-06-30": "472.18500", "2012-03-31": "471.31700", "2011-12-31": "470.29500", "2011-09-30": "461.83600", "2011-06-30": "453.50300", "2011-03-31": "447.50200", "2010-12-31": "445.28500", "2010-09-30": "452.63300", "2010-06-30": "463.39900", "2010-03-31": "458.36300", "2009-12-31": "460.63300", "2009-09-30": "456.87500", "2009-06-30": "474.96600", "2009-03-31": "470.16800", "2008-12-31": "469.80800", "2008-09-30": "462.19000", "2008-06-30": "452.46600", "2008-03-31": "450.37300", "2007-12-31": "440.31900", "2007-09-30": "421.50300", "2007-06-30": "406.45300", "2007-03-31": "423.71000", "2006-12-31": "411.72300", "2006-09-30": "395.89200", "2006-06-30": "", "2006-03-31": "", "2005-12-31": ""}, "Comprehensive Income": {"2020-09-30": "-131.96500", "2020-06-30": "-145.99300", "2020-03-31": "-130.86300", "2019-12-31": "-50.79900", "2019-09-30": "-69.37900", "2019-06-30": "-45.97700", "2019-03-31": "-13.53000", "2018-12-31": "1.76100", "2018-09-30": "23.22200", "2018-06-30": "19.30300", "2018-03-31": "14.61300", "2017-12-31": "-1.99400", "2017-09-30": "-7.49200", "2017-06-30": "-11.80100", "2017-03-31": "-11.39300", "2016-12-31": "-12.68800", "2016-09-30": "-19.62600", "2016-06-30": "-16.31300", "2016-03-31": "-14.91700", "2015-12-31": "-18.01200", "2015-09-30": "-13.06500", "2015-06-30": "-8.41500", "2015-03-31": "-6.24400", "2014-12-31": "-10.23500", "2014-09-30": "-10.79200", "2014-06-30": "-6.43900", "2014-03-31": "-8.68200", "2013-12-31": "-10.50300", "2013-09-30": "-8.60400", "2013-06-30": "-9.47200", "2013-03-31": "-6.66000", "2012-12-31": "-6.53600", "2012-09-30": "-5.91600", "2012-06-30": "-3.65200", "2012-03-31": "-5.64000", "2011-12-31": "-5.66800", "2011-09-30": "-16.27700", "2011-06-30": "-13.03500", "2011-03-31": "-17.59500", "2010-12-31": "-17.87800", "2010-09-30": "-18.05600", "2010-06-30": "-16.98800", "2010-03-31": "-17.32100", "2009-12-31": "-17.64600", "2009-09-30": "-17.92300", "2009-06-30": "-8.06800", "2009-03-31": "-8.19200", "2008-12-31": "-8.32300", "2008-09-30": "-8.60700", "2008-06-30": "-5.76900", "2008-03-31": "-5.59900", "2007-12-31": "-5.96300", "2007-09-30": "-6.24300", "2007-06-30": "-10.61800", "2007-03-31": "-10.72100", "2006-12-31": "-11.05400", "2006-09-30": "-11.27700", "2006-06-30": "", "2006-03-31": "", "2005-12-31": ""}, "Other Share Holders Equity": {"2020-09-30": "-40.08400", "2020-06-30": "-41.16700", "2020-03-31": "-42.25100", "2019-12-31": "-43.33400", "2019-09-30": "-44.41700", "2019-06-30": "-45.50100", "2019-03-31": "-46.58400", "2018-12-31": "-47.66700", "2018-09-30": "-48.75100", "2018-06-30": "-49.83400", "2018-03-31": "-50.91700", "2017-12-31": "-52.00100", "2017-09-30": "-53.08400", "2017-06-30": "-54.16800", "2017-03-31": "-55.25100", "2016-12-31": "-56.33400", "2016-09-30": "-57.41800", "2016-06-30": "-58.50100", "2016-03-31": "-59.58400", "2015-12-31": "-60.66700", "2015-09-30": "-61.75100", "2015-06-30": "-62.83400", "2015-03-31": "-63.91800", "2014-12-31": "-65.00100", "2014-09-30": "-66.08400", "2014-06-30": "-67.16800", "2014-03-31": "-68.25100", "2013-12-31": "-69.33400", "2013-09-30": "-70.41800", "2013-06-30": "-71.50100", "2013-03-31": "-72.58400", "2012-12-31": "-73.66800", "2012-09-30": "-74.75100", "2012-06-30": "-75.83400", "2012-03-31": "-76.91700", "2011-12-31": "-78.00100", "2011-09-30": "-79.08400", "2011-06-30": "-80.16800", "2011-03-31": "-81.25100", "2010-12-31": "-82.33500", "2010-09-30": "-82.69900", "2010-06-30": "-84.02200", "2010-03-31": "-85.34500", "2009-12-31": "-86.66800", "2009-09-30": "-87.89600", "2009-06-30": "-89.25000", "2009-03-31": "-90.86400", "2008-12-31": "-91.95900", "2008-09-30": "-93.54500", "2008-06-30": "-95.13200", "2008-03-31": "-96.71800", "2007-12-31": "-98.31600", "2007-09-30": "-100.59700", "2007-06-30": "-106.53000", "2007-03-31": "", "2006-12-31": "", "2006-09-30": "", "2006-06-30": "", "2006-03-31": "", "2005-12-31": ""}, "Share Holder Equity": {"2020-09-30": "1671.85300", "2020-06-30": "1655.47600", "2020-03-31": "1655.16400", "2019-12-31": "1728.94900", "2019-09-30": "1696.75400", "2019-06-30": "1710.48200", "2019-03-31": "1735.98500", "2018-12-31": "1743.78000", "2018-09-30": "1758.40400", "2018-06-30": "1745.29400", "2018-03-31": "1729.79500", "2017-12-31": "1700.67800", "2017-09-30": "1689.95900", "2017-06-30": "1677.62400", "2017-03-31": "1678.39000", "2016-12-31": "1665.33300", "2016-09-30": "1660.45800", "2016-06-30": "1678.99800", "2016-03-31": "1690.40700", "2015-12-31": "1702.44500", "2015-09-30": "1729.37000", "2015-06-30": "1761.27500", "2015-03-31": "1790.42600", "2014-12-31": "1812.69300", "2014-09-30": "1839.45700", "2014-06-30": "1864.86400", "2014-03-31": "1884.12800", "2013-12-31": "1862.44000", "2013-09-30": "1871.47700", "2013-06-30": "1851.93100", "2013-03-31": "1835.38400", "2012-12-31": "1820.04400", "2012-09-30": "1806.85000", "2012-06-30": "1805.44000", "2012-03-31": "1799.80300", "2011-12-31": "1795.96000", "2011-09-30": "1773.92400", "2011-06-30": "1766.38700", "2011-03-31": "1752.98200", "2010-12-31": "1747.57600", "2010-09-30": "1752.89700", "2010-06-30": "1761.52700", "2010-03-31": "1752.53700", "2009-12-31": "1751.19700", "2009-09-30": "1745.86500", "2009-06-30": "1776.74400", "2009-03-31": "1772.70700", "2008-12-31": "1794.84400", "2008-09-30": "1843.65200", "2008-06-30": "1954.99500", "2008-03-31": "2020.46400", "2007-12-31": "2008.13700", "2007-09-30": "1986.20100", "2007-06-30": "1960.20300", "2007-03-31": "1040.96800", "2006-12-31": "1028.64800", "2006-09-30": "1012.59400", "2006-06-30": "", "2006-03-31": "", "2005-12-31": ""}, "Total Liabilities And Share Holders Equity": {"2020-09-30": "14642.22000", "2020-06-30": "14834.74000", "2020-03-31": "15002.34000", "2019-12-31": "14806.19000", "2019-09-30": "14542.36000", "2019-06-30": "14371.74000", "2019-03-31": "14206.63000", "2018-12-31": "14238.68000", "2018-09-30": "14137.33000", "2018-06-30": "13936.59000", "2018-03-31": "13956.03000", "2017-12-31": "13887.88000", "2017-09-30": "13692.56000", "2017-06-30": "13525.58000", "2017-03-31": "13406.19000", "2016-12-31": "13189.88000", "2016-09-30": "12906.06000", "2016-06-30": "12624.35000", "2016-03-31": "12466.57000", "2015-12-31": "12390.64000", "2015-09-30": "12368.89000", "2015-06-30": "12259.51000", "2015-03-31": "12133.69000", "2014-12-31": "12067.84000", "2014-09-30": "11803.20000", "2014-06-30": "11716.02000", "2014-03-31": "11534.44000", "2013-12-31": "11381.45000", "2013-09-30": "11269.35000", "2013-06-30": "11136.54000", "2013-03-31": "11121.76000", "2012-12-31": "11379.63000", "2012-09-30": "11518.13000", "2012-06-30": "11495.00000", "2012-03-31": "11286.77000", "2011-12-31": "11058.13000", "2011-09-30": "10892.95000", "2011-06-30": "10877.54000", "2011-03-31": "10885.06000", "2010-12-31": "11064.67000", "2010-09-30": "11076.03000", "2010-06-30": "10940.20000", "2010-03-31": "10737.17000", "2009-12-31": "10727.57000", "2009-09-30": "10598.84000", "2009-06-30": "10783.14000", "2009-03-31": "10644.88000", "2008-12-31": "10875.75000", "2008-09-30": "10786.45000", "2008-06-30": "10360.93000", "2008-03-31": "10460.83000", "2007-12-31": "10476.91000", "2007-09-30": "10278.03000", "2007-06-30": "10016.37000", "2007-03-31": "9850.16400", "2006-12-31": "8733.14500", "2006-09-30": "8595.56700", "2006-06-30": "", "2006-03-31": "", "2005-12-31": ""}}, "cash flow statement": {"Net Income/Loss": {"2020-09-30": "83.31700", "2019-09-30": "80.23700", "2018-09-30": "85.40700", "2017-09-30": "88.87700", "2016-09-30": "80.55300", "2015-09-30": "72.59100", "2014-09-30": "65.89100", "2013-09-30": "55.95900", "2012-09-30": "11.47900", "2011-09-30": "9.34000", "2010-09-30": "11.33800", "2009-09-30": "14.39500", "2008-09-30": "54.49000", "2007-09-30": "25.61100", "2006-09-30": "43.53900", "2005-09-30": "64.50800"}, "Total Depreciation And Amortization - Cash Flow": {"2020-09-30": "32.82000", "2019-09-30": "22.95000", "2018-09-30": "25.18700", "2017-09-30": "20.88500", "2016-09-30": "19.36900", "2015-09-30": "17.45300", "2014-09-30": "13.28500", "2013-09-30": "21.31500", "2012-09-30": "22.76700", "2011-09-30": "19.40400", "2010-09-30": "18.46500", "2009-09-30": "18.50400", "2008-09-30": "8.84600", "2007-09-30": "6.87800", "2006-09-30": "11.58700", "2005-09-30": "19.42000"}, "Other Non-Cash Items": {"2020-09-30": "31.29900", "2019-09-30": "23.83200", "2018-09-30": "5.43200", "2017-09-30": "-1.63800", "2016-09-30": "17.14800", "2015-09-30": "23.12700", "2014-09-30": "43.06900", "2013-09-30": "54.08600", "2012-09-30": "95.87200", "2011-09-30": "103.58400", "2010-09-30": "110.91500", "2009-09-30": "128.44500", "2008-09-30": "59.64100", "2007-09-30": "43.71400", "2006-09-30": "11.85700", "2005-09-30": "5.11100"}, "Total Non-Cash Items": {"2020-09-30": "64.11900", "2019-09-30": "46.78200", "2018-09-30": "30.61900", "2017-09-30": "19.24700", "2016-09-30": "36.51700", "2015-09-30": "40.58000", "2014-09-30": "56.35400", "2013-09-30": "75.40100", "2012-09-30": "118.63900", "2011-09-30": "122.98800", "2010-09-30": "129.38000", "2009-09-30": "146.94900", "2008-09-30": "68.48700", "2007-09-30": "50.59200", "2006-09-30": "23.44400", "2005-09-30": "24.53100"}, "Change In Accounts Receivable": {"2020-09-30": "-44.27100", "2019-09-30": "-17.54600", "2018-09-30": "-10.57400", "2017-09-30": "0.65900", "2016-09-30": "-23.42900", "2015-09-30": "-5.88800", "2014-09-30": "-4.85500", "2013-09-30": "17.26600", "2012-09-30": "26.43700", "2011-09-30": "18.24200", "2010-09-30": "-27.12000", "2009-09-30": "120.10600", "2008-09-30": "-94.14800", "2007-09-30": "191.60000", "2006-09-30": "309.18700", "2005-09-30": "-187.98000"}, "Change In Inventories": {"2020-09-30": "", "2019-09-30": "", "2018-09-30": "", "2017-09-30": "", "2016-09-30": "", "2015-09-30": "", "2014-09-30": "", "2013-09-30": "", "2012-09-30": "", "2011-09-30": "", "2010-09-30": "", "2009-09-30": "", "2008-09-30": "", "2007-09-30": "", "2006-09-30": "", "2005-09-30": ""}, "Change In Accounts Payable": {"2020-09-30": "", "2019-09-30": "", "2018-09-30": "", "2017-09-30": "", "2016-09-30": "", "2015-09-30": "", "2014-09-30": "", "2013-09-30": "", "2012-09-30": "", "2011-09-30": "", "2010-09-30": "", "2009-09-30": "", "2008-09-30": "", "2007-09-30": "", "2006-09-30": "", "2005-09-30": ""}, "Change In Assets/Liabilities": {"2020-09-30": "18.63300", "2019-09-30": "-6.47200", "2018-09-30": "-13.33700", "2017-09-30": "-7.61500", "2016-09-30": "-8.98200", "2015-09-30": "-5.47700", "2014-09-30": "-13.98600", "2013-09-30": "-8.20700", "2012-09-30": "-1.56000", "2011-09-30": "-15.82300", "2010-09-30": "0.54600", "2009-09-30": "-10.78500", "2008-09-30": "4.82800", "2007-09-30": "8.44700", "2006-09-30": "-19.09700", "2005-09-30": "6.35400"}, "Total Change In Assets/Liabilities": {"2020-09-30": "-25.63800", "2019-09-30": "-24.01800", "2018-09-30": "-23.91100", "2017-09-30": "-6.95600", "2016-09-30": "-32.41100", "2015-09-30": "-11.36500", "2014-09-30": "-18.84100", "2013-09-30": "9.05900", "2012-09-30": "24.87700", "2011-09-30": "2.41900", "2010-09-30": "-26.57400", "2009-09-30": "109.32100", "2008-09-30": "-89.32000", "2007-09-30": "200.04700", "2006-09-30": "290.09000", "2005-09-30": "-181.62600"}, "Cash Flow From Operating Activities": {"2020-09-30": "121.79800", "2019-09-30": "103.00100", "2018-09-30": "92.11500", "2017-09-30": "101.16800", "2016-09-30": "84.91400", "2015-09-30": "102.10200", "2014-09-30": "103.50800", "2013-09-30": "140.81000", "2012-09-30": "155.62600", "2011-09-30": "135.56800", "2010-09-30": "116.52400", "2009-09-30": "272.01700", "2008-09-30": "29.00300", "2007-09-30": "273.44100", "2006-09-30": "356.15000", "2005-09-30": "-95.71900"}, "Net Change In Property, Plant, And Equipment": {"2020-09-30": "20.71300", "2019-09-30": "-3.77800", "2018-09-30": "-8.37300", "2017-09-30": "-4.15000", "2016-09-30": "-9.12500", "2015-09-30": "-5.52200", "2014-09-30": "-2.81600", "2013-09-30": "-2.81900", "2012-09-30": "-7.33200", "2011-09-30": "-2.61600", "2010-09-30": "-4.39700", "2009-09-30": "-4.24400", "2008-09-30": "-5.16800", "2007-09-30": "8.41800", "2006-09-30": "-3.49100", "2005-09-30": "-1.41800"}, "Net Change In Intangible Assets": {"2020-09-30": "", "2019-09-30": "", "2018-09-30": "", "2017-09-30": "", "2016-09-30": "", "2015-09-30": "", "2014-09-30": "", "2013-09-30": "", "2012-09-30": "", "2011-09-30": "", "2010-09-30": "", "2009-09-30": "", "2008-09-30": "", "2007-09-30": "", "2006-09-30": "", "2005-09-30": ""}, "Net Acquisitions/Divestitures": {"2020-09-30": "", "2019-09-30": "", "2018-09-30": "", "2017-09-30": "", "2016-09-30": "", "2015-09-30": "", "2014-09-30": "", "2013-09-30": "", "2012-09-30": "", "2011-09-30": "", "2010-09-30": "", "2009-09-30": "", "2008-09-30": "", "2007-09-30": "", "2006-09-30": "", "2005-09-30": ""}, "Net Change In Short-term Investments": {"2020-09-30": "", "2019-09-30": "", "2018-09-30": "", "2017-09-30": "", "2016-09-30": "", "2015-09-30": "", "2014-09-30": "", "2013-09-30": "", "2012-09-30": "", "2011-09-30": "", "2010-09-30": "", "2009-09-30": "", "2008-09-30": "", "2007-09-30": "", "2006-09-30": "", "2005-09-30": ""}, "Net Change In Long-Term Investments": {"2020-09-30": "62.16600", "2019-09-30": "-13.76600", "2018-09-30": "-15.30800", "2017-09-30": "-50.34000", "2016-09-30": "58.96100", "2015-09-30": "-46.23900", "2014-09-30": "-98.23400", "2013-09-30": "-70.06600", "2012-09-30": "-13.87500", "2011-09-30": "259.35900", "2010-09-30": "-71.69300", "2009-09-30": "247.18600", "2008-09-30": "32.16400", "2007-09-30": "-698.67100", "2006-09-30": "56.51600", "2005-09-30": "112.34600"}, "Net Change In Investments - Total": {"2020-09-30": "62.16600", "2019-09-30": "-13.76600", "2018-09-30": "-15.30800", "2017-09-30": "-50.34000", "2016-09-30": "58.96100", "2015-09-30": "-46.23900", "2014-09-30": "-98.23400", "2013-09-30": "-70.06600", "2012-09-30": "-13.87500", "2011-09-30": "259.35900", "2010-09-30": "-71.69300", "2009-09-30": "247.18600", "2008-09-30": "32.16400", "2007-09-30": "-698.67100", "2006-09-30": "56.51600", "2005-09-30": "112.34600"}, "Investing Activities - Other": {"2020-09-30": "64.69690", "2019-09-30": "-324.43800", "2018-09-30": "-451.17390", "2017-09-30": "-700.31900", "2016-09-30": "-504.21300", "2015-09-30": "-548.62710", "2014-09-30": "-567.59700", "2013-09-30": "218.07300", "2012-09-30": "-720.15590", "2011-09-30": "-649.14000", "2010-09-30": "-49.77590", "2009-09-30": "-123.97410", "2008-09-30": "-1182.12400", "2007-09-30": "-613.12700", "2006-09-30": "76.97410", "2005-09-30": "-426.25390"}, "Cash Flow From Investing Activities": {"2020-09-30": "147.57600", "2019-09-30": "-341.98200", "2018-09-30": "-474.85500", "2017-09-30": "-754.80900", "2016-09-30": "-454.37700", "2015-09-30": "-600.38800", "2014-09-30": "-668.64700", "2013-09-30": "145.18800", "2012-09-30": "-741.36300", "2011-09-30": "-392.39700", "2010-09-30": "-125.86600", "2009-09-30": "118.96800", "2008-09-30": "-1155.12800", "2007-09-30": "-1303.38000", "2006-09-30": "129.99900", "2005-09-30": "-315.32600"}, "Net Long-Term Debt": {"2020-09-30": "-100.11000", "2019-09-30": "-145.70900", "2018-09-30": "-266.72100", "2017-09-30": "-208.10000", "2016-09-30": "-146.05900", "2015-09-30": "585.15800", "2014-09-30": "398.95200", "2013-09-30": "309.65800", "2012-09-30": "32.00000", "2011-09-30": "19.67300", "2010-09-30": "", "2009-09-30": "70.00000", "2008-09-30": "", "2007-09-30": "-25.00000", "2006-09-30": "", "2005-09-30": "3.00000"}, "Net Current Debt": {"2020-09-30": "-281.12600", "2019-09-30": "326.99100", "2018-09-30": "317.04300", "2017-09-30": "1160.68200", "2016-09-30": "696.22700", "2015-09-30": "444.83000", "2014-09-30": "-5.43000", "2013-09-30": "-52.73200", "2012-09-30": "316.33500", "2011-09-30": "50.02500", "2010-09-30": "", "2009-09-30": "-497.87000", "2008-09-30": "498.02800", "2007-09-30": "", "2006-09-30": "-692.27500", "2005-09-30": "519.50000"}, "Debt Issuance/Retirement Net - Total": {"2020-09-30": "-381.23600", "2019-09-30": "181.28200", "2018-09-30": "50.32200", "2017-09-30": "952.58200", "2016-09-30": "550.16800", "2015-09-30": "1029.98800", "2014-09-30": "393.52200", "2013-09-30": "256.92600", "2012-09-30": "348.33500", "2011-09-30": "69.69800", "2010-09-30": "", "2009-09-30": "-427.87000", "2008-09-30": "498.02800", "2007-09-30": "-25.00000", "2006-09-30": "-692.27500", "2005-09-30": "522.50000"}, "Net Common Equity Issued/Repurchased": {"2020-09-30": "-2.32000", "2019-09-30": "-10.62500", "2018-09-30": "-21.51300", "2017-09-30": "-56.53300", "2016-09-30": "-136.05800", "2015-09-30": "-176.65700", "2014-09-30": "-101.36300", "2013-09-30": "", "2012-09-30": "", "2011-09-30": "", "2010-09-30": "-1.81000", "2009-09-30": "-103.14400", "2008-09-30": "-186.04700", "2007-09-30": "992.91900", "2006-09-30": "", "2005-09-30": ""}, "Net Total Equity Issued/Repurchased": {"2020-09-30": "-2.32000", "2019-09-30": "-10.62500", "2018-09-30": "-21.51300", "2017-09-30": "-56.53300", "2016-09-30": "-136.05800", "2015-09-30": "-176.65700", "2014-09-30": "-101.36300", "2013-09-30": "", "2012-09-30": "", "2011-09-30": "", "2010-09-30": "-1.81000", "2009-09-30": "-103.14400", "2008-09-30": "-186.04700", "2007-09-30": "992.91900", "2006-09-30": "", "2005-09-30": ""}, "Total Common And Preferred Stock Dividends Paid": {"2020-09-30": "-55.46500", "2019-09-30": "-50.46500", "2018-09-30": "-37.62900", "2017-09-30": "-27.70900", "2016-09-30": "-23.41400", "2015-09-30": "-19.49000", "2014-09-30": "-4.88600", "2013-09-30": "", "2012-09-30": "", "2011-09-30": "", "2010-09-30": "-15.56100", "2009-09-30": "-19.67700", "2008-09-30": "-13.80300", "2007-09-30": "", "2006-09-30": "", "2005-09-30": ""}, "Financial Activities - Other": {"2020-09-30": "392.53700", "2019-09-30": "124.15700", "2018-09-30": "393.11700", "2017-09-30": "-177.72000", "2016-09-30": "54.63700", "2015-09-30": "-361.58900", "2014-09-30": "173.27300", "2013-09-30": "-565.19000", "2012-09-30": "250.81800", "2011-09-30": "-261.76300", "2010-09-30": "463.40700", "2009-09-30": "334.37300", "2008-09-30": "130.61100", "2007-09-30": "638.80800", "2006-09-30": "338.73300", "2005-09-30": "-156.30400"}, "Cash Flow From Financial Activities": {"2020-09-30": "-46.48400", "2019-09-30": "244.34900", "2018-09-30": "384.29700", "2017-09-30": "690.62000", "2016-09-30": "445.33300", "2015-09-30": "472.25200", "2014-09-30": "460.54600", "2013-09-30": "-308.26400", "2012-09-30": "599.15300", "2011-09-30": "-192.06500", "2010-09-30": "446.03600", "2009-09-30": "-216.31800", "2008-09-30": "428.78900", "2007-09-30": "1606.72700", "2006-09-30": "-353.54200", "2005-09-30": "366.19600"}, "Net Cash Flow": {"2020-09-30": "222.89000", "2019-09-30": "5.36800", "2018-09-30": "1.55700", "2017-09-30": "36.97900", "2016-09-30": "75.87000", "2015-09-30": "-26.03400", "2014-09-30": "-104.59300", "2013-09-30": "-22.26600", "2012-09-30": "13.41600", "2011-09-30": "-448.89400", "2010-09-30": "436.69400", "2009-09-30": "174.66700", "2008-09-30": "-697.33600", "2007-09-30": "576.78800", "2006-09-30": "132.60700", "2005-09-30": "-44.84900"}, "Stock-Based Compensation": {"2020-09-30": "12.11700", "2019-09-30": "11.78000", "2018-09-30": "11.35600", "2017-09-30": "11.25200", "2016-09-30": "13.43600", "2015-09-30": "13.98000", "2014-09-30": "12.15700", "2013-09-30": "11.35600", "2012-09-30": "11.11500", "2011-09-30": "10.13800", "2010-09-30": "13.14100", "2009-09-30": "13.16900", "2008-09-30": "11.79000", "2007-09-30": "6.57300", "2006-09-30": "", "2005-09-30": ""}, "Common Stock Dividends Paid": {"2020-09-30": "-55.46500", "2019-09-30": "-50.46500", "2018-09-30": "-37.62900", "2017-09-30": "-27.70900", "2016-09-30": "-23.41400", "2015-09-30": "-19.49000", "2014-09-30": "-4.88600", "2013-09-30": "0.00000", "2012-09-30": "", "2011-09-30": "", "2010-09-30": "-15.56100", "2009-09-30": "-19.67700", "2008-09-30": "-13.80300", "2007-09-30": "", "2006-09-30": "", "2005-09-30": ""}}, "cash flow statement, quarterly": {"Net Income/Loss": {"2020-09-30": 13.578, "2020-06-30": 26.84, "2020-03-31": 17.257, "2019-12-31": "25.64200", "2019-09-30": 21.517, "2019-06-30": 18.257, "2019-03-31": 20.13, "2018-12-31": "20.33300", "2018-09-30": 21.605, "2018-06-30": 20.875, "2018-03-31": 23.314, "2017-12-31": "19.61300", "2017-09-30": 23.018, "2017-06-30": 22.788, "2017-03-31": 23.461, "2016-12-31": "19.61000", "2016-09-30": 22.806, "2016-06-30": 20.62, "2016-03-31": 19.276, "2015-12-31": "17.85100", "2015-09-30": 23.023, "2015-06-30": 17.258, "2015-03-31": 15.666, "2014-12-31": "16.64400", "2014-09-30": 15.851, "2014-06-30": 17.631, "2014-03-31": 16.385, "2013-12-31": "16.02400", "2013-09-30": 15.769, "2013-06-30": 16.247, "2013-03-31": 12.79, "2012-12-31": "11.15300", "2012-09-30": 1.106, "2012-06-30": 0.892, "2012-03-31": 1.022, "2011-12-31": "8.45900", "2011-09-30": 8.479, "2011-06-30": 5.985, "2011-03-31": 2.224, "2010-12-31": "-7.34800", "2010-09-30": -10.747, "2010-06-30": 10.237, "2010-03-31": 2.922, "2009-12-31": "8.92600", "2009-09-30": -12.89, "2009-06-30": 10.036, "2009-03-31": 5.761, "2008-12-31": "11.48800", "2008-09-30": 14.061, "2008-06-30": 6.79, "2008-03-31": 14.823, "2007-12-31": "18.81600", "2007-09-30": 15.05, "2007-06-30": -17.257, "2007-03-31": 11.987, "2006-12-31": "15.83100", "2006-09-30": -4.741, "2006-06-30": 14.699, "2006-03-31": 19.11, "2005-12-31": "14.47100"}, "Total Depreciation And Amortization - Cash Flow": {"2020-09-30": 9.94, "2020-06-30": 8.392, "2020-03-31": 6.694, "2019-12-31": "7.79400", "2019-09-30": 6.177, "2019-06-30": 6.155, "2019-03-31": 5.212, "2018-12-31": "5.40600", "2018-09-30": 5.67, "2018-06-30": 6.856, "2018-03-31": 7.267, "2017-12-31": "5.39400", "2017-09-30": 4.343, "2017-06-30": 5.449, "2017-03-31": 5.306, "2016-12-31": "5.78700", "2016-09-30": 5.361, "2016-06-30": 5.163, "2016-03-31": 4.623, "2015-12-31": "4.22200", "2015-09-30": 4.919, "2015-06-30": 4.66, "2015-03-31": 4.009, "2014-12-31": "3.86500", "2014-09-30": 4.157, "2014-06-30": 3.152, "2014-03-31": 2.847, "2013-12-31": "3.12900", "2013-09-30": 3.997, "2013-06-30": 5.121, "2013-03-31": 5.976, "2012-12-31": "6.22100", "2012-09-30": 8.37, "2012-06-30": 5.098, "2012-03-31": 3.252, "2011-12-31": "6.04700", "2011-09-30": 4.024, "2011-06-30": 3.255, "2011-03-31": 4.346, "2010-12-31": "7.77900", "2010-09-30": 6.902, "2010-06-30": 3.907, "2010-03-31": 3.664, "2009-12-31": "3.99200", "2009-09-30": 2.936, "2009-06-30": 6.741, "2009-03-31": 6.364, "2008-12-31": "2.46300", "2008-09-30": 2.027, "2008-06-30": 2.574, "2008-03-31": 2.577, "2007-12-31": "1.66800", "2007-09-30": 1.743, "2007-06-30": 1.94, "2007-03-31": 1.854, "2006-12-31": "1.34100", "2006-09-30": 5.987, "2006-06-30": 1.949, "2006-03-31": 1.708, "2005-12-31": "1.94300"}, "Other Non-Cash Items": {"2020-09-30": 22.494, "2020-06-30": 4.181, "2020-03-31": 8.675, "2019-12-31": "-4.05100", "2019-09-30": 22.457, "2019-06-30": 1.341, "2019-03-31": -0.853, "2018-12-31": "0.88700", "2018-09-30": 0.88, "2018-06-30": 0.741, "2018-03-31": -17.421, "2017-12-31": "21.23200", "2017-09-30": -6.44, "2017-06-30": -13.372, "2017-03-31": -2.836, "2016-12-31": "21.01000", "2016-09-30": 10.402, "2016-06-30": 0.614, "2016-03-31": 2.841, "2015-12-31": "3.29100", "2015-09-30": 8.121, "2015-06-30": 3.38, "2015-03-31": 5.034, "2014-12-31": "6.59200", "2014-09-30": 16.848, "2014-06-30": 7.26, "2014-03-31": 9.435, "2013-12-31": "9.52600", "2013-09-30": 13.815, "2013-06-30": 4.949, "2013-03-31": 15.076, "2012-12-31": "20.24600", "2012-09-30": 13.134, "2012-06-30": 32.906, "2012-03-31": 31.449, "2011-12-31": "18.38300", "2011-09-30": 12.757, "2011-06-30": 26.465, "2011-03-31": 26.272, "2010-12-31": "38.09000", "2010-09-30": 28.187, "2010-06-30": 28.159, "2010-03-31": 31.712, "2009-12-31": "22.85700", "2009-09-30": 46.852, "2009-06-30": 24.258, "2009-03-31": 41.038, "2008-12-31": "16.29700", "2008-09-30": 19.176, "2008-06-30": 23.725, "2008-03-31": 8.916, "2007-12-31": "7.82400", "2007-09-30": -12.087, "2007-06-30": 49.653, "2007-03-31": 2.661, "2006-12-31": "3.48700", "2006-09-30": 8.116, "2006-06-30": 1.076, "2006-03-31": 1.446, "2005-12-31": "1.21900"}, "Total Non-Cash Items": {"2020-09-30": 32.434, "2020-06-30": 12.573, "2020-03-31": 15.369, "2019-12-31": "3.74300", "2019-09-30": 28.634, "2019-06-30": 7.496, "2019-03-31": 4.359, "2018-12-31": "6.29300", "2018-09-30": 6.55, "2018-06-30": 7.597, "2018-03-31": -10.154, "2017-12-31": "26.62600", "2017-09-30": -2.097, "2017-06-30": -7.923, "2017-03-31": 2.47, "2016-12-31": "26.79700", "2016-09-30": 15.763, "2016-06-30": 5.777, "2016-03-31": 7.464, "2015-12-31": "7.51300", "2015-09-30": 13.04, "2015-06-30": 8.04, "2015-03-31": 9.043, "2014-12-31": "10.45700", "2014-09-30": 21.005, "2014-06-30": 10.412, "2014-03-31": 12.282, "2013-12-31": "12.65500", "2013-09-30": 17.812, "2013-06-30": 10.07, "2013-03-31": 21.052, "2012-12-31": "26.46700", "2012-09-30": 21.504, "2012-06-30": 38.004, "2012-03-31": 34.701, "2011-12-31": "24.43000", "2011-09-30": 16.781, "2011-06-30": 29.72, "2011-03-31": 30.618, "2010-12-31": "45.86900", "2010-09-30": 35.089, "2010-06-30": 32.066, "2010-03-31": 35.376, "2009-12-31": "26.84900", "2009-09-30": 49.788, "2009-06-30": 30.999, "2009-03-31": 47.402, "2008-12-31": "18.76000", "2008-09-30": 21.203, "2008-06-30": 26.299, "2008-03-31": 11.493, "2007-12-31": "9.49200", "2007-09-30": -10.344, "2007-06-30": 51.593, "2007-03-31": 4.515, "2006-12-31": "4.82800", "2006-09-30": 14.103, "2006-06-30": 3.025, "2006-03-31": 3.154, "2005-12-31": "3.16200"}, "Change In Accounts Receivable": {"2020-09-30": -21.468, "2020-06-30": -10.807, "2020-03-31": 2.487, "2019-12-31": "-14.48300", "2019-09-30": -11.575, "2019-06-30": -2.252, "2019-03-31": -9.486, "2018-12-31": "5.76700", "2018-09-30": -1.393, "2018-06-30": -9.371, "2018-03-31": -2.555, "2017-12-31": "2.74500", "2017-09-30": -0.828, "2017-06-30": 1.808, "2017-03-31": -2.107, "2016-12-31": "1.78600", "2016-09-30": -6.85, "2016-06-30": -9.491, "2016-03-31": -8.369, "2015-12-31": "1.28100", "2015-09-30": -1.497, "2015-06-30": -1.569, "2015-03-31": -3.397, "2014-12-31": "0.57500", "2014-09-30": -3.212, "2014-06-30": -3.266, "2014-03-31": -2.868, "2013-12-31": "4.49100", "2013-09-30": 0.972, "2013-06-30": 10.151, "2013-03-31": -5.273, "2012-12-31": "11.41600", "2012-09-30": 22.988, "2012-06-30": 12.435, "2012-03-31": -13.797, "2011-12-31": "4.81100", "2011-09-30": 12.74, "2011-06-30": 13.565, "2011-03-31": -8.988, "2010-12-31": "0.92500", "2010-09-30": 92.796, "2010-06-30": -58.06, "2010-03-31": 24.159, "2009-12-31": "-86.01500", "2009-09-30": 203.809, "2009-06-30": -73.283, "2009-03-31": -51.239, "2008-12-31": "40.81900", "2008-09-30": -134.496, "2008-06-30": 31.516, "2008-03-31": 4.827, "2007-12-31": "4.00500", "2007-09-30": -40.073, "2007-06-30": 50.812, "2007-03-31": 5.903, "2006-12-31": "174.95800", "2006-09-30": -87.537, "2006-06-30": -68.044, "2006-03-31": 61.834, "2005-12-31": "402.93400"}, "Change In Inventories": {"2020-09-30": 0, "2020-06-30": 0, "2020-03-31": 0, "2019-12-31": "", "2019-09-30": 0, "2019-06-30": 0, "2019-03-31": 0, "2018-12-31": "", "2018-09-30": 0, "2018-06-30": 0, "2018-03-31": 0, "2017-12-31": "", "2017-09-30": 0, "2017-06-30": 0, "2017-03-31": 0, "2016-12-31": "", "2016-09-30": 0, "2016-06-30": 0, "2016-03-31": 0, "2015-12-31": "", "2015-09-30": 0, "2015-06-30": 0, "2015-03-31": 0, "2014-12-31": "", "2014-09-30": 0, "2014-06-30": 0, "2014-03-31": 0, "2013-12-31": "", "2013-09-30": 0, "2013-06-30": 0, "2013-03-31": 0, "2012-12-31": "", "2012-09-30": 0, "2012-06-30": 0, "2012-03-31": 0, "2011-12-31": "", "2011-09-30": 0, "2011-06-30": 0, "2011-03-31": 0, "2010-12-31": "", "2010-09-30": 0, "2010-06-30": 0, "2010-03-31": 0, "2009-12-31": "", "2009-09-30": 0, "2009-06-30": 0, "2009-03-31": 0, "2008-12-31": "", "2008-09-30": 0, "2008-06-30": 0, "2008-03-31": 0, "2007-12-31": "", "2007-09-30": 0, "2007-06-30": 0, "2007-03-31": 0, "2006-12-31": "", "2006-09-30": 0, "2006-06-30": 0, "2006-03-31": 0, "2005-12-31": ""}, "Change In Accounts Payable": {"2020-09-30": 0, "2020-06-30": 0, "2020-03-31": 0, "2019-12-31": "", "2019-09-30": 0, "2019-06-30": 0, "2019-03-31": 0, "2018-12-31": "", "2018-09-30": 0, "2018-06-30": 0, "2018-03-31": 0, "2017-12-31": "", "2017-09-30": 0, "2017-06-30": 0, "2017-03-31": 0, "2016-12-31": "", "2016-09-30": 0, "2016-06-30": 0, "2016-03-31": 0, "2015-12-31": "", "2015-09-30": 0, "2015-06-30": 0, "2015-03-31": 0, "2014-12-31": "", "2014-09-30": 0, "2014-06-30": 0, "2014-03-31": 0, "2013-12-31": "", "2013-09-30": 0, "2013-06-30": 0, "2013-03-31": 0, "2012-12-31": "", "2012-09-30": 0, "2012-06-30": 0, "2012-03-31": 0, "2011-12-31": "", "2011-09-30": 0, "2011-06-30": 0, "2011-03-31": 0, "2010-12-31": "", "2010-09-30": 0, "2010-06-30": 0, "2010-03-31": 0, "2009-12-31": "", "2009-09-30": 0, "2009-06-30": 0, "2009-03-31": 0, "2008-12-31": "", "2008-09-30": 0, "2008-06-30": 0, "2008-03-31": 0, "2007-12-31": "", "2007-09-30": 0, "2007-06-30": 0, "2007-03-31": 0, "2006-12-31": "", "2006-09-30": 0, "2006-06-30": 0, "2006-03-31": 0, "2005-12-31": ""}, "Change In Assets/Liabilities": {"2020-09-30": 5.857, "2020-06-30": 0.254, "2020-03-31": -1.967, "2019-12-31": "14.48900", "2019-09-30": -8.206, "2019-06-30": 5.979, "2019-03-31": -6.276, "2018-12-31": "2.03100", "2018-09-30": -2.718, "2018-06-30": -4.868, "2018-03-31": -54.785, "2017-12-31": "49.03400", "2017-09-30": -0.279, "2017-06-30": 0.46, "2017-03-31": -56.759, "2016-12-31": "48.96300", "2016-09-30": -1.861, "2016-06-30": -1.984, "2016-03-31": -47.833, "2015-12-31": "42.69600", "2015-09-30": -8.623, "2015-06-30": 3.942, "2015-03-31": -44.586, "2014-12-31": "43.79000", "2014-09-30": -15.384, "2014-06-30": -0.483, "2014-03-31": -45.353, "2013-12-31": "47.23400", "2013-09-30": -10.353, "2013-06-30": 13.544, "2013-03-31": -54.536, "2012-12-31": "43.13800", "2012-09-30": 4.65, "2012-06-30": -4.337, "2012-03-31": -55.261, "2011-12-31": "53.38800", "2011-09-30": -59.427, "2011-06-30": 55.698, "2011-03-31": -57.803, "2010-12-31": "45.70900", "2010-09-30": 0.969, "2010-06-30": 2.989, "2010-03-31": -51.952, "2009-12-31": "48.54000", "2009-09-30": -16.174, "2009-06-30": 6.237, "2009-03-31": -48.066, "2008-12-31": "47.21800", "2008-09-30": -88.407, "2008-06-30": 99.621, "2008-03-31": -58.736, "2007-12-31": "52.35000", "2007-09-30": -76.23, "2007-06-30": 88.179, "2007-03-31": -11.336, "2006-12-31": "7.83400", "2006-09-30": -18.477, "2006-06-30": 6.522, "2006-03-31": -5.311, "2005-12-31": "-1.83100"}, "Total Change In Assets/Liabilities": {"2020-09-30": -15.611, "2020-06-30": -10.553, "2020-03-31": 0.52, "2019-12-31": "0.00600", "2019-09-30": -19.781, "2019-06-30": 3.727, "2019-03-31": -15.762, "2018-12-31": "7.79800", "2018-09-30": -4.111, "2018-06-30": -14.239, "2018-03-31": -57.34, "2017-12-31": "51.77900", "2017-09-30": -1.107, "2017-06-30": 2.268, "2017-03-31": -58.866, "2016-12-31": "50.74900", "2016-09-30": -8.711, "2016-06-30": -11.475, "2016-03-31": -56.202, "2015-12-31": "43.97700", "2015-09-30": -10.12, "2015-06-30": 2.373, "2015-03-31": -47.983, "2014-12-31": "44.36500", "2014-09-30": -18.596, "2014-06-30": -3.749, "2014-03-31": -48.221, "2013-12-31": "51.72500", "2013-09-30": -9.381, "2013-06-30": 23.695, "2013-03-31": -59.809, "2012-12-31": "54.55400", "2012-09-30": 27.638, "2012-06-30": 8.098, "2012-03-31": -69.058, "2011-12-31": "58.19900", "2011-09-30": -46.687, "2011-06-30": 69.263, "2011-03-31": -66.791, "2010-12-31": "46.63400", "2010-09-30": 93.765, "2010-06-30": -55.071, "2010-03-31": -27.793, "2009-12-31": "-37.47500", "2009-09-30": 187.635, "2009-06-30": -67.046, "2009-03-31": -99.305, "2008-12-31": "88.03700", "2008-09-30": -222.903, "2008-06-30": 131.137, "2008-03-31": -53.909, "2007-12-31": "56.35500", "2007-09-30": -116.303, "2007-06-30": 138.991, "2007-03-31": -5.433, "2006-12-31": "182.79200", "2006-09-30": -106.014, "2006-06-30": -61.522, "2006-03-31": 56.523, "2005-12-31": "401.10300"}, "Cash Flow From Operating Activities": {"2020-09-30": 30.401, "2020-06-30": 28.86, "2020-03-31": 33.146, "2019-12-31": "29.39100", "2019-09-30": 30.37, "2019-06-30": 29.48, "2019-03-31": 8.727, "2018-12-31": "34.42400", "2018-09-30": 24.044, "2018-06-30": 14.233, "2018-03-31": -44.18, "2017-12-31": "98.01800", "2017-09-30": 19.814, "2017-06-30": 17.133, "2017-03-31": -32.935, "2016-12-31": "97.15600", "2016-09-30": 29.951, "2016-06-30": 15.029, "2016-03-31": -29.395, "2015-12-31": "69.32900", "2015-09-30": 25.934, "2015-06-30": 27.795, "2015-03-31": -23.211, "2014-12-31": "71.58400", "2014-09-30": 18.25, "2014-06-30": 24.163, "2014-03-31": -19.497, "2013-12-31": "80.59200", "2013-09-30": 24.238, "2013-06-30": 50.203, "2013-03-31": -25.838, "2012-12-31": "92.20700", "2012-09-30": 50.322, "2012-06-30": 47.135, "2012-03-31": -33.253, "2011-12-31": "91.42200", "2011-09-30": -21.268, "2011-06-30": 105.202, "2011-03-31": -34.081, "2010-12-31": "85.71500", "2010-09-30": 117.985, "2010-06-30": -10.677, "2010-03-31": 11.092, "2009-12-31": "-1.87600", "2009-09-30": 224.607, "2009-06-30": -24.779, "2009-03-31": -47.453, "2008-12-31": "119.64200", "2008-09-30": -188.395, "2008-06-30": 162.788, "2008-03-31": -28.125, "2007-12-31": "82.73500", "2007-09-30": -112.83, "2007-06-30": 172.86, "2007-03-31": 10.656, "2006-12-31": "202.75500", "2006-09-30": -95.518, "2006-06-30": -45.681, "2006-03-31": 79.342, "2005-12-31": "418.00700"}, "Net Change In Property, Plant, And Equipment": {"2020-09-30": 0.033, "2020-06-30": -1.348, "2020-03-31": -0.947, "2019-12-31": "22.97500", "2019-09-30": -0.89, "2019-06-30": -0.895, "2019-03-31": -1.076, "2018-12-31": "-0.91700", "2018-09-30": -1.657, "2018-06-30": -0.972, "2018-03-31": -1.942, "2017-12-31": "-3.80200", "2017-09-30": -2.811, "2017-06-30": -0.676, "2017-03-31": -0.298, "2016-12-31": "-0.36500", "2016-09-30": -1.646, "2016-06-30": -2.336, "2016-03-31": -2.36, "2015-12-31": "-2.78300", "2015-09-30": -2.134, "2015-06-30": -1.66, "2015-03-31": -0.568, "2014-12-31": "-1.16000", "2014-09-30": -0.31, "2014-06-30": -0.276, "2014-03-31": -1.16, "2013-12-31": "-1.07000", "2013-09-30": -1.092, "2013-06-30": 2.919, "2013-03-31": -3.488, "2012-12-31": "-1.15800", "2012-09-30": -4.577, "2012-06-30": -1.455, "2012-03-31": -0.286, "2011-12-31": "-1.01400", "2011-09-30": -0.337, "2011-06-30": -0.682, "2011-03-31": -0.723, "2010-12-31": "-0.87400", "2010-09-30": -1.297, "2010-06-30": -0.546, "2010-03-31": -1.939, "2009-12-31": "-0.61500", "2009-09-30": -0.429, "2009-06-30": -1.713, "2009-03-31": -1.146, "2008-12-31": "-0.95600", "2008-09-30": -2.174, "2008-06-30": -0.409, "2008-03-31": -0.892, "2007-12-31": "-1.69300", "2007-09-30": -3.173, "2007-06-30": 15.241, "2007-03-31": -1.596, "2006-12-31": "-2.05400", "2006-09-30": -3.07, "2006-06-30": 1.227, "2006-03-31": -0.906, "2005-12-31": "-0.74200"}, "Net Change In Intangible Assets": {"2020-09-30": 0, "2020-06-30": 0, "2020-03-31": 0, "2019-12-31": "", "2019-09-30": 0, "2019-06-30": 0, "2019-03-31": 0, "2018-12-31": "", "2018-09-30": 0, "2018-06-30": 0, "2018-03-31": 0, "2017-12-31": "", "2017-09-30": 0, "2017-06-30": 0, "2017-03-31": 0, "2016-12-31": "", "2016-09-30": 0, "2016-06-30": 0, "2016-03-31": 0, "2015-12-31": "", "2015-09-30": 0, "2015-06-30": 0, "2015-03-31": 0, "2014-12-31": "", "2014-09-30": 0, "2014-06-30": 0, "2014-03-31": 0, "2013-12-31": "", "2013-09-30": 0, "2013-06-30": 0, "2013-03-31": 0, "2012-12-31": "", "2012-09-30": 0, "2012-06-30": 0, "2012-03-31": 0, "2011-12-31": "", "2011-09-30": 0, "2011-06-30": 0, "2011-03-31": 0, "2010-12-31": "", "2010-09-30": 0, "2010-06-30": 0, "2010-03-31": 0, "2009-12-31": "", "2009-09-30": 0, "2009-06-30": 0, "2009-03-31": 0, "2008-12-31": "", "2008-09-30": 0, "2008-06-30": 0, "2008-03-31": 0, "2007-12-31": "", "2007-09-30": 0, "2007-06-30": 0, "2007-03-31": 0, "2006-12-31": "", "2006-09-30": 0, "2006-06-30": 0, "2006-03-31": 0, "2005-12-31": ""}, "Net Acquisitions/Divestitures": {"2020-09-30": 0, "2020-06-30": 0, "2020-03-31": 0, "2019-12-31": "", "2019-09-30": 0, "2019-06-30": 0, "2019-03-31": 0, "2018-12-31": "", "2018-09-30": 0, "2018-06-30": 0, "2018-03-31": 0, "2017-12-31": "", "2017-09-30": 0, "2017-06-30": 0, "2017-03-31": 0, "2016-12-31": "", "2016-09-30": 0, "2016-06-30": 0, "2016-03-31": 0, "2015-12-31": "", "2015-09-30": 0, "2015-06-30": 0, "2015-03-31": 0, "2014-12-31": "", "2014-09-30": 0, "2014-06-30": 0, "2014-03-31": 0, "2013-12-31": "", "2013-09-30": 0, "2013-06-30": 0, "2013-03-31": 0, "2012-12-31": "", "2012-09-30": 0, "2012-06-30": 0, "2012-03-31": 0, "2011-12-31": "", "2011-09-30": 0, "2011-06-30": 0, "2011-03-31": 0, "2010-12-31": "", "2010-09-30": 0, "2010-06-30": 0, "2010-03-31": 0, "2009-12-31": "", "2009-09-30": 0, "2009-06-30": 0, "2009-03-31": 0, "2008-12-31": "", "2008-09-30": 0, "2008-06-30": 0, "2008-03-31": 0, "2007-12-31": "", "2007-09-30": 0, "2007-06-30": 0, "2007-03-31": 0, "2006-12-31": "", "2006-09-30": 0, "2006-06-30": 0, "2006-03-31": 0, "2005-12-31": ""}, "Net Change In Short-term Investments": {"2020-09-30": 0, "2020-06-30": 0, "2020-03-31": 0, "2019-12-31": "", "2019-09-30": 0, "2019-06-30": 0, "2019-03-31": 0, "2018-12-31": "", "2018-09-30": 0, "2018-06-30": 0, "2018-03-31": 0, "2017-12-31": "", "2017-09-30": 0, "2017-06-30": 0, "2017-03-31": 0, "2016-12-31": "", "2016-09-30": 0, "2016-06-30": 0, "2016-03-31": 0, "2015-12-31": "", "2015-09-30": 0, "2015-06-30": 0, "2015-03-31": 0, "2014-12-31": "", "2014-09-30": 0, "2014-06-30": 0, "2014-03-31": 0, "2013-12-31": "", "2013-09-30": 0, "2013-06-30": 0, "2013-03-31": 0, "2012-12-31": "", "2012-09-30": 0, "2012-06-30": 0, "2012-03-31": 0, "2011-12-31": "", "2011-09-30": 0, "2011-06-30": 0, "2011-03-31": 0, "2010-12-31": "", "2010-09-30": 0, "2010-06-30": 0, "2010-03-31": 0, "2009-12-31": "", "2009-09-30": 0, "2009-06-30": 0, "2009-03-31": 0, "2008-12-31": "", "2008-09-30": 0, "2008-06-30": 0, "2008-03-31": 0, "2007-12-31": "", "2007-09-30": 0, "2007-06-30": 0, "2007-03-31": 0, "2006-12-31": "", "2006-09-30": 0, "2006-06-30": 0, "2006-03-31": 0, "2005-12-31": ""}, "Net Change In Long-Term Investments": {"2020-09-30": 57.391, "2020-06-30": 23.641, "2020-03-31": -15.063, "2019-12-31": "-3.80300", "2019-09-30": 12.222, "2019-06-30": 7.777, "2019-03-31": -6.711, "2018-12-31": "-27.05400", "2018-09-30": 6.516, "2018-06-30": 0.326, "2018-03-31": -12.695, "2017-12-31": "-9.45500", "2017-09-30": -12.682, "2017-06-30": 4.992, "2017-03-31": -19.448, "2016-12-31": "-23.20200", "2016-09-30": 8.008, "2016-06-30": 38.653, "2016-03-31": 25.156, "2015-12-31": "-12.85600", "2015-09-30": -15.701, "2015-06-30": 11.679, "2015-03-31": -6.368, "2014-12-31": "-35.84900", "2014-09-30": -46.934, "2014-06-30": -35.17, "2014-03-31": -0.719, "2013-12-31": "-15.41100", "2013-09-30": -25.73, "2013-06-30": -3.75, "2013-03-31": -8.199, "2012-12-31": "-32.38700", "2012-09-30": -37.475, "2012-06-30": 6.28, "2012-03-31": -24.288, "2011-12-31": "41.60800", "2011-09-30": 49.288, "2011-06-30": 34.792, "2011-03-31": 74.547, "2010-12-31": "100.73200", "2010-09-30": -6.415, "2010-06-30": -12.992, "2010-03-31": -4.505, "2009-12-31": "-47.78100", "2009-09-30": 43.323, "2009-06-30": 96.724, "2009-03-31": 66.255, "2008-12-31": "40.88400", "2008-09-30": 48.716, "2008-06-30": 75.725, "2008-03-31": -28.628, "2007-12-31": "-63.64900", "2007-09-30": -174.774, "2007-06-30": -226.611, "2007-03-31": -179.091, "2006-12-31": "-118.19500", "2006-09-30": 10.12, "2006-06-30": 10.895, "2006-03-31": 11.505, "2005-12-31": "23.99600"}, "Net Change In Investments - Total": {"2020-09-30": 57.391, "2020-06-30": 23.641, "2020-03-31": -15.063, "2019-12-31": "-3.80300", "2019-09-30": 12.222, "2019-06-30": 7.777, "2019-03-31": -6.711, "2018-12-31": "-27.05400", "2018-09-30": 6.516, "2018-06-30": 0.326, "2018-03-31": -12.695, "2017-12-31": "-9.45500", "2017-09-30": -12.682, "2017-06-30": 4.992, "2017-03-31": -19.448, "2016-12-31": "-23.20200", "2016-09-30": 8.008, "2016-06-30": 38.653, "2016-03-31": 25.156, "2015-12-31": "-12.85600", "2015-09-30": -15.701, "2015-06-30": 11.679, "2015-03-31": -6.368, "2014-12-31": "-35.84900", "2014-09-30": -46.934, "2014-06-30": -35.17, "2014-03-31": -0.719, "2013-12-31": "-15.41100", "2013-09-30": -25.73, "2013-06-30": -3.75, "2013-03-31": -8.199, "2012-12-31": "-32.38700", "2012-09-30": -37.475, "2012-06-30": 6.28, "2012-03-31": -24.288, "2011-12-31": "41.60800", "2011-09-30": 49.288, "2011-06-30": 34.792, "2011-03-31": 74.547, "2010-12-31": "100.73200", "2010-09-30": -6.415, "2010-06-30": -12.992, "2010-03-31": -4.505, "2009-12-31": "-47.78100", "2009-09-30": 43.323, "2009-06-30": 96.724, "2009-03-31": 66.255, "2008-12-31": "40.88400", "2008-09-30": 48.716, "2008-06-30": 75.725, "2008-03-31": -28.628, "2007-12-31": "-63.64900", "2007-09-30": -174.774, "2007-06-30": -226.611, "2007-03-31": -179.091, "2006-12-31": "-118.19500", "2006-09-30": 10.12, "2006-06-30": 10.895, "2006-03-31": 11.505, "2005-12-31": "23.99600"}, "Investing Activities - Other": {"2020-09-30": 287.2189, "2020-06-30": 161.912, "2020-03-31": -113.518, "2019-12-31": "-270.91600", "2019-09-30": -167.7861, "2019-06-30": -143.3618, "2019-03-31": 35.6239, "2018-12-31": "-48.91400", "2018-09-30": -200.5699, "2018-06-30": 11.114, "2018-03-31": -113.799, "2017-12-31": "-147.91900", "2017-09-30": -149.3539, "2017-06-30": -96.1201, "2017-03-31": -276.615, "2016-12-31": "-178.23000", "2016-09-30": -262.841, "2016-06-30": -141.395, "2016-03-31": -87.656, "2015-12-31": "-12.32100", "2015-09-30": -162.651, "2015-06-30": -136.2841, "2015-03-31": -111.004, "2014-12-31": "-138.68800", "2014-09-30": -126.6221, "2014-06-30": -158.5899, "2014-03-31": -202.881, "2013-12-31": "-79.50400", "2013-09-30": -133.089, "2013-06-30": -19.755, "2013-03-31": 208.227, "2012-12-31": "162.69000", "2012-09-30": -29.1378, "2012-06-30": -281.3971, "2012-03-31": -132.405, "2011-12-31": "-277.21600", "2011-09-30": -71.0301, "2011-06-30": 20.5951, "2011-03-31": -64.845, "2010-12-31": "-533.86000", "2010-09-30": -457.0609, "2010-06-30": 387.757, "2010-03-31": 67.403, "2009-12-31": "-47.87500", "2009-09-30": 32.1448, "2009-06-30": -115.535, "2009-03-31": 182.6471, "2008-12-31": "-223.23100", "2008-09-30": -316.831, "2008-06-30": -451.311, "2008-03-31": -196.17, "2007-12-31": "-217.81200", "2007-09-30": -323.4371, "2007-06-30": -300.8959, "2007-03-31": 5.099, "2006-12-31": "6.10700", "2006-09-30": 654.167, "2006-06-30": -277.7089, "2006-03-31": -189.352, "2005-12-31": "-110.13200"}, "Cash Flow From Investing Activities": {"2020-09-30": 344.643, "2020-06-30": 184.205, "2020-03-31": -129.528, "2019-12-31": "-251.74400", "2019-09-30": -156.454, "2019-06-30": -136.48, "2019-03-31": 27.837, "2018-12-31": "-76.88500", "2018-09-30": -195.711, "2018-06-30": 10.468, "2018-03-31": -128.436, "2017-12-31": "-161.17600", "2017-09-30": -164.847, "2017-06-30": -91.804, "2017-03-31": -296.361, "2016-12-31": "-201.79700", "2016-09-30": -256.479, "2016-06-30": -105.078, "2016-03-31": -64.86, "2015-12-31": "-27.96000", "2015-09-30": -180.486, "2015-06-30": -126.265, "2015-03-31": -117.94, "2014-12-31": "-175.69700", "2014-09-30": -173.866, "2014-06-30": -194.036, "2014-03-31": -204.76, "2013-12-31": "-95.98500", "2013-09-30": -159.911, "2013-06-30": -20.586, "2013-03-31": 196.54, "2012-12-31": "129.14500", "2012-09-30": -71.19, "2012-06-30": -276.572, "2012-03-31": -156.979, "2011-12-31": "-236.62200", "2011-09-30": -22.079, "2011-06-30": 54.705, "2011-03-31": 8.979, "2010-12-31": "-434.00200", "2010-09-30": -464.773, "2010-06-30": 374.219, "2010-03-31": 60.959, "2009-12-31": "-96.27100", "2009-09-30": 75.039, "2009-06-30": -20.524, "2009-03-31": 247.756, "2008-12-31": "-183.30300", "2008-09-30": -270.289, "2008-06-30": -375.995, "2008-03-31": -225.69, "2007-12-31": "-283.15400", "2007-09-30": -501.384, "2007-06-30": -512.266, "2007-03-31": -175.588, "2006-12-31": "-114.14200", "2006-09-30": 661.217, "2006-06-30": -265.587, "2006-03-31": -178.753, "2005-12-31": "-86.87800"}, "Net Long-Term Debt": {"2020-09-30": -76.109, "2020-06-30": -40.795, "2020-03-31": -20.967, "2019-12-31": "37.76100", "2019-09-30": 153.698, "2019-06-30": -115.893, "2019-03-31": -86.113, "2018-12-31": "-97.40100", "2018-09-30": -86.548, "2018-06-30": -66.027, "2018-03-31": -36.287, "2017-12-31": "-77.85900", "2017-09-30": -121.833, "2017-06-30": -36.179, "2017-03-31": -31.485, "2016-12-31": "-18.60300", "2016-09-30": -7.163, "2016-06-30": -66.395, "2016-03-31": -97.928, "2015-12-31": "25.42700", "2015-09-30": 197.268, "2015-06-30": 98.258, "2015-03-31": 147.85, "2014-12-31": "141.78200", "2014-09-30": 108.097, "2014-06-30": 94.184, "2014-03-31": 79.991, "2013-12-31": "116.68000", "2013-09-30": 117.951, "2013-06-30": 58.087, "2013-03-31": 68.885, "2012-12-31": "64.73500", "2012-09-30": 30, "2012-06-30": 2, "2012-03-31": 0, "2011-12-31": "", "2011-09-30": 4.718, "2011-06-30": 16.955, "2011-03-31": 4, "2010-12-31": "-6.00000", "2010-09-30": 0, "2010-06-30": 0, "2010-03-31": 0, "2009-12-31": "", "2009-09-30": 0, "2009-06-30": 30, "2009-03-31": 20, "2008-12-31": "20.00000", "2008-09-30": 0, "2008-06-30": 0, "2008-03-31": 0, "2007-12-31": "", "2007-09-30": -25, "2007-06-30": 0, "2007-03-31": 0, "2006-12-31": "", "2006-09-30": 0, "2006-06-30": 0, "2006-03-31": 0, "2005-12-31": ""}, "Net Current Debt": {"2020-09-30": -161.294, "2020-06-30": -283.008, "2020-03-31": 214.269, "2019-12-31": "-51.09300", "2019-09-30": -84.317, "2019-06-30": 359.421, "2019-03-31": -58.144, "2018-12-31": "110.03100", "2018-09-30": 143.486, "2018-06-30": 13.724, "2018-03-31": -5.504, "2017-12-31": "165.33700", "2017-09-30": 250.438, "2017-06-30": 212.762, "2017-03-31": 348.307, "2016-12-31": "349.17500", "2016-09-30": 283.066, "2016-06-30": 225.912, "2016-03-31": 217.078, "2015-12-31": "-29.82900", "2015-09-30": 72.279, "2015-06-30": 133.069, "2015-03-31": 15.198, "2014-12-31": "224.28400", "2014-09-30": 13.142, "2014-06-30": -146.916, "2014-03-31": 4.119, "2013-12-31": "124.22500", "2013-09-30": 152.104, "2013-06-30": 101.056, "2013-03-31": -220.966, "2012-12-31": "-84.92600", "2012-09-30": -111.542, "2012-06-30": 148.639, "2012-03-31": 154.605, "2011-12-31": "124.63300", "2011-09-30": -49.991, "2011-06-30": 0.026, "2011-03-31": 99.993, "2010-12-31": "-0.00300", "2010-09-30": 0, "2010-06-30": -0.005, "2010-03-31": 0, "2009-12-31": "0.00500", "2009-09-30": -120, "2009-06-30": 0.065, "2009-03-31": -407.442, "2008-12-31": "29.50700", "2008-09-30": 405.021, "2008-06-30": 93.007, "2008-03-31": 0, "2007-12-31": "", "2007-09-30": 0, "2007-06-30": -0.003, "2007-03-31": 0, "2006-12-31": "0.00300", "2006-09-30": -481.668, "2006-06-30": 296.84, "2006-03-31": -93.239, "2005-12-31": "-414.20800"}, "Debt Issuance/Retirement Net - Total": {"2020-09-30": -237.403, "2020-06-30": -323.803, "2020-03-31": 193.302, "2019-12-31": "-13.33200", "2019-09-30": 69.381, "2019-06-30": 243.528, "2019-03-31": -144.257, "2018-12-31": "12.63000", "2018-09-30": 56.938, "2018-06-30": -52.303, "2018-03-31": -41.791, "2017-12-31": "87.47800", "2017-09-30": 128.6049, "2017-06-30": 176.5831, "2017-03-31": 316.822, "2016-12-31": "330.57200", "2016-09-30": 275.903, "2016-06-30": 159.517, "2016-03-31": 119.15, "2015-12-31": "-4.40200", "2015-09-30": 269.547, "2015-06-30": 231.327, "2015-03-31": 163.048, "2014-12-31": "366.06600", "2014-09-30": 121.239, "2014-06-30": -52.732, "2014-03-31": 84.11, "2013-12-31": "240.90500", "2013-09-30": 270.055, "2013-06-30": 159.143, "2013-03-31": -152.081, "2012-12-31": "-20.19100", "2012-09-30": -81.542, "2012-06-30": 150.639, "2012-03-31": 154.605, "2011-12-31": "124.63300", "2011-09-30": -45.273, "2011-06-30": 16.981, "2011-03-31": 103.993, "2010-12-31": "-6.00300", "2010-09-30": 0, "2010-06-30": -0.005, "2010-03-31": 0, "2009-12-31": "0.00500", "2009-09-30": -120, "2009-06-30": 30.065, "2009-03-31": -387.442, "2008-12-31": "49.50700", "2008-09-30": 405.021, "2008-06-30": 93.007, "2008-03-31": 0, "2007-12-31": "", "2007-09-30": -25, "2007-06-30": -0.003, "2007-03-31": 0, "2006-12-31": "0.00300", "2006-09-30": -481.668, "2006-06-30": 296.84, "2006-03-31": -93.239, "2005-12-31": "-414.20800"}, "Net Common Equity Issued/Repurchased": {"2020-09-30": -0.002, "2020-06-30": -0.107, "2020-03-31": -0.24, "2019-12-31": "-1.97100", "2019-09-30": -1.59, "2019-06-30": -1.981, "2019-03-31": -3.224, "2018-12-31": "-3.83000", "2018-09-30": -2.919, "2018-06-30": -4.479, "2018-03-31": -5.731, "2017-12-31": "-8.38400", "2017-09-30": -9.961, "2017-06-30": -19.335, "2017-03-31": -7.374, "2016-12-31": "-19.86300", "2016-09-30": -34.797, "2016-06-30": -29.065, "2016-03-31": -32.92, "2015-12-31": "-39.27600", "2015-09-30": -48.737, "2015-06-30": -43.665, "2015-03-31": -42.154, "2014-12-31": "-42.10100", "2014-09-30": -33.084, "2014-06-30": -42.221, "2014-03-31": 0, "2013-12-31": "-26.05800", "2013-09-30": 0, "2013-06-30": 0, "2013-03-31": 0, "2012-12-31": "", "2012-09-30": 0, "2012-06-30": 0, "2012-03-31": 0, "2011-12-31": "", "2011-09-30": 0, "2011-06-30": 0, "2011-03-31": 0, "2010-12-31": "", "2010-09-30": 0, "2010-06-30": 0, "2010-03-31": 0, "2009-12-31": "-1.81000", "2009-09-30": -13.646, "2009-06-30": -3.709, "2009-03-31": -25.519, "2008-12-31": "-60.27000", "2008-09-30": -116.731, "2008-06-30": -69.316, "2008-03-31": 0, "2007-12-31": "", "2007-09-30": 0, "2007-06-30": 48.399, "2007-03-31": 944.52, "2006-12-31": "", "2006-09-30": 0, "2006-06-30": 0, "2006-03-31": 0, "2005-12-31": ""}, "Net Total Equity Issued/Repurchased": {"2020-09-30": -0.002, "2020-06-30": -0.107, "2020-03-31": -0.24, "2019-12-31": "-1.97100", "2019-09-30": -1.59, "2019-06-30": -1.981, "2019-03-31": -3.224, "2018-12-31": "-3.83000", "2018-09-30": -2.919, "2018-06-30": -4.479, "2018-03-31": -5.731, "2017-12-31": "-8.38400", "2017-09-30": -9.961, "2017-06-30": -19.335, "2017-03-31": -7.374, "2016-12-31": "-19.86300", "2016-09-30": -34.797, "2016-06-30": -29.065, "2016-03-31": -32.92, "2015-12-31": "-39.27600", "2015-09-30": -48.737, "2015-06-30": -43.665, "2015-03-31": -42.154, "2014-12-31": "-42.10100", "2014-09-30": -33.084, "2014-06-30": -42.221, "2014-03-31": 0, "2013-12-31": "-26.05800", "2013-09-30": 0, "2013-06-30": 0, "2013-03-31": 0, "2012-12-31": "", "2012-09-30": 0, "2012-06-30": 0, "2012-03-31": 0, "2011-12-31": "", "2011-09-30": 0, "2011-06-30": 0, "2011-03-31": 0, "2010-12-31": "", "2010-09-30": 0, "2010-06-30": 0, "2010-03-31": 0, "2009-12-31": "-1.81000", "2009-09-30": -13.646, "2009-06-30": -3.709, "2009-03-31": -25.519, "2008-12-31": "-60.27000", "2008-09-30": -116.731, "2008-06-30": -69.316, "2008-03-31": 0, "2007-12-31": "", "2007-09-30": 0, "2007-06-30": 48.399, "2007-03-31": 944.52, "2006-12-31": "", "2006-09-30": 0, "2006-06-30": 0, "2006-03-31": 0, "2005-12-31": ""}, "Total Common And Preferred Stock Dividends Paid": {"2020-09-30": -14.029, "2020-06-30": -14.03, "2020-03-31": -14.031, "2019-12-31": "-13.37500", "2019-09-30": -13.363, "2019-06-30": -12.393, "2019-03-31": -12.404, "2018-12-31": "-12.30500", "2018-09-30": -12.341, "2018-06-30": -8.416, "2018-03-31": -8.464, "2017-12-31": "-8.40800", "2017-09-30": -8.462, "2017-06-30": -6.338, "2017-03-31": -6.477, "2016-12-31": "-6.43200", "2016-09-30": -6.603, "2016-06-30": -5.453, "2016-03-31": -5.607, "2015-12-31": "-5.75100", "2015-09-30": -5.906, "2015-06-30": -4.33, "2015-03-31": -4.543, "2014-12-31": "-4.71100", "2014-09-30": -4.886, "2014-06-30": 0, "2014-03-31": 0, "2013-12-31": "", "2013-09-30": 0, "2013-06-30": 0, "2013-03-31": 0, "2012-12-31": "", "2012-09-30": 0, "2012-06-30": 0, "2012-03-31": 0, "2011-12-31": "", "2011-09-30": 0, "2011-06-30": 0, "2011-03-31": 0, "2010-12-31": "", "2010-09-30": 0, "2010-06-30": -5.201, "2010-03-31": -5.192, "2009-12-31": "-5.16800", "2009-09-30": -5.18, "2009-06-30": -5.238, "2009-03-31": -5.389, "2008-12-31": "-3.87000", "2008-09-30": -4.337, "2008-06-30": -4.697, "2008-03-31": -4.769, "2007-12-31": "", "2007-09-30": 0, "2007-06-30": 0, "2007-03-31": 0, "2006-12-31": "", "2006-09-30": 0, "2006-06-30": 0, "2006-03-31": 0, "2005-12-31": ""}, "Financial Activities - Other": {"2020-09-30": 45.144, "2020-06-30": 141.673, "2020-03-31": -51.394, "2019-12-31": "257.11400", "2019-09-30": 75.451, "2019-06-30": -110.046, "2019-03-31": 95.942, "2018-12-31": "62.81000", "2018-09-30": 141.217, "2018-06-30": 27.955, "2018-03-31": 176.126, "2017-12-31": "47.81900", "2017-09-30": 38.17, "2017-06-30": -52.104, "2017-03-31": -59.322, "2016-12-31": "-104.46400", "2016-09-30": 21.951, "2016-06-30": 7.081, "2016-03-31": 13.292, "2015-12-31": "12.31300", "2015-09-30": -129.186, "2015-06-30": -81.394, "2015-03-31": -30.285, "2014-12-31": "-120.72400", "2014-09-30": -1.76, "2014-06-30": 252.534, "2014-03-31": 91.039, "2013-12-31": "-168.54000", "2013-09-30": -145.365, "2013-06-30": -175.927, "2013-03-31": -68.029, "2012-12-31": "-175.86900", "2012-09-30": 92.32, "2012-06-30": 54.735, "2012-03-31": 123.921, "2011-12-31": "-20.15800", "2011-09-30": 105.897, "2011-06-30": -88.31, "2011-03-31": -232.392, "2010-12-31": "-46.95800", "2010-09-30": 140.973, "2010-06-30": 189.23, "2010-03-31": 59.186, "2009-12-31": "74.01800", "2009-09-30": -26.554, "2009-06-30": 98.37, "2009-03-31": 224.604, "2008-12-31": "37.95300", "2008-09-30": 207.375, "2008-06-30": -228.616, "2008-03-31": 28.797, "2007-12-31": "123.05500", "2007-09-30": 361.661, "2007-06-30": -7.048, "2007-03-31": 170.04, "2006-12-31": "114.15500", "2006-09-30": 103.239, "2006-06-30": 44.718, "2006-03-31": 150.474, "2005-12-31": "40.30200"}, "Cash Flow From Financial Activities": {"2020-09-30": -206.29, "2020-06-30": -196.267, "2020-03-31": 127.637, "2019-12-31": "228.43600", "2019-09-30": 129.879, "2019-06-30": 119.108, "2019-03-31": -63.943, "2018-12-31": "59.30500", "2018-09-30": 182.895, "2018-06-30": -37.243, "2018-03-31": 120.14, "2017-12-31": "118.50500", "2017-09-30": 148.352, "2017-06-30": 98.806, "2017-03-31": 243.649, "2016-12-31": "199.81300", "2016-09-30": 256.454, "2016-06-30": 132.08, "2016-03-31": 93.915, "2015-12-31": "-37.11600", "2015-09-30": 85.718, "2015-06-30": 101.938, "2015-03-31": 86.066, "2014-12-31": "198.53000", "2014-09-30": 81.509, "2014-06-30": 157.581, "2014-03-31": 175.149, "2013-12-31": "46.30700", "2013-09-30": 124.69, "2013-06-30": -16.784, "2013-03-31": -220.11, "2012-12-31": "-196.06000", "2012-09-30": 10.778, "2012-06-30": 205.374, "2012-03-31": 278.526, "2011-12-31": "104.47500", "2011-09-30": 60.624, "2011-06-30": -71.329, "2011-03-31": -128.399, "2010-12-31": "-52.96100", "2010-09-30": 140.973, "2010-06-30": 184.024, "2010-03-31": 53.994, "2009-12-31": "67.04500", "2009-09-30": -165.38, "2009-06-30": 119.488, "2009-03-31": -193.746, "2008-12-31": "23.32000", "2008-09-30": 491.328, "2008-06-30": -209.622, "2008-03-31": 24.028, "2007-12-31": "123.05500", "2007-09-30": 336.661, "2007-06-30": 41.348, "2007-03-31": 1114.56, "2006-12-31": "114.15800", "2006-09-30": -378.429, "2006-06-30": 341.558, "2006-03-31": 57.235, "2005-12-31": "-373.90600"}, "Net Cash Flow": {"2020-09-30": 168.754, "2020-06-30": 16.798, "2020-03-31": 31.255, "2019-12-31": "6.08300", "2019-09-30": 3.795, "2019-06-30": 12.108, "2019-03-31": -27.379, "2018-12-31": "16.84400", "2018-09-30": 11.228, "2018-06-30": -12.542, "2018-03-31": -52.476, "2017-12-31": "55.34700", "2017-09-30": 3.319, "2017-06-30": 24.135, "2017-03-31": -85.647, "2016-12-31": "95.17200", "2016-09-30": 29.926, "2016-06-30": 42.031, "2016-03-31": -0.34, "2015-12-31": "4.25300", "2015-09-30": -68.834, "2015-06-30": 3.468, "2015-03-31": -55.085, "2014-12-31": "94.41700", "2014-09-30": -74.107, "2014-06-30": -12.292, "2014-03-31": -49.108, "2013-12-31": "30.91400", "2013-09-30": -10.983, "2013-06-30": 12.833, "2013-03-31": -49.408, "2012-12-31": "25.29200", "2012-09-30": -10.09, "2012-06-30": -24.063, "2012-03-31": 88.294, "2011-12-31": "-40.72500", "2011-09-30": 17.277, "2011-06-30": 88.578, "2011-03-31": -153.501, "2010-12-31": "-401.24800", "2010-09-30": -205.815, "2010-06-30": 547.566, "2010-03-31": 126.045, "2009-12-31": "-31.10200", "2009-09-30": 134.266, "2009-06-30": 74.185, "2009-03-31": 6.557, "2008-12-31": "-40.34100", "2008-09-30": 32.644, "2008-06-30": -422.829, "2008-03-31": -229.787, "2007-12-31": "-77.36400", "2007-09-30": -277.553, "2007-06-30": -298.058, "2007-03-31": 949.628, "2006-12-31": "202.77100", "2006-09-30": 187.27, "2006-06-30": 30.29, "2006-03-31": -42.176, "2005-12-31": "-42.77700"}, "Stock-Based Compensation": {"2020-09-30": 2.802, "2020-06-30": 2.739, "2020-03-31": 3.293, "2019-12-31": "3.28300", "2019-09-30": 3.111, "2019-06-30": 2.965, "2019-03-31": 2.958, "2018-12-31": "2.74600", "2018-09-30": 2.78, "2018-06-30": 2.778, "2018-03-31": 3.27, "2017-12-31": "2.52800", "2017-09-30": 2.629, "2017-06-30": 2.708, "2017-03-31": 2.844, "2016-12-31": "3.07100", "2016-09-30": 2.957, "2016-06-30": 3.141, "2016-03-31": 3.643, "2015-12-31": "3.69500", "2015-09-30": 3.542, "2015-06-30": 3.43, "2015-03-31": 3.306, "2014-12-31": "3.70200", "2014-09-30": 2.73, "2014-06-30": 3.092, "2014-03-31": 3.488, "2013-12-31": "2.84700", "2013-09-30": 2.909, "2013-06-30": 3.112, "2013-03-31": 2.674, "2012-12-31": "2.66100", "2012-09-30": 2.597, "2012-06-30": 2.757, "2012-03-31": 2.793, "2011-12-31": "2.96800", "2011-09-30": 2.494, "2011-06-30": 2.879, "2011-03-31": 2.915, "2010-12-31": "1.85000", "2010-09-30": 3.209, "2010-06-30": 3.621, "2010-03-31": 3.245, "2009-12-31": "3.06600", "2009-09-30": 3.099, "2009-06-30": 3.631, "2009-03-31": 2.879, "2008-12-31": "3.56000", "2008-09-30": 5.117, "2008-06-30": 1.924, "2008-03-31": 1.909, "2007-12-31": "2.84000", "2007-09-30": 6.573, "2007-06-30": 0, "2007-03-31": 0, "2006-12-31": "", "2006-09-30": 0, "2006-06-30": 0, "2006-03-31": 0, "2005-12-31": ""}, "Common Stock Dividends Paid": {"2020-09-30": -14.029, "2020-06-30": -14.03, "2020-03-31": -14.031, "2019-12-31": "-13.37500", "2019-09-30": -13.363, "2019-06-30": -12.393, "2019-03-31": -12.404, "2018-12-31": "-12.30500", "2018-09-30": -12.341, "2018-06-30": -8.416, "2018-03-31": -8.464, "2017-12-31": "-8.40800", "2017-09-30": -8.462, "2017-06-30": -6.338, "2017-03-31": -6.477, "2016-12-31": "-6.43200", "2016-09-30": -6.603, "2016-06-30": -5.453, "2016-03-31": -5.607, "2015-12-31": "-5.75100", "2015-09-30": -5.906, "2015-06-30": -4.33, "2015-03-31": -4.543, "2014-12-31": "-4.71100", "2014-09-30": -4.886, "2014-06-30": 0, "2014-03-31": 0, "2013-12-31": "0.00000", "2013-09-30": 0, "2013-06-30": 0, "2013-03-31": 0, "2012-12-31": "", "2012-09-30": 0, "2012-06-30": 0, "2012-03-31": 0, "2011-12-31": "", "2011-09-30": 0, "2011-06-30": 0, "2011-03-31": 0, "2010-12-31": "", "2010-09-30": 0, "2010-06-30": -5.201, "2010-03-31": -5.192, "2009-12-31": "-5.16800", "2009-09-30": -5.18, "2009-06-30": -5.238, "2009-03-31": -5.389, "2008-12-31": "-3.87000", "2008-09-30": -4.337, "2008-06-30": -4.697, "2008-03-31": -4.769, "2007-12-31": "", "2007-09-30": 0, "2007-06-30": 0, "2007-03-31": 0, "2006-12-31": "", "2006-09-30": 0, "2006-06-30": 0, "2006-03-31": 0, "2005-12-31": ""}}, "financial ratios": {"Current Ratio": {"2020-09-30": "", "2019-09-30": "", "2018-09-30": "", "2017-09-30": "", "2016-09-30": "", "2015-09-30": "", "2014-09-30": "", "2013-09-30": "", "2012-09-30": "", "2011-09-30": "", "2010-09-30": "", "2009-09-30": "", "2008-09-30": "", "2007-09-30": "", "2006-09-30": "", "2005-09-30": ""}, "Long-term Debt / Capital": {"2020-09-30": "0.67810", "2019-09-30": "0.69700", "2018-09-30": "0.67910", "2017-09-30": "0.68480", "2016-09-30": "0.62080", "2015-09-30": "0.55630", "2014-09-30": "0.38230", "2013-09-30": "0.28480", "2012-09-30": "", "2011-09-30": "0.07310", "2010-09-30": "", "2009-09-30": "", "2008-09-30": "", "2007-09-30": "", "2006-09-30": "", "2005-09-30": ""}, "Debt/Equity Ratio": {"2020-09-30": "2.10650", "2019-09-30": "2.30030", "2018-09-30": "2.11650", "2017-09-30": "2.17250", "2016-09-30": "1.63740", "2015-09-30": "1.25400", "2014-09-30": "0.61900", "2013-09-30": "0.39810", "2012-09-30": "0.27020", "2011-09-30": "0.07880", "2010-09-30": "0.04000", "2009-09-30": "0.04020", "2008-09-30": "0.27010", "2007-09-30": "", "2006-09-30": "0.02480", "2005-09-30": ""}, "Gross Margin": {"2020-09-30": "", "2019-09-30": "", "2018-09-30": "", "2017-09-30": "", "2016-09-30": "", "2015-09-30": "", "2014-09-30": "", "2013-09-30": "", "2012-09-30": "", "2011-09-30": "", "2010-09-30": "", "2009-09-30": "", "2008-09-30": "", "2007-09-30": "", "2006-09-30": "", "2005-09-30": ""}, "Operating Margin": {"2020-09-30": "", "2019-09-30": "", "2018-09-30": "", "2017-09-30": "", "2016-09-30": "", "2015-09-30": "", "2014-09-30": "", "2013-09-30": "", "2012-09-30": "", "2011-09-30": "", "2010-09-30": "", "2009-09-30": "", "2008-09-30": "", "2007-09-30": "", "2006-09-30": "", "2005-09-30": ""}, "EBIT Margin": {"2020-09-30": "", "2019-09-30": "", "2018-09-30": "", "2017-09-30": "", "2016-09-30": "", "2015-09-30": "", "2014-09-30": "", "2013-09-30": "", "2012-09-30": "", "2011-09-30": "", "2010-09-30": "", "2009-09-30": "", "2008-09-30": "", "2007-09-30": "", "2006-09-30": "", "2005-09-30": ""}, "EBITDA Margin": {"2020-09-30": "", "2019-09-30": "", "2018-09-30": "", "2017-09-30": "", "2016-09-30": "", "2015-09-30": "", "2014-09-30": "", "2013-09-30": "", "2012-09-30": "", "2011-09-30": "", "2010-09-30": "", "2009-09-30": "", "2008-09-30": "", "2007-09-30": "", "2006-09-30": "", "2005-09-30": ""}, "Pre-Tax Profit Margin": {"2020-09-30": "34.26960", "2019-09-30": "34.54450", "2018-09-30": "38.65160", "2017-09-30": "42.23060", "2016-09-30": "40.33500", "2015-09-30": "36.78540", "2014-09-30": "36.03540", "2013-09-30": "31.67480", "2012-09-30": "7.37100", "2011-09-30": "6.70350", "2010-09-30": "10.10910", "2009-09-30": "11.00030", "2008-09-30": "35.04090", "2007-09-30": "18.67390", "2006-09-30": "33.49670", "2005-09-30": "44.05180"}, "Net Profit Margin": {"2020-09-30": "27.94280", "2019-09-30": "26.60320", "2018-09-30": "26.85880", "2017-09-30": "27.86300", "2016-09-30": "26.30210", "2015-09-30": "24.19910", "2014-09-30": "23.87860", "2013-09-30": "21.41100", "2012-09-30": "6.18350", "2011-09-30": "5.15740", "2010-09-30": "6.10840", "2009-09-30": "7.65210", "2008-09-30": "23.32140", "2007-09-30": "10.89870", "2006-09-30": "23.63370", "2005-09-30": "29.29280"}, "Asset Turnover": {"2020-09-30": "0.02000", "2019-09-30": "0.02030", "2018-09-30": "0.02220", "2017-09-30": "0.02310", "2016-09-30": "0.02350", "2015-09-30": "0.02400", "2014-09-30": "0.02320", "2013-09-30": "0.02310", "2012-09-30": "0.01600", "2011-09-30": "0.01650", "2010-09-30": "0.01630", "2009-09-30": "0.01720", "2008-09-30": "0.02160", "2007-09-30": "0.02290", "2006-09-30": "0.02140", "2005-09-30": ""}, "Inventory Turnover Ratio": {"2020-09-30": "", "2019-09-30": "", "2018-09-30": "", "2017-09-30": "", "2016-09-30": "", "2015-09-30": "", "2014-09-30": "", "2013-09-30": "", "2012-09-30": "", "2011-09-30": "", "2010-09-30": "", "2009-09-30": "", "2008-09-30": "", "2007-09-30": "", "2006-09-30": "", "2005-09-30": ""}, "Receiveable Turnover": {"2020-09-30": "", "2019-09-30": "", "2018-09-30": "", "2017-09-30": "", "2016-09-30": "", "2015-09-30": "", "2014-09-30": "", "2013-09-30": "", "2012-09-30": "", "2011-09-30": "", "2010-09-30": "", "2009-09-30": "", "2008-09-30": "", "2007-09-30": "", "2006-09-30": "", "2005-09-30": ""}, "Days Sales In Receivables": {"2020-09-30": "", "2019-09-30": "", "2018-09-30": "", "2017-09-30": "", "2016-09-30": "", "2015-09-30": "", "2014-09-30": "", "2013-09-30": "", "2012-09-30": "", "2011-09-30": "", "2010-09-30": "", "2009-09-30": "", "2008-09-30": "", "2007-09-30": "", "2006-09-30": "", "2005-09-30": ""}, "ROE - Return On Equity": {"2020-09-30": "4.98350", "2019-09-30": "4.72890", "2018-09-30": "4.85710", "2017-09-30": "5.25910", "2016-09-30": "4.85130", "2015-09-30": "4.19750", "2014-09-30": "3.58210", "2013-09-30": "2.99010", "2012-09-30": "0.63530", "2011-09-30": "0.52650", "2010-09-30": "0.64680", "2009-09-30": "0.82450", "2008-09-30": "2.95550", "2007-09-30": "1.28940", "2006-09-30": "4.29970", "2005-09-30": ""}, "Return On Tangible Equity": {"2020-09-30": "5.00710", "2019-09-30": "4.75150", "2018-09-30": "4.88160", "2017-09-30": "5.28530", "2016-09-30": "4.87730", "2015-09-30": "4.22190", "2014-09-30": "3.60500", "2013-09-30": "3.01280", "2012-09-30": "0.64230", "2011-09-30": "0.53520", "2010-09-30": "0.66140", "2009-09-30": "0.84450", "2008-09-30": "3.02370", "2007-09-30": "1.31670", "2006-09-30": "4.47830", "2005-09-30": ""}, "ROA - Return On Assets": {"2020-09-30": "0.56900", "2019-09-30": "0.55170", "2018-09-30": "0.60410", "2017-09-30": "0.64910", "2016-09-30": "0.62410", "2015-09-30": "0.58690", "2014-09-30": "0.55820", "2013-09-30": "0.49660", "2012-09-30": "0.09970", "2011-09-30": "0.08570", "2010-09-30": "0.10240", "2009-09-30": "0.13580", "2008-09-30": "0.50520", "2007-09-30": "0.24920", "2006-09-30": "0.50650", "2005-09-30": ""}, "ROI - Return On Investment": {"2020-09-30": "1.60420", "2019-09-30": "1.43290", "2018-09-30": "1.55850", "2017-09-30": "1.65770", "2016-09-30": "1.83940", "2015-09-30": "1.86230", "2014-09-30": "2.21250", "2013-09-30": "2.13860", "2012-09-30": "0.63530", "2011-09-30": "0.48800", "2010-09-30": "0.64680", "2009-09-30": "0.82450", "2008-09-30": "2.95550", "2007-09-30": "1.28940", "2006-09-30": "4.29970", "2005-09-30": ""}, "Book Value Per Share": {"2020-09-30": "5.96770", "2019-09-30": "6.06060", "2018-09-30": "6.27300", "2017-09-30": "6.00780", "2016-09-30": "5.84220", "2015-09-30": "5.94530", "2014-09-30": "6.09790", "2013-09-30": "6.05200", "2012-09-30": "5.84720", "2011-09-30": "5.74240", "2010-09-30": "5.68390", "2009-09-30": "5.65960", "2008-09-30": "5.83000", "2007-09-30": "5.97680", "2006-09-30": "", "2005-09-30": ""}, "Operating Cash Flow Per Share": {"2020-09-30": 0.0671, "2019-09-30": 0.0391, "2018-09-30": -0.0301, "2017-09-30": 0.0631, "2016-09-30": -0.0502, "2015-09-30": 0.005, "2014-09-30": -0.1207, "2013-09-30": -0.0506, "2012-09-30": 0.0653, "2011-09-30": 0.0623, "2010-09-30": -0.5138, "2009-09-30": 0.8111, "2008-09-30": -0.9238, "2007-09-30": -0.5535, "2006-09-30": 1.9895, "2005-09-30": -0.4214}, "Free Cash Flow Per Share": {"2020-09-30": 0.1553, "2019-09-30": 0.0557, "2018-09-30": -0.0454, "2017-09-30": 0.0803, "2016-09-30": -0.0634, "2015-09-30": -0.0045, "2014-09-30": -0.1208, "2013-09-30": -0.0356, "2012-09-30": 0.0497, "2011-09-30": 0.0683, "2010-09-30": -0.5145, "2009-09-30": 0.8133, "2008-09-30": -0.9712, "2007-09-30": -0.507, "2006-09-30": 1.9805, "2005-09-30": -0.4277}}, "financial ratios, quarterly": {"Current Ratio": {"2020-09-30": "", "2020-06-30": "", "2020-03-31": "", "2019-12-31": "", "2019-09-30": "", "2019-06-30": "", "2019-03-31": "", "2018-12-31": "", "2018-09-30": "", "2018-06-30": "", "2018-03-31": "", "2017-12-31": "", "2017-09-30": "", "2017-06-30": "", "2017-03-31": "", "2016-12-31": "", "2016-09-30": "", "2016-06-30": "", "2016-03-31": "", "2015-12-31": "", "2015-09-30": "", "2015-06-30": "", "2015-03-31": "", "2014-12-31": "", "2014-09-30": "", "2014-06-30": "", "2014-03-31": "", "2013-12-31": "", "2013-09-30": "", "2013-06-30": "", "2013-03-31": "", "2012-12-31": "", "2012-09-30": "", "2012-06-30": "", "2012-03-31": "", "2011-12-31": "", "2011-09-30": "", "2011-06-30": "", "2011-03-31": "", "2010-12-31": "", "2010-09-30": "", "2010-06-30": "", "2010-03-31": "", "2009-12-31": "", "2009-09-30": "", "2009-06-30": "", "2009-03-31": "", "2008-12-31": "", "2008-09-30": "", "2008-06-30": "", "2008-03-31": "", "2007-12-31": "", "2007-09-30": "", "2007-06-30": "", "2007-03-31": "", "2006-12-31": "", "2006-09-30": "", "2006-06-30": "", "2006-03-31": "", "2005-12-31": ""}, "Long-term Debt / Capital": {"2020-09-30": "0.67810", "2020-06-30": "0.69430", "2020-03-31": "0.71150", "2019-12-31": "0.69230", "2019-09-30": "0.69700", "2019-06-30": "0.69150", "2019-03-31": "0.67410", "2018-12-31": "0.68170", "2018-09-30": "0.67910", "2018-06-30": "0.67740", "2018-03-31": "0.68240", "2017-12-31": "0.68850", "2017-09-30": "0.68480", "2017-06-30": "0.67860", "2017-03-31": "0.66730", "2016-12-31": "0.64680", "2016-09-30": "0.62080", "2016-06-30": "0.59270", "2016-03-31": "0.57460", "2015-12-31": "0.55970", "2015-09-30": "0.55630", "2015-06-30": "0.51880", "2015-03-31": "0.48230", "2014-12-31": "0.45360", "2014-09-30": "0.38230", "2014-06-30": "0.35300", "2014-03-31": "0.36220", "2013-12-31": "0.34620", "2013-09-30": "0.28480", "2013-06-30": "0.20420", "2013-03-31": "0.14690", "2012-12-31": "0.20450", "2012-09-30": "", "2012-06-30": "0.23990", "2012-03-31": "0.18890", "2011-12-31": "0.12840", "2011-09-30": "0.07310", "2011-06-30": "0.09490", "2011-03-31": "0.08750", "2010-12-31": "0.03540", "2010-09-30": "", "2010-06-30": "0.03830", "2010-03-31": "0.03850", "2009-12-31": "0.03850", "2009-09-30": "", "2009-06-30": "0.09670", "2009-03-31": "0.08280", "2008-12-31": "", "2008-09-30": "", "2008-06-30": "0.04540", "2008-03-31": "", "2007-12-31": "", "2007-09-30": "", "2007-06-30": "", "2007-03-31": "", "2006-12-31": "", "2006-09-30": "", "2006-06-30": "", "2006-03-31": "", "2005-12-31": ""}, "Debt/Equity Ratio": {"2020-09-30": "2.10650", "2020-06-30": "2.27070", "2020-03-31": "2.46680", "2019-12-31": "2.24970", "2019-09-30": "2.30030", "2019-06-30": "2.24120", "2019-03-31": "2.06800", "2018-12-31": "2.14150", "2018-09-30": "2.11650", "2018-06-30": "2.09980", "2018-03-31": "2.14880", "2017-12-31": "2.21020", "2017-09-30": "2.17250", "2017-06-30": "2.11180", "2017-03-31": "2.00560", "2016-12-31": "1.83110", "2016-09-30": "1.63740", "2016-06-30": "1.45500", "2016-03-31": "1.35080", "2015-12-31": "1.27120", "2015-09-30": "1.25400", "2015-06-30": "1.07820", "2015-03-31": "0.93150", "2014-12-31": "0.83010", "2014-09-30": "0.61900", "2014-06-30": "0.54560", "2014-03-31": "0.56800", "2013-12-31": "0.52940", "2013-09-30": "0.39810", "2013-06-30": "0.25650", "2013-03-31": "0.17210", "2012-12-31": "0.25710", "2012-09-30": "0.27020", "2012-06-30": "0.31560", "2012-03-31": "0.23290", "2011-12-31": "0.14730", "2011-09-30": "0.07880", "2011-06-30": "0.10480", "2011-03-31": "0.09590", "2010-12-31": "0.03670", "2010-09-30": "0.04000", "2010-06-30": "0.03980", "2010-03-31": "0.04000", "2009-12-31": "0.04010", "2009-09-30": "0.04020", "2009-06-30": "0.10700", "2009-03-31": "0.09030", "2008-12-31": "0.30510", "2008-09-30": "0.27010", "2008-06-30": "0.04760", "2008-03-31": "", "2007-12-31": "", "2007-09-30": "", "2007-06-30": "0.01280", "2007-03-31": "0.02410", "2006-12-31": "0.02440", "2006-09-30": "0.02480", "2006-06-30": "", "2006-03-31": "", "2005-12-31": ""}, "Gross Margin": {"2020-09-30": "", "2020-06-30": "", "2020-03-31": "", "2019-12-31": "", "2019-09-30": "", "2019-06-30": "", "2019-03-31": "", "2018-12-31": "", "2018-09-30": "", "2018-06-30": "", "2018-03-31": "", "2017-12-31": "", "2017-09-30": "", "2017-06-30": "", "2017-03-31": "", "2016-12-31": "", "2016-09-30": "", "2016-06-30": "", "2016-03-31": "", "2015-12-31": "", "2015-09-30": "", "2015-06-30": "", "2015-03-31": "", "2014-12-31": "", "2014-09-30": "", "2014-06-30": "", "2014-03-31": "", "2013-12-31": "", "2013-09-30": "", "2013-06-30": "", "2013-03-31": "", "2012-12-31": "", "2012-09-30": "", "2012-06-30": "", "2012-03-31": "", "2011-12-31": "", "2011-09-30": "", "2011-06-30": "", "2011-03-31": "", "2010-12-31": "", "2010-09-30": "", "2010-06-30": "", "2010-03-31": "", "2009-12-31": "", "2009-09-30": "", "2009-06-30": "", "2009-03-31": "", "2008-12-31": "", "2008-09-30": "", "2008-06-30": "", "2008-03-31": "", "2007-12-31": "", "2007-09-30": "", "2007-06-30": "", "2007-03-31": "", "2006-12-31": "", "2006-09-30": "", "2006-06-30": "", "2006-03-31": "", "2005-12-31": ""}, "Operating Margin": {"2020-09-30": "", "2020-06-30": "", "2020-03-31": "", "2019-12-31": "", "2019-09-30": "", "2019-06-30": "", "2019-03-31": "", "2018-12-31": "", "2018-09-30": "", "2018-06-30": "", "2018-03-31": "", "2017-12-31": "", "2017-09-30": "", "2017-06-30": "", "2017-03-31": "", "2016-12-31": "", "2016-09-30": "", "2016-06-30": "", "2016-03-31": "", "2015-12-31": "", "2015-09-30": "", "2015-06-30": "", "2015-03-31": "", "2014-12-31": "", "2014-09-30": "", "2014-06-30": "", "2014-03-31": "", "2013-12-31": "", "2013-09-30": "", "2013-06-30": "", "2013-03-31": "", "2012-12-31": "", "2012-09-30": "", "2012-06-30": "", "2012-03-31": "", "2011-12-31": "", "2011-09-30": "", "2011-06-30": "", "2011-03-31": "", "2010-12-31": "", "2010-09-30": "", "2010-06-30": "", "2010-03-31": "", "2009-12-31": "", "2009-09-30": "", "2009-06-30": "", "2009-03-31": "", "2008-12-31": "", "2008-09-30": "", "2008-06-30": "", "2008-03-31": "", "2007-12-31": "", "2007-09-30": "", "2007-06-30": "", "2007-03-31": "", "2006-12-31": "", "2006-09-30": "", "2006-06-30": "", "2006-03-31": "", "2005-12-31": ""}, "EBIT Margin": {"2020-09-30": "", "2020-06-30": "", "2020-03-31": "", "2019-12-31": "", "2019-09-30": "", "2019-06-30": "", "2019-03-31": "", "2018-12-31": "", "2018-09-30": "", "2018-06-30": "", "2018-03-31": "", "2017-12-31": "", "2017-09-30": "", "2017-06-30": "", "2017-03-31": "", "2016-12-31": "", "2016-09-30": "", "2016-06-30": "", "2016-03-31": "", "2015-12-31": "", "2015-09-30": "", "2015-06-30": "", "2015-03-31": "", "2014-12-31": "", "2014-09-30": "", "2014-06-30": "", "2014-03-31": "", "2013-12-31": "", "2013-09-30": "", "2013-06-30": "", "2013-03-31": "", "2012-12-31": "", "2012-09-30": "", "2012-06-30": "", "2012-03-31": "", "2011-12-31": "", "2011-09-30": "", "2011-06-30": "", "2011-03-31": "", "2010-12-31": "", "2010-09-30": "", "2010-06-30": "", "2010-03-31": "", "2009-12-31": "", "2009-09-30": "", "2009-06-30": "", "2009-03-31": "", "2008-12-31": "", "2008-09-30": "", "2008-06-30": "", "2008-03-31": "", "2007-12-31": "", "2007-09-30": "", "2007-06-30": "", "2007-03-31": "", "2006-12-31": "", "2006-09-30": "", "2006-06-30": "", "2006-03-31": "", "2005-12-31": ""}, "EBITDA Margin": {"2020-09-30": "", "2020-06-30": "", "2020-03-31": "", "2019-12-31": "", "2019-09-30": "", "2019-06-30": "", "2019-03-31": "", "2018-12-31": "", "2018-09-30": "", "2018-06-30": "", "2018-03-31": "", "2017-12-31": "", "2017-09-30": "", "2017-06-30": "", "2017-03-31": "", "2016-12-31": "", "2016-09-30": "", "2016-06-30": "", "2016-03-31": "", "2015-12-31": "", "2015-09-30": "", "2015-06-30": "", "2015-03-31": "", "2014-12-31": "", "2014-09-30": "", "2014-06-30": "", "2014-03-31": "", "2013-12-31": "", "2013-09-30": "", "2013-06-30": "", "2013-03-31": "", "2012-12-31": "", "2012-09-30": "", "2012-06-30": "", "2012-03-31": "", "2011-12-31": "", "2011-09-30": "", "2011-06-30": "", "2011-03-31": "", "2010-12-31": "", "2010-09-30": "", "2010-06-30": "", "2010-03-31": "", "2009-12-31": "", "2009-09-30": "", "2009-06-30": "", "2009-03-31": "", "2008-12-31": "", "2008-09-30": "", "2008-06-30": "", "2008-03-31": "", "2007-12-31": "", "2007-09-30": "", "2007-06-30": "", "2007-03-31": "", "2006-12-31": "", "2006-09-30": "", "2006-06-30": "", "2006-03-31": "", "2005-12-31": ""}, "Pre-Tax Profit Margin": {"2020-09-30": "24.77760", "2020-06-30": "42.66950", "2020-03-31": "27.10450", "2019-12-31": "40.18830", "2019-09-30": "37.47590", "2019-06-30": "31.31220", "2019-03-31": "33.83460", "2018-12-31": "35.58690", "2018-09-30": "40.13210", "2018-06-30": "35.28010", "2018-03-31": "38.13280", "2017-12-31": "41.18620", "2017-09-30": "42.62770", "2017-06-30": "43.51130", "2017-03-31": "43.96940", "2016-12-31": "38.50100", "2016-09-30": "45.13500", "2016-06-30": "41.20550", "2016-03-31": "38.59030", "2015-12-31": "36.28370", "2015-09-30": "43.47420", "2015-06-30": "35.12990", "2015-03-31": "32.47920", "2014-12-31": "35.33040", "2014-09-30": "34.36250", "2014-06-30": "38.41940", "2014-03-31": "35.41430", "2013-12-31": "35.90990", "2013-09-30": "35.23680", "2013-06-30": "33.86040", "2013-03-31": "29.36940", "2012-12-31": "27.49430", "2012-09-30": "-2.72760", "2012-06-30": "1.05160", "2012-03-31": "4.15080", "2011-12-31": "22.71490", "2011-09-30": "20.26540", "2011-06-30": "19.77930", "2011-03-31": "5.77060", "2010-12-31": "-34.17900", "2010-09-30": "-55.05550", "2010-06-30": "27.34500", "2010-03-31": "11.09780", "2009-12-31": "24.25290", "2009-09-30": "-122.83290", "2009-06-30": "23.47700", "2009-03-31": "17.04840", "2008-12-31": "30.03320", "2008-09-30": "30.70950", "2008-06-30": "21.72470", "2008-03-31": "39.34660", "2007-12-31": "45.78650", "2007-09-30": "42.23350", "2007-06-30": "-36.59800", "2007-03-31": "33.66500", "2006-12-31": "42.73620", "2006-09-30": "-36.74900", "2006-06-30": "43.10260", "2006-03-31": "49.65660", "2005-12-31": "42.79950"}, "Net Profit Margin": {"2020-09-30": "19.66740", "2020-06-30": "33.78220", "2020-03-31": "24.82170", "2019-12-31": "31.88400", "2019-09-30": "29.30170", "2019-06-30": "24.64840", "2019-03-31": "25.72690", "2018-12-31": "26.79760", "2018-09-30": "27.97660", "2018-06-30": "25.90860", "2018-03-31": "28.65500", "2017-12-31": "24.88570", "2017-09-30": "27.67500", "2017-06-30": "28.54470", "2017-03-31": "28.74890", "2016-12-31": "26.36760", "2016-09-30": "29.23420", "2016-06-30": "26.71480", "2016-03-31": "25.54400", "2015-12-31": "23.63890", "2015-09-30": "28.25110", "2015-06-30": "23.41180", "2015-03-31": "21.48040", "2014-12-31": "23.20610", "2014-09-30": "22.99370", "2014-06-30": "25.21770", "2014-03-31": "23.43890", "2013-12-31": "23.84670", "2013-09-30": "23.29080", "2013-06-30": "23.10870", "2013-03-31": "19.86700", "2012-12-31": "18.91310", "2012-09-30": "2.52220", "2012-06-30": "2.15420", "2012-03-31": "2.24800", "2011-12-31": "15.32460", "2011-09-30": "16.14480", "2011-06-30": "12.07200", "2011-03-31": "4.76560", "2010-12-31": "-22.82770", "2010-09-30": "-39.62040", "2010-06-30": "18.00790", "2010-03-31": "6.37620", "2009-12-31": "16.59680", "2009-09-30": "-80.84750", "2009-06-30": "16.50470", "2009-03-31": "11.47830", "2008-12-31": "19.75890", "2008-09-30": "23.00450", "2008-06-30": "13.51320", "2008-03-31": "24.96300", "2007-12-31": "29.91180", "2007-09-30": "24.11010", "2007-06-30": "-26.60820", "2007-03-31": "22.76040", "2006-12-31": "28.75910", "2006-09-30": "-17.76920", "2006-06-30": "29.19250", "2006-03-31": "33.31130", "2005-12-31": "29.04480"}, "Asset Turnover": {"2020-09-30": "0.00460", "2020-06-30": "0.00530", "2020-03-31": "0.00450", "2019-12-31": "0.00530", "2019-09-30": "0.00500", "2019-06-30": "0.00510", "2019-03-31": "0.00540", "2018-12-31": "0.00520", "2018-09-30": "0.00540", "2018-06-30": "0.00570", "2018-03-31": "0.00580", "2017-12-31": "0.00560", "2017-09-30": "0.00600", "2017-06-30": "0.00580", "2017-03-31": "0.00600", "2016-12-31": "0.00560", "2016-09-30": "0.00590", "2016-06-30": "0.00610", "2016-03-31": "0.00610", "2015-12-31": "0.00600", "2015-09-30": "0.00650", "2015-06-30": "0.00600", "2015-03-31": "0.00600", "2014-12-31": "0.00590", "2014-09-30": "0.00580", "2014-06-30": "0.00590", "2014-03-31": "0.00600", "2013-12-31": "0.00590", "2013-09-30": "0.00600", "2013-06-30": "0.00630", "2013-03-31": "0.00580", "2012-12-31": "0.00520", "2012-09-30": "0.00380", "2012-06-30": "0.00360", "2012-03-31": "0.00400", "2011-12-31": "0.00500", "2011-09-30": "0.00480", "2011-06-30": "0.00450", "2011-03-31": "0.00430", "2010-12-31": "0.00290", "2010-09-30": "0.00240", "2010-06-30": "0.00510", "2010-03-31": "0.00410", "2009-12-31": "0.00490", "2009-09-30": "0.00150", "2009-06-30": "0.00560", "2009-03-31": "0.00460", "2008-12-31": "0.00530", "2008-09-30": "0.00560", "2008-06-30": "0.00480", "2008-03-31": "0.00570", "2007-12-31": "0.00600", "2007-09-30": "0.00610", "2007-06-30": "0.00650", "2007-03-31": "0.00530", "2006-12-31": "0.00630", "2006-09-30": "0.00310", "2006-06-30": "", "2006-03-31": "", "2005-12-31": ""}, "Inventory Turnover Ratio": {"2020-09-30": "", "2020-06-30": "", "2020-03-31": "", "2019-12-31": "", "2019-09-30": "", "2019-06-30": "", "2019-03-31": "", "2018-12-31": "", "2018-09-30": "", "2018-06-30": "", "2018-03-31": "", "2017-12-31": "", "2017-09-30": "", "2017-06-30": "", "2017-03-31": "", "2016-12-31": "", "2016-09-30": "", "2016-06-30": "", "2016-03-31": "", "2015-12-31": "", "2015-09-30": "", "2015-06-30": "", "2015-03-31": "", "2014-12-31": "", "2014-09-30": "", "2014-06-30": "", "2014-03-31": "", "2013-12-31": "", "2013-09-30": "", "2013-06-30": "", "2013-03-31": "", "2012-12-31": "", "2012-09-30": "", "2012-06-30": "", "2012-03-31": "", "2011-12-31": "", "2011-09-30": "", "2011-06-30": "", "2011-03-31": "", "2010-12-31": "", "2010-09-30": "", "2010-06-30": "", "2010-03-31": "", "2009-12-31": "", "2009-09-30": "", "2009-06-30": "", "2009-03-31": "", "2008-12-31": "", "2008-09-30": "", "2008-06-30": "", "2008-03-31": "", "2007-12-31": "", "2007-09-30": "", "2007-06-30": "", "2007-03-31": "", "2006-12-31": "", "2006-09-30": "", "2006-06-30": "", "2006-03-31": "", "2005-12-31": ""}, "Receiveable Turnover": {"2020-09-30": "", "2020-06-30": "", "2020-03-31": "", "2019-12-31": "", "2019-09-30": "", "2019-06-30": "", "2019-03-31": "", "2018-12-31": "", "2018-09-30": "", "2018-06-30": "", "2018-03-31": "", "2017-12-31": "", "2017-09-30": "", "2017-06-30": "", "2017-03-31": "", "2016-12-31": "", "2016-09-30": "", "2016-06-30": "", "2016-03-31": "", "2015-12-31": "", "2015-09-30": "", "2015-06-30": "", "2015-03-31": "", "2014-12-31": "", "2014-09-30": "", "2014-06-30": "", "2014-03-31": "", "2013-12-31": "", "2013-09-30": "", "2013-06-30": "", "2013-03-31": "", "2012-12-31": "", "2012-09-30": "", "2012-06-30": "", "2012-03-31": "", "2011-12-31": "", "2011-09-30": "", "2011-06-30": "", "2011-03-31": "", "2010-12-31": "", "2010-09-30": "", "2010-06-30": "", "2010-03-31": "", "2009-12-31": "", "2009-09-30": "", "2009-06-30": "", "2009-03-31": "", "2008-12-31": "", "2008-09-30": "", "2008-06-30": "", "2008-03-31": "", "2007-12-31": "", "2007-09-30": "", "2007-06-30": "", "2007-03-31": "", "2006-12-31": "", "2006-09-30": "", "2006-06-30": "", "2006-03-31": "", "2005-12-31": ""}, "Days Sales In Receivables": {"2020-09-30": "", "2020-06-30": "", "2020-03-31": "", "2019-12-31": "", "2019-09-30": "", "2019-06-30": "", "2019-03-31": "", "2018-12-31": "", "2018-09-30": "", "2018-06-30": "", "2018-03-31": "", "2017-12-31": "", "2017-09-30": "", "2017-06-30": "", "2017-03-31": "", "2016-12-31": "", "2016-09-30": "", "2016-06-30": "", "2016-03-31": "", "2015-12-31": "", "2015-09-30": "", "2015-06-30": "", "2015-03-31": "", "2014-12-31": "", "2014-09-30": "", "2014-06-30": "", "2014-03-31": "", "2013-12-31": "", "2013-09-30": "", "2013-06-30": "", "2013-03-31": "", "2012-12-31": "", "2012-09-30": "", "2012-06-30": "", "2012-03-31": "", "2011-12-31": "", "2011-09-30": "", "2011-06-30": "", "2011-03-31": "", "2010-12-31": "", "2010-09-30": "", "2010-06-30": "", "2010-03-31": "", "2009-12-31": "", "2009-09-30": "", "2009-06-30": "", "2009-03-31": "", "2008-12-31": "", "2008-09-30": "", "2008-06-30": "", "2008-03-31": "", "2007-12-31": "", "2007-09-30": "", "2007-06-30": "", "2007-03-31": "", "2006-12-31": "", "2006-09-30": "", "2006-06-30": "", "2006-03-31": "", "2005-12-31": ""}, "ROE - Return On Equity": {"2020-09-30": "0.81220", "2020-06-30": "1.62130", "2020-03-31": "1.04260", "2019-12-31": "1.48310", "2019-09-30": "1.26810", "2019-06-30": "1.06740", "2019-03-31": "1.15960", "2018-12-31": "1.16600", "2018-09-30": "1.22870", "2018-06-30": "1.19610", "2018-03-31": "1.34780", "2017-12-31": "1.15320", "2017-09-30": "1.36200", "2017-06-30": "1.35840", "2017-03-31": "1.39780", "2016-12-31": "1.17750", "2016-09-30": "1.37350", "2016-06-30": "1.22810", "2016-03-31": "1.14030", "2015-12-31": "1.04860", "2015-09-30": "1.33130", "2015-06-30": "0.97990", "2015-03-31": "0.87500", "2014-12-31": "0.91820", "2014-09-30": "0.86170", "2014-06-30": "0.94540", "2014-03-31": "0.86960", "2013-12-31": "0.86040", "2013-09-30": "0.84260", "2013-06-30": "0.87730", "2013-03-31": "0.69690", "2012-12-31": "0.61280", "2012-09-30": "0.06120", "2012-06-30": "0.04940", "2012-03-31": "0.05680", "2011-12-31": "0.47100", "2011-09-30": "0.47800", "2011-06-30": "0.33880", "2011-03-31": "0.12690", "2010-12-31": "-0.42050", "2010-09-30": "-0.61310", "2010-06-30": "0.58110", "2010-03-31": "0.16670", "2009-12-31": "0.50970", "2009-09-30": "-0.73830", "2009-06-30": "0.56490", "2009-03-31": "0.32500", "2008-12-31": "0.64010", "2008-09-30": "0.76270", "2008-06-30": "0.34730", "2008-03-31": "0.73360", "2007-12-31": "0.93700", "2007-09-30": "0.75770", "2007-06-30": "-0.88040", "2007-03-31": "1.15150", "2006-12-31": "1.53900", "2006-09-30": "-0.46820", "2006-06-30": "", "2006-03-31": "", "2005-12-31": ""}, "Return On Tangible Equity": {"2020-09-30": "0.81600", "2020-06-30": "1.62880", "2020-03-31": "1.04720", "2019-12-31": "1.48920", "2019-09-30": "1.27420", "2019-06-30": "1.07260", "2019-03-31": "1.16530", "2018-12-31": "1.17180", "2018-09-30": "1.23490", "2018-06-30": "1.20240", "2018-03-31": "1.35410", "2017-12-31": "1.15880", "2017-09-30": "1.36880", "2017-06-30": "1.36540", "2017-03-31": "1.40500", "2016-12-31": "1.18370", "2016-09-30": "1.38080", "2016-06-30": "1.23490", "2016-03-31": "1.14670", "2015-12-31": "1.05450", "2015-09-30": "1.33900", "2015-06-30": "0.98560", "2015-03-31": "0.88030", "2014-12-31": "0.92390", "2014-09-30": "0.86720", "2014-06-30": "0.95170", "2014-03-31": "0.87560", "2013-12-31": "0.86660", "2013-09-30": "0.84900", "2013-06-30": "0.88460", "2013-03-31": "0.70310", "2012-12-31": "0.61880", "2012-09-30": "0.06190", "2012-06-30": "0.05000", "2012-03-31": "0.05750", "2011-12-31": "0.47790", "2011-09-30": "0.48590", "2011-06-30": "0.34480", "2011-03-31": "0.12920", "2010-12-31": "-0.42870", "2010-09-30": "-0.62690", "2010-06-30": "0.59540", "2010-03-31": "0.17080", "2009-12-31": "0.52180", "2009-09-30": "-0.75620", "2009-06-30": "0.57670", "2009-03-31": "0.33150", "2008-12-31": "0.65570", "2008-09-30": "0.78020", "2008-06-30": "0.35490", "2008-03-31": "0.74910", "2007-12-31": "0.95670", "2007-09-30": "0.77370", "2007-06-30": "-0.89950", "2007-03-31": "1.20000", "2006-12-31": "1.60440", "2006-09-30": "-0.48760", "2006-06-30": "", "2006-03-31": "", "2005-12-31": ""}, "ROA - Return On Assets": {"2020-09-30": "0.09270", "2020-06-30": "0.18090", "2020-03-31": "0.11500", "2019-12-31": "0.17320", "2019-09-30": "0.14800", "2019-06-30": "0.12700", "2019-03-31": "0.14170", "2018-12-31": "0.14280", "2018-09-30": "0.15280", "2018-06-30": "0.14980", "2018-03-31": "0.16710", "2017-12-31": "0.14120", "2017-09-30": "0.16810", "2017-06-30": "0.16850", "2017-03-31": "0.17500", "2016-12-31": "0.14870", "2016-09-30": "0.17670", "2016-06-30": "0.16330", "2016-03-31": "0.15460", "2015-12-31": "0.14410", "2015-09-30": "0.18610", "2015-06-30": "0.14080", "2015-03-31": "0.12910", "2014-12-31": "0.13790", "2014-09-30": "0.13430", "2014-06-30": "0.15050", "2014-03-31": "0.14210", "2013-12-31": "0.14080", "2013-09-30": "0.13990", "2013-06-30": "0.14590", "2013-03-31": "0.11500", "2012-12-31": "0.09800", "2012-09-30": "0.00960", "2012-06-30": "0.00780", "2012-03-31": "0.00910", "2011-12-31": "0.07650", "2011-09-30": "0.07780", "2011-06-30": "0.05500", "2011-03-31": "0.02040", "2010-12-31": "-0.06640", "2010-09-30": "-0.09700", "2010-06-30": "0.09360", "2010-03-31": "0.02720", "2009-12-31": "0.08320", "2009-09-30": "-0.12160", "2009-06-30": "0.09310", "2009-03-31": "0.05410", "2008-12-31": "0.10560", "2008-09-30": "0.13040", "2008-06-30": "0.06550", "2008-03-31": "0.14170", "2007-12-31": "0.17960", "2007-09-30": "0.14640", "2007-06-30": "-0.17230", "2007-03-31": "0.12170", "2006-12-31": "0.18130", "2006-09-30": "-0.05520", "2006-06-30": "", "2006-03-31": "", "2005-12-31": ""}, "ROI - Return On Investment": {"2020-09-30": "0.26140", "2020-06-30": "0.49570", "2020-03-31": "0.30070", "2019-12-31": "0.45640", "2019-09-30": "0.38430", "2019-06-30": "0.32930", "2019-03-31": "0.37800", "2018-12-31": "0.37120", "2018-09-30": "0.39420", "2018-06-30": "0.38590", "2018-03-31": "0.42800", "2017-12-31": "0.35920", "2017-09-30": "0.42930", "2017-06-30": "0.43650", "2017-03-31": "0.46510", "2016-12-31": "0.41590", "2016-09-30": "0.52080", "2016-06-30": "0.50030", "2016-03-31": "0.48510", "2015-12-31": "0.46170", "2015-09-30": "0.59060", "2015-06-30": "0.47150", "2015-03-31": "0.45300", "2014-12-31": "0.50170", "2014-09-30": "0.53230", "2014-06-30": "0.61170", "2014-03-31": "0.55460", "2013-12-31": "0.56250", "2013-09-30": "0.60270", "2013-06-30": "0.69820", "2013-03-31": "0.59450", "2012-12-31": "0.48740", "2012-09-30": "0.06120", "2012-06-30": "0.03760", "2012-03-31": "0.04610", "2011-12-31": "0.41050", "2011-09-30": "0.44300", "2011-06-30": "0.30670", "2011-03-31": "0.11580", "2010-12-31": "-0.40560", "2010-09-30": "-0.61310", "2010-06-30": "0.55890", "2010-03-31": "0.16030", "2009-12-31": "0.49010", "2009-09-30": "-0.73830", "2009-06-30": "0.51020", "2009-03-31": "0.29810", "2008-12-31": "0.64010", "2008-09-30": "0.76270", "2008-06-30": "0.33150", "2008-03-31": "0.73360", "2007-12-31": "0.93700", "2007-09-30": "0.75770", "2007-06-30": "-0.88040", "2007-03-31": "1.15150", "2006-12-31": "1.53900", "2006-09-30": "-0.46820", "2006-06-30": "", "2006-03-31": "", "2005-12-31": ""}, "Book Value Per Share": {"2020-09-30": "5.96770", "2020-06-30": "5.90930", "2020-03-31": "5.90830", "2019-12-31": "6.17200", "2019-09-30": "6.06060", "2019-06-30": "6.10910", "2019-03-31": "6.19820", "2018-12-31": "6.22480", "2018-09-30": "6.27300", "2018-06-30": "6.22320", "2018-03-31": "6.16360", "2017-12-31": "6.05220", "2017-09-30": "6.00780", "2017-06-30": "5.95170", "2017-03-31": "5.92930", "2016-12-31": "5.87390", "2016-09-30": "5.84220", "2016-06-30": "5.87030", "2016-03-31": "5.88080", "2015-12-31": "5.88580", "2015-09-30": "5.94530", "2015-06-30": "5.99900", "2015-03-31": "6.04120", "2014-12-31": "6.05950", "2014-09-30": "6.09790", "2014-06-30": "6.13250", "2014-03-31": "6.13320", "2013-12-31": "6.06410", "2013-09-30": "6.05200", "2013-06-30": "5.99020", "2013-03-31": "5.93750", "2012-12-31": "5.88940", "2012-09-30": "5.84720", "2012-06-30": "5.84390", "2012-03-31": "5.82620", "2011-12-31": "5.81370", "2011-09-30": "5.74240", "2011-06-30": "5.72680", "2011-03-31": "5.68380", "2010-12-31": "5.66670", "2010-09-30": "5.68390", "2010-06-30": "5.71340", "2010-03-31": "5.68420", "2009-12-31": "5.67990", "2009-09-30": "5.65960", "2009-06-30": "5.75080", "2009-03-31": "5.73010", "2008-12-31": "5.76160", "2008-09-30": "5.83000", "2008-06-30": "5.98520", "2008-03-31": "6.07990", "2007-12-31": "6.04280", "2007-09-30": "5.97680", "2007-06-30": "5.89860", "2007-03-31": "", "2006-12-31": "", "2006-09-30": "", "2006-06-30": "", "2006-03-31": "", "2005-12-31": ""}, "Operating Cash Flow Per Share": {"2020-09-30": 0.1091, "2020-06-30": 0.1044, "2020-03-31": 0.1191, "2019-12-31": "0.10580", "2019-09-30": 0.1095, "2019-06-30": 0.1062, "2019-03-31": 0.0314, "2018-12-31": "0.12420", "2018-09-30": 0.0866, "2018-06-30": 0.0514, "2018-03-31": -0.1589, "2017-12-31": "0.35310", "2017-09-30": 0.0707, "2017-06-30": 0.0622, "2017-03-31": -0.1172, "2016-12-31": "0.34660", "2016-09-30": 0.105, "2016-06-30": 0.0538, "2016-03-31": -0.1017, "2015-12-31": "0.24210", "2015-09-30": 0.0874, "2015-06-30": 0.0971, "2015-03-31": -0.0768, "2014-12-31": "0.24170", "2014-09-30": 0.0607, "2014-06-30": 0.0811, "2014-03-31": -0.0644, "2013-12-31": "0.26700", "2013-09-30": 0.0803, "2013-06-30": 0.1655, "2013-03-31": -0.0858, "2012-12-31": "0.30510", "2012-09-30": 0.1669, "2012-06-30": 0.156, "2012-03-31": -0.1105, "2011-12-31": "0.30330", "2011-09-30": -0.0704, "2011-06-30": 0.3492, "2011-03-31": -0.114, "2010-12-31": "0.28560", "2010-09-30": 0.393, "2010-06-30": -0.0356, "2010-03-31": 0.037, "2009-12-31": "-0.00630", "2009-09-30": 0.7442, "2009-06-30": -0.0814, "2009-03-31": -0.1547, "2008-12-31": "0.39380", "2008-09-30": -0.5875, "2008-06-30": 0.509, "2008-03-31": -0.0874, "2007-12-31": "0.25670", "2007-09-30": -0.2682, "2007-06-30": 0.3432, "2007-03-31": 0.0469, "2006-12-31": "0.89270", "2006-09-30": -0.4206, "2006-06-30": 1.9887, "2006-03-31": 0, "2005-12-31": ""}, "Free Cash Flow Per Share": {"2020-09-30": 0.1092, "2020-06-30": 0.0997, "2020-03-31": 0.1157, "2019-12-31": "0.18840", "2019-09-30": 0.1063, "2019-06-30": 0.103, "2019-03-31": 0.0275, "2018-12-31": "0.12090", "2018-09-30": 0.0807, "2018-06-30": 0.0478, "2018-03-31": -0.1659, "2017-12-31": "0.33940", "2017-09-30": 0.0606, "2017-06-30": 0.0597, "2017-03-31": -0.1182, "2016-12-31": "0.34530", "2016-09-30": 0.0993, "2016-06-30": 0.0455, "2016-03-31": -0.1101, "2015-12-31": "0.23240", "2015-09-30": 0.0802, "2015-06-30": 0.0913, "2015-03-31": -0.0788, "2014-12-31": "0.23780", "2014-09-30": 0.0596, "2014-06-30": 0.0802, "2014-03-31": -0.0682, "2013-12-31": "0.26340", "2013-09-30": 0.0767, "2013-06-30": 0.1752, "2013-03-31": -0.0973, "2012-12-31": "0.30120", "2012-09-30": 0.1518, "2012-06-30": 0.1511, "2012-03-31": -0.1114, "2011-12-31": "0.29990", "2011-09-30": -0.0715, "2011-06-30": 0.3469, "2011-03-31": -0.1164, "2010-12-31": "0.28270", "2010-09-30": 0.3886, "2010-06-30": -0.0374, "2010-03-31": 0.0305, "2009-12-31": "-0.00830", "2009-09-30": 0.7429, "2009-06-30": -0.0872, "2009-03-31": -0.1585, "2008-12-31": "0.39070", "2008-09-30": -0.5943, "2008-06-30": 0.5076, "2008-03-31": -0.0901, "2007-12-31": "0.25140", "2007-09-30": -0.2755, "2007-06-30": 0.3977, "2007-03-31": 0.0399, "2006-12-31": "0.88370", "2006-09-30": -0.434, "2006-06-30": 1.9868, "2006-03-31": 0, "2005-12-31": ""}}, "revenue": {"TFS Financial Annual Revenue (Millions of US $)": {"2020": "$509", "2019": "$503", "2018": "$465", "2017": "$429", "2016": "$413", "2015": "$408", "2014": "$397", "2013": "$412", "2012": "$442", "2011": "$458", "2010": "$497", "2009": "$555", "2008": "$598", "2007": "$589", "2006": "$479", "2005": "$454"}, "TFS Financial Quarterly Revenue (Millions of US $)": {"2020-09-30": "$123", "2020-06-30": "$125", "2020-03-31": "$128", "2019-12-31": "$132", "2019-09-30": "$128", "2019-06-30": "$126", "2019-03-31": "$125", "2018-12-31": "$123", "2018-09-30": "$119", "2018-06-30": "$118", "2018-03-31": "$115", "2017-12-31": "$112", "2017-09-30": "$111", "2017-06-30": "$109", "2017-03-31": "$106", "2016-12-31": "$104", "2016-09-30": "$104", "2016-06-30": "$103", "2016-03-31": "$104", "2015-12-31": "$103", "2015-09-30": "$103", "2015-06-30": "$102", "2015-03-31": "$102", "2014-12-31": "$102", "2014-09-30": "$100", "2014-06-30": "$99", "2014-03-31": "$99", "2013-12-31": "$98", "2013-09-30": "$98", "2013-06-30": "$103", "2013-03-31": "$103", "2012-12-31": "$109", "2012-09-30": "$109", "2012-06-30": "$111", "2012-03-31": "$111", "2011-12-31": "$111", "2011-09-30": "$114", "2011-06-30": "$116", "2011-03-31": "$114", "2010-12-31": "$114", "2010-09-30": "$112", "2010-06-30": "$138", "2010-03-31": "$122", "2009-12-31": "$124", "2009-09-30": "$131", "2009-06-30": "$139", "2009-03-31": "$141", "2008-12-31": "$143", "2008-09-30": "$146", "2008-06-30": "$144", "2008-03-31": "$150", "2007-12-31": "$159", "2007-09-30": "$159", "2007-06-30": "$154", "2007-03-31": "$138", "2006-12-31": "$138", "2006-09-30": "$110", "2006-06-30": "$126", "2006-03-31": "$126", "2005-12-31": "$118"}}, "gross-profit": {"TFS Financial Annual Gross Profit (Millions of US $)": {"2020": "$296", "2019": "$286", "2018": "$302", "2017": "$299", "2016": "$295", "2015": "$294", "2014": "$293", "2013": "$297", "2012": "$287", "2011": "$279", "2010": "$286", "2009": "$297", "2008": "$268", "2007": "$245", "2006": "$190", "2005": "$226"}, "TFS Financial Quarterly Gross Profit (Millions of US $)": {"2020-09-30": "$67", "2020-06-30": "$78", "2020-03-31": "$74", "2019-12-31": "$76", "2019-09-30": "$70", "2019-06-30": "$71", "2019-03-31": "$73", "2018-12-31": "$72", "2018-09-30": "$74", "2018-06-30": "$77", "2018-03-31": "$76", "2017-12-31": "$75", "2017-09-30": "$75", "2017-06-30": "$75", "2017-03-31": "$75", "2016-12-31": "$74", "2016-09-30": "$74", "2016-06-30": "$73", "2016-03-31": "$74", "2015-12-31": "$74", "2015-09-30": "$74", "2015-06-30": "$74", "2015-03-31": "$73", "2014-12-31": "$73", "2014-09-30": "$72", "2014-06-30": "$74", "2014-03-31": "$75", "2013-12-31": "$73", "2013-09-30": "$71", "2013-06-30": "$75", "2013-03-31": "$74", "2012-12-31": "$77", "2012-09-30": "$72", "2012-06-30": "$72", "2012-03-31": "$72", "2011-12-31": "$70", "2011-09-30": "$71", "2011-06-30": "$72", "2011-03-31": "$69", "2010-12-31": "$67", "2010-09-30": "$62", "2010-06-30": "$86", "2010-03-31": "$69", "2009-12-31": "$69", "2009-09-30": "$73", "2009-06-30": "$80", "2009-03-31": "$77", "2008-12-31": "$67", "2008-09-30": "$70", "2008-06-30": "$68", "2008-03-31": "$64", "2007-12-31": "$66", "2007-09-30": "$66", "2007-06-30": "$67", "2007-03-31": "$55", "2006-12-31": "$57", "2006-09-30": "$30", "2006-06-30": "$51", "2006-03-31": "$58", "2005-12-31": "$51"}}, "operating-income": {"TFS Financial Annual Operating Income (Millions of US $)": {"2020": "$100", "2019": "$102", "2018": "$121", "2017": "$133", "2016": "$122", "2015": "$109", "2014": "$99", "2013": "$82", "2012": "$14", "2011": "$12", "2010": "$18", "2009": "$20", "2008": "$82", "2007": "$44", "2006": "$62", "2005": "$97"}, "TFS Financial Quarterly Operating Income (Millions of US $)": {"2020-09-30": "$17", "2020-06-30": "$33", "2020-03-31": "$18", "2019-12-31": "$32", "2019-09-30": "$27", "2019-06-30": "$23", "2019-03-31": "$26", "2018-12-31": "$27", "2018-09-30": "$30", "2018-06-30": "$28", "2018-03-31": "$31", "2017-12-31": "$32", "2017-09-30": "$35", "2017-06-30": "$34", "2017-03-31": "$36", "2016-12-31": "$28", "2016-09-30": "$35", "2016-06-30": "$32", "2016-03-31": "$29", "2015-12-31": "$27", "2015-09-30": "$33", "2015-06-30": "$26", "2015-03-31": "$23", "2014-12-31": "$25", "2014-09-30": "$23", "2014-06-30": "$27", "2014-03-31": "$25", "2013-12-31": "$24", "2013-09-30": "$19", "2013-06-30": "$24", "2013-03-31": "$19", "2012-12-31": "$16", "2012-09-30": "$-1", "2012-06-30": "$0", "2012-03-31": "$2", "2011-12-31": "$12", "2011-09-30": "$11", "2011-06-30": "$10", "2011-03-31": "$3", "2010-12-31": "$-11", "2010-09-30": "$-15", "2010-06-30": "$15", "2010-03-31": "$5", "2009-12-31": "$13", "2009-09-30": "$-20", "2009-06-30": "$14", "2009-03-31": "$8", "2008-12-31": "$17", "2008-09-30": "$19", "2008-06-30": "$11", "2008-03-31": "$23", "2007-12-31": "$29", "2007-09-30": "$29", "2007-06-30": "$-24", "2007-03-31": "$18", "2006-12-31": "$24", "2006-09-30": "$-9", "2006-06-30": "$22", "2006-03-31": "$28", "2005-12-31": "$21"}}, "ebitda": {"TFS Financial Annual EBITDA (Millions of US $)": {"2020": "$", "2019": "$", "2018": "$", "2017": "$", "2016": "$", "2015": "$", "2014": "$", "2013": "$", "2012": "$", "2011": "$", "2010": "$", "2009": "$", "2008": "$", "2007": "$", "2006": "$", "2005": "$"}, "TFS Financial Quarterly EBITDA (Millions of US $)": {"2020-09-30": "", "2020-06-30": "", "2020-03-31": "", "2019-12-31": "", "2019-09-30": "", "2019-06-30": "", "2019-03-31": "", "2018-12-31": "", "2018-09-30": "", "2018-06-30": "", "2018-03-31": "", "2017-12-31": "", "2017-09-30": "", "2017-06-30": "", "2017-03-31": "", "2016-12-31": "", "2016-09-30": "", "2016-06-30": "", "2016-03-31": "", "2015-12-31": "", "2015-09-30": "", "2015-06-30": "", "2015-03-31": "", "2014-12-31": "", "2014-09-30": "", "2014-06-30": "", "2014-03-31": "", "2013-12-31": "", "2013-09-30": "", "2013-06-30": "", "2013-03-31": "", "2012-12-31": "", "2012-09-30": "", "2012-06-30": "", "2012-03-31": "", "2011-12-31": "", "2011-09-30": "", "2011-06-30": "", "2011-03-31": "", "2010-12-31": "", "2010-09-30": "", "2010-06-30": "", "2010-03-31": "", "2009-12-31": "", "2009-09-30": "", "2009-06-30": "", "2009-03-31": "", "2008-12-31": "", "2008-09-30": "", "2008-06-30": "", "2008-03-31": "", "2007-12-31": "", "2007-09-30": "", "2007-06-30": "", "2007-03-31": "", "2006-12-31": "", "2006-09-30": "", "2006-06-30": "", "2006-03-31": "", "2005-12-31": ""}}, "net-income": {"TFS Financial Annual Net Income (Millions of US $)": {"2020": "$82", "2019": "$79", "2018": "$84", "2017": "$88", "2016": "$80", "2015": "$72", "2014": "$66", "2013": "$56", "2012": "$11", "2011": "$9", "2010": "$11", "2009": "$14", "2008": "$54", "2007": "$26", "2006": "$44", "2005": "$65"}, "TFS Financial Quarterly Net Income (Millions of US $)": {"2020-09-30": "$13", "2020-06-30": "$26", "2020-03-31": "$17", "2019-12-31": "$25", "2019-09-30": "$21", "2019-06-30": "$18", "2019-03-31": "$20", "2018-12-31": "$20", "2018-09-30": "$21", "2018-06-30": "$21", "2018-03-31": "$23", "2017-12-31": "$19", "2017-09-30": "$23", "2017-06-30": "$23", "2017-03-31": "$23", "2016-12-31": "$19", "2016-09-30": "$22", "2016-06-30": "$20", "2016-03-31": "$19", "2015-12-31": "$18", "2015-09-30": "$23", "2015-06-30": "$17", "2015-03-31": "$16", "2014-12-31": "$16", "2014-09-30": "$16", "2014-06-30": "$18", "2014-03-31": "$16", "2013-12-31": "$16", "2013-09-30": "$16", "2013-06-30": "$16", "2013-03-31": "$13", "2012-12-31": "$11", "2012-09-30": "$1", "2012-06-30": "$1", "2012-03-31": "$1", "2011-12-31": "$8", "2011-09-30": "$8", "2011-06-30": "$6", "2011-03-31": "$2", "2010-12-31": "$-7", "2010-09-30": "$-11", "2010-06-30": "$10", "2010-03-31": "$3", "2009-12-31": "$9", "2009-09-30": "$-13", "2009-06-30": "$10", "2009-03-31": "$6", "2008-12-31": "$11", "2008-09-30": "$14", "2008-06-30": "$7", "2008-03-31": "$15", "2007-12-31": "$19", "2007-09-30": "$15", "2007-06-30": "$-17", "2007-03-31": "$12", "2006-12-31": "$16", "2006-09-30": "$-5", "2006-06-30": "$15", "2006-03-31": "$19", "2005-12-31": "$14"}}, "eps-earnings-per-share-diluted": {"TFS Financial Annual EPS": {"2020": "$0.29", "2019": "$0.28", "2018": "$0.30", "2017": "$0.32", "2016": "$0.28", "2015": "$0.25", "2014": "$0.22", "2013": "$0.18", "2012": "$0.04", "2011": "$0.03", "2010": "$0.04", "2009": "$0.05", "2008": "$0.17", "2007": "$0.10", "2006": "$0.19", "2005": "$0.28"}, "TFS Financial Quarterly EPS": {"2020-09-30": "$0.04", "2020-06-30": "$0.10", "2020-03-31": "$0.06", "2019-12-31": "$0.09", "2019-09-30": "$0.08", "2019-06-30": "$0.06", "2019-03-31": "$0.07", "2018-12-31": "$0.07", "2018-09-30": "$0.08", "2018-06-30": "$0.07", "2018-03-31": "$0.08", "2017-12-31": "$0.07", "2017-09-30": "$0.09", "2017-06-30": "$0.08", "2017-03-31": "$0.08", "2016-12-31": "$0.07", "2016-09-30": "$0.08", "2016-06-30": "$0.07", "2016-03-31": "$0.07", "2015-12-31": "$0.06", "2015-09-30": "$0.08", "2015-06-30": "$0.06", "2015-03-31": "$0.05", "2014-12-31": "$0.06", "2014-09-30": "$0.06", "2014-06-30": "$0.06", "2014-03-31": "$0.05", "2013-12-31": "$0.05", "2013-09-30": "$0.05", "2013-06-30": "$0.05", "2013-03-31": "$0.04", "2012-12-31": "$0.04", "2012-09-30": "$0.01", "2012-06-30": "$0.00", "2012-03-31": "$0.00", "2011-12-31": "$0.03", "2011-09-30": "$0.02", "2011-06-30": "$0.02", "2011-03-31": "$0.01", "2010-12-31": "$-0.02", "2010-09-30": "$-0.03", "2010-06-30": "$0.03", "2010-03-31": "$0.01", "2009-12-31": "$0.03", "2009-09-30": "$-0.04", "2009-06-30": "$0.03", "2009-03-31": "$0.02", "2008-12-31": "$0.04", "2008-09-30": "$0.04", "2008-06-30": "$0.02", "2008-03-31": "$0.05", "2007-12-31": "$0.06", "2007-09-30": "$0.04", "2007-06-30": "$-0.06", "2007-03-31": "$0.05", "2006-12-31": "$0.07", "2006-09-30": "$0.13", "2006-06-30": "$0.06", "2006-03-31": "$0.00", "2005-12-31": "$0.00"}}, "shares-outstanding": {"TFS Financial Annual Shares Outstanding (Millions of Shares)": {"2020": "278", "2019": "277", "2018": "277", "2017": "279", "2016": "284", "2015": "292", "2014": "301", "2013": "303", "2012": "302", "2011": "301", "2010": "300", "2009": "302", "2008": "320", "2007": "270", "2006": "227", "2005": "227"}, "TFS Financial Quarterly Shares Outstanding (Millions of Shares)": {"2020-09-30": "278", "2020-06-30": "278", "2020-03-31": "278", "2019-12-31": "278", "2019-09-30": "277", "2019-06-30": "277", "2019-03-31": "277", "2018-12-31": "277", "2018-09-30": "277", "2018-06-30": "277", "2018-03-31": "277", "2017-12-31": "278", "2017-09-30": "279", "2017-06-30": "279", "2017-03-31": "280", "2016-12-31": "280", "2016-09-30": "284", "2016-06-30": "283", "2016-03-31": "284", "2015-12-31": "286", "2015-09-30": "292", "2015-06-30": "291", "2015-03-31": "293", "2014-12-31": "296", "2014-09-30": "301", "2014-06-30": "301", "2014-03-31": "302", "2013-12-31": "302", "2013-09-30": "303", "2013-06-30": "303", "2013-03-31": "303", "2012-12-31": "302", "2012-09-30": "302", "2012-06-30": "302", "2012-03-31": "302", "2011-12-31": "301", "2011-09-30": "301", "2011-06-30": "301", "2011-03-31": "301", "2010-12-31": "300", "2010-09-30": "300", "2010-06-30": "301", "2010-03-31": "300", "2009-12-31": "300", "2009-09-30": "302", "2009-06-30": "301", "2009-03-31": "302", "2008-12-31": "304", "2008-09-30": "320", "2008-06-30": "321", "2008-03-31": "323", "2007-12-31": "322", "2007-09-30": "270", "2007-06-30": "301", "2007-03-31": "227", "2006-12-31": "227", "2006-09-30": "227", "2006-06-30": "227", "2006-03-31": "", "2005-12-31": ""}}, "total-assets": {"TFS Financial Annual Total Assets (Millions of US $)": {"2020": "$14,642", "2019": "$14,542", "2018": "$14,137", "2017": "$13,693", "2016": "$12,906", "2015": "$12,369", "2014": "$11,803", "2013": "$11,269", "2012": "$11,518", "2011": "$10,893", "2010": "$11,076", "2009": "$10,599", "2008": "$10,786", "2007": "$10,278", "2006": "$8,596", "2005": "$0"}, "TFS Financial Quarterly Total Assets (Millions of US $)": {"2020-09-30": "$14,642", "2020-06-30": "$14,835", "2020-03-31": "$15,002", "2019-12-31": "$14,806", "2019-09-30": "$14,542", "2019-06-30": "$14,372", "2019-03-31": "$14,207", "2018-12-31": "$14,239", "2018-09-30": "$14,137", "2018-06-30": "$13,937", "2018-03-31": "$13,956", "2017-12-31": "$13,888", "2017-09-30": "$13,693", "2017-06-30": "$13,526", "2017-03-31": "$13,406", "2016-12-31": "$13,190", "2016-09-30": "$12,906", "2016-06-30": "$12,624", "2016-03-31": "$12,467", "2015-12-31": "$12,391", "2015-09-30": "$12,369", "2015-06-30": "$12,260", "2015-03-31": "$12,134", "2014-12-31": "$12,068", "2014-09-30": "$11,803", "2014-06-30": "$11,716", "2014-03-31": "$11,534", "2013-12-31": "$11,381", "2013-09-30": "$11,269", "2013-06-30": "$11,137", "2013-03-31": "$11,122", "2012-12-31": "$11,380", "2012-09-30": "$11,518", "2012-06-30": "$11,495", "2012-03-31": "$11,287", "2011-12-31": "$11,058", "2011-09-30": "$10,893", "2011-06-30": "$10,878", "2011-03-31": "$10,885", "2010-12-31": "$11,065", "2010-09-30": "$11,076", "2010-06-30": "$10,940", "2010-03-31": "$10,737", "2009-12-31": "$10,728", "2009-09-30": "$10,599", "2009-06-30": "$10,783", "2009-03-31": "$10,645", "2008-12-31": "$10,876", "2008-09-30": "$10,786", "2008-06-30": "$10,361", "2008-03-31": "$10,461", "2007-12-31": "$10,477", "2007-09-30": "$10,278", "2007-06-30": "$10,016", "2007-03-31": "$9,850", "2006-12-31": "$8,733", "2006-09-30": "$8,596", "2006-06-30": "$0", "2006-03-31": "$0", "2005-12-31": "$0"}}, "cash-on-hand": {"TFS Financial Annual Cash on Hand (Millions of US $)": {"2020": "$498", "2019": "$275", "2018": "$270", "2017": "$268", "2016": "$231", "2015": "$155", "2014": "$181", "2013": "$286", "2012": "$308", "2011": "$295", "2010": "$744", "2009": "$307", "2008": "$132", "2007": "$830", "2006": "$253", "2005": "$"}, "TFS Financial Quarterly Cash on Hand (Millions of US $)": {"2020-09-30": "$498", "2020-06-30": "$329", "2020-03-31": "$312", "2019-12-31": "$281", "2019-09-30": "$275", "2019-06-30": "$271", "2019-03-31": "$259", "2018-12-31": "$287", "2018-09-30": "$270", "2018-06-30": "$259", "2018-03-31": "$271", "2017-12-31": "$324", "2017-09-30": "$268", "2017-06-30": "$265", "2017-03-31": "$241", "2016-12-31": "$326", "2016-09-30": "$231", "2016-06-30": "$201", "2016-03-31": "$159", "2015-12-31": "$160", "2015-09-30": "$155", "2015-06-30": "$224", "2015-03-31": "$221", "2014-12-31": "$276", "2014-09-30": "$181", "2014-06-30": "$256", "2014-03-31": "$268", "2013-12-31": "$317", "2013-09-30": "$286", "2013-06-30": "$297", "2013-03-31": "$284", "2012-12-31": "$334", "2012-09-30": "$308", "2012-06-30": "$318", "2012-03-31": "$342", "2011-12-31": "$254", "2011-09-30": "$295", "2011-06-30": "$278", "2011-03-31": "$189", "2010-12-31": "$342", "2010-09-30": "$744", "2010-06-30": "$950", "2010-03-31": "$402", "2009-12-31": "$276", "2009-09-30": "$307", "2009-06-30": "$173", "2009-03-31": "$99", "2008-12-31": "$92", "2008-09-30": "$132", "2008-06-30": "$100", "2008-03-31": "$523", "2007-12-31": "$752", "2007-09-30": "$830", "2007-06-30": "$1,107", "2007-03-31": "$1,405", "2006-12-31": "$456", "2006-09-30": "$253", "2006-06-30": "", "2006-03-31": "", "2005-12-31": ""}}, "long-term-debt": {"TFS Financial Annual Long Term Debt (Millions of US $)": {"2020": "$3,522", "2019": "$3,903", "2018": "$3,722", "2017": "$3,671", "2016": "$2,719", "2015": "$2,169", "2014": "$1,139", "2013": "$745", "2012": "$488", "2011": "$140", "2010": "$70", "2009": "$70", "2008": "$498", "2007": "$", "2006": "$25", "2005": "$"}, "TFS Financial Quarterly Long Term Debt (Millions of US $)": {"2020-09-30": "$3,522", "2020-06-30": "$3,759", "2020-03-31": "$4,083", "2019-12-31": "$3,890", "2019-09-30": "$3,903", "2019-06-30": "$3,834", "2019-03-31": "$3,590", "2018-12-31": "$3,734", "2018-09-30": "$3,722", "2018-06-30": "$3,665", "2018-03-31": "$3,717", "2017-12-31": "$3,759", "2017-09-30": "$3,671", "2017-06-30": "$3,543", "2017-03-31": "$3,366", "2016-12-31": "$3,049", "2016-09-30": "$2,719", "2016-06-30": "$2,443", "2016-03-31": "$2,283", "2015-12-31": "$2,164", "2015-09-30": "$2,169", "2015-06-30": "$1,899", "2015-03-31": "$1,668", "2014-12-31": "$1,505", "2014-09-30": "$1,139", "2014-06-30": "$1,017", "2014-03-31": "$1,070", "2013-12-31": "$986", "2013-09-30": "$745", "2013-06-30": "$475", "2013-03-31": "$316", "2012-12-31": "$468", "2012-09-30": "$488", "2012-06-30": "$570", "2012-03-31": "$419", "2011-12-31": "$264", "2011-09-30": "$140", "2011-06-30": "$185", "2011-03-31": "$168", "2010-12-31": "$64", "2010-09-30": "$70", "2010-06-30": "$70", "2010-03-31": "$70", "2009-12-31": "$70", "2009-09-30": "$70", "2009-06-30": "$190", "2009-03-31": "$160", "2008-12-31": "$548", "2008-09-30": "$498", "2008-06-30": "$93", "2008-03-31": "", "2007-12-31": "", "2007-09-30": "", "2007-06-30": "$25", "2007-03-31": "$25", "2006-12-31": "$25", "2006-09-30": "$25", "2006-06-30": "", "2006-03-31": "", "2005-12-31": ""}}, "total-liabilities": {"TFS Financial Annual Total Liabilities (Millions of US $)": {"2020": "$12,970", "2019": "$12,846", "2018": "$12,379", "2017": "$12,003", "2016": "$11,246", "2015": "$10,640", "2014": "$9,964", "2013": "$9,398", "2012": "$9,711", "2011": "$9,119", "2010": "$9,323", "2009": "$8,853", "2008": "$8,943", "2007": "$8,292", "2006": "$7,583", "2005": "$"}, "TFS Financial Quarterly Total Liabilities (Millions of US $)": {"2020-09-30": "$12,970", "2020-06-30": "$13,179", "2020-03-31": "$13,347", "2019-12-31": "$13,077", "2019-09-30": "$12,846", "2019-06-30": "$12,661", "2019-03-31": "$12,471", "2018-12-31": "$12,495", "2018-09-30": "$12,379", "2018-06-30": "$12,191", "2018-03-31": "$12,226", "2017-12-31": "$12,187", "2017-09-30": "$12,003", "2017-06-30": "$11,848", "2017-03-31": "$11,728", "2016-12-31": "$11,525", "2016-09-30": "$11,246", "2016-06-30": "$10,945", "2016-03-31": "$10,776", "2015-12-31": "$10,688", "2015-09-30": "$10,640", "2015-06-30": "$10,498", "2015-03-31": "$10,343", "2014-12-31": "$10,255", "2014-09-30": "$9,964", "2014-06-30": "$9,851", "2014-03-31": "$9,650", "2013-12-31": "$9,519", "2013-09-30": "$9,398", "2013-06-30": "$9,285", "2013-03-31": "$9,286", "2012-12-31": "$9,560", "2012-09-30": "$9,711", "2012-06-30": "$9,690", "2012-03-31": "$9,487", "2011-12-31": "$9,262", "2011-09-30": "$9,119", "2011-06-30": "$9,111", "2011-03-31": "$9,132", "2010-12-31": "$9,317", "2010-09-30": "$9,323", "2010-06-30": "$9,179", "2010-03-31": "$8,985", "2009-12-31": "$8,976", "2009-09-30": "$8,853", "2009-06-30": "$9,006", "2009-03-31": "$8,872", "2008-12-31": "$9,081", "2008-09-30": "$8,943", "2008-06-30": "$8,406", "2008-03-31": "$8,440", "2007-12-31": "$8,469", "2007-09-30": "$8,292", "2007-06-30": "$8,056", "2007-03-31": "$8,809", "2006-12-31": "$7,704", "2006-09-30": "$7,583", "2006-06-30": "", "2006-03-31": "", "2005-12-31": ""}}, "total-share-holder-equity": {"TFS Financial Annual Share Holder Equity (Millions of US $)": {"2020": "$1,672", "2019": "$1,697", "2018": "$1,758", "2017": "$1,690", "2016": "$1,660", "2015": "$1,729", "2014": "$1,839", "2013": "$1,871", "2012": "$1,807", "2011": "$1,774", "2010": "$1,753", "2009": "$1,746", "2008": "$1,844", "2007": "$1,986", "2006": "$1,013", "2005": "$"}, "TFS Financial Quarterly Share Holder Equity (Millions of US $)": {"2020-09-30": "$1,672", "2020-06-30": "$1,655", "2020-03-31": "$1,655", "2019-12-31": "$1,729", "2019-09-30": "$1,697", "2019-06-30": "$1,710", "2019-03-31": "$1,736", "2018-12-31": "$1,744", "2018-09-30": "$1,758", "2018-06-30": "$1,745", "2018-03-31": "$1,730", "2017-12-31": "$1,701", "2017-09-30": "$1,690", "2017-06-30": "$1,678", "2017-03-31": "$1,678", "2016-12-31": "$1,665", "2016-09-30": "$1,660", "2016-06-30": "$1,679", "2016-03-31": "$1,690", "2015-12-31": "$1,702", "2015-09-30": "$1,729", "2015-06-30": "$1,761", "2015-03-31": "$1,790", "2014-12-31": "$1,813", "2014-09-30": "$1,839", "2014-06-30": "$1,865", "2014-03-31": "$1,884", "2013-12-31": "$1,862", "2013-09-30": "$1,871", "2013-06-30": "$1,852", "2013-03-31": "$1,835", "2012-12-31": "$1,820", "2012-09-30": "$1,807", "2012-06-30": "$1,805", "2012-03-31": "$1,800", "2011-12-31": "$1,796", "2011-09-30": "$1,774", "2011-06-30": "$1,766", "2011-03-31": "$1,753", "2010-12-31": "$1,748", "2010-09-30": "$1,753", "2010-06-30": "$1,762", "2010-03-31": "$1,753", "2009-12-31": "$1,751", "2009-09-30": "$1,746", "2009-06-30": "$1,777", "2009-03-31": "$1,773", "2008-12-31": "$1,795", "2008-09-30": "$1,844", "2008-06-30": "$1,955", "2008-03-31": "$2,020", "2007-12-31": "$2,008", "2007-09-30": "$1,986", "2007-06-30": "$1,960", "2007-03-31": "$1,041", "2006-12-31": "$1,029", "2006-09-30": "$1,013", "2006-06-30": "", "2006-03-31": "", "2005-12-31": ""}}, "profit-margins": {"current": "16.54%"}, "gross margin": {"2020-09-30": "58.07%", "2020-06-30": "58.09%", "2020-03-31": "56.61%", "2019-12-31": "56.75%", "2019-09-30": "56.97%", "2019-06-30": "58.82%", "2019-03-31": "61.03%", "2018-12-31": "62.95%", "2018-09-30": "65.09%", "2018-06-30": "66.45%", "2018-03-31": "67.34%", "2017-12-31": "68.49%", "2017-09-30": "69.53%", "2017-06-30": "70.45%", "2017-03-31": "70.98%", "2016-12-31": "71.08%", "2016-09-30": "71.26%", "2016-06-30": "71.43%", "2016-03-31": "71.84%", "2015-12-31": "71.95%", "2015-09-30": "71.88%", "2015-06-30": "71.92%", "2015-03-31": "72.46%", "2014-12-31": "73.50%", "2014-09-30": "74.24%", "2014-06-30": "74.37%", "2014-03-31": "73.87%", "2013-12-31": "72.89%", "2013-09-30": "71.91%", "2013-06-30": "70.28%", "2013-03-31": "68.29%", "2012-12-31": "66.59%", "2012-09-30": "64.71%", "2012-06-30": "63.76%", "2012-03-31": "63.05%", "2011-12-31": "61.98%", "2011-09-30": "60.92%", "2011-06-30": "59.21%", "2011-03-31": "59.41%", "2010-12-31": "58.44%", "2010-09-30": "57.66%", "2010-06-30": "57.67%", "2010-03-31": "56.40%", "2009-12-31": "55.89%", "2009-09-30": "53.61%", "2009-06-30": "51.67%", "2009-03-31": "49.13%", "2008-12-31": "46.14%", "2008-09-30": "44.74%", "2008-06-30": "43.14%", "2008-03-31": "42.28%", "2007-12-31": "41.64%", "2007-09-30": "41.60%", "2007-06-30": "38.70%", "2007-03-31": "37.70%", "2006-12-31": "39.20%", "2006-09-30": "39.58%"}, "operating margin": {"2020-09-30": "19.69%", "2020-06-30": "21.44%", "2020-03-31": "19.46%", "2019-12-31": "21.14%", "2019-09-30": "20.52%", "2019-06-30": "21.50%", "2019-03-31": "22.89%", "2018-12-31": "24.42%", "2018-09-30": "26.08%", "2018-06-30": "27.63%", "2018-03-31": "29.53%", "2017-12-31": "31.28%", "2017-09-30": "30.93%", "2017-06-30": "31.44%", "2017-03-31": "31.41%", "2016-12-31": "29.88%", "2016-09-30": "29.71%", "2016-06-30": "29.30%", "2016-03-31": "27.91%", "2015-12-31": "26.59%", "2015-09-30": "26.16%", "2015-06-30": "23.89%", "2015-03-31": "24.32%", "2014-12-31": "25.00%", "2014-09-30": "25.00%", "2014-06-30": "24.11%", "2014-03-31": "23.12%", "2013-12-31": "21.39%", "2013-09-30": "18.89%", "2013-06-30": "13.68%", "2013-03-31": "7.87%", "2012-12-31": "3.86%", "2012-09-30": "2.94%", "2012-06-30": "5.59%", "2012-03-31": "7.74%", "2011-12-31": "7.91%", "2011-09-30": "2.84%", "2011-06-30": "-2.85%", "2011-03-31": "-1.67%", "2010-12-31": "-1.23%", "2010-09-30": "3.63%", "2010-06-30": "2.52%", "2010-03-31": "2.33%", "2009-12-31": "2.80%", "2009-09-30": "3.43%", "2009-06-30": "10.19%", "2009-03-31": "9.58%", "2008-12-31": "12.01%", "2008-09-30": "13.69%", "2008-06-30": "15.03%", "2008-03-31": "9.16%", "2007-12-31": "8.52%", "2007-09-30": "7.98%", "2007-06-30": "1.67%", "2007-03-31": "10.74%", "2006-12-31": "13.00%", "2006-09-30": "12.92%"}, "ebitda margin": {"2020-09-30": "0.00%", "2020-06-30": "0.00%", "2020-03-31": "0.00%", "2019-12-31": "0.00%", "2019-09-30": "0.00%", "2019-06-30": "0.00%", "2019-03-31": "0.00%", "2018-12-31": "0.00%", "2018-09-30": "0.00%", "2018-06-30": "0.00%", "2018-03-31": "0.00%", "2017-12-31": "0.00%", "2017-09-30": "0.00%", "2017-06-30": "0.00%", "2017-03-31": "0.00%", "2016-12-31": "0.00%", "2016-09-30": "0.00%", "2016-06-30": "0.00%", "2016-03-31": "0.00%", "2015-12-31": "0.00%", "2015-09-30": "0.00%", "2015-06-30": "0.00%", "2015-03-31": "0.00%", "2014-12-31": "0.00%", "2014-09-30": "0.00%", "2014-06-30": "0.00%", "2014-03-31": "0.00%", "2013-12-31": "0.00%", "2013-09-30": "0.00%", "2013-06-30": "0.00%", "2013-03-31": "0.00%", "2012-12-31": "0.00%", "2012-09-30": "0.00%", "2012-06-30": "0.00%", "2012-03-31": "0.00%", "2011-12-31": "0.00%", "2011-09-30": "0.00%", "2011-06-30": "0.00%", "2011-03-31": "0.00%", "2010-12-31": "0.00%", "2010-09-30": "0.00%", "2010-06-30": "0.00%", "2010-03-31": "0.00%", "2009-12-31": "0.00%", "2009-09-30": "0.00%", "2009-06-30": "0.00%", "2009-03-31": "0.00%", "2008-12-31": "0.00%", "2008-09-30": "0.00%", "2008-06-30": "0.00%", "2008-03-31": "0.00%", "2007-12-31": "0.00%", "2007-09-30": "0.00%", "2007-06-30": "0.00%", "2007-03-31": "0.00%", "2006-12-31": "0.00%", "2006-09-30": "0.00%"}, "pre tax profit margin": {"2020-09-30": "19.69%", "2020-06-30": "21.44%", "2020-03-31": "19.46%", "2019-12-31": "21.14%", "2019-09-30": "20.52%", "2019-06-30": "21.50%", "2019-03-31": "22.89%", "2018-12-31": "24.42%", "2018-09-30": "26.08%", "2018-06-30": "27.63%", "2018-03-31": "29.53%", "2017-12-31": "31.28%", "2017-09-30": "30.93%", "2017-06-30": "31.44%", "2017-03-31": "31.41%", "2016-12-31": "29.88%", "2016-09-30": "29.71%", "2016-06-30": "29.78%", "2016-03-31": "28.40%", "2015-12-31": "27.07%", "2015-09-30": "26.65%", "2015-06-30": "23.89%", "2015-03-31": "24.32%", "2014-12-31": "25.00%", "2014-09-30": "25.00%", "2014-06-30": "25.38%", "2014-03-31": "24.37%", "2013-12-31": "22.64%", "2013-09-30": "20.10%", "2013-06-30": "13.68%", "2013-03-31": "7.87%", "2012-12-31": "3.86%", "2012-09-30": "2.94%", "2012-06-30": "5.59%", "2012-03-31": "7.74%", "2011-12-31": "7.91%", "2011-09-30": "2.84%", "2011-06-30": "-2.85%", "2011-03-31": "-1.67%", "2010-12-31": "-1.23%", "2010-09-30": "3.63%", "2010-06-30": "2.52%", "2010-03-31": "2.33%", "2009-12-31": "2.80%", "2009-09-30": "3.43%", "2009-06-30": "10.19%", "2009-03-31": "9.58%", "2008-12-31": "12.01%", "2008-09-30": "13.69%", "2008-06-30": "14.54%", "2008-03-31": "8.68%", "2007-12-31": "8.03%", "2007-09-30": "7.47%", "2007-06-30": "1.48%", "2007-03-31": "10.55%", "2006-12-31": "12.80%", "2006-09-30": "12.71%"}, "net profit margin": {"2020-09-30": "15.94%", "2020-06-30": "17.35%", "2020-03-31": "15.76%", "2019-12-31": "16.44%", "2019-09-30": "15.74%", "2019-06-30": "16.02%", "2019-03-31": "16.91%", "2018-12-31": "17.89%", "2018-09-30": "18.10%", "2018-06-30": "18.86%", "2018-03-31": "19.69%", "2017-12-31": "20.09%", "2017-09-30": "20.47%", "2017-06-30": "20.57%", "2017-03-31": "20.14%", "2016-12-31": "19.28%", "2016-09-30": "19.08%", "2016-06-30": "19.37%", "2016-03-31": "18.69%", "2015-12-31": "18.05%", "2015-09-30": "17.60%", "2015-06-30": "16.01%", "2015-03-31": "16.38%", "2014-12-31": "16.50%", "2014-09-30": "16.67%", "2014-06-30": "16.75%", "2014-03-31": "16.08%", "2013-12-31": "15.17%", "2013-09-30": "13.56%", "2013-06-30": "9.67%", "2013-03-31": "6.02%", "2012-12-31": "3.18%", "2012-09-30": "2.49%", "2012-06-30": "4.03%", "2012-03-31": "5.09%", "2011-12-31": "5.27%", "2011-09-30": "1.97%", "2011-06-30": "-2.19%", "2011-03-31": "-1.26%", "2010-12-31": "-1.03%", "2010-09-30": "2.22%", "2010-06-30": "1.75%", "2010-03-31": "1.74%", "2009-12-31": "2.24%", "2009-09-30": "2.53%", "2009-06-30": "7.21%", "2009-03-31": "6.62%", "2008-12-31": "8.06%", "2008-09-30": "9.18%", "2008-06-30": "9.15%", "2008-03-31": "5.14%", "2007-12-31": "4.75%", "2007-09-30": "4.41%", "2007-06-30": "1.11%", "2007-03-31": "7.42%", "2006-12-31": "9.00%", "2006-09-30": "8.96%"}, "pe ratio": {"current": "58.43", "2021-02-05": "58.43", "2020-09-30": "48.18", "2020-06-30": "41.88", "2020-03-31": "50.00", "2019-12-31": "61.43", "2019-09-30": "59.46", "2019-06-30": "58.72", "2019-03-31": "50.95", "2018-12-31": "47.53", "2018-09-30": "43.53", "2018-06-30": "45.01", "2018-03-31": "40.16", "2017-12-31": "40.38", "2017-09-30": "43.11", "2017-06-30": "40.88", "2017-03-31": "45.01", "2016-12-31": "52.95", "2016-09-30": "50.96", "2016-06-30": "48.94", "2016-03-31": "50.91", "2015-12-31": "59.26", "2015-09-30": "54.00", "2015-06-30": "59.48", "2015-03-31": "51.67", "2014-12-31": "52.14", "2014-09-30": "52.30", "2014-06-30": "51.83", "2014-03-31": "47.44", "2013-12-31": "48.67", "2013-09-30": "50.76", "2013-06-30": "65.76", "2013-03-31": "103.43", "2012-12-31": "183.58", "2012-09-30": "230.78", "2012-06-30": "121.50", "2012-03-31": "90.65", "2011-12-31": "75.99", "2011-09-30": "155.15", "2011-06-30": "0.00", "2011-03-31": "0.00", "2010-12-31": "0.00", "2010-09-30": "233.83", "2010-06-30": "315.76", "2010-03-31": "337.99", "2009-12-31": "229.25", "2009-09-30": "178.69", "2009-06-30": "60.96", "2009-03-31": "74.99", "2008-12-31": "63.44", "2008-09-30": "54.12", "2008-06-30": "47.12", "2008-03-31": "87.67"}, "price sales": {"2021-02-05": "9.58", "2020-09-30": "7.90", "2020-06-30": "7.47", "2020-03-31": "7.82", "2019-12-31": "10.00", "2019-09-30": "9.19", "2019-06-30": "9.23", "2019-03-31": "8.43", "2018-12-31": "8.31", "2018-09-30": "7.80", "2018-06-30": "8.22", "2018-03-31": "7.76", "2017-12-31": "7.98", "2017-09-30": "8.71", "2017-06-30": "8.44", "2017-03-31": "9.14", "2016-12-31": "10.48", "2016-09-30": "9.82", "2016-06-30": "9.52", "2016-03-31": "9.65", "2015-12-31": "10.54", "2015-09-30": "9.70", "2015-06-30": "9.53", "2015-03-31": "8.40", "2014-12-31": "8.59", "2014-09-30": "8.34", "2014-06-30": "8.33", "2014-03-31": "7.21", "2013-12-31": "6.96", "2013-09-30": "6.70", "2013-06-30": "6.10", "2013-03-31": "5.80", "2012-12-31": "5.04", "2012-09-30": "4.72", "2012-06-30": "4.92", "2012-03-31": "4.83", "2011-12-31": "4.52", "2011-09-30": "4.07", "2011-06-30": "4.87", "2011-03-31": "5.09", "2010-12-31": "4.25", "2010-09-30": "4.24", "2010-06-30": "5.53", "2010-03-31": "5.90", "2009-12-31": "5.15", "2009-09-30": "4.86", "2009-06-30": "4.26", "2009-03-31": "4.88", "2008-12-31": "5.17", "2008-09-30": "4.94", "2008-06-30": "4.25", "2008-03-31": "4.26"}, "price book": {"current": "2.94", "2021-02-05": "2.94", "2020-09-30": "2.42", "2020-06-30": "2.34", "2020-03-31": "2.45", "2019-12-31": "2.99", "2019-09-30": "2.75", "2019-06-30": "2.69", "2019-03-31": "2.38", "2018-12-31": "2.29", "2018-09-30": "2.08", "2018-06-30": "2.17", "2018-03-31": "2.02", "2017-12-31": "2.07", "2017-09-30": "2.22", "2017-06-30": "2.13", "2017-03-31": "2.28", "2016-12-31": "2.61", "2016-09-30": "2.44", "2016-06-30": "2.33", "2016-03-31": "2.34", "2015-12-31": "2.52", "2015-09-30": "2.27", "2015-06-30": "2.18", "2015-03-31": "1.88", "2014-12-31": "1.89", "2014-09-30": "1.80", "2014-06-30": "1.77", "2014-03-31": "1.55", "2013-12-31": "1.52", "2013-09-30": "1.51", "2013-06-30": "1.43", "2013-03-31": "1.39", "2012-12-31": "1.25", "2012-09-30": "1.18", "2012-06-30": "1.25", "2012-03-31": "1.24", "2011-12-31": "1.18", "2011-09-30": "1.08", "2011-06-30": "1.29", "2011-03-31": "1.43", "2010-12-31": "1.22", "2010-09-30": "1.23", "2010-06-30": "1.66", "2010-03-31": "1.78", "2009-12-31": "1.61", "2009-09-30": "1.58", "2009-06-30": "1.38", "2009-03-31": "1.57", "2008-12-31": "1.65", "2008-09-30": "1.58", "2008-06-30": "1.42", "2008-03-31": "1.44", "2007-12-31": "1.43", "2007-09-30": "1.57", "2007-06-30": "1.42"}, "price fcf": {"2021-02-05": "", "2020-09-30": "$0.51", "2020-06-30": "$0.51", "2020-03-31": "$0.51", "2019-12-31": "$0.43", "2019-09-30": "$0.36", "2019-06-30": "$0.33", "2019-03-31": "$0.28", "2018-12-31": "$0.08", "2018-09-30": "$0.30", "2018-06-30": "$0.28", "2018-03-31": "$0.29", "2017-12-31": "$0.34", "2017-09-30": "$0.35", "2017-06-30": "$0.39", "2017-03-31": "$0.37", "2016-12-31": "$0.38", "2016-09-30": "$0.27", "2016-06-30": "$0.25", "2016-03-31": "$0.29", "2015-12-31": "$0.33", "2015-09-30": "$0.33", "2015-06-30": "$0.31", "2015-03-31": "$0.30", "2014-12-31": "$0.31", "2014-09-30": "$0.34", "2014-06-30": "$0.35", "2014-03-31": "$0.45", "2013-12-31": "$0.42", "2013-09-30": "$0.46", "2013-06-30": "$0.53", "2013-03-31": "$0.51", "2012-12-31": "$0.49", "2012-09-30": "$0.49", "2012-06-30": "$0.27", "2012-03-31": "$0.46", "2011-12-31": "$0.46", "2011-09-30": "$0.44", "2011-06-30": "$0.90", "2011-03-31": "$0.52", "2010-12-31": "$0.66", "2010-09-30": "$0.37", "2010-06-30": "$0.73", "2010-03-31": "$0.68", "2009-12-31": "$0.49", "2009-09-30": "$0.89", "2009-06-30": "$-0.45", "2009-03-31": "$0.15", "2008-12-31": "$0.21", "2008-09-30": "$0.07", "2008-06-30": "$0.39", "2008-03-31": "$1.21"}, "net worth": {"value": "$4.92B"}, "current ratio": {"2020-09-30": "1.47", "2020-06-30": "1.49", "2020-03-31": "1.52", "2019-12-31": "1.52", "2019-09-30": "1.54", "2019-06-30": "1.53", "2019-03-31": "1.51", "2018-12-31": "1.53", "2018-09-30": "1.55", "2018-06-30": "1.54", "2018-03-31": "1.55", "2017-12-31": "1.56", "2017-09-30": "1.55", "2017-06-30": "1.53", "2017-03-31": "1.51", "2016-12-31": "1.47", "2016-09-30": "1.43", "2016-06-30": "1.39", "2016-03-31": "1.37", "2015-12-31": "1.36", "2015-09-30": "1.37", "2015-06-30": "1.33", "2015-03-31": "1.30", "2014-12-31": "1.28", "2014-09-30": "1.25", "2014-06-30": "1.23", "2014-03-31": "1.26", "2013-12-31": "1.25", "2013-09-30": "1.22", "2013-06-30": "1.19", "2013-03-31": "1.17", "2012-12-31": "1.18", "2012-09-30": "1.18", "2012-06-30": "1.19", "2012-03-31": "1.18", "2011-12-31": "1.18", "2011-09-30": "1.15", "2011-06-30": "1.14", "2011-03-31": "1.13", "2010-12-31": "1.13", "2010-09-30": "1.12", "2010-06-30": "1.10", "2010-03-31": "1.10", "2009-12-31": "1.11", "2009-09-30": "1.12", "2009-06-30": "1.14", "2009-03-31": "1.13", "2008-12-31": "1.16", "2008-09-30": "1.15", "2008-06-30": "1.11", "2008-03-31": "1.10", "2007-12-31": "1.10", "2007-09-30": "1.11", "2007-06-30": "1.13", "2007-03-31": "1.17", "2006-12-31": "1.07", "2006-09-30": "1.09", "2006-06-30": "0.00", "2006-03-31": "0.00", "2005-12-31": "0.00"}, "quick ratio": {"2020-09-30": "0.00", "2020-06-30": "0.00", "2020-03-31": "0.00", "2019-12-31": "0.00", "2019-09-30": "0.00", "2019-06-30": "0.00", "2019-03-31": "0.00", "2018-12-31": "0.00", "2018-09-30": "0.00", "2018-06-30": "0.00", "2018-03-31": "0.00", "2017-12-31": "0.00", "2017-09-30": "0.00", "2017-06-30": "0.00", "2017-03-31": "0.00", "2016-12-31": "0.00", "2016-09-30": "0.00", "2016-06-30": "0.00", "2016-03-31": "0.00", "2015-12-31": "0.00", "2015-09-30": "0.00", "2015-06-30": "0.00", "2015-03-31": "0.00", "2014-12-31": "0.00", "2014-09-30": "0.00", "2014-06-30": "0.00", "2014-03-31": "0.00", "2013-12-31": "0.00", "2013-09-30": "0.00", "2013-06-30": "0.00", "2013-03-31": "0.00", "2012-12-31": "0.00", "2012-09-30": "0.00", "2012-06-30": "0.00", "2012-03-31": "0.00", "2011-12-31": "0.00", "2011-09-30": "0.00", "2011-06-30": "0.00", "2011-03-31": "0.00", "2010-12-31": "0.00", "2010-09-30": "0.00", "2010-06-30": "0.00", "2010-03-31": "0.00", "2009-12-31": "0.00", "2009-09-30": "0.00", "2009-06-30": "0.00", "2009-03-31": "0.00", "2008-12-31": "0.00", "2008-09-30": "0.00", "2008-06-30": "0.00", "2008-03-31": "0.00", "2007-12-31": "0.00", "2007-09-30": "0.00", "2007-06-30": "0.00", "2007-03-31": "0.00", "2006-12-31": "0.00", "2006-09-30": "0.00", "2006-06-30": "0.00", "2006-03-31": "0.00", "2005-12-31": "0.00"}, "debt equity ratio": {"current": "2.11", "2020-09-30": "7.76", "2020-06-30": "7.96", "2020-03-31": "8.06", "2019-12-31": "7.56", "2019-09-30": "7.57", "2019-06-30": "7.40", "2019-03-31": "7.18", "2018-12-31": "7.17", "2018-09-30": "7.04", "2018-06-30": "6.99", "2018-03-31": "7.07", "2017-12-31": "7.17", "2017-09-30": "7.10", "2017-06-30": "7.06", "2017-03-31": "6.99", "2016-12-31": "6.92", "2016-09-30": "6.77", "2016-06-30": "6.52", "2016-03-31": "6.38", "2015-12-31": "6.28", "2015-09-30": "6.15", "2015-06-30": "5.96", "2015-03-31": "5.78", "2014-12-31": "5.66", "2014-09-30": "5.42", "2014-06-30": "5.28", "2014-03-31": "5.12", "2013-12-31": "5.11", "2013-09-30": "5.02", "2013-06-30": "5.01", "2013-03-31": "5.06", "2012-12-31": "5.25", "2012-09-30": "5.38", "2012-06-30": "5.37", "2012-03-31": "5.27", "2011-12-31": "5.16", "2011-09-30": "5.14", "2011-06-30": "5.16", "2011-03-31": "5.21", "2010-12-31": "5.33", "2010-09-30": "5.32", "2010-06-30": "5.21", "2010-03-31": "5.13", "2009-12-31": "5.13", "2009-09-30": "5.07", "2009-06-30": "5.07", "2009-03-31": "5.01", "2008-12-31": "5.06", "2008-09-30": "4.85", "2008-06-30": "4.30", "2008-03-31": "4.18", "2007-12-31": "4.22", "2007-09-30": "4.18", "2007-06-30": "4.11", "2007-03-31": "8.46", "2006-12-31": "7.49", "2006-09-30": "7.49", "2006-06-30": "0.00", "2006-03-31": "0.00", "2005-12-31": "0.00"}, "return on equity": {"2020-09-30": "4.83%", "2020-06-30": "5.29%", "2020-03-31": "4.77%", "2019-12-31": "4.89%", "2019-09-30": "4.59%", "2019-06-30": "4.55%", "2019-03-31": "4.70%", "2018-12-31": "4.87%", "2018-09-30": "4.85%", "2018-06-30": "5.01%", "2018-03-31": "5.18%", "2017-12-31": "5.22%", "2017-09-30": "5.25%", "2017-06-30": "5.21%", "2017-03-31": "5.03%", "2016-12-31": "4.78%", "2016-09-30": "4.69%", "2016-06-30": "4.71%", "2016-03-31": "4.48%", "2015-12-31": "4.24%", "2015-09-30": "4.06%", "2015-06-30": "3.61%", "2015-03-31": "3.61%", "2014-12-31": "3.57%", "2014-09-30": "3.54%", "2014-06-30": "3.53%", "2014-03-31": "3.43%", "2013-12-31": "3.29%", "2013-09-30": "3.04%", "2013-06-30": "2.24%", "2013-03-31": "1.43%", "2012-12-31": "0.77%", "2012-09-30": "0.61%", "2012-06-30": "1.00%", "2012-03-31": "1.29%", "2011-12-31": "1.35%", "2011-09-30": "0.51%", "2011-06-30": "-0.57%", "2011-03-31": "-0.34%", "2010-12-31": "-0.29%", "2010-09-30": "0.63%", "2010-06-30": "0.51%", "2010-03-31": "0.51%", "2009-12-31": "0.68%", "2009-09-30": "0.79%", "2009-06-30": "2.28%", "2009-03-31": "2.06%", "2008-12-31": "2.47%", "2008-09-30": "2.81%", "2008-06-30": "2.81%", "2008-03-31": "1.61%", "2007-12-31": "1.66%", "2007-09-30": "1.73%", "2007-06-30": "0.48%", "2007-03-31": "4.93%", "2006-12-31": "8.81%", "2006-09-30": "16.98%"}, "return on assets": {"2020-09-30": "0.55%", "2020-06-30": "0.60%", "2020-03-31": "0.55%", "2019-12-31": "0.58%", "2019-09-30": "0.55%", "2019-06-30": "0.55%", "2019-03-31": "0.58%", "2018-12-31": "0.60%", "2018-09-30": "0.60%", "2018-06-30": "0.62%", "2018-03-31": "0.64%", "2017-12-31": "0.65%", "2017-09-30": "0.65%", "2017-06-30": "0.66%", "2017-03-31": "0.64%", "2016-12-31": "0.63%", "2016-09-30": "0.63%", "2016-06-30": "0.64%", "2016-03-31": "0.62%", "2015-12-31": "0.60%", "2015-09-30": "0.59%", "2015-06-30": "0.54%", "2015-03-31": "0.55%", "2014-12-31": "0.56%", "2014-09-30": "0.57%", "2014-06-30": "0.58%", "2014-03-31": "0.56%", "2013-12-31": "0.54%", "2013-09-30": "0.50%", "2013-06-30": "0.36%", "2013-03-31": "0.23%", "2012-12-31": "0.12%", "2012-09-30": "0.10%", "2012-06-30": "0.16%", "2012-03-31": "0.21%", "2011-12-31": "0.22%", "2011-09-30": "0.08%", "2011-06-30": "-0.09%", "2011-03-31": "-0.05%", "2010-12-31": "-0.05%", "2010-09-30": "0.10%", "2010-06-30": "0.08%", "2010-03-31": "0.08%", "2009-12-31": "0.11%", "2009-09-30": "0.13%", "2009-06-30": "0.38%", "2009-03-31": "0.36%", "2008-12-31": "0.44%", "2008-09-30": "0.52%", "2008-06-30": "0.54%", "2008-03-31": "0.31%", "2007-12-31": "0.29%", "2007-09-30": "0.27%", "2007-06-30": "0.06%", "2007-03-31": "0.56%", "2006-12-31": "1.04%", "2006-09-30": "2.00%"}, "return on investments": {"2020-09-30": "1.82%", "2020-06-30": "1.97%", "2020-03-31": "1.78%", "2019-12-31": "1.96%", "2019-09-30": "1.88%", "2019-06-30": "1.94%", "2019-03-31": "2.05%", "2018-12-31": "2.13%", "2018-09-30": "2.22%", "2018-06-30": "2.32%", "2018-03-31": "2.46%", "2017-12-31": "2.60%", "2017-09-30": "2.62%", "2017-06-30": "2.75%", "2017-03-31": "2.87%", "2016-12-31": "2.89%", "2016-09-30": "3.01%", "2016-06-30": "3.05%", "2016-03-31": "2.99%", "2015-12-31": "2.93%", "2015-09-30": "2.99%", "2015-06-30": "2.89%", "2015-03-31": "3.10%", "2014-12-31": "3.30%", "2014-09-30": "3.40%", "2014-06-30": "3.36%", "2014-03-31": "3.42%", "2013-12-31": "3.46%", "2013-09-30": "3.33%", "2013-06-30": "2.56%", "2013-03-31": "1.49%", "2012-12-31": "0.74%", "2012-09-30": "0.58%", "2012-06-30": "1.17%", "2012-03-31": "1.72%", "2011-12-31": "1.84%", "2011-09-30": "0.68%", "2011-06-30": "-0.69%", "2011-03-31": "-0.43%", "2010-12-31": "-0.33%", "2010-09-30": "0.99%", "2010-06-30": "0.71%", "2010-03-31": "0.65%", "2009-12-31": "0.80%", "2009-09-30": "0.94%", "2009-06-30": "2.70%", "2009-03-31": "2.54%", "2008-12-31": "4.16%", "2008-09-30": "7.47%", "2008-06-30": "17.97%", "2008-03-31": "11.49%", "2007-12-31": "6.82%", "2007-09-30": "4.58%", "2007-06-30": "0.70%", "2007-03-31": "6.97%", "2006-12-31": "12.43%", "2006-09-30": "23.89%"}, "return on tangible equity": {"2020-09-30": "4.85%", "2020-06-30": "5.31%", "2020-03-31": "4.79%", "2019-12-31": "4.91%", "2019-09-30": "4.61%", "2019-06-30": "4.57%", "2019-03-31": "4.72%", "2018-12-31": "4.90%", "2018-09-30": "4.87%", "2018-06-30": "5.03%", "2018-03-31": "5.20%", "2017-12-31": "5.24%", "2017-09-30": "5.27%", "2017-06-30": "5.23%", "2017-03-31": "5.05%", "2016-12-31": "4.80%", "2016-09-30": "4.72%", "2016-06-30": "4.73%", "2016-03-31": "4.50%", "2015-12-31": "4.26%", "2015-09-30": "4.08%", "2015-06-30": "3.63%", "2015-03-31": "3.64%", "2014-12-31": "3.59%", "2014-09-30": "3.57%", "2014-06-30": "3.55%", "2014-03-31": "3.45%", "2013-12-31": "3.31%", "2013-09-30": "3.06%", "2013-06-30": "2.26%", "2013-03-31": "1.45%", "2012-12-31": "0.78%", "2012-09-30": "0.62%", "2012-06-30": "1.02%", "2012-03-31": "1.31%", "2011-12-31": "1.38%", "2011-09-30": "0.52%", "2011-06-30": "-0.58%", "2011-03-31": "-0.35%", "2010-12-31": "-0.29%", "2010-09-30": "0.64%", "2010-06-30": "0.53%", "2010-03-31": "0.52%", "2009-12-31": "0.70%", "2009-09-30": "0.81%", "2009-06-30": "2.33%", "2009-03-31": "2.11%", "2008-12-31": "2.52%", "2008-09-30": "2.87%", "2008-06-30": "2.87%", "2008-03-31": "1.64%", "2007-12-31": "1.70%", "2007-09-30": "1.78%", "2007-06-30": "0.49%", "2007-03-31": "5.14%", "2006-12-31": "9.19%", "2006-09-30": "17.70%"}, "dividend yield history": {"last payout": "$1.12", "last yield": "6.39%"}}