{"ticker": "CC", "price": {"title": "Chemours Historical Annual Stock Price Data", "value": 27.46, "historical": {"2020": {"Average Stock Price": "17.5809", "Year Open": "18.1100", "Year High": "27.7700", "Year Low": "7.2600", "Year Close": "24.7900", "Annual % Change": "37.04%"}, "2019": {"Average Stock Price": "24.5249", "Year Open": "29.3200", "Year High": "40.5800", "Year Low": "11.9300", "Year Close": "18.0900", "Annual % Change": "-35.90%"}, "2018": {"Average Stock Price": "43.7552", "Year Open": "51.7400", "Year High": "54.4900", "Year Low": "25.3400", "Year Close": "28.2200", "Annual % Change": "-43.63%"}, "2017": {"Average Stock Price": "42.3229", "Year Open": "21.2200", "Year High": "57.2300", "Year Low": "21.2200", "Year Close": "50.0600", "Annual % Change": "126.62%"}, "2016": {"Average Stock Price": "11.5121", "Year Open": "5.4800", "Year High": "26.9600", "Year Low": "3.1200", "Year Close": "22.0900", "Annual % Change": "312.13%"}, "2015": {"Average Stock Price": "8.4292", "Year Open": "16.5100", "Year High": "16.5100", "Year Low": "4.7200", "Year Close": "5.3600", "Annual % Change": "0.00%"}}}, "market cap": {"value": "$4.52B"}, "income statement": {"Revenue": {"2019-12-31": "5526.00000", "2018-12-31": "6638.00000", "2017-12-31": "6183.00000", "2016-12-31": "5400.00000", "2015-12-31": "5717.00000", "2014-12-31": "6432.00000", "2013-12-31": "6859.00000", "2012-12-31": "7365.00000"}, "Cost Of Goods Sold": {"2019-12-31": "4463.00000", "2018-12-31": "4667.00000", "2017-12-31": "4438.00000", "2016-12-31": "4297.00000", "2015-12-31": "4762.00000", "2014-12-31": "5072.00000", "2013-12-31": "5395.00000", "2012-12-31": "5014.00000"}, "Gross Profit": {"2019-12-31": "1063.00000", "2018-12-31": "1971.00000", "2017-12-31": "1745.00000", "2016-12-31": "1103.00000", "2015-12-31": "955.00000", "2014-12-31": "1360.00000", "2013-12-31": "1464.00000", "2012-12-31": "2351.00000"}, "Research And Development Expenses": {"2019-12-31": "80.00000", "2018-12-31": "82.00000", "2017-12-31": "81.00000", "2016-12-31": "81.00000", "2015-12-31": "97.00000", "2014-12-31": "143.00000", "2013-12-31": "164.00000", "2012-12-31": "145.00000"}, "SG&A Expenses": {"2019-12-31": "548.00000", "2018-12-31": "657.00000", "2017-12-31": "626.00000", "2016-12-31": "946.00000", "2015-12-31": "632.00000", "2014-12-31": "685.00000", "2013-12-31": "768.00000", "2012-12-31": "747.00000"}, "Other Operating Income Or Expenses": {"2019-12-31": "-87.00000", "2018-12-31": "-49.00000", "2017-12-31": "-57.00000", "2016-12-31": "-170.00000", "2015-12-31": "-333.00000", "2014-12-31": "-21.00000", "2013-12-31": "-2.00000", "2012-12-31": "-36.00000"}, "Operating Expenses": {"2019-12-31": "5178.00000", "2018-12-31": "5455.00000", "2017-12-31": "5202.00000", "2016-12-31": "5494.00000", "2015-12-31": "5849.00000", "2014-12-31": "5921.00000", "2013-12-31": "6329.00000", "2012-12-31": "5942.00000"}, "Operating Income": {"2019-12-31": "348.00000", "2018-12-31": "1183.00000", "2017-12-31": "981.00000", "2016-12-31": "-94.00000", "2015-12-31": "-132.00000", "2014-12-31": "511.00000", "2013-12-31": "530.00000", "2012-12-31": "1423.00000"}, "Total Non-Operating Income/Expense": {"2019-12-31": "-472.00000", "2018-12-31": "-28.00000", "2017-12-31": "-69.00000", "2016-12-31": "83.00000", "2015-12-31": "-56.00000", "2014-12-31": "39.00000", "2013-12-31": "46.00000", "2012-12-31": "62.00000"}, "Pre-Tax Income": {"2019-12-31": "-124.00000", "2018-12-31": "1155.00000", "2017-12-31": "912.00000", "2016-12-31": "-11.00000", "2015-12-31": "-188.00000", "2014-12-31": "550.00000", "2013-12-31": "576.00000", "2012-12-31": "1485.00000"}, "Income Taxes": {"2019-12-31": "-72.00000", "2018-12-31": "159.00000", "2017-12-31": "165.00000", "2016-12-31": "-18.00000", "2015-12-31": "-98.00000", "2014-12-31": "149.00000", "2013-12-31": "152.00000", "2012-12-31": "427.00000"}, "Income After Taxes": {"2019-12-31": "-52.00000", "2018-12-31": "996.00000", "2017-12-31": "747.00000", "2016-12-31": "7.00000", "2015-12-31": "-90.00000", "2014-12-31": "401.00000", "2013-12-31": "424.00000", "2012-12-31": "1058.00000"}, "Other Income": {"2019-12-31": "", "2018-12-31": "", "2017-12-31": "", "2016-12-31": "", "2015-12-31": "", "2014-12-31": "", "2013-12-31": "", "2012-12-31": ""}, "Income From Continuous Operations": {"2019-12-31": "-52.00000", "2018-12-31": "996.00000", "2017-12-31": "747.00000", "2016-12-31": "7.00000", "2015-12-31": "-90.00000", "2014-12-31": "401.00000", "2013-12-31": "424.00000", "2012-12-31": "1058.00000"}, "Income From Discontinued Operations": {"2019-12-31": "", "2018-12-31": "", "2017-12-31": "", "2016-12-31": "", "2015-12-31": "", "2014-12-31": "", "2013-12-31": "", "2012-12-31": ""}, "Net Income": {"2019-12-31": "-52.00000", "2018-12-31": "995.00000", "2017-12-31": "746.00000", "2016-12-31": "7.00000", "2015-12-31": "-90.00000", "2014-12-31": "400.00000", "2013-12-31": "423.00000", "2012-12-31": "1057.00000"}, "EBITDA": {"2019-12-31": "668.00000", "2018-12-31": "1478.00000", "2017-12-31": "1267.00000", "2016-12-31": "206.00000", "2015-12-31": "143.00000", "2014-12-31": "768.00000", "2013-12-31": "791.00000", "2012-12-31": "1689.00000"}, "EBIT": {"2019-12-31": "348.00000", "2018-12-31": "1183.00000", "2017-12-31": "981.00000", "2016-12-31": "-94.00000", "2015-12-31": "-132.00000", "2014-12-31": "511.00000", "2013-12-31": "530.00000", "2012-12-31": "1423.00000"}, "Basic Shares Outstanding": {"2019-12-31": "164.81700", "2018-12-31": "176.96900", "2017-12-31": "184.84400", "2016-12-31": "181.62100", "2015-12-31": "180.99400", "2014-12-31": "180.96700", "2013-12-31": "180.96700", "2012-12-31": ""}, "Shares Outstanding": {"2019-12-31": "164.81700", "2018-12-31": "182.57200", "2017-12-31": "190.98400", "2016-12-31": "183.41700", "2015-12-31": "180.99400", "2014-12-31": "180.96700", "2013-12-31": "180.96700", "2012-12-31": ""}, "Basic EPS": {"2019-12-31": "-0.32000", "2018-12-31": "5.62000", "2017-12-31": "4.04000", "2016-12-31": "0.04000", "2015-12-31": "-0.50000", "2014-12-31": "2.21000", "2013-12-31": "2.34000", "2012-12-31": ""}, "EPS - Earnings Per Share": {"2019-12-31": "-0.32000", "2018-12-31": "5.45000", "2017-12-31": "3.91000", "2016-12-31": "0.04000", "2015-12-31": "-0.50000", "2014-12-31": "2.21000", "2013-12-31": "2.34000", "2012-12-31": "0.00000"}}, "income statement, quarterly": {"Revenue": {"2020-09-30": "1233.00000", "2020-06-30": "1093.00000", "2020-03-31": "1305.00000", "2019-12-31": "1352.00000", "2019-09-30": "1390.00000", "2019-06-30": "1408.00000", "2019-03-31": "1376.00000", "2018-12-31": "1464.00000", "2018-09-30": "1628.00000", "2018-06-30": "1816.00000", "2018-03-31": "1730.00000", "2017-12-31": "1574.00000", "2017-09-30": "1584.00000", "2017-06-30": "1588.00000", "2017-03-31": "1437.00000", "2016-12-31": "1322.00000", "2016-09-30": "1398.00000", "2016-06-30": "1383.00000", "2016-03-31": "1297.00000", "2015-12-31": "1360.00000", "2015-09-30": "1486.00000", "2015-06-30": "1508.00000", "2015-03-31": "1363.00000", "2014-12-31": "", "2014-09-30": "1632.00000", "2014-06-30": "1682.00000", "2013-12-31": "", "2012-12-31": ""}, "Cost Of Goods Sold": {"2020-09-30": "976.00000", "2020-06-30": "894.00000", "2020-03-31": "1007.00000", "2019-12-31": "1202.00000", "2019-09-30": "1096.00000", "2019-06-30": "1085.00000", "2019-03-31": "1080.00000", "2018-12-31": "1064.00000", "2018-09-30": "1151.00000", "2018-06-30": "1259.00000", "2018-03-31": "1193.00000", "2017-12-31": "1088.00000", "2017-09-30": "1119.00000", "2017-06-30": "1150.00000", "2017-03-31": "1081.00000", "2016-12-31": "1030.00000", "2016-09-30": "1056.00000", "2016-06-30": "1116.00000", "2016-03-31": "1095.00000", "2015-12-31": "1147.00000", "2015-09-30": "1222.00000", "2015-06-30": "1282.00000", "2015-03-31": "1111.00000", "2014-12-31": "", "2014-09-30": "1273.00000", "2014-06-30": "1311.00000", "2013-12-31": "", "2012-12-31": ""}, "Gross Profit": {"2020-09-30": "257.00000", "2020-06-30": "199.00000", "2020-03-31": "298.00000", "2019-12-31": "150.00000", "2019-09-30": "294.00000", "2019-06-30": "323.00000", "2019-03-31": "296.00000", "2018-12-31": "400.00000", "2018-09-30": "477.00000", "2018-06-30": "557.00000", "2018-03-31": "537.00000", "2017-12-31": "486.00000", "2017-09-30": "465.00000", "2017-06-30": "438.00000", "2017-03-31": "356.00000", "2016-12-31": "292.00000", "2016-09-30": "342.00000", "2016-06-30": "267.00000", "2016-03-31": "202.00000", "2015-12-31": "213.00000", "2015-09-30": "264.00000", "2015-06-30": "226.00000", "2015-03-31": "252.00000", "2014-12-31": "", "2014-09-30": "359.00000", "2014-06-30": "371.00000", "2013-12-31": "", "2012-12-31": ""}, "Research And Development Expenses": {"2020-09-30": "22.00000", "2020-06-30": "20.00000", "2020-03-31": "24.00000", "2019-12-31": "19.00000", "2019-09-30": "20.00000", "2019-06-30": "19.00000", "2019-03-31": "22.00000", "2018-12-31": "22.00000", "2018-09-30": "20.00000", "2018-06-30": "20.00000", "2018-03-31": "20.00000", "2017-12-31": "21.00000", "2017-09-30": "20.00000", "2017-06-30": "21.00000", "2017-03-31": "19.00000", "2016-12-31": "22.00000", "2016-09-30": "19.00000", "2016-06-30": "17.00000", "2016-03-31": "23.00000", "2015-12-31": "29.00000", "2015-09-30": "18.00000", "2015-06-30": "27.00000", "2015-03-31": "23.00000", "2014-12-31": "", "2014-09-30": "33.00000", "2014-06-30": "40.00000", "2013-12-31": "", "2012-12-31": ""}, "SG&A Expenses": {"2020-09-30": "112.00000", "2020-06-30": "110.00000", "2020-03-31": "125.00000", "2019-12-31": "126.00000", "2019-09-30": "130.00000", "2019-06-30": "136.00000", "2019-03-31": "156.00000", "2018-12-31": "190.00000", "2018-09-30": "163.00000", "2018-06-30": "161.00000", "2018-03-31": "143.00000", "2017-12-31": "159.00000", "2017-09-30": "153.00000", "2017-06-30": "164.00000", "2017-03-31": "150.00000", "2016-12-31": "491.00000", "2016-09-30": "148.00000", "2016-06-30": "174.00000", "2016-03-31": "133.00000", "2015-12-31": "151.00000", "2015-09-30": "157.00000", "2015-06-30": "157.00000", "2015-03-31": "167.00000", "2014-12-31": "", "2014-09-30": "176.00000", "2014-06-30": "183.00000", "2013-12-31": "", "2012-12-31": ""}, "Other Operating Income Or Expenses": {"2020-09-30": "-9.00000", "2020-06-30": "-17.00000", "2020-03-31": "-11.00000", "2019-12-31": "-38.00000", "2019-09-30": "-34.00000", "2019-06-30": "-7.00000", "2019-03-31": "-8.00000", "2018-12-31": "-17.00000", "2018-09-30": "-12.00000", "2018-06-30": "-10.00000", "2018-03-31": "-10.00000", "2017-12-31": "-31.00000", "2017-09-30": "-8.00000", "2017-06-30": "-6.00000", "2017-03-31": "-12.00000", "2016-12-31": "-26.00000", "2016-09-30": "-60.00000", "2016-06-30": "-67.00000", "2016-03-31": "-17.00000", "2015-12-31": "-88.00000", "2015-09-30": "-184.00000", "2015-06-30": "-61.00000", "2015-03-31": "", "2014-12-31": "", "2014-09-30": "", "2014-06-30": "-20.00000", "2013-12-31": "", "2012-12-31": ""}, "Operating Expenses": {"2020-09-30": "1119.00000", "2020-06-30": "1041.00000", "2020-03-31": "1167.00000", "2019-12-31": "1385.00000", "2019-09-30": "1280.00000", "2019-06-30": "1247.00000", "2019-03-31": "1266.00000", "2018-12-31": "1293.00000", "2018-09-30": "1346.00000", "2018-06-30": "1450.00000", "2018-03-31": "1366.00000", "2017-12-31": "1299.00000", "2017-09-30": "1300.00000", "2017-06-30": "1341.00000", "2017-03-31": "1262.00000", "2016-12-31": "1569.00000", "2016-09-30": "1283.00000", "2016-06-30": "1374.00000", "2016-03-31": "1268.00000", "2015-12-31": "1415.00000", "2015-09-30": "1606.00000", "2015-06-30": "1527.00000", "2015-03-31": "1301.00000", "2014-12-31": "", "2014-09-30": "1482.00000", "2014-06-30": "1554.00000", "2013-12-31": "", "2012-12-31": ""}, "Operating Income": {"2020-09-30": "114.00000", "2020-06-30": "52.00000", "2020-03-31": "138.00000", "2019-12-31": "-33.00000", "2019-09-30": "110.00000", "2019-06-30": "161.00000", "2019-03-31": "110.00000", "2018-12-31": "171.00000", "2018-09-30": "282.00000", "2018-06-30": "366.00000", "2018-03-31": "364.00000", "2017-12-31": "275.00000", "2017-09-30": "284.00000", "2017-06-30": "247.00000", "2017-03-31": "175.00000", "2016-12-31": "-247.00000", "2016-09-30": "115.00000", "2016-06-30": "9.00000", "2016-03-31": "29.00000", "2015-12-31": "-55.00000", "2015-09-30": "-120.00000", "2015-06-30": "-19.00000", "2015-03-31": "62.00000", "2014-12-31": "", "2014-09-30": "150.00000", "2014-06-30": "128.00000", "2013-12-31": "", "2012-12-31": ""}, "Total Non-Operating Income/Expense": {"2020-09-30": "-54.00000", "2020-06-30": "-32.00000", "2020-03-31": "-61.00000", "2019-12-31": "-422.00000", "2019-09-30": "-19.00000", "2019-06-30": "-28.00000", "2019-03-31": "-3.00000", "2018-12-31": "11.00000", "2018-09-30": "-13.00000", "2018-06-30": "-43.00000", "2018-03-31": "17.00000", "2017-12-31": "-11.00000", "2017-09-30": "-34.00000", "2017-06-30": "-22.00000", "2017-03-31": "-2.00000", "2016-12-31": "-27.00000", "2016-09-30": "119.00000", "2016-06-30": "-50.00000", "2016-03-31": "41.00000", "2015-12-31": "-66.00000", "2015-09-30": "13.00000", "2015-06-30": "1.00000", "2015-03-31": "-4.00000", "2014-12-31": "", "2014-09-30": "-7.00000", "2014-06-30": "27.00000", "2013-12-31": "", "2012-12-31": ""}, "Pre-Tax Income": {"2020-09-30": "60.00000", "2020-06-30": "20.00000", "2020-03-31": "77.00000", "2019-12-31": "-455.00000", "2019-09-30": "91.00000", "2019-06-30": "133.00000", "2019-03-31": "107.00000", "2018-12-31": "182.00000", "2018-09-30": "269.00000", "2018-06-30": "323.00000", "2018-03-31": "381.00000", "2017-12-31": "264.00000", "2017-09-30": "250.00000", "2017-06-30": "225.00000", "2017-03-31": "173.00000", "2016-12-31": "-274.00000", "2016-09-30": "234.00000", "2016-06-30": "-41.00000", "2016-03-31": "70.00000", "2015-12-31": "-121.00000", "2015-09-30": "-107.00000", "2015-06-30": "-18.00000", "2015-03-31": "58.00000", "2014-12-31": "", "2014-09-30": "143.00000", "2014-06-30": "155.00000", "2013-12-31": "", "2012-12-31": ""}, "Income Taxes": {"2020-09-30": "-16.00000", "2020-06-30": "-4.00000", "2020-03-31": "-23.00000", "2019-12-31": "-137.00000", "2019-09-30": "15.00000", "2019-06-30": "37.00000", "2019-03-31": "13.00000", "2018-12-31": "40.00000", "2018-09-30": "-6.00000", "2018-06-30": "41.00000", "2018-03-31": "84.00000", "2017-12-31": "36.00000", "2017-09-30": "43.00000", "2017-06-30": "64.00000", "2017-03-31": "22.00000", "2016-12-31": "-44.00000", "2016-09-30": "30.00000", "2016-06-30": "-23.00000", "2016-03-31": "19.00000", "2015-12-31": "-35.00000", "2015-09-30": "-78.00000", "2015-06-30": "", "2015-03-31": "15.00000", "2014-12-31": "", "2014-09-30": "35.00000", "2014-06-30": "39.00000", "2013-12-31": "", "2012-12-31": ""}, "Income After Taxes": {"2020-09-30": "76.00000", "2020-06-30": "24.00000", "2020-03-31": "100.00000", "2019-12-31": "-318.00000", "2019-09-30": "76.00000", "2019-06-30": "96.00000", "2019-03-31": "94.00000", "2018-12-31": "142.00000", "2018-09-30": "275.00000", "2018-06-30": "282.00000", "2018-03-31": "297.00000", "2017-12-31": "228.00000", "2017-09-30": "207.00000", "2017-06-30": "161.00000", "2017-03-31": "151.00000", "2016-12-31": "-230.00000", "2016-09-30": "204.00000", "2016-06-30": "-18.00000", "2016-03-31": "51.00000", "2015-12-31": "-86.00000", "2015-09-30": "-29.00000", "2015-06-30": "-18.00000", "2015-03-31": "43.00000", "2014-12-31": "", "2014-09-30": "108.00000", "2014-06-30": "116.00000", "2013-12-31": "", "2012-12-31": ""}, "Other Income": {"2020-09-30": "", "2020-06-30": "", "2020-03-31": "", "2019-12-31": "", "2019-09-30": "", "2019-06-30": "", "2019-03-31": "", "2018-12-31": "", "2018-09-30": "", "2018-06-30": "", "2018-03-31": "", "2017-12-31": "", "2017-09-30": "", "2017-06-30": "", "2017-03-31": "", "2016-12-31": "", "2016-09-30": "", "2016-06-30": "", "2016-03-31": "", "2015-12-31": "", "2015-09-30": "", "2015-06-30": "", "2015-03-31": "", "2014-12-31": "", "2014-09-30": "", "2014-06-30": "", "2013-12-31": "", "2012-12-31": ""}, "Income From Continuous Operations": {"2020-09-30": "76.00000", "2020-06-30": "24.00000", "2020-03-31": "100.00000", "2019-12-31": "-318.00000", "2019-09-30": "76.00000", "2019-06-30": "96.00000", "2019-03-31": "94.00000", "2018-12-31": "142.00000", "2018-09-30": "275.00000", "2018-06-30": "282.00000", "2018-03-31": "297.00000", "2017-12-31": "228.00000", "2017-09-30": "207.00000", "2017-06-30": "161.00000", "2017-03-31": "151.00000", "2016-12-31": "-230.00000", "2016-09-30": "204.00000", "2016-06-30": "-18.00000", "2016-03-31": "51.00000", "2015-12-31": "-86.00000", "2015-09-30": "-29.00000", "2015-06-30": "-18.00000", "2015-03-31": "43.00000", "2014-12-31": "", "2014-09-30": "108.00000", "2014-06-30": "116.00000", "2013-12-31": "", "2012-12-31": ""}, "Income From Discontinued Operations": {"2020-09-30": "", "2020-06-30": "", "2020-03-31": "", "2019-12-31": "", "2019-09-30": "", "2019-06-30": "", "2019-03-31": "", "2018-12-31": "", "2018-09-30": "", "2018-06-30": "", "2018-03-31": "", "2017-12-31": "", "2017-09-30": "", "2017-06-30": "", "2017-03-31": "", "2016-12-31": "", "2016-09-30": "", "2016-06-30": "", "2016-03-31": "", "2015-12-31": "", "2015-09-30": "", "2015-06-30": "", "2015-03-31": "", "2014-12-31": "", "2014-09-30": "", "2014-06-30": "", "2013-12-31": "", "2012-12-31": ""}, "Net Income": {"2020-09-30": "76.00000", "2020-06-30": "24.00000", "2020-03-31": "100.00000", "2019-12-31": "-318.00000", "2019-09-30": "76.00000", "2019-06-30": "96.00000", "2019-03-31": "94.00000", "2018-12-31": "142.00000", "2018-09-30": "275.00000", "2018-06-30": "281.00000", "2018-03-31": "297.00000", "2017-12-31": "228.00000", "2017-09-30": "207.00000", "2017-06-30": "161.00000", "2017-03-31": "150.00000", "2016-12-31": "-230.00000", "2016-09-30": "204.00000", "2016-06-30": "-18.00000", "2016-03-31": "51.00000", "2015-12-31": "-86.00000", "2015-09-30": "-29.00000", "2015-06-30": "-18.00000", "2015-03-31": "43.00000", "2014-12-31": "", "2014-09-30": "107.00000", "2014-06-30": "116.00000", "2013-12-31": "", "2012-12-31": ""}, "EBITDA": {"2020-09-30": "196.00000", "2020-06-30": "136.00000", "2020-03-31": "219.00000", "2019-12-31": "48.00000", "2019-09-30": "190.00000", "2019-06-30": "241.00000", "2019-03-31": "189.00000", "2018-12-31": "244.00000", "2018-09-30": "355.00000", "2018-06-30": "442.00000", "2018-03-31": "437.00000", "2017-12-31": "347.00000", "2017-09-30": "349.00000", "2017-06-30": "322.00000", "2017-03-31": "249.00000", "2016-12-31": "-174.00000", "2016-09-30": "192.00000", "2016-06-30": "85.00000", "2016-03-31": "103.00000", "2015-12-31": "14.00000", "2015-09-30": "-47.00000", "2015-06-30": "50.00000", "2015-03-31": "126.00000", "2014-12-31": "", "2014-09-30": "207.00000", "2014-06-30": "128.00000", "2013-12-31": "", "2012-12-31": ""}, "EBIT": {"2020-09-30": "114.00000", "2020-06-30": "52.00000", "2020-03-31": "138.00000", "2019-12-31": "-33.00000", "2019-09-30": "110.00000", "2019-06-30": "161.00000", "2019-03-31": "110.00000", "2018-12-31": "171.00000", "2018-09-30": "282.00000", "2018-06-30": "366.00000", "2018-03-31": "364.00000", "2017-12-31": "275.00000", "2017-09-30": "284.00000", "2017-06-30": "247.00000", "2017-03-31": "175.00000", "2016-12-31": "-247.00000", "2016-09-30": "115.00000", "2016-06-30": "9.00000", "2016-03-31": "29.00000", "2015-12-31": "-55.00000", "2015-09-30": "-120.00000", "2015-06-30": "-19.00000", "2015-03-31": "62.00000", "2014-12-31": "", "2014-09-30": "150.00000", "2014-06-30": "128.00000", "2013-12-31": "", "2012-12-31": ""}, "Basic Shares Outstanding": {"2020-09-30": "164.76300", "2020-06-30": "164.64800", "2020-03-31": "164.24700", "2019-12-31": "164.81700", "2019-09-30": "163.81500", "2019-06-30": "164.11900", "2019-03-31": "167.86600", "2018-12-31": "176.96900", "2018-09-30": "176.49000", "2018-06-30": "177.79800", "2018-03-31": "182.07000", "2017-12-31": "184.84400", "2017-09-30": "185.43100", "2017-06-30": "185.06900", "2017-03-31": "183.40800", "2016-12-31": "181.62100", "2016-09-30": "181.59600", "2016-06-30": "181.47800", "2016-03-31": "181.28100", "2015-12-31": "180.99400", "2015-09-30": "180.96800", "2015-06-30": "180.96700", "2015-03-31": "180.96700", "2014-12-31": "", "2014-09-30": "180.96700", "2014-06-30": "", "2013-12-31": "", "2012-12-31": ""}, "Shares Outstanding": {"2020-09-30": "166.61400", "2020-06-30": "165.41400", "2020-03-31": "165.25800", "2019-12-31": "164.81700", "2019-09-30": "165.14100", "2019-06-30": "166.94200", "2019-03-31": "172.06100", "2018-12-31": "182.57200", "2018-09-30": "181.87700", "2018-06-30": "183.82100", "2018-03-31": "188.33300", "2017-12-31": "190.98400", "2017-09-30": "191.63800", "2017-06-30": "191.12700", "2017-03-31": "189.15000", "2016-12-31": "183.41700", "2016-09-30": "183.52900", "2016-06-30": "181.47800", "2016-03-31": "181.50300", "2015-12-31": "180.99400", "2015-09-30": "180.96800", "2015-06-30": "180.96700", "2015-03-31": "180.96700", "2014-12-31": "", "2014-09-30": "180.96700", "2014-06-30": "", "2013-12-31": "", "2012-12-31": ""}, "Basic EPS": {"2020-09-30": "0.46000", "2020-06-30": "0.15000", "2020-03-31": "0.61000", "2019-12-31": "-1.92000", "2019-09-30": "0.46000", "2019-06-30": "0.58000", "2019-03-31": "0.56000", "2018-12-31": "0.85000", "2018-09-30": "1.56000", "2018-06-30": "1.58000", "2018-03-31": "1.63000", "2017-12-31": "1.23000", "2017-09-30": "1.12000", "2017-06-30": "0.87000", "2017-03-31": "0.82000", "2016-12-31": "-1.26000", "2016-09-30": "1.12000", "2016-06-30": "-0.10000", "2016-03-31": "0.28000", "2015-12-31": "-0.48000", "2015-09-30": "-0.16000", "2015-06-30": "-0.10000", "2015-03-31": "0.24000", "2014-12-31": "", "2014-09-30": "0.59000", "2014-06-30": "", "2013-12-31": "", "2012-12-31": ""}, "EPS - Earnings Per Share": {"2020-09-30": "0.46000", "2020-06-30": "0.15000", "2020-03-31": "0.61000", "2019-12-31": "-1.90000", "2019-09-30": "0.46000", "2019-06-30": "0.57000", "2019-03-31": "0.55000", "2018-12-31": "0.83000", "2018-09-30": "1.51000", "2018-06-30": "1.53000", "2018-03-31": "1.58000", "2017-12-31": "1.20000", "2017-09-30": "1.08000", "2017-06-30": "0.84000", "2017-03-31": "0.79000", "2016-12-31": "-1.25000", "2016-09-30": "1.11000", "2016-06-30": "-0.10000", "2016-03-31": "0.28000", "2015-12-31": "-0.48000", "2015-09-30": "-0.16000", "2015-06-30": "-0.10000", "2015-03-31": "0.24000", "2014-12-31": "0.00000", "2014-09-30": "0.59000", "2014-06-30": "0.00000", "2013-12-31": "0.00000", "2012-12-31": "0.00000"}}, "balance sheet": {"Cash On Hand": {"2019-12-31": "943.00000", "2018-12-31": "1201.00000", "2017-12-31": "1556.00000", "2016-12-31": "902.00000", "2015-12-31": "366.00000", "2014-12-31": "", "2013-12-31": "", "2012-12-31": ""}, "Receivables": {"2019-12-31": "674.00000", "2018-12-31": "861.00000", "2017-12-31": "919.00000", "2016-12-31": "807.00000", "2015-12-31": "859.00000", "2014-12-31": "846.00000", "2013-12-31": "841.00000", "2012-12-31": ""}, "Inventory": {"2019-12-31": "1079.00000", "2018-12-31": "1147.00000", "2017-12-31": "935.00000", "2016-12-31": "767.00000", "2015-12-31": "972.00000", "2014-12-31": "1052.00000", "2013-12-31": "1055.00000", "2012-12-31": ""}, "Pre-Paid Expenses": {"2019-12-31": "81.00000", "2018-12-31": "84.00000", "2017-12-31": "83.00000", "2016-12-31": "77.00000", "2015-12-31": "104.00000", "2014-12-31": "43.00000", "2013-12-31": "40.00000", "2012-12-31": ""}, "Other Current Assets": {"2019-12-31": "", "2018-12-31": "", "2017-12-31": "", "2016-12-31": "", "2015-12-31": "", "2014-12-31": "", "2013-12-31": "", "2012-12-31": ""}, "Total Current Assets": {"2019-12-31": "2777.00000", "2018-12-31": "3293.00000", "2017-12-31": "3493.00000", "2016-12-31": "2553.00000", "2015-12-31": "2301.00000", "2014-12-31": "1941.00000", "2013-12-31": "1980.00000", "2012-12-31": ""}, "Property, Plant, And Equipment": {"2019-12-31": "3559.00000", "2018-12-31": "3291.00000", "2017-12-31": "3008.00000", "2016-12-31": "2784.00000", "2015-12-31": "3177.00000", "2014-12-31": "3308.00000", "2013-12-31": "2972.00000", "2012-12-31": ""}, "Long-Term Investments": {"2019-12-31": "162.00000", "2018-12-31": "160.00000", "2017-12-31": "173.00000", "2016-12-31": "136.00000", "2015-12-31": "136.00000", "2014-12-31": "124.00000", "2013-12-31": "123.00000", "2012-12-31": ""}, "Goodwill And Intangible Assets": {"2019-12-31": "174.00000", "2018-12-31": "181.00000", "2017-12-31": "166.00000", "2016-12-31": "170.00000", "2015-12-31": "176.00000", "2014-12-31": "209.00000", "2013-12-31": "215.00000", "2012-12-31": "0.00000"}, "Other Long-Term Assets": {"2019-12-31": "292.00000", "2018-12-31": "437.00000", "2017-12-31": "453.00000", "2016-12-31": "417.00000", "2015-12-31": "508.00000", "2014-12-31": "377.00000", "2013-12-31": "331.00000", "2012-12-31": ""}, "Total Long-Term Assets": {"2019-12-31": "4481.00000", "2018-12-31": "4069.00000", "2017-12-31": "3800.00000", "2016-12-31": "3507.00000", "2015-12-31": "3997.00000", "2014-12-31": "4018.00000", "2013-12-31": "3641.00000", "2012-12-31": ""}, "Total Assets": {"2019-12-31": "7258.00000", "2018-12-31": "7362.00000", "2017-12-31": "7293.00000", "2016-12-31": "6060.00000", "2015-12-31": "6298.00000", "2014-12-31": "5959.00000", "2013-12-31": "5621.00000", "2012-12-31": "0.00000"}, "Total Current Liabilities": {"2019-12-31": "1541.00000", "2018-12-31": "1709.00000", "2017-12-31": "1648.00000", "2016-12-31": "1771.00000", "2015-12-31": "1466.00000", "2014-12-31": "1398.00000", "2013-12-31": "1471.00000", "2012-12-31": ""}, "Long Term Debt": {"2019-12-31": "4026.00000", "2018-12-31": "3959.00000", "2017-12-31": "4097.00000", "2016-12-31": "3529.00000", "2015-12-31": "3915.00000", "2014-12-31": "", "2013-12-31": "", "2012-12-31": ""}, "Other Non-Current Liabilities": {"2019-12-31": "633.00000", "2018-12-31": "457.00000", "2017-12-31": "475.00000", "2016-12-31": "524.00000", "2015-12-31": "553.00000", "2014-12-31": "464.00000", "2013-12-31": "456.00000", "2012-12-31": ""}, "Total Long Term Liabilities": {"2019-12-31": "5022.00000", "2018-12-31": "4633.00000", "2017-12-31": "4780.00000", "2016-12-31": "4185.00000", "2015-12-31": "4702.00000", "2014-12-31": "888.00000", "2013-12-31": "933.00000", "2012-12-31": ""}, "Total Liabilities": {"2019-12-31": "6563.00000", "2018-12-31": "6342.00000", "2017-12-31": "6428.00000", "2016-12-31": "5956.00000", "2015-12-31": "6168.00000", "2014-12-31": "2286.00000", "2013-12-31": "2404.00000", "2012-12-31": "0.00000"}, "Common Stock Net": {"2019-12-31": "2.00000", "2018-12-31": "2.00000", "2017-12-31": "2.00000", "2016-12-31": "2.00000", "2015-12-31": "2.00000", "2014-12-31": "3650.00000", "2013-12-31": "3195.00000", "2012-12-31": "0.00000"}, "Retained Earnings (Accumulated Deficit)": {"2019-12-31": "1249.00000", "2018-12-31": "1466.00000", "2017-12-31": "579.00000", "2016-12-31": "-114.00000", "2015-12-31": "-115.00000", "2014-12-31": "", "2013-12-31": "", "2012-12-31": ""}, "Comprehensive Income": {"2019-12-31": "-349.00000", "2018-12-31": "-564.00000", "2017-12-31": "-442.00000", "2016-12-31": "-577.00000", "2015-12-31": "-536.00000", "2014-12-31": "19.00000", "2013-12-31": "19.00000", "2012-12-31": ""}, "Other Share Holders Equity": {"2019-12-31": "", "2018-12-31": "", "2017-12-31": "", "2016-12-31": "", "2015-12-31": "0.00000", "2014-12-31": "0.00000", "2013-12-31": "0.00000", "2012-12-31": "0.00000"}, "Share Holder Equity": {"2019-12-31": "695.00000", "2018-12-31": "1020.00000", "2017-12-31": "865.00000", "2016-12-31": "104.00000", "2015-12-31": "130.00000", "2014-12-31": "3673.00000", "2013-12-31": "3217.00000", "2012-12-31": "0.00000"}, "Total Liabilities And Share Holders Equity": {"2019-12-31": "7258.00000", "2018-12-31": "7362.00000", "2017-12-31": "7293.00000", "2016-12-31": "6060.00000", "2015-12-31": "6298.00000", "2014-12-31": "5959.00000", "2013-12-31": "5621.00000", "2012-12-31": "0.00000"}}, "balance sheet, quarterly": {"Cash On Hand": {"2020-09-30": "956.00000", "2020-06-30": "1031.00000", "2020-03-31": "714.00000", "2019-12-31": "943.00000", "2019-09-30": "694.00000", "2019-06-30": "630.00000", "2019-03-31": "697.00000", "2018-12-31": "1201.00000", "2018-09-30": "1275.00000", "2018-06-30": "1217.00000", "2018-03-31": "1434.00000", "2017-12-31": "1556.00000", "2017-09-30": "1535.00000", "2017-06-30": "1529.00000", "2017-03-31": "898.00000", "2016-12-31": "902.00000", "2016-09-30": "957.00000", "2016-06-30": "383.00000", "2016-03-31": "435.00000", "2015-12-31": "366.00000", "2015-09-30": "215.00000", "2015-06-30": "247.00000", "2015-03-31": "", "2014-12-31": "", "2014-09-30": "", "2014-06-30": "", "2013-12-31": "", "2012-12-31": ""}, "Receivables": {"2020-09-30": "572.00000", "2020-06-30": "540.00000", "2020-03-31": "681.00000", "2019-12-31": "674.00000", "2019-09-30": "832.00000", "2019-06-30": "879.00000", "2019-03-31": "847.00000", "2018-12-31": "861.00000", "2018-09-30": "998.00000", "2018-06-30": "1095.00000", "2018-03-31": "1083.00000", "2017-12-31": "919.00000", "2017-09-30": "942.00000", "2017-06-30": "994.00000", "2017-03-31": "921.00000", "2016-12-31": "807.00000", "2016-09-30": "881.00000", "2016-06-30": "939.00000", "2016-03-31": "906.00000", "2015-12-31": "859.00000", "2015-09-30": "1102.00000", "2015-06-30": "1038.00000", "2015-03-31": "", "2014-12-31": "", "2014-09-30": "", "2014-06-30": "", "2013-12-31": "841.00000", "2012-12-31": ""}, "Inventory": {"2020-09-30": "993.00000", "2020-06-30": "1074.00000", "2020-03-31": "1114.00000", "2019-12-31": "1079.00000", "2019-09-30": "1223.00000", "2019-06-30": "1250.00000", "2019-03-31": "1218.00000", "2018-12-31": "1147.00000", "2018-09-30": "1086.00000", "2018-06-30": "1013.00000", "2018-03-31": "992.00000", "2017-12-31": "935.00000", "2017-09-30": "877.00000", "2017-06-30": "848.00000", "2017-03-31": "822.00000", "2016-12-31": "767.00000", "2016-09-30": "846.00000", "2016-06-30": "892.00000", "2016-03-31": "948.00000", "2015-12-31": "972.00000", "2015-09-30": "993.00000", "2015-06-30": "1054.00000", "2015-03-31": "", "2014-12-31": "", "2014-09-30": "", "2014-06-30": "", "2013-12-31": "1055.00000", "2012-12-31": ""}, "Pre-Paid Expenses": {"2020-09-30": "84.00000", "2020-06-30": "72.00000", "2020-03-31": "82.00000", "2019-12-31": "81.00000", "2019-09-30": "78.00000", "2019-06-30": "73.00000", "2019-03-31": "85.00000", "2018-12-31": "84.00000", "2018-09-30": "89.00000", "2018-06-30": "72.00000", "2018-03-31": "75.00000", "2017-12-31": "83.00000", "2017-09-30": "79.00000", "2017-06-30": "69.00000", "2017-03-31": "70.00000", "2016-12-31": "77.00000", "2016-09-30": "73.00000", "2016-06-30": "52.00000", "2016-03-31": "82.00000", "2015-12-31": "104.00000", "2015-09-30": "120.00000", "2015-06-30": "105.00000", "2015-03-31": "", "2014-12-31": "", "2014-09-30": "", "2014-06-30": "", "2013-12-31": "", "2012-12-31": ""}, "Other Current Assets": {"2020-09-30": "", "2020-06-30": "", "2020-03-31": "", "2019-12-31": "", "2019-09-30": "", "2019-06-30": "", "2019-03-31": "", "2018-12-31": "", "2018-09-30": "", "2018-06-30": "", "2018-03-31": "", "2017-12-31": "", "2017-09-30": "", "2017-06-30": "", "2017-03-31": "", "2016-12-31": "", "2016-09-30": "", "2016-06-30": "26.00000", "2016-03-31": "", "2015-12-31": "", "2015-09-30": "", "2015-06-30": "", "2015-03-31": "", "2014-12-31": "", "2014-09-30": "", "2014-06-30": "", "2013-12-31": "84.00000", "2012-12-31": ""}, "Total Current Assets": {"2020-09-30": "2605.00000", "2020-06-30": "2717.00000", "2020-03-31": "2591.00000", "2019-12-31": "2777.00000", "2019-09-30": "2827.00000", "2019-06-30": "2832.00000", "2019-03-31": "2847.00000", "2018-12-31": "3293.00000", "2018-09-30": "3448.00000", "2018-06-30": "3397.00000", "2018-03-31": "3584.00000", "2017-12-31": "3493.00000", "2017-09-30": "3433.00000", "2017-06-30": "3440.00000", "2017-03-31": "2711.00000", "2016-12-31": "2553.00000", "2016-09-30": "2757.00000", "2016-06-30": "2292.00000", "2016-03-31": "2371.00000", "2015-12-31": "2301.00000", "2015-09-30": "2481.00000", "2015-06-30": "2483.00000", "2015-03-31": "", "2014-12-31": "", "2014-09-30": "", "2014-06-30": "", "2013-12-31": "1980.00000", "2012-12-31": ""}, "Property, Plant, And Equipment": {"2020-09-30": "3418.00000", "2020-06-30": "3423.00000", "2020-03-31": "3444.00000", "2019-12-31": "3559.00000", "2019-09-30": "3520.00000", "2019-06-30": "3491.00000", "2019-03-31": "3379.00000", "2018-12-31": "3291.00000", "2018-09-30": "3207.00000", "2018-06-30": "3105.00000", "2018-03-31": "3105.00000", "2017-12-31": "3008.00000", "2017-09-30": "2950.00000", "2017-06-30": "2902.00000", "2017-03-31": "2833.00000", "2016-12-31": "2784.00000", "2016-09-30": "2825.00000", "2016-06-30": "2890.00000", "2016-03-31": "3199.00000", "2015-12-31": "3177.00000", "2015-09-30": "3170.00000", "2015-06-30": "3378.00000", "2015-03-31": "", "2014-12-31": "", "2014-09-30": "", "2014-06-30": "", "2013-12-31": "8821.00000", "2012-12-31": ""}, "Long-Term Investments": {"2020-09-30": "182.00000", "2020-06-30": "175.00000", "2020-03-31": "167.00000", "2019-12-31": "162.00000", "2019-09-30": "184.00000", "2019-06-30": "177.00000", "2019-03-31": "166.00000", "2018-12-31": "160.00000", "2018-09-30": "179.00000", "2018-06-30": "172.00000", "2018-03-31": "166.00000", "2017-12-31": "173.00000", "2017-09-30": "166.00000", "2017-06-30": "158.00000", "2017-03-31": "149.00000", "2016-12-31": "136.00000", "2016-09-30": "169.00000", "2016-06-30": "157.00000", "2016-03-31": "144.00000", "2015-12-31": "136.00000", "2015-09-30": "154.00000", "2015-06-30": "145.00000", "2015-03-31": "", "2014-12-31": "", "2014-09-30": "", "2014-06-30": "", "2013-12-31": "123.00000", "2012-12-31": ""}, "Goodwill And Intangible Assets": {"2020-09-30": "169.00000", "2020-06-30": "171.00000", "2020-03-31": "172.00000", "2019-12-31": "174.00000", "2019-09-30": "176.00000", "2019-06-30": "178.00000", "2019-03-31": "180.00000", "2018-12-31": "181.00000", "2018-09-30": "187.00000", "2018-06-30": "189.00000", "2018-03-31": "165.00000", "2017-12-31": "166.00000", "2017-09-30": "167.00000", "2017-06-30": "168.00000", "2017-03-31": "169.00000", "2016-12-31": "170.00000", "2016-09-30": "171.00000", "2016-06-30": "161.00000", "2016-03-31": "175.00000", "2015-12-31": "176.00000", "2015-09-30": "180.00000", "2015-06-30": "208.00000", "2015-03-31": "0.00000", "2014-12-31": "", "2014-09-30": "0.00000", "2014-06-30": "0.00000", "2013-12-31": "215.00000", "2012-12-31": "0.00000"}, "Other Long-Term Assets": {"2020-09-30": "310.00000", "2020-06-30": "275.00000", "2020-03-31": "293.00000", "2019-12-31": "292.00000", "2019-09-30": "442.00000", "2019-06-30": "433.00000", "2019-03-31": "430.00000", "2018-12-31": "437.00000", "2018-09-30": "491.00000", "2018-06-30": "475.00000", "2018-03-31": "464.00000", "2017-12-31": "453.00000", "2017-09-30": "404.00000", "2017-06-30": "384.00000", "2017-03-31": "420.00000", "2016-12-31": "417.00000", "2016-09-30": "367.00000", "2016-06-30": "721.00000", "2016-03-31": "491.00000", "2015-12-31": "508.00000", "2015-09-30": "466.00000", "2015-06-30": "471.00000", "2015-03-31": "", "2014-12-31": "", "2014-09-30": "", "2014-06-30": "", "2013-12-31": "331.00000", "2012-12-31": ""}, "Total Long-Term Assets": {"2020-09-30": "4343.00000", "2020-06-30": "4317.00000", "2020-03-31": "4357.00000", "2019-12-31": "4481.00000", "2019-09-30": "4629.00000", "2019-06-30": "4601.00000", "2019-03-31": "4478.00000", "2018-12-31": "4069.00000", "2018-09-30": "4064.00000", "2018-06-30": "3941.00000", "2018-03-31": "3900.00000", "2017-12-31": "3800.00000", "2017-09-30": "3687.00000", "2017-06-30": "3612.00000", "2017-03-31": "3571.00000", "2016-12-31": "3507.00000", "2016-09-30": "3532.00000", "2016-06-30": "3929.00000", "2016-03-31": "4009.00000", "2015-12-31": "3997.00000", "2015-09-30": "3970.00000", "2015-06-30": "4202.00000", "2015-03-31": "", "2014-12-31": "", "2014-09-30": "", "2014-06-30": "", "2013-12-31": "9490.00000", "2012-12-31": ""}, "Total Assets": {"2020-09-30": "6948.00000", "2020-06-30": "7034.00000", "2020-03-31": "6948.00000", "2019-12-31": "7258.00000", "2019-09-30": "7456.00000", "2019-06-30": "7433.00000", "2019-03-31": "7325.00000", "2018-12-31": "7362.00000", "2018-09-30": "7512.00000", "2018-06-30": "7338.00000", "2018-03-31": "7484.00000", "2017-12-31": "7293.00000", "2017-09-30": "7120.00000", "2017-06-30": "7052.00000", "2017-03-31": "6282.00000", "2016-12-31": "6060.00000", "2016-09-30": "6289.00000", "2016-06-30": "6221.00000", "2016-03-31": "6380.00000", "2015-12-31": "6298.00000", "2015-09-30": "6451.00000", "2015-06-30": "6685.00000", "2015-03-31": "0.00000", "2014-12-31": "0.00000", "2014-09-30": "0.00000", "2014-06-30": "0.00000", "2013-12-31": "5621.00000", "2012-12-31": "0.00000"}, "Total Current Liabilities": {"2020-09-30": "1308.00000", "2020-06-30": "1156.00000", "2020-03-31": "1343.00000", "2019-12-31": "1541.00000", "2019-09-30": "1643.00000", "2019-06-30": "1448.00000", "2019-03-31": "1572.00000", "2018-12-31": "1709.00000", "2018-09-30": "1698.00000", "2018-06-30": "1622.00000", "2018-03-31": "1622.00000", "2017-12-31": "1648.00000", "2017-09-30": "1570.00000", "2017-06-30": "1750.00000", "2017-03-31": "1735.00000", "2016-12-31": "1771.00000", "2016-09-30": "1436.00000", "2016-06-30": "1444.00000", "2016-03-31": "1487.00000", "2015-12-31": "1466.00000", "2015-09-30": "1505.00000", "2015-06-30": "1441.00000", "2015-03-31": "", "2014-12-31": "", "2014-09-30": "", "2014-06-30": "", "2013-12-31": "1471.00000", "2012-12-31": ""}, "Long Term Debt": {"2020-09-30": "4063.00000", "2020-06-30": "4327.00000", "2020-03-31": "4012.00000", "2019-12-31": "4026.00000", "2019-09-30": "4007.00000", "2019-06-30": "4190.00000", "2019-03-31": "3965.00000", "2018-12-31": "3959.00000", "2018-09-30": "3985.00000", "2018-06-30": "3960.00000", "2018-03-31": "4141.00000", "2017-12-31": "4097.00000", "2017-09-30": "4081.00000", "2017-06-30": "4056.00000", "2017-03-31": "3538.00000", "2016-12-31": "3529.00000", "2016-09-30": "3713.00000", "2016-06-30": "3823.00000", "2016-03-31": "3920.00000", "2015-12-31": "3915.00000", "2015-09-30": "3924.00000", "2015-06-30": "3927.00000", "2015-03-31": "", "2014-12-31": "", "2014-09-30": "", "2014-06-30": "", "2013-12-31": "", "2012-12-31": ""}, "Other Non-Current Liabilities": {"2020-09-30": "596.00000", "2020-06-30": "610.00000", "2020-03-31": "611.00000", "2019-12-31": "633.00000", "2019-09-30": "501.00000", "2019-06-30": "487.00000", "2019-03-31": "495.00000", "2018-12-31": "457.00000", "2018-09-30": "463.00000", "2018-06-30": "476.00000", "2018-03-31": "475.00000", "2017-12-31": "475.00000", "2017-09-30": "489.00000", "2017-06-30": "515.00000", "2017-03-31": "511.00000", "2016-12-31": "524.00000", "2016-09-30": "558.00000", "2016-06-30": "583.00000", "2016-03-31": "542.00000", "2015-12-31": "553.00000", "2015-09-30": "553.00000", "2015-06-30": "485.00000", "2015-03-31": "", "2014-12-31": "", "2014-09-30": "", "2014-06-30": "", "2013-12-31": "456.00000", "2012-12-31": ""}, "Total Long Term Liabilities": {"2020-09-30": "4906.00000", "2020-06-30": "5219.00000", "2020-03-31": "4944.00000", "2019-12-31": "5022.00000", "2019-09-30": "4970.00000", "2019-06-30": "5156.00000", "2019-03-31": "4937.00000", "2018-12-31": "4633.00000", "2018-09-30": "4668.00000", "2018-06-30": "4691.00000", "2018-03-31": "4860.00000", "2017-12-31": "4780.00000", "2017-09-30": "4745.00000", "2017-06-30": "4730.00000", "2017-03-31": "4189.00000", "2016-12-31": "4185.00000", "2016-09-30": "4472.00000", "2016-06-30": "4608.00000", "2016-03-31": "4701.00000", "2015-12-31": "4702.00000", "2015-09-30": "4856.00000", "2015-06-30": "4839.00000", "2015-03-31": "", "2014-12-31": "", "2014-09-30": "", "2014-06-30": "", "2013-12-31": "933.00000", "2012-12-31": ""}, "Total Liabilities": {"2020-09-30": "6214.00000", "2020-06-30": "6375.00000", "2020-03-31": "6287.00000", "2019-12-31": "6563.00000", "2019-09-30": "6613.00000", "2019-06-30": "6604.00000", "2019-03-31": "6509.00000", "2018-12-31": "6342.00000", "2018-09-30": "6366.00000", "2018-06-30": "6313.00000", "2018-03-31": "6482.00000", "2017-12-31": "6428.00000", "2017-09-30": "6315.00000", "2017-06-30": "6480.00000", "2017-03-31": "5924.00000", "2016-12-31": "5956.00000", "2016-09-30": "5908.00000", "2016-06-30": "6052.00000", "2016-03-31": "6188.00000", "2015-12-31": "6168.00000", "2015-09-30": "6361.00000", "2015-06-30": "6280.00000", "2015-03-31": "0.00000", "2014-12-31": "", "2014-09-30": "0.00000", "2014-06-30": "0.00000", "2013-12-31": "2404.00000", "2012-12-31": "0.00000"}, "Common Stock Net": {"2020-09-30": "2.00000", "2020-06-30": "2.00000", "2020-03-31": "2.00000", "2019-12-31": "2.00000", "2019-09-30": "2.00000", "2019-06-30": "2.00000", "2019-03-31": "2.00000", "2018-12-31": "2.00000", "2018-09-30": "2.00000", "2018-06-30": "2.00000", "2018-03-31": "2.00000", "2017-12-31": "2.00000", "2017-09-30": "2.00000", "2017-06-30": "2.00000", "2017-03-31": "2.00000", "2016-12-31": "2.00000", "2016-09-30": "2.00000", "2016-06-30": "2.00000", "2016-03-31": "2.00000", "2015-12-31": "2.00000", "2015-09-30": "2.00000", "2015-06-30": "836.00000", "2015-03-31": "0.00000", "2014-12-31": "", "2014-09-30": "0.00000", "2014-06-30": "0.00000", "2013-12-31": "3195.00000", "2012-12-31": "0.00000"}, "Retained Earnings (Accumulated Deficit)": {"2020-09-30": "1325.00000", "2020-06-30": "1290.00000", "2020-03-31": "1308.00000", "2019-12-31": "1249.00000", "2019-09-30": "1606.00000", "2019-06-30": "1571.00000", "2019-03-31": "1517.00000", "2018-12-31": "1466.00000", "2018-09-30": "1358.00000", "2018-06-30": "1127.00000", "2018-03-31": "876.00000", "2017-12-31": "579.00000", "2017-09-30": "388.00000", "2017-06-30": "186.00000", "2017-03-31": "31.00000", "2016-12-31": "-114.00000", "2016-09-30": "117.00000", "2016-06-30": "-82.00000", "2016-03-31": "-64.00000", "2015-12-31": "-115.00000", "2015-09-30": "-30.00000", "2015-06-30": "", "2015-03-31": "", "2014-12-31": "", "2014-09-30": "", "2014-06-30": "", "2013-12-31": "", "2012-12-31": ""}, "Comprehensive Income": {"2020-09-30": "-402.00000", "2020-06-30": "-435.00000", "2020-03-31": "-453.00000", "2019-12-31": "-349.00000", "2019-09-30": "-556.00000", "2019-06-30": "-531.00000", "2019-03-31": "-543.00000", "2018-12-31": "-564.00000", "2018-09-30": "-440.00000", "2018-06-30": "-469.00000", "2018-03-31": "-366.00000", "2017-12-31": "-442.00000", "2017-09-30": "-420.00000", "2017-06-30": "-441.00000", "2017-03-31": "-488.00000", "2016-12-31": "-577.00000", "2016-09-30": "-523.00000", "2016-06-30": "-529.00000", "2016-03-31": "-525.00000", "2015-12-31": "-536.00000", "2015-09-30": "-531.00000", "2015-06-30": "-435.00000", "2015-03-31": "", "2014-12-31": "", "2014-09-30": "", "2014-06-30": "", "2013-12-31": "", "2012-12-31": ""}, "Other Share Holders Equity": {"2020-09-30": "", "2020-06-30": "", "2020-03-31": "", "2019-12-31": "", "2019-09-30": "", "2019-06-30": "", "2019-03-31": "", "2018-12-31": "", "2018-09-30": "", "2018-06-30": "", "2018-03-31": "", "2017-12-31": "", "2017-09-30": "", "2017-06-30": "", "2017-03-31": "", "2016-12-31": "", "2016-09-30": "", "2016-06-30": "", "2016-03-31": "", "2015-12-31": "", "2015-09-30": "", "2015-06-30": "", "2015-03-31": "0.00000", "2014-12-31": "", "2014-09-30": "0.00000", "2014-06-30": "0.00000", "2013-12-31": "22.00000", "2012-12-31": "0.00000"}, "Share Holder Equity": {"2020-09-30": "734.00000", "2020-06-30": "659.00000", "2020-03-31": "661.00000", "2019-12-31": "695.00000", "2019-09-30": "843.00000", "2019-06-30": "829.00000", "2019-03-31": "816.00000", "2018-12-31": "1020.00000", "2018-09-30": "1146.00000", "2018-06-30": "1025.00000", "2018-03-31": "1002.00000", "2017-12-31": "865.00000", "2017-09-30": "805.00000", "2017-06-30": "572.00000", "2017-03-31": "358.00000", "2016-12-31": "104.00000", "2016-09-30": "381.00000", "2016-06-30": "169.00000", "2016-03-31": "192.00000", "2015-12-31": "130.00000", "2015-09-30": "90.00000", "2015-06-30": "405.00000", "2015-03-31": "0.00000", "2014-12-31": "", "2014-09-30": "0.00000", "2014-06-30": "0.00000", "2013-12-31": "3217.00000", "2012-12-31": "0.00000"}, "Total Liabilities And Share Holders Equity": {"2020-09-30": "6948.00000", "2020-06-30": "7034.00000", "2020-03-31": "6948.00000", "2019-12-31": "7258.00000", "2019-09-30": "7456.00000", "2019-06-30": "7433.00000", "2019-03-31": "7325.00000", "2018-12-31": "7362.00000", "2018-09-30": "7512.00000", "2018-06-30": "7338.00000", "2018-03-31": "7484.00000", "2017-12-31": "7293.00000", "2017-09-30": "7120.00000", "2017-06-30": "7052.00000", "2017-03-31": "6282.00000", "2016-12-31": "6060.00000", "2016-09-30": "6289.00000", "2016-06-30": "6221.00000", "2016-03-31": "6380.00000", "2015-12-31": "6298.00000", "2015-09-30": "6451.00000", "2015-06-30": "6685.00000", "2015-03-31": "0.00000", "2014-12-31": "", "2014-09-30": "0.00000", "2014-06-30": "0.00000", "2013-12-31": "5621.00000", "2012-12-31": "0.00000"}}, "cash flow statement": {"Net Income/Loss": {"2019-12-31": "-52.00000", "2018-12-31": "996.00000", "2017-12-31": "747.00000", "2016-12-31": "7.00000", "2015-12-31": "-90.00000", "2014-12-31": "401.00000", "2013-12-31": "424.00000", "2012-12-31": "1058.00000"}, "Total Depreciation And Amortization - Cash Flow": {"2019-12-31": "320.00000", "2018-12-31": "295.00000", "2017-12-31": "286.00000", "2016-12-31": "300.00000", "2015-12-31": "275.00000", "2014-12-31": "257.00000", "2013-12-31": "261.00000", "2012-12-31": "266.00000"}, "Other Non-Cash Items": {"2019-12-31": "244.00000", "2018-12-31": "22.00000", "2017-12-31": "13.00000", "2016-12-31": "-197.00000", "2015-12-31": "24.00000", "2014-12-31": "-43.00000", "2013-12-31": "-9.00000", "2012-12-31": "68.00000"}, "Total Non-Cash Items": {"2019-12-31": "564.00000", "2018-12-31": "317.00000", "2017-12-31": "299.00000", "2016-12-31": "103.00000", "2015-12-31": "299.00000", "2014-12-31": "214.00000", "2013-12-31": "252.00000", "2012-12-31": "334.00000"}, "Change In Accounts Receivable": {"2019-12-31": "191.00000", "2018-12-31": "47.00000", "2017-12-31": "-88.00000", "2016-12-31": "5.00000", "2015-12-31": "-64.00000", "2014-12-31": "4.00000", "2013-12-31": "-37.00000", "2012-12-31": "137.00000"}, "Change In Inventories": {"2019-12-31": "116.00000", "2018-12-31": "-284.00000", "2017-12-31": "-146.00000", "2016-12-31": "147.00000", "2015-12-31": "19.00000", "2014-12-31": "-29.00000", "2013-12-31": "-75.00000", "2012-12-31": "-94.00000"}, "Change In Accounts Payable": {"2019-12-31": "-169.00000", "2018-12-31": "64.00000", "2017-12-31": "-172.00000", "2016-12-31": "332.00000", "2015-12-31": "18.00000", "2014-12-31": "-85.00000", "2013-12-31": "234.00000", "2012-12-31": "-45.00000"}, "Change In Assets/Liabilities": {"2019-12-31": "", "2018-12-31": "", "2017-12-31": "", "2016-12-31": "", "2015-12-31": "", "2014-12-31": "", "2013-12-31": "", "2012-12-31": ""}, "Total Change In Assets/Liabilities": {"2019-12-31": "138.00000", "2018-12-31": "-173.00000", "2017-12-31": "-406.00000", "2016-12-31": "484.00000", "2015-12-31": "-27.00000", "2014-12-31": "-110.00000", "2013-12-31": "122.00000", "2012-12-31": "-2.00000"}, "Cash Flow From Operating Activities": {"2019-12-31": "650.00000", "2018-12-31": "1140.00000", "2017-12-31": "640.00000", "2016-12-31": "594.00000", "2015-12-31": "182.00000", "2014-12-31": "505.00000", "2013-12-31": "798.00000", "2012-12-31": "1390.00000"}, "Net Change In Property, Plant, And Equipment": {"2019-12-31": "-481.00000", "2018-12-31": "-498.00000", "2017-12-31": "-411.00000", "2016-12-31": "-338.00000", "2015-12-31": "-519.00000", "2014-12-31": "-604.00000", "2013-12-31": "-438.00000", "2012-12-31": "-432.00000"}, "Net Change In Intangible Assets": {"2019-12-31": "", "2018-12-31": "", "2017-12-31": "", "2016-12-31": "", "2015-12-31": "", "2014-12-31": "", "2013-12-31": "", "2012-12-31": ""}, "Net Acquisitions/Divestitures": {"2019-12-31": "-1.00000", "2018-12-31": "9.00000", "2017-12-31": "39.00000", "2016-12-31": "708.00000", "2015-12-31": "12.00000", "2014-12-31": "", "2013-12-31": "14.00000", "2012-12-31": "3.00000"}, "Net Change In Short-term Investments": {"2019-12-31": "", "2018-12-31": "", "2017-12-31": "", "2016-12-31": "", "2015-12-31": "", "2014-12-31": "", "2013-12-31": "", "2012-12-31": ""}, "Net Change In Long-Term Investments": {"2019-12-31": "", "2018-12-31": "", "2017-12-31": "", "2016-12-31": "-1.00000", "2015-12-31": "-32.00000", "2014-12-31": "-8.00000", "2013-12-31": "", "2012-12-31": ""}, "Net Change In Investments - Total": {"2019-12-31": "", "2018-12-31": "", "2017-12-31": "", "2016-12-31": "-1.00000", "2015-12-31": "-32.00000", "2014-12-31": "-8.00000", "2013-12-31": "", "2012-12-31": ""}, "Investing Activities - Other": {"2019-12-31": "-1.00000", "2018-12-31": "2.00000", "2017-12-31": "2.00000", "2016-12-31": "-12.00000", "2015-12-31": "42.00000", "2014-12-31": "52.00000", "2013-12-31": "", "2012-12-31": ""}, "Cash Flow From Investing Activities": {"2019-12-31": "-483.00000", "2018-12-31": "-487.00000", "2017-12-31": "-370.00000", "2016-12-31": "357.00000", "2015-12-31": "-497.00000", "2014-12-31": "-560.00000", "2013-12-31": "-424.00000", "2012-12-31": "-429.00000"}, "Net Long-Term Debt": {"2019-12-31": "-37.00000", "2018-12-31": "-188.00000", "2017-12-31": "467.00000", "2016-12-31": "-381.00000", "2015-12-31": "3481.00000", "2014-12-31": "", "2013-12-31": "", "2012-12-31": "-1.00000"}, "Net Current Debt": {"2019-12-31": "128.00000", "2018-12-31": "", "2017-12-31": "", "2016-12-31": "", "2015-12-31": "", "2014-12-31": "", "2013-12-31": "", "2012-12-31": ""}, "Debt Issuance/Retirement Net - Total": {"2019-12-31": "91.00000", "2018-12-31": "-188.00000", "2017-12-31": "467.00000", "2016-12-31": "-381.00000", "2015-12-31": "3481.00000", "2014-12-31": "", "2013-12-31": "", "2012-12-31": "-1.00000"}, "Net Common Equity Issued/Repurchased": {"2019-12-31": "-313.00000", "2018-12-31": "-628.00000", "2017-12-31": "-75.00000", "2016-12-31": "11.00000", "2015-12-31": "", "2014-12-31": "", "2013-12-31": "", "2012-12-31": ""}, "Net Total Equity Issued/Repurchased": {"2019-12-31": "-313.00000", "2018-12-31": "-628.00000", "2017-12-31": "-75.00000", "2016-12-31": "11.00000", "2015-12-31": "", "2014-12-31": "", "2013-12-31": "", "2012-12-31": ""}, "Total Common And Preferred Stock Dividends Paid": {"2019-12-31": "-164.00000", "2018-12-31": "-148.00000", "2017-12-31": "-22.00000", "2016-12-31": "-22.00000", "2015-12-31": "-105.00000", "2014-12-31": "", "2013-12-31": "", "2012-12-31": ""}, "Financial Activities - Other": {"2019-12-31": "-33.00000", "2018-12-31": "-29.00000", "2017-12-31": "-18.00000", "2016-12-31": "-4.00000", "2015-12-31": "-2689.00000", "2014-12-31": "55.00000", "2013-12-31": "-374.00000", "2012-12-31": "-960.00000"}, "Cash Flow From Financial Activities": {"2019-12-31": "-419.00000", "2018-12-31": "-993.00000", "2017-12-31": "352.00000", "2016-12-31": "-396.00000", "2015-12-31": "687.00000", "2014-12-31": "55.00000", "2013-12-31": "-374.00000", "2012-12-31": "-961.00000"}, "Net Cash Flow": {"2019-12-31": "-258.00000", "2018-12-31": "-355.00000", "2017-12-31": "654.00000", "2016-12-31": "536.00000", "2015-12-31": "366.00000", "2014-12-31": "", "2013-12-31": "", "2012-12-31": ""}, "Stock-Based Compensation": {"2019-12-31": "19.00000", "2018-12-31": "24.00000", "2017-12-31": "29.00000", "2016-12-31": "", "2015-12-31": "", "2014-12-31": "", "2013-12-31": "", "2012-12-31": ""}, "Common Stock Dividends Paid": {"2019-12-31": "-164.00000", "2018-12-31": "-148.00000", "2017-12-31": "-22.00000", "2016-12-31": "-22.00000", "2015-12-31": "-105.00000", "2014-12-31": "", "2013-12-31": "", "2012-12-31": ""}}, "cash flow statement, quarterly": {"Net Income/Loss": {"2020-09-30": 76, "2020-06-30": 24, "2020-03-31": "100.00000", "2019-12-31": -317, "2019-09-30": 76, "2019-06-30": 95, "2019-03-31": "94.00000", "2018-12-31": 142, "2018-09-30": 275, "2018-06-30": 282, "2018-03-31": "297.00000", "2017-12-31": 228, "2017-09-30": 207, "2017-06-30": 161, "2017-03-31": "151.00000", "2016-12-31": -230, "2016-09-30": 204, "2016-06-30": -18, "2016-03-31": "51.00000", "2015-12-31": -86, "2015-09-30": -29, "2015-06-30": -18, "2015-03-31": "43.00000", "2014-12-31": 79, "2014-09-30": 108, "2014-06-30": -210, "2013-12-31": -634, "2012-12-31": 1058}, "Total Depreciation And Amortization - Cash Flow": {"2020-09-30": 82, "2020-06-30": 84, "2020-03-31": "81.00000", "2019-12-31": 81, "2019-09-30": 80, "2019-06-30": 80, "2019-03-31": "79.00000", "2018-12-31": 73, "2018-09-30": 73, "2018-06-30": 76, "2018-03-31": "73.00000", "2017-12-31": 72, "2017-09-30": 65, "2017-06-30": 75, "2017-03-31": "74.00000", "2016-12-31": 73, "2016-09-30": 77, "2016-06-30": 76, "2016-03-31": "74.00000", "2015-12-31": 69, "2015-09-30": 73, "2015-06-30": 69, "2015-03-31": "64.00000", "2014-12-31": 72, "2014-09-30": 57, "2014-06-30": -133, "2013-12-31": -5, "2012-12-31": 266}, "Other Non-Cash Items": {"2020-09-30": -40, "2020-06-30": -32, "2020-03-31": "-40.00000", "2019-12-31": 279, "2019-09-30": -22, "2019-06-30": -6, "2019-03-31": "-7.00000", "2018-12-31": 40, "2018-09-30": -50, "2018-06-30": 21, "2018-03-31": "11.00000", "2017-12-31": -30, "2017-09-30": 20, "2017-06-30": 31, "2017-03-31": "-8.00000", "2016-12-31": -35, "2016-09-30": -106, "2016-06-30": 15, "2016-03-31": "-71.00000", "2015-12-31": -80, "2015-09-30": 144, "2015-06-30": -59, "2015-03-31": "19.00000", "2014-12-31": 33, "2014-09-30": -13, "2014-06-30": -20, "2013-12-31": 0, "2012-12-31": 0}, "Total Non-Cash Items": {"2020-09-30": 42, "2020-06-30": 52, "2020-03-31": "41.00000", "2019-12-31": 360, "2019-09-30": 58, "2019-06-30": 74, "2019-03-31": "72.00000", "2018-12-31": 113, "2018-09-30": 23, "2018-06-30": 97, "2018-03-31": "84.00000", "2017-12-31": 42, "2017-09-30": 85, "2017-06-30": 106, "2017-03-31": "66.00000", "2016-12-31": 38, "2016-09-30": -29, "2016-06-30": 91, "2016-03-31": "3.00000", "2015-12-31": -11, "2015-09-30": 217, "2015-06-30": 10, "2015-03-31": "83.00000", "2014-12-31": 105, "2014-09-30": 44, "2014-06-30": -153, "2013-12-31": -5, "2012-12-31": 266}, "Change In Accounts Receivable": {"2020-09-30": -31, "2020-06-30": 139, "2020-03-31": "-11.00000", "2019-12-31": 159, "2019-09-30": 48, "2019-06-30": -32, "2019-03-31": "16.00000", "2018-12-31": 134, "2018-09-30": 88, "2018-06-30": -25, "2018-03-31": "-150.00000", "2017-12-31": 22, "2017-09-30": 60, "2017-06-30": -67, "2017-03-31": "-103.00000", "2016-12-31": 68, "2016-09-30": 29, "2016-06-30": -52, "2016-03-31": "-40.00000", "2015-12-31": 186, "2015-09-30": -45, "2015-06-30": -107, "2015-03-31": "-98.00000", "2014-12-31": 189, "2014-09-30": 8, "2014-06-30": -197, "2013-12-31": 0, "2012-12-31": 0}, "Change In Inventories": {"2020-09-30": 78, "2020-06-30": 75, "2020-03-31": "-42.00000", "2019-12-31": 162, "2019-09-30": 24, "2019-06-30": -21, "2019-03-31": "-49.00000", "2018-12-31": -130, "2018-09-30": -80, "2018-06-30": -56, "2018-03-31": "-18.00000", "2017-12-31": -55, "2017-09-30": -48, "2017-06-30": -12, "2017-03-31": "-31.00000", "2016-12-31": 34, "2016-09-30": 28, "2016-06-30": 67, "2016-03-31": "18.00000", "2015-12-31": 48, "2015-09-30": 39, "2015-06-30": 20, "2015-03-31": "-88.00000", "2014-12-31": 6, "2014-09-30": 19, "2014-06-30": -25, "2013-12-31": 0, "2012-12-31": 0}, "Change In Accounts Payable": {"2020-09-30": 134, "2020-06-30": -179, "2020-03-31": "-44.00000", "2019-12-31": 36, "2019-09-30": 82, "2019-06-30": -110, "2019-03-31": "-177.00000", "2018-12-31": 0, "2018-09-30": 36, "2018-06-30": 45, "2018-03-31": "-17.00000", "2017-12-31": 66, "2017-09-30": -192, "2017-06-30": -4, "2017-03-31": "-42.00000", "2016-12-31": 360, "2016-09-30": -34, "2016-06-30": 2, "2016-03-31": "4.00000", "2015-12-31": 165, "2015-09-30": -69, "2015-06-30": 100, "2015-03-31": "-178.00000", "2014-12-31": 266, "2014-09-30": 63, "2014-06-30": -329, "2013-12-31": 0, "2012-12-31": 0}, "Change In Assets/Liabilities": {"2020-09-30": 0, "2020-06-30": 0, "2020-03-31": "", "2019-12-31": 0, "2019-09-30": 0, "2019-06-30": 0, "2019-03-31": "", "2018-12-31": 0, "2018-09-30": 0, "2018-06-30": 0, "2018-03-31": "", "2017-12-31": 0, "2017-09-30": 0, "2017-06-30": 0, "2017-03-31": "", "2016-12-31": 0, "2016-09-30": 0, "2016-06-30": 0, "2016-03-31": "", "2015-12-31": 0, "2015-09-30": 0, "2015-06-30": 0, "2015-03-31": "", "2014-12-31": 0, "2014-09-30": 0, "2014-06-30": 0, "2013-12-31": 0, "2012-12-31": 0}, "Total Change In Assets/Liabilities": {"2020-09-30": 181, "2020-06-30": 35, "2020-03-31": "-97.00000", "2019-12-31": 357, "2019-09-30": 154, "2019-06-30": -163, "2019-03-31": "-210.00000", "2018-12-31": 4, "2018-09-30": 44, "2018-06-30": -36, "2018-03-31": "-185.00000", "2017-12-31": 33, "2017-09-30": -180, "2017-06-30": -83, "2017-03-31": "-176.00000", "2016-12-31": 462, "2016-09-30": 23, "2016-06-30": 17, "2016-03-31": "-18.00000", "2015-12-31": 399, "2015-09-30": -75, "2015-06-30": 13, "2015-03-31": "-364.00000", "2014-12-31": 351, "2014-09-30": 90, "2014-06-30": -673, "2013-12-31": 124, "2012-12-31": -2}, "Cash Flow From Operating Activities": {"2020-09-30": 299, "2020-06-30": 111, "2020-03-31": "44.00000", "2019-12-31": 400, "2019-09-30": 288, "2019-06-30": 6, "2019-03-31": "-44.00000", "2018-12-31": 259, "2018-09-30": 342, "2018-06-30": 343, "2018-03-31": "196.00000", "2017-12-31": 303, "2017-09-30": 112, "2017-06-30": 184, "2017-03-31": "41.00000", "2016-12-31": 270, "2016-09-30": 198, "2016-06-30": 90, "2016-03-31": "36.00000", "2015-12-31": 302, "2015-09-30": 113, "2015-06-30": 5, "2015-03-31": "-238.00000", "2014-12-31": 492, "2014-09-30": 242, "2014-06-30": -1027, "2013-12-31": -592, "2012-12-31": 1390}, "Net Change In Property, Plant, And Equipment": {"2020-09-30": -47, "2020-06-30": -61, "2020-03-31": "-106.00000", "2019-12-31": -96, "2019-09-30": -128, "2019-06-30": -124, "2019-03-31": "-133.00000", "2018-12-31": -154, "2018-09-30": -116, "2018-06-30": -126, "2018-03-31": "-102.00000", "2017-12-31": -165, "2017-09-30": -108, "2017-06-30": -69, "2017-03-31": "-69.00000", "2016-12-31": -103, "2016-09-30": -67, "2016-06-30": -79, "2016-03-31": "-89.00000", "2015-12-31": -127, "2015-09-30": -105, "2015-06-30": -150, "2015-03-31": "-137.00000", "2014-12-31": -200, "2014-09-30": -173, "2014-06-30": 207, "2013-12-31": -6, "2012-12-31": -432}, "Net Change In Intangible Assets": {"2020-09-30": 0, "2020-06-30": 0, "2020-03-31": "", "2019-12-31": 0, "2019-09-30": 0, "2019-06-30": 0, "2019-03-31": "", "2018-12-31": 0, "2018-09-30": 0, "2018-06-30": 0, "2018-03-31": "", "2017-12-31": 0, "2017-09-30": 0, "2017-06-30": 0, "2017-03-31": "", "2016-12-31": 0, "2016-09-30": 0, "2016-06-30": 0, "2016-03-31": "", "2015-12-31": 0, "2015-09-30": 0, "2015-06-30": 0, "2015-03-31": "", "2014-12-31": 0, "2014-09-30": 0, "2014-06-30": 0, "2013-12-31": 0, "2012-12-31": 0}, "Net Acquisitions/Divestitures": {"2020-09-30": -10, "2020-06-30": 0, "2020-03-31": "", "2019-12-31": 2, "2019-09-30": -4, "2019-06-30": 1, "2019-03-31": "", "2018-12-31": 0, "2018-09-30": 5, "2018-06-30": -35, "2018-03-31": "39.00000", "2017-12-31": 0, "2017-09-30": 1, "2017-06-30": 29, "2017-03-31": "9.00000", "2016-12-31": 1, "2016-09-30": 557, "2016-06-30": 10, "2016-03-31": "140.00000", "2015-12-31": 4, "2015-09-30": 0, "2015-06-30": 0, "2015-03-31": "8.00000", "2014-12-31": 32, "2014-09-30": -29, "2014-06-30": 15, "2013-12-31": 11, "2012-12-31": 3}, "Net Change In Short-term Investments": {"2020-09-30": 0, "2020-06-30": 0, "2020-03-31": "", "2019-12-31": 0, "2019-09-30": 0, "2019-06-30": 0, "2019-03-31": "", "2018-12-31": 0, "2018-09-30": 0, "2018-06-30": 0, "2018-03-31": "", "2017-12-31": 0, "2017-09-30": 0, "2017-06-30": 0, "2017-03-31": "", "2016-12-31": 0, "2016-09-30": 0, "2016-06-30": 0, "2016-03-31": "", "2015-12-31": 0, "2015-09-30": 0, "2015-06-30": 0, "2015-03-31": "", "2014-12-31": 0, "2014-09-30": 0, "2014-06-30": 0, "2013-12-31": 0, "2012-12-31": 0}, "Net Change In Long-Term Investments": {"2020-09-30": 0, "2020-06-30": 0, "2020-03-31": "", "2019-12-31": 0, "2019-09-30": 0, "2019-06-30": 0, "2019-03-31": "", "2018-12-31": 0, "2018-09-30": 0, "2018-06-30": 0, "2018-03-31": "", "2017-12-31": 0, "2017-09-30": 0, "2017-06-30": 0, "2017-03-31": "", "2016-12-31": 1, "2016-09-30": -2, "2016-06-30": 0, "2016-03-31": "", "2015-12-31": 0, "2015-09-30": 0, "2015-06-30": -2, "2015-03-31": "-30.00000", "2014-12-31": 0, "2014-09-30": 0, "2014-06-30": 0, "2013-12-31": 0, "2012-12-31": 0}, "Net Change In Investments - Total": {"2020-09-30": 0, "2020-06-30": 0, "2020-03-31": "", "2019-12-31": 0, "2019-09-30": 0, "2019-06-30": 0, "2019-03-31": "", "2018-12-31": 0, "2018-09-30": 0, "2018-06-30": 0, "2018-03-31": "", "2017-12-31": 0, "2017-09-30": 0, "2017-06-30": 0, "2017-03-31": "", "2016-12-31": 1, "2016-09-30": -2, "2016-06-30": 0, "2016-03-31": "", "2015-12-31": 0, "2015-09-30": 0, "2015-06-30": -2, "2015-03-31": "-30.00000", "2014-12-31": -8, "2014-09-30": 0, "2014-06-30": 0, "2013-12-31": 0, "2012-12-31": 0}, "Investing Activities - Other": {"2020-09-30": 10, "2020-06-30": 10, "2020-03-31": "-6.00000", "2019-12-31": -2, "2019-09-30": 1, "2019-06-30": 1, "2019-03-31": "-1.00000", "2018-12-31": -6, "2018-09-30": 14, "2018-06-30": -11, "2018-03-31": "5.00000", "2017-12-31": -3, "2017-09-30": 3, "2017-06-30": 5, "2017-03-31": "-3.00000", "2016-12-31": -11, "2016-09-30": -1, "2016-06-30": 1, "2016-03-31": "-1.00000", "2015-12-31": -19, "2015-09-30": 73, "2015-06-30": -12, "2015-03-31": "", "2014-12-31": -7, "2014-09-30": 27, "2014-06-30": 0, "2013-12-31": 0, "2012-12-31": 0}, "Cash Flow From Investing Activities": {"2020-09-30": -47, "2020-06-30": -51, "2020-03-31": "-112.00000", "2019-12-31": -96, "2019-09-30": -131, "2019-06-30": -122, "2019-03-31": "-134.00000", "2018-12-31": -160, "2018-09-30": -97, "2018-06-30": -172, "2018-03-31": "-58.00000", "2017-12-31": -168, "2017-09-30": -104, "2017-06-30": -35, "2017-03-31": "-63.00000", "2016-12-31": -112, "2016-09-30": 487, "2016-06-30": -68, "2016-03-31": "50.00000", "2015-12-31": -142, "2015-09-30": -32, "2015-06-30": -164, "2015-03-31": "-159.00000", "2014-12-31": -183, "2014-09-30": -175, "2014-06-30": 222, "2013-12-31": 5, "2012-12-31": -429}, "Net Long-Term Debt": {"2020-09-30": -306, "2020-06-30": 294, "2020-03-31": "-128.00000", "2019-12-31": -22, "2019-09-30": -159, "2019-06-30": 147, "2019-03-31": "-3.00000", "2018-12-31": -4, "2018-09-30": -3, "2018-06-30": -177, "2018-03-31": "-4.00000", "2017-12-31": -2, "2017-09-30": -4, "2017-06-30": 477, "2017-03-31": "-4.00000", "2016-12-31": -169, "2016-09-30": -117, "2016-06-30": -86, "2016-03-31": "-9.00000", "2015-12-31": -3, "2015-09-30": -6, "2015-06-30": 3490, "2015-03-31": "", "2014-12-31": 1, "2014-09-30": -1, "2014-06-30": 0, "2013-12-31": 0, "2012-12-31": 0}, "Net Current Debt": {"2020-09-30": 0, "2020-06-30": 0, "2020-03-31": "12.00000", "2019-12-31": 3, "2019-09-30": 125, "2019-06-30": 0, "2019-03-31": "", "2018-12-31": 0, "2018-09-30": 0, "2018-06-30": 0, "2018-03-31": "", "2017-12-31": 0, "2017-09-30": 0, "2017-06-30": 0, "2017-03-31": "", "2016-12-31": 0, "2016-09-30": 0, "2016-06-30": 0, "2016-03-31": "", "2015-12-31": 0, "2015-09-30": 0, "2015-06-30": 0, "2015-03-31": "", "2014-12-31": 0, "2014-09-30": 0, "2014-06-30": 0, "2013-12-31": 0, "2012-12-31": 0}, "Debt Issuance/Retirement Net - Total": {"2020-09-30": -306, "2020-06-30": 294, "2020-03-31": "-116.00000", "2019-12-31": -19, "2019-09-30": -34, "2019-06-30": 147, "2019-03-31": "-3.00000", "2018-12-31": -4, "2018-09-30": -3, "2018-06-30": -177, "2018-03-31": "-4.00000", "2017-12-31": -2, "2017-09-30": -4, "2017-06-30": 477, "2017-03-31": "-4.00000", "2016-12-31": -169, "2016-09-30": -117, "2016-06-30": -86, "2016-03-31": "-9.00000", "2015-12-31": -3, "2015-09-30": -6, "2015-06-30": 3490, "2015-03-31": "", "2014-12-31": 1, "2014-09-30": -1, "2014-06-30": 0, "2013-12-31": 1, "2012-12-31": -1}, "Net Common Equity Issued/Repurchased": {"2020-09-30": 4, "2020-06-30": 0, "2020-03-31": "5.00000", "2019-12-31": 1, "2019-09-30": 0, "2019-06-30": -65, "2019-03-31": "-249.00000", "2018-12-31": -123, "2018-09-30": -124, "2018-06-30": -146, "2018-03-31": "-235.00000", "2017-12-31": -105, "2017-09-30": 4, "2017-06-30": 6, "2017-03-31": "20.00000", "2016-12-31": 11, "2016-09-30": 0, "2016-06-30": 0, "2016-03-31": "", "2015-12-31": 0, "2015-09-30": 0, "2015-06-30": 0, "2015-03-31": "", "2014-12-31": 0, "2014-09-30": 0, "2014-06-30": 0, "2013-12-31": 0, "2012-12-31": 0}, "Net Total Equity Issued/Repurchased": {"2020-09-30": 4, "2020-06-30": 0, "2020-03-31": "5.00000", "2019-12-31": 1, "2019-09-30": 0, "2019-06-30": -65, "2019-03-31": "-249.00000", "2018-12-31": -123, "2018-09-30": -124, "2018-06-30": -146, "2018-03-31": "-235.00000", "2017-12-31": -105, "2017-09-30": 4, "2017-06-30": 6, "2017-03-31": "20.00000", "2016-12-31": 11, "2016-09-30": 0, "2016-06-30": 0, "2016-03-31": "", "2015-12-31": 0, "2015-09-30": 0, "2015-06-30": 0, "2015-03-31": "", "2014-12-31": 0, "2014-09-30": 0, "2014-06-30": 0, "2013-12-31": 0, "2012-12-31": 0}, "Total Common And Preferred Stock Dividends Paid": {"2020-09-30": -41, "2020-06-30": -41, "2020-03-31": "-41.00000", "2019-12-31": -40, "2019-09-30": -41, "2019-06-30": -41, "2019-03-31": "-42.00000", "2018-12-31": -42, "2018-09-30": -45, "2018-06-30": -30, "2018-03-31": "-31.00000", "2017-12-31": -6, "2017-09-30": -5, "2017-06-30": -6, "2017-03-31": "-5.00000", "2016-12-31": -6, "2016-09-30": -5, "2016-06-30": -6, "2016-03-31": "-5.00000", "2015-12-31": -5, "2015-09-30": -100, "2015-06-30": 0, "2015-03-31": "", "2014-12-31": 0, "2014-09-30": 0, "2014-06-30": 0, "2013-12-31": 0, "2012-12-31": 0}, "Financial Activities - Other": {"2020-09-30": -1, "2020-06-30": -6, "2020-03-31": "-3.00000", "2019-12-31": -1, "2019-09-30": -2, "2019-06-30": 0, "2019-03-31": "-30.00000", "2018-12-31": -1, "2018-09-30": -10, "2018-06-30": -17, "2018-03-31": "-1.00000", "2017-12-31": -2, "2017-09-30": -10, "2017-06-30": -6, "2017-03-31": "", "2016-12-31": -2, "2016-09-30": 0, "2016-06-30": 0, "2016-03-31": "-2.00000", "2015-12-31": 0, "2015-09-30": -2, "2015-06-30": -3084, "2015-03-31": "397.00000", "2014-12-31": -310, "2014-09-30": -66, "2014-06-30": 805, "2013-12-31": 586, "2012-12-31": -960}, "Cash Flow From Financial Activities": {"2020-09-30": -344, "2020-06-30": 247, "2020-03-31": "-155.00000", "2019-12-31": -59, "2019-09-30": -77, "2019-06-30": 41, "2019-03-31": "-324.00000", "2018-12-31": -170, "2018-09-30": -182, "2018-06-30": -370, "2018-03-31": "-271.00000", "2017-12-31": -115, "2017-09-30": -15, "2017-06-30": 471, "2017-03-31": "11.00000", "2016-12-31": -166, "2016-09-30": -122, "2016-06-30": -92, "2016-03-31": "-16.00000", "2015-12-31": -8, "2015-09-30": -108, "2015-06-30": 406, "2015-03-31": "397.00000", "2014-12-31": -309, "2014-09-30": -67, "2014-06-30": 805, "2013-12-31": 587, "2012-12-31": -961}, "Net Cash Flow": {"2020-09-30": -75, "2020-06-30": 317, "2020-03-31": "-229.00000", "2019-12-31": 249, "2019-09-30": 64, "2019-06-30": -67, "2019-03-31": "-504.00000", "2018-12-31": -74, "2018-09-30": 58, "2018-06-30": -217, "2018-03-31": "-122.00000", "2017-12-31": 21, "2017-09-30": 6, "2017-06-30": 631, "2017-03-31": "-4.00000", "2016-12-31": -55, "2016-09-30": 574, "2016-06-30": -52, "2016-03-31": "69.00000", "2015-12-31": 151, "2015-09-30": -32, "2015-06-30": 247, "2015-03-31": "", "2014-12-31": 0, "2014-09-30": 0, "2014-06-30": 0, "2013-12-31": 0, "2012-12-31": 0}, "Stock-Based Compensation": {"2020-09-30": 3, "2020-06-30": 1, "2020-03-31": "8.00000", "2019-12-31": 1, "2019-09-30": 4, "2019-06-30": 6, "2019-03-31": "8.00000", "2018-12-31": 4, "2018-09-30": 5, "2018-06-30": 6, "2018-03-31": "9.00000", "2017-12-31": 29, "2017-09-30": 0, "2017-06-30": 0, "2017-03-31": "", "2016-12-31": 0, "2016-09-30": 0, "2016-06-30": 0, "2016-03-31": "", "2015-12-31": 0, "2015-09-30": 0, "2015-06-30": 0, "2015-03-31": "", "2014-12-31": 0, "2014-09-30": 0, "2014-06-30": 0, "2013-12-31": 0, "2012-12-31": 0}, "Common Stock Dividends Paid": {"2020-09-30": -41, "2020-06-30": -41, "2020-03-31": "-41.00000", "2019-12-31": -40, "2019-09-30": -41, "2019-06-30": -41, "2019-03-31": "-42.00000", "2018-12-31": -42, "2018-09-30": -45, "2018-06-30": -30, "2018-03-31": "-31.00000", "2017-12-31": -6, "2017-09-30": -5, "2017-06-30": -6, "2017-03-31": "-5.00000", "2016-12-31": -6, "2016-09-30": -5, "2016-06-30": -6, "2016-03-31": "-5.00000", "2015-12-31": -5, "2015-09-30": -100, "2015-06-30": 0, "2015-03-31": "", "2014-12-31": 0, "2014-09-30": 0, "2014-06-30": 0, "2013-12-31": 0, "2012-12-31": 0}}, "financial ratios": {"Current Ratio": {"2019-12-31": "1.80210", "2018-12-31": "1.92690", "2017-12-31": "2.11950", "2016-12-31": "1.44160", "2015-12-31": "1.56960", "2014-12-31": "1.38840", "2013-12-31": "1.34600", "2012-12-31": ""}, "Long-term Debt / Capital": {"2019-12-31": "0.85280", "2018-12-31": "0.79510", "2017-12-31": "0.82570", "2016-12-31": "0.97140", "2015-12-31": "0.96790", "2014-12-31": "", "2013-12-31": "", "2012-12-31": ""}, "Debt/Equity Ratio": {"2019-12-31": "5.98560", "2018-12-31": "3.89410", "2017-12-31": "4.75380", "2016-12-31": "34.07690", "2015-12-31": "30.41540", "2014-12-31": "", "2013-12-31": "", "2012-12-31": ""}, "Gross Margin": {"2019-12-31": "19.23630", "2018-12-31": "29.69270", "2017-12-31": "28.22260", "2016-12-31": "20.42590", "2015-12-31": "16.70460", "2014-12-31": "21.14430", "2013-12-31": "21.34420", "2012-12-31": "31.92130"}, "Operating Margin": {"2019-12-31": "6.29750", "2018-12-31": "17.82160", "2017-12-31": "15.86610", "2016-12-31": "-1.74070", "2015-12-31": "-2.30890", "2014-12-31": "7.94470", "2013-12-31": "7.72710", "2012-12-31": "19.32110"}, "EBIT Margin": {"2019-12-31": "6.29750", "2018-12-31": "17.82160", "2017-12-31": "15.86610", "2016-12-31": "-1.74070", "2015-12-31": "-2.30890", "2014-12-31": "7.94470", "2013-12-31": "7.72710", "2012-12-31": "19.32110"}, "EBITDA Margin": {"2019-12-31": "12.08830", "2018-12-31": "22.26570", "2017-12-31": "20.49170", "2016-12-31": "3.81480", "2015-12-31": "2.50130", "2014-12-31": "11.94030", "2013-12-31": "11.53230", "2012-12-31": "22.93280"}, "Pre-Tax Profit Margin": {"2019-12-31": "-2.24390", "2018-12-31": "17.39980", "2017-12-31": "14.75010", "2016-12-31": "-0.20370", "2015-12-31": "-3.28840", "2014-12-31": "8.55100", "2013-12-31": "8.39770", "2012-12-31": "20.16290"}, "Net Profit Margin": {"2019-12-31": "-0.94100", "2018-12-31": "14.98950", "2017-12-31": "12.06530", "2016-12-31": "0.12960", "2015-12-31": "-1.57430", "2014-12-31": "6.21890", "2013-12-31": "6.16710", "2012-12-31": "14.35170"}, "Asset Turnover": {"2019-12-31": "0.76140", "2018-12-31": "0.90170", "2017-12-31": "0.84780", "2016-12-31": "0.89110", "2015-12-31": "0.90770", "2014-12-31": "1.07940", "2013-12-31": "1.22020", "2012-12-31": ""}, "Inventory Turnover Ratio": {"2019-12-31": "4.13620", "2018-12-31": "4.06890", "2017-12-31": "4.74650", "2016-12-31": "5.60230", "2015-12-31": "4.89920", "2014-12-31": "4.82130", "2013-12-31": "5.11370", "2012-12-31": ""}, "Receiveable Turnover": {"2019-12-31": "8.19880", "2018-12-31": "7.70960", "2017-12-31": "6.72800", "2016-12-31": "6.69150", "2015-12-31": "6.65540", "2014-12-31": "7.60280", "2013-12-31": "8.15580", "2012-12-31": ""}, "Days Sales In Receivables": {"2019-12-31": "44.51860", "2018-12-31": "47.34330", "2017-12-31": "54.25120", "2016-12-31": "54.54720", "2015-12-31": "54.84260", "2014-12-31": "48.00840", "2013-12-31": "44.75360", "2012-12-31": ""}, "ROE - Return On Equity": {"2019-12-31": "-7.48200", "2018-12-31": "97.64710", "2017-12-31": "86.35840", "2016-12-31": "6.73080", "2015-12-31": "-69.23080", "2014-12-31": "10.91750", "2013-12-31": "13.18000", "2012-12-31": ""}, "Return On Tangible Equity": {"2019-12-31": "-9.98080", "2018-12-31": "118.71280", "2017-12-31": "106.86700", "2016-12-31": "-10.60610", "2015-12-31": "195.65220", "2014-12-31": "11.57620", "2013-12-31": "14.12390", "2012-12-31": ""}, "ROA - Return On Assets": {"2019-12-31": "-0.71650", "2018-12-31": "13.52890", "2017-12-31": "10.24270", "2016-12-31": "0.11550", "2015-12-31": "-1.42900", "2014-12-31": "6.72930", "2013-12-31": "7.54310", "2012-12-31": ""}, "ROI - Return On Investment": {"2019-12-31": "-1.10150", "2018-12-31": "20.00400", "2017-12-31": "15.05440", "2016-12-31": "0.19270", "2015-12-31": "-2.22500", "2014-12-31": "10.91750", "2013-12-31": "13.18000", "2012-12-31": ""}, "Book Value Per Share": {"2019-12-31": "4.24880", "2018-12-31": "5.97260", "2017-12-31": "4.72790", "2016-12-31": "0.56950", "2015-12-31": "0.71800", "2014-12-31": "20.28500", "2013-12-31": "", "2012-12-31": ""}, "Operating Cash Flow Per Share": {"2019-12-31": -2.3003, "2018-12-31": 2.893, "2017-12-31": 0.1126, "2016-12-31": 2.2329, "2015-12-31": -1.785, "2014-12-31": -1.619, "2013-12-31": 4.4096, "2012-12-31": 0}, "Free Cash Flow Per Share": {"2019-12-31": -2.491, "2018-12-31": 2.3173, "2017-12-31": -0.1966, "2016-12-31": 3.2576, "2015-12-31": -1.3148, "2014-12-31": -2.5364, "2013-12-31": 1.9893, "2012-12-31": 0}}, "financial ratios, quarterly": {"Current Ratio": {"2020-09-30": "1.99160", "2020-06-30": "2.35030", "2020-03-31": "1.92930", "2019-12-31": "1.80210", "2019-09-30": "1.72060", "2019-06-30": "1.95580", "2019-03-31": "1.81110", "2018-12-31": "1.92690", "2018-09-30": "2.03060", "2018-06-30": "2.09430", "2018-03-31": "2.20960", "2017-12-31": "2.11950", "2017-09-30": "2.18660", "2017-06-30": "1.96570", "2017-03-31": "1.56250", "2016-12-31": "1.44160", "2016-09-30": "1.91990", "2016-06-30": "1.58730", "2016-03-31": "1.59450", "2015-12-31": "1.56960", "2015-09-30": "1.64850", "2015-06-30": "1.72310", "2015-03-31": "", "2014-12-31": "", "2014-09-30": "", "2014-06-30": "", "2013-12-31": "", "2012-12-31": ""}, "Long-term Debt / Capital": {"2020-09-30": "0.84700", "2020-06-30": "0.86780", "2020-03-31": "0.85850", "2019-12-31": "0.85280", "2019-09-30": "0.82620", "2019-06-30": "0.83480", "2019-03-31": "0.82930", "2018-12-31": "0.79510", "2018-09-30": "0.77670", "2018-06-30": "0.79440", "2018-03-31": "0.80520", "2017-12-31": "0.82570", "2017-09-30": "0.83520", "2017-06-30": "0.87640", "2017-03-31": "0.90810", "2016-12-31": "0.97140", "2016-09-30": "0.90690", "2016-06-30": "0.95770", "2016-03-31": "0.95330", "2015-12-31": "0.96790", "2015-09-30": "0.97760", "2015-06-30": "0.90650", "2015-03-31": "", "2014-12-31": "", "2014-09-30": "", "2014-06-30": "", "2013-12-31": "", "2012-12-31": ""}, "Debt/Equity Ratio": {"2020-09-30": "5.57900", "2020-06-30": "6.59480", "2020-03-31": "6.10290", "2019-12-31": "5.98560", "2019-09-30": "4.93000", "2019-06-30": "5.07600", "2019-03-31": "4.87500", "2018-12-31": "3.89410", "2018-09-30": "3.48950", "2018-06-30": "3.87610", "2018-03-31": "4.14670", "2017-12-31": "4.75380", "2017-09-30": "5.08700", "2017-06-30": "7.11540", "2017-03-31": "9.92180", "2016-12-31": "34.07690", "2016-09-30": "9.82940", "2016-06-30": "22.83430", "2016-03-31": "20.59380", "2015-12-31": "30.41540", "2015-09-30": "44.02220", "2015-06-30": "9.73580", "2015-03-31": "", "2014-12-31": "", "2014-09-30": "", "2014-06-30": "", "2013-12-31": "", "2012-12-31": ""}, "Gross Margin": {"2020-09-30": "20.84350", "2020-06-30": "18.20680", "2020-03-31": "22.83530", "2019-12-31": "11.09470", "2019-09-30": "21.15110", "2019-06-30": "22.94030", "2019-03-31": "21.51160", "2018-12-31": "27.32240", "2018-09-30": "29.29980", "2018-06-30": "30.67180", "2018-03-31": "31.04050", "2017-12-31": "30.87680", "2017-09-30": "29.35610", "2017-06-30": "27.58190", "2017-03-31": "24.77380", "2016-12-31": "22.08780", "2016-09-30": "24.46350", "2016-06-30": "19.30590", "2016-03-31": "15.57440", "2015-12-31": "15.66180", "2015-09-30": "17.76580", "2015-06-30": "14.98670", "2015-03-31": "18.48860", "2014-12-31": "", "2014-09-30": "21.99760", "2014-06-30": "22.05710", "2013-12-31": "", "2012-12-31": ""}, "Operating Margin": {"2020-09-30": "9.24570", "2020-06-30": "4.75750", "2020-03-31": "10.57470", "2019-12-31": "-2.44080", "2019-09-30": "7.91370", "2019-06-30": "11.43470", "2019-03-31": "7.99420", "2018-12-31": "11.68030", "2018-09-30": "17.32190", "2018-06-30": "20.15420", "2018-03-31": "21.04050", "2017-12-31": "17.47140", "2017-09-30": "17.92930", "2017-06-30": "15.55420", "2017-03-31": "12.17820", "2016-12-31": "-18.68380", "2016-09-30": "8.22600", "2016-06-30": "0.65080", "2016-03-31": "2.23590", "2015-12-31": "-4.04410", "2015-09-30": "-8.07540", "2015-06-30": "-1.25990", "2015-03-31": "4.54880", "2014-12-31": "", "2014-09-30": "9.19120", "2014-06-30": "7.61000", "2013-12-31": "", "2012-12-31": ""}, "EBIT Margin": {"2020-09-30": "9.24570", "2020-06-30": "4.75750", "2020-03-31": "10.57470", "2019-12-31": "-2.44080", "2019-09-30": "7.91370", "2019-06-30": "11.43470", "2019-03-31": "7.99420", "2018-12-31": "11.68030", "2018-09-30": "17.32190", "2018-06-30": "20.15420", "2018-03-31": "21.04050", "2017-12-31": "17.47140", "2017-09-30": "17.92930", "2017-06-30": "15.55420", "2017-03-31": "12.17820", "2016-12-31": "-18.68380", "2016-09-30": "8.22600", "2016-06-30": "0.65080", "2016-03-31": "2.23590", "2015-12-31": "-4.04410", "2015-09-30": "-8.07540", "2015-06-30": "-1.25990", "2015-03-31": "4.54880", "2014-12-31": "", "2014-09-30": "9.19120", "2014-06-30": "7.61000", "2013-12-31": "", "2012-12-31": ""}, "EBITDA Margin": {"2020-09-30": "", "2020-06-30": "", "2020-03-31": "", "2019-12-31": "", "2019-09-30": "", "2019-06-30": "", "2019-03-31": "", "2018-12-31": "", "2018-09-30": "", "2018-06-30": "", "2018-03-31": "", "2017-12-31": "", "2017-09-30": "", "2017-06-30": "", "2017-03-31": "", "2016-12-31": "", "2016-09-30": "", "2016-06-30": "", "2016-03-31": "", "2015-12-31": "", "2015-09-30": "", "2015-06-30": "", "2015-03-31": "", "2014-12-31": "", "2014-09-30": "", "2014-06-30": "", "2013-12-31": "", "2012-12-31": ""}, "Pre-Tax Profit Margin": {"2020-09-30": "4.86620", "2020-06-30": "1.82980", "2020-03-31": "5.90040", "2019-12-31": "-33.65390", "2019-09-30": "6.54680", "2019-06-30": "9.44600", "2019-03-31": "7.77620", "2018-12-31": "12.43170", "2018-09-30": "16.52330", "2018-06-30": "17.78630", "2018-03-31": "22.02310", "2017-12-31": "16.77260", "2017-09-30": "15.78280", "2017-06-30": "14.16880", "2017-03-31": "12.03900", "2016-12-31": "-20.72620", "2016-09-30": "16.73820", "2016-06-30": "-2.96460", "2016-03-31": "5.39710", "2015-12-31": "-8.89710", "2015-09-30": "-7.20050", "2015-06-30": "-1.19360", "2015-03-31": "4.25530", "2014-12-31": "", "2014-09-30": "8.76230", "2014-06-30": "9.21520", "2013-12-31": "", "2012-12-31": ""}, "Net Profit Margin": {"2020-09-30": "6.16380", "2020-06-30": "2.19580", "2020-03-31": "7.66280", "2019-12-31": "-23.52070", "2019-09-30": "5.46760", "2019-06-30": "6.81820", "2019-03-31": "6.83140", "2018-12-31": "9.69950", "2018-09-30": "16.89190", "2018-06-30": "15.47360", "2018-03-31": "17.16760", "2017-12-31": "14.48540", "2017-09-30": "13.06820", "2017-06-30": "10.13850", "2017-03-31": "10.43840", "2016-12-31": "-17.39790", "2016-09-30": "14.59230", "2016-06-30": "-1.30150", "2016-03-31": "3.93220", "2015-12-31": "-6.32350", "2015-09-30": "-1.95150", "2015-06-30": "-1.19360", "2015-03-31": "3.15480", "2014-12-31": "", "2014-09-30": "6.55640", "2014-06-30": "6.89660", "2013-12-31": "", "2012-12-31": ""}, "Asset Turnover": {"2020-09-30": "0.17750", "2020-06-30": "0.15540", "2020-03-31": "0.18780", "2019-12-31": "0.18630", "2019-09-30": "0.18640", "2019-06-30": "0.18940", "2019-03-31": "0.18780", "2018-12-31": "0.19890", "2018-09-30": "0.21670", "2018-06-30": "0.24750", "2018-03-31": "0.23120", "2017-12-31": "0.21580", "2017-09-30": "0.22250", "2017-06-30": "0.22520", "2017-03-31": "0.22870", "2016-12-31": "0.21820", "2016-09-30": "0.22230", "2016-06-30": "0.22230", "2016-03-31": "0.20330", "2015-12-31": "0.21590", "2015-09-30": "0.23040", "2015-06-30": "0.22560", "2015-03-31": "", "2014-12-31": "", "2014-09-30": "", "2014-06-30": "", "2013-12-31": "", "2012-12-31": ""}, "Inventory Turnover Ratio": {"2020-09-30": "0.98290", "2020-06-30": "0.83240", "2020-03-31": "0.90390", "2019-12-31": "1.11400", "2019-09-30": "0.89620", "2019-06-30": "0.86800", "2019-03-31": "0.88670", "2018-12-31": "0.92760", "2018-09-30": "1.05990", "2018-06-30": "1.24280", "2018-03-31": "1.20260", "2017-12-31": "1.16360", "2017-09-30": "1.27590", "2017-06-30": "1.35610", "2017-03-31": "1.31510", "2016-12-31": "1.34290", "2016-09-30": "1.24820", "2016-06-30": "1.25110", "2016-03-31": "1.15510", "2015-12-31": "1.18000", "2015-09-30": "1.23060", "2015-06-30": "1.21630", "2015-03-31": "", "2014-12-31": "", "2014-09-30": "", "2014-06-30": "", "2013-12-31": "", "2012-12-31": ""}, "Receiveable Turnover": {"2020-09-30": "2.15560", "2020-06-30": "2.02410", "2020-03-31": "1.91630", "2019-12-31": "2.00590", "2019-09-30": "1.67070", "2019-06-30": "1.60180", "2019-03-31": "1.62460", "2018-12-31": "1.70030", "2018-09-30": "1.63130", "2018-06-30": "1.65840", "2018-03-31": "1.59740", "2017-12-31": "1.71270", "2017-09-30": "1.68150", "2017-06-30": "1.59760", "2017-03-31": "1.56030", "2016-12-31": "1.63820", "2016-09-30": "1.58680", "2016-06-30": "1.47280", "2016-03-31": "1.43160", "2015-12-31": "1.58320", "2015-09-30": "1.34850", "2015-06-30": "1.45280", "2015-03-31": "", "2014-12-31": "", "2014-09-30": "", "2014-06-30": "", "2013-12-31": "", "2012-12-31": ""}, "Days Sales In Receivables": {"2020-09-30": "41.75180", "2020-06-30": "44.46480", "2020-03-31": "46.96550", "2019-12-31": "44.86690", "2019-09-30": "53.87050", "2019-06-30": "56.18610", "2019-03-31": "55.39970", "2018-12-31": "52.93030", "2018-09-30": "55.17200", "2018-06-30": "54.26760", "2018-03-31": "56.34100", "2017-12-31": "52.54770", "2017-09-30": "53.52270", "2017-06-30": "56.33500", "2017-03-31": "57.68270", "2016-12-31": "54.93950", "2016-09-30": "56.71670", "2016-06-30": "61.10630", "2016-03-31": "62.86820", "2015-12-31": "56.84560", "2015-09-30": "66.74290", "2015-06-30": "61.94960", "2015-03-31": "", "2014-12-31": "", "2014-09-30": "", "2014-06-30": "", "2013-12-31": "", "2012-12-31": ""}, "ROE - Return On Equity": {"2020-09-30": "10.35420", "2020-06-30": "3.64190", "2020-03-31": "15.12860", "2019-12-31": "-45.75540", "2019-09-30": "9.01540", "2019-06-30": "11.58020", "2019-03-31": "11.51960", "2018-12-31": "13.92160", "2018-09-30": "23.99650", "2018-06-30": "27.51220", "2018-03-31": "29.64070", "2017-12-31": "26.35840", "2017-09-30": "25.71430", "2017-06-30": "28.14690", "2017-03-31": "42.17880", "2016-12-31": "-221.15390", "2016-09-30": "53.54330", "2016-06-30": "-10.65090", "2016-03-31": "26.56250", "2015-12-31": "-66.15390", "2015-09-30": "-32.22220", "2015-06-30": "-4.44440", "2015-03-31": "", "2014-12-31": "", "2014-09-30": "", "2014-06-30": "", "2013-12-31": "", "2012-12-31": ""}, "Return On Tangible Equity": {"2020-09-30": "13.45130", "2020-06-30": "4.91800", "2020-03-31": "20.44990", "2019-12-31": "-61.03650", "2019-09-30": "11.39430", "2019-06-30": "14.74650", "2019-03-31": "14.77990", "2018-12-31": "16.92490", "2018-09-30": "28.67570", "2018-06-30": "33.73210", "2018-03-31": "35.48390", "2017-12-31": "32.61800", "2017-09-30": "32.44510", "2017-06-30": "39.85150", "2017-03-31": "79.89420", "2016-12-31": "348.48490", "2016-09-30": "97.14290", "2016-06-30": "-225.00000", "2016-03-31": "300.00000", "2015-12-31": "186.95650", "2015-09-30": "32.22220", "2015-06-30": "-9.13710", "2015-03-31": "", "2014-12-31": "", "2014-09-30": "", "2014-06-30": "", "2013-12-31": "", "2012-12-31": ""}, "ROA - Return On Assets": {"2020-09-30": "1.09380", "2020-06-30": "0.34120", "2020-03-31": "1.43930", "2019-12-31": "-4.38140", "2019-09-30": "1.01930", "2019-06-30": "1.29150", "2019-03-31": "1.28330", "2018-12-31": "1.92880", "2018-09-30": "3.66080", "2018-06-30": "3.84300", "2018-03-31": "3.96850", "2017-12-31": "3.12630", "2017-09-30": "2.90730", "2017-06-30": "2.28300", "2017-03-31": "2.40370", "2016-12-31": "-3.79540", "2016-09-30": "3.24380", "2016-06-30": "-0.28930", "2016-03-31": "0.79940", "2015-12-31": "-1.36550", "2015-09-30": "-0.44950", "2015-06-30": "-0.26930", "2015-03-31": "", "2014-12-31": "", "2014-09-30": "", "2014-06-30": "", "2013-12-31": "", "2012-12-31": ""}, "ROI - Return On Investment": {"2020-09-30": "1.58430", "2020-06-30": "0.48130", "2020-03-31": "2.14000", "2019-12-31": "-6.73590", "2019-09-30": "1.56700", "2019-06-30": "1.91270", "2019-03-31": "1.96610", "2018-12-31": "2.85200", "2018-09-30": "5.35960", "2018-06-30": "5.65700", "2018-03-31": "5.77480", "2017-12-31": "4.59490", "2017-09-30": "4.23660", "2017-06-30": "3.47880", "2017-03-31": "3.87580", "2016-12-31": "-6.33090", "2016-09-30": "4.98290", "2016-06-30": "-0.45090", "2016-03-31": "1.24030", "2015-12-31": "-2.12610", "2015-09-30": "-0.72250", "2015-06-30": "-0.41550", "2015-03-31": "", "2014-12-31": "", "2014-09-30": "", "2014-06-30": "", "2013-12-31": "", "2012-12-31": ""}, "Book Value Per Share": {"2020-09-30": "4.46330", "2020-06-30": "4.01260", "2020-03-31": "4.02510", "2019-12-31": "4.24880", "2019-09-30": "5.15620", "2019-06-30": "5.07090", "2019-03-31": "4.94570", "2018-12-31": "5.97260", "2018-09-30": "6.59190", "2018-06-30": "5.80670", "2018-03-31": "5.61230", "2017-12-31": "4.72790", "2017-09-30": "4.34920", "2017-06-30": "3.09710", "2017-03-31": "1.94150", "2016-12-31": "0.56950", "2016-09-30": "2.09660", "2016-06-30": "0.93120", "2016-03-31": "1.05810", "2015-12-31": "0.71800", "2015-09-30": "0.49730", "2015-06-30": "2.23800", "2015-03-31": "", "2014-12-31": "", "2014-09-30": "", "2014-06-30": "", "2013-12-31": "", "2012-12-31": ""}, "Operating Cash Flow Per Share": {"2020-09-30": 1.7879, "2020-06-30": 0.6707, "2020-03-31": "0.26630", "2019-12-31": 2.4299, "2019-09-30": 1.7415, "2019-06-30": 0.0281, "2019-03-31": "-0.25570", "2018-12-31": 1.4002, "2018-09-30": 1.9117, "2018-06-30": 1.8915, "2018-03-31": "1.04070", "2017-12-31": 1.5926, "2017-09-30": 0.5813, "2017-06-30": 0.9604, "2017-03-31": "0.21680", "2016-12-31": 1.4731, "2016-09-30": 1.0711, "2016-06-30": 0.496, "2016-03-31": "0.19830", "2015-12-31": 1.6687, "2015-09-30": 0.6244, "2015-06-30": 0.0277, "2015-03-31": "-1.31520", "2014-12-31": -0.0718, "2014-09-30": 0.0718, "2014-06-30": 0, "2013-12-31": 0, "2012-12-31": 0}, "Free Cash Flow Per Share": {"2020-09-30": 1.513, "2020-06-30": 0.3027, "2020-03-31": "-0.37520", "2019-12-31": 1.8429, "2019-09-30": 0.9496, "2019-06-30": -0.7384, "2019-03-31": "-1.02870", "2018-12-31": 0.5639, "2018-09-30": 1.2606, "2018-06-30": 1.1928, "2018-03-31": "0.49910", "2017-12-31": 0.7242, "2017-09-30": 0.0197, "2017-06-30": 0.6032, "2017-03-31": "-0.14800", "2016-12-31": 0.9108, "2016-09-30": 0.7163, "2016-06-30": 0.0606, "2016-03-31": "-0.29200", "2015-12-31": 0.9673, "2015-09-30": 0.0443, "2015-06-30": -0.8013, "2015-03-31": "-2.07220", "2014-12-31": 2.1606, "2014-09-30": -2.1606, "2014-06-30": 0, "2013-12-31": 0, "2012-12-31": 0}}, "revenue": {"Chemours Annual Revenue (Millions of US $)": {"2019": "$5,526", "2018": "$6,638", "2017": "$6,183", "2016": "$5,400", "2015": "$5,717", "2014": "$6,432", "2013": "$6,859", "2012": "$7,365"}, "Chemours Quarterly Revenue (Millions of US $)": {"2020-09-30": "$1,233", "2020-06-30": "$1,093", "2020-03-31": "$1,305", "2019-12-31": "$1,352", "2019-09-30": "$1,390", "2019-06-30": "$1,408", "2019-03-31": "$1,376", "2018-12-31": "$1,464", "2018-09-30": "$1,628", "2018-06-30": "$1,816", "2018-03-31": "$1,730", "2017-12-31": "$1,574", "2017-09-30": "$1,584", "2017-06-30": "$1,588", "2017-03-31": "$1,437", "2016-12-31": "$1,322", "2016-09-30": "$1,398", "2016-06-30": "$1,383", "2016-03-31": "$1,297", "2015-12-31": "$1,360", "2015-09-30": "$1,486", "2015-06-30": "$1,508", "2015-03-31": "$1,363", "2014-12-31": "", "2014-09-30": "$1,632", "2014-06-30": "$1,682", "2013-12-31": "", "2012-12-31": ""}}, "gross-profit": {"Chemours Annual Gross Profit (Millions of US $)": {"2019": "$1,063", "2018": "$1,971", "2017": "$1,745", "2016": "$1,103", "2015": "$955", "2014": "$1,360", "2013": "$1,464", "2012": "$2,351"}, "Chemours Quarterly Gross Profit (Millions of US $)": {"2020-09-30": "$257", "2020-06-30": "$199", "2020-03-31": "$298", "2019-12-31": "$150", "2019-09-30": "$294", "2019-06-30": "$323", "2019-03-31": "$296", "2018-12-31": "$400", "2018-09-30": "$477", "2018-06-30": "$557", "2018-03-31": "$537", "2017-12-31": "$486", "2017-09-30": "$465", "2017-06-30": "$438", "2017-03-31": "$356", "2016-12-31": "$292", "2016-09-30": "$342", "2016-06-30": "$267", "2016-03-31": "$202", "2015-12-31": "$213", "2015-09-30": "$264", "2015-06-30": "$226", "2015-03-31": "$252", "2014-12-31": "", "2014-09-30": "$359", "2014-06-30": "$371", "2013-12-31": "", "2012-12-31": ""}}, "operating-income": {"Chemours Annual Operating Income (Millions of US $)": {"2019": "$348", "2018": "$1,183", "2017": "$981", "2016": "$-94", "2015": "$-132", "2014": "$511", "2013": "$530", "2012": "$1,423"}, "Chemours Quarterly Operating Income (Millions of US $)": {"2020-09-30": "$114", "2020-06-30": "$52", "2020-03-31": "$138", "2019-12-31": "$-33", "2019-09-30": "$110", "2019-06-30": "$161", "2019-03-31": "$110", "2018-12-31": "$171", "2018-09-30": "$282", "2018-06-30": "$366", "2018-03-31": "$364", "2017-12-31": "$275", "2017-09-30": "$284", "2017-06-30": "$247", "2017-03-31": "$175", "2016-12-31": "$-247", "2016-09-30": "$115", "2016-06-30": "$9", "2016-03-31": "$29", "2015-12-31": "$-55", "2015-09-30": "$-120", "2015-06-30": "$-19", "2015-03-31": "$62", "2014-12-31": "", "2014-09-30": "$150", "2014-06-30": "$128", "2013-12-31": "", "2012-12-31": ""}}, "ebitda": {"Chemours Annual EBITDA (Millions of US $)": {"2019": "$668", "2018": "$1,478", "2017": "$1,267", "2016": "$206", "2015": "$143", "2014": "$768", "2013": "$791", "2012": "$1,689"}, "Chemours Quarterly EBITDA (Millions of US $)": {"2020-09-30": "$196", "2020-06-30": "$136", "2020-03-31": "$219", "2019-12-31": "$48", "2019-09-30": "$190", "2019-06-30": "$241", "2019-03-31": "$189", "2018-12-31": "$244", "2018-09-30": "$355", "2018-06-30": "$442", "2018-03-31": "$437", "2017-12-31": "$347", "2017-09-30": "$349", "2017-06-30": "$322", "2017-03-31": "$249", "2016-12-31": "$-174", "2016-09-30": "$192", "2016-06-30": "$85", "2016-03-31": "$103", "2015-12-31": "$14", "2015-09-30": "$-47", "2015-06-30": "$50", "2015-03-31": "$126", "2014-12-31": "", "2014-09-30": "$207", "2014-06-30": "$128", "2013-12-31": "", "2012-12-31": ""}}, "net-income": {"Chemours Annual Net Income (Millions of US $)": {"2019": "$-52", "2018": "$995", "2017": "$746", "2016": "$7", "2015": "$-90", "2014": "$400", "2013": "$423", "2012": "$1,057"}, "Chemours Quarterly Net Income (Millions of US $)": {"2020-09-30": "$76", "2020-06-30": "$24", "2020-03-31": "$100", "2019-12-31": "$-318", "2019-09-30": "$76", "2019-06-30": "$96", "2019-03-31": "$94", "2018-12-31": "$142", "2018-09-30": "$275", "2018-06-30": "$281", "2018-03-31": "$297", "2017-12-31": "$228", "2017-09-30": "$207", "2017-06-30": "$161", "2017-03-31": "$150", "2016-12-31": "$-230", "2016-09-30": "$204", "2016-06-30": "$-18", "2016-03-31": "$51", "2015-12-31": "$-86", "2015-09-30": "$-29", "2015-06-30": "$-18", "2015-03-31": "$43", "2014-12-31": "", "2014-09-30": "$107", "2014-06-30": "$116", "2013-12-31": "", "2012-12-31": ""}}, "eps-earnings-per-share-diluted": {"Chemours Annual EPS": {"2019": "$-0.32", "2018": "$5.45", "2017": "$3.91", "2016": "$0.04", "2015": "$-0.50", "2014": "$2.21", "2013": "$2.34", "2012": "$0.00"}, "Chemours Quarterly EPS": {"2020-09-30": "$0.46", "2020-06-30": "$0.15", "2020-03-31": "$0.61", "2019-12-31": "$-1.90", "2019-09-30": "$0.46", "2019-06-30": "$0.57", "2019-03-31": "$0.55", "2018-12-31": "$0.83", "2018-09-30": "$1.51", "2018-06-30": "$1.53", "2018-03-31": "$1.58", "2017-12-31": "$1.20", "2017-09-30": "$1.08", "2017-06-30": "$0.84", "2017-03-31": "$0.79", "2016-12-31": "$-1.25", "2016-09-30": "$1.11", "2016-06-30": "$-0.10", "2016-03-31": "$0.28", "2015-12-31": "$-0.48", "2015-09-30": "$-0.16", "2015-06-30": "$-0.10", "2015-03-31": "$0.24", "2014-12-31": "$0.00", "2014-09-30": "$0.59", "2014-06-30": "$0.00", "2013-12-31": "$0.00", "2012-12-31": "$0.00"}}, "shares-outstanding": {"Chemours Annual Shares Outstanding (Millions of Shares)": {"2019": "165", "2018": "183", "2017": "191", "2016": "183", "2015": "181", "2014": "181", "2013": "181", "2012": ""}, "Chemours Quarterly Shares Outstanding (Millions of Shares)": {"2020-09-30": "167", "2020-06-30": "165", "2020-03-31": "165", "2019-12-31": "165", "2019-09-30": "165", "2019-06-30": "167", "2019-03-31": "172", "2018-12-31": "183", "2018-09-30": "182", "2018-06-30": "184", "2018-03-31": "188", "2017-12-31": "191", "2017-09-30": "192", "2017-06-30": "191", "2017-03-31": "189", "2016-12-31": "183", "2016-09-30": "184", "2016-06-30": "181", "2016-03-31": "182", "2015-12-31": "181", "2015-09-30": "181", "2015-06-30": "181", "2015-03-31": "181", "2014-12-31": "", "2014-09-30": "181", "2014-06-30": "", "2013-12-31": "", "2012-12-31": ""}}, "total-assets": {"Chemours Annual Total Assets (Millions of US $)": {"2019": "$7,258", "2018": "$7,362", "2017": "$7,293", "2016": "$6,060", "2015": "$6,298", "2014": "$5,959", "2013": "$5,621", "2012": "$0"}, "Chemours Quarterly Total Assets (Millions of US $)": {"2020-09-30": "$6,948", "2020-06-30": "$7,034", "2020-03-31": "$6,948", "2019-12-31": "$7,258", "2019-09-30": "$7,456", "2019-06-30": "$7,433", "2019-03-31": "$7,325", "2018-12-31": "$7,362", "2018-09-30": "$7,512", "2018-06-30": "$7,338", "2018-03-31": "$7,484", "2017-12-31": "$7,293", "2017-09-30": "$7,120", "2017-06-30": "$7,052", "2017-03-31": "$6,282", "2016-12-31": "$6,060", "2016-09-30": "$6,289", "2016-06-30": "$6,221", "2016-03-31": "$6,380", "2015-12-31": "$6,298", "2015-09-30": "$6,451", "2015-06-30": "$6,685", "2015-03-31": "$0", "2014-12-31": "$0", "2014-09-30": "$0", "2014-06-30": "$0", "2013-12-31": "$5,621", "2012-12-31": "$0"}}, "cash-on-hand": {"Chemours Annual Cash on Hand (Millions of US $)": {"2019": "$943", "2018": "$1,201", "2017": "$1,556", "2016": "$902", "2015": "$366", "2014": "$", "2013": "$", "2012": "$"}, "Chemours Quarterly Cash on Hand (Millions of US $)": {"2020-09-30": "$956", "2020-06-30": "$1,031", "2020-03-31": "$714", "2019-12-31": "$943", "2019-09-30": "$694", "2019-06-30": "$630", "2019-03-31": "$697", "2018-12-31": "$1,201", "2018-09-30": "$1,275", "2018-06-30": "$1,217", "2018-03-31": "$1,434", "2017-12-31": "$1,556", "2017-09-30": "$1,535", "2017-06-30": "$1,529", "2017-03-31": "$898", "2016-12-31": "$902", "2016-09-30": "$957", "2016-06-30": "$383", "2016-03-31": "$435", "2015-12-31": "$366", "2015-09-30": "$215", "2015-06-30": "$247", "2015-03-31": "", "2014-12-31": "", "2014-09-30": "", "2014-06-30": "", "2013-12-31": "", "2012-12-31": ""}}, "long-term-debt": {"Chemours Annual Long Term Debt (Millions of US $)": {"2019": "$4,026", "2018": "$3,959", "2017": "$4,097", "2016": "$3,529", "2015": "$3,915", "2014": "$", "2013": "$", "2012": "$"}, "Chemours Quarterly Long Term Debt (Millions of US $)": {"2020-09-30": "$4,063", "2020-06-30": "$4,327", "2020-03-31": "$4,012", "2019-12-31": "$4,026", "2019-09-30": "$4,007", "2019-06-30": "$4,190", "2019-03-31": "$3,965", "2018-12-31": "$3,959", "2018-09-30": "$3,985", "2018-06-30": "$3,960", "2018-03-31": "$4,141", "2017-12-31": "$4,097", "2017-09-30": "$4,081", "2017-06-30": "$4,056", "2017-03-31": "$3,538", "2016-12-31": "$3,529", "2016-09-30": "$3,713", "2016-06-30": "$3,823", "2016-03-31": "$3,920", "2015-12-31": "$3,915", "2015-09-30": "$3,924", "2015-06-30": "$3,927", "2015-03-31": "", "2014-12-31": "", "2014-09-30": "", "2014-06-30": "", "2013-12-31": "", "2012-12-31": ""}}, "total-liabilities": {"Chemours Annual Total Liabilities (Millions of US $)": {"2019": "$6,563", "2018": "$6,342", "2017": "$6,428", "2016": "$5,956", "2015": "$6,168", "2014": "$2,286", "2013": "$2,404", "2012": "$0"}, "Chemours Quarterly Total Liabilities (Millions of US $)": {"2020-09-30": "$6,214", "2020-06-30": "$6,375", "2020-03-31": "$6,287", "2019-12-31": "$6,563", "2019-09-30": "$6,613", "2019-06-30": "$6,604", "2019-03-31": "$6,509", "2018-12-31": "$6,342", "2018-09-30": "$6,366", "2018-06-30": "$6,313", "2018-03-31": "$6,482", "2017-12-31": "$6,428", "2017-09-30": "$6,315", "2017-06-30": "$6,480", "2017-03-31": "$5,924", "2016-12-31": "$5,956", "2016-09-30": "$5,908", "2016-06-30": "$6,052", "2016-03-31": "$6,188", "2015-12-31": "$6,168", "2015-09-30": "$6,361", "2015-06-30": "$6,280", "2015-03-31": "$0", "2014-12-31": "", "2014-09-30": "$0", "2014-06-30": "$0", "2013-12-31": "$2,404", "2012-12-31": "$0"}}, "total-share-holder-equity": {"Chemours Annual Share Holder Equity (Millions of US $)": {"2019": "$695", "2018": "$1,020", "2017": "$865", "2016": "$104", "2015": "$130", "2014": "$3,673", "2013": "$3,217", "2012": "$0"}, "Chemours Quarterly Share Holder Equity (Millions of US $)": {"2020-09-30": "$734", "2020-06-30": "$659", "2020-03-31": "$661", "2019-12-31": "$695", "2019-09-30": "$843", "2019-06-30": "$829", "2019-03-31": "$816", "2018-12-31": "$1,020", "2018-09-30": "$1,146", "2018-06-30": "$1,025", "2018-03-31": "$1,002", "2017-12-31": "$865", "2017-09-30": "$805", "2017-06-30": "$572", "2017-03-31": "$358", "2016-12-31": "$104", "2016-09-30": "$381", "2016-06-30": "$169", "2016-03-31": "$192", "2015-12-31": "$130", "2015-09-30": "$90", "2015-06-30": "$405", "2015-03-31": "$0", "2014-12-31": "", "2014-09-30": "$0", "2014-06-30": "$0", "2013-12-31": "$3,217", "2012-12-31": "$0"}}, "profit-margins": {"current": "-2.35%"}, "gross margin": {"2020-09-30": "18.14%", "2020-06-30": "18.31%", "2020-03-31": "19.52%", "2019-12-31": "19.24%", "2019-09-30": "23.29%", "2019-06-30": "25.46%", "2019-03-31": "27.53%", "2018-12-31": "29.69%", "2018-09-30": "30.48%", "2018-06-30": "30.50%", "2018-03-31": "29.74%", "2017-12-31": "28.22%", "2017-09-30": "26.15%", "2017-06-30": "24.86%", "2017-03-31": "22.69%", "2016-12-31": "20.43%", "2016-09-30": "18.83%", "2016-06-30": "17.12%", "2016-03-31": "16.01%", "2015-12-31": "16.70%", "2015-06-30": "18.59%", "2015-03-31": "21.00%"}, "operating margin": {"2020-09-30": "5.44%", "2020-06-30": "5.19%", "2020-03-31": "6.89%", "2019-12-31": "6.30%", "2019-09-30": "9.79%", "2019-06-30": "12.32%", "2019-03-31": "14.78%", "2018-12-31": "17.82%", "2018-09-30": "19.07%", "2018-06-30": "19.23%", "2018-03-31": "18.07%", "2017-12-31": "15.87%", "2017-09-30": "7.74%", "2017-06-30": "5.05%", "2017-03-31": "0.94%", "2016-12-31": "-1.74%", "2016-09-30": "1.80%", "2016-06-30": "-2.48%", "2016-03-31": "-2.92%", "2015-12-31": "-2.31%", "2015-06-30": "4.29%", "2015-03-31": "7.27%"}, "ebitda margin": {"2020-09-30": "12.02%", "2020-06-30": "11.54%", "2020-03-31": "12.80%", "2019-12-31": "12.09%", "2019-09-30": "15.32%", "2019-06-30": "17.51%", "2019-03-31": "19.57%", "2018-12-31": "22.27%", "2018-09-30": "23.43%", "2018-06-30": "23.49%", "2018-03-31": "22.47%", "2017-12-31": "20.49%", "2017-09-30": "12.58%", "2017-06-30": "10.25%", "2017-03-31": "6.35%", "2016-12-31": "3.81%", "2016-09-30": "7.25%", "2016-06-30": "2.80%", "2016-03-31": "2.12%", "2015-12-31": "2.50%", "2015-06-30": "8.51%", "2015-03-31": "9.86%"}, "pre tax profit margin": {"2020-09-30": "-5.98%", "2020-06-30": "-5.19%", "2020-03-31": "-2.82%", "2019-12-31": "-2.24%", "2019-09-30": "9.10%", "2019-06-30": "11.76%", "2019-03-31": "14.02%", "2018-12-31": "17.40%", "2018-09-30": "18.33%", "2018-06-30": "18.17%", "2018-03-31": "17.29%", "2017-12-31": "14.75%", "2017-09-30": "6.31%", "2017-06-30": "6.23%", "2017-03-31": "1.66%", "2016-12-31": "-0.20%", "2016-09-30": "2.61%", "2016-06-30": "-3.60%", "2016-03-31": "-3.11%", "2015-12-31": "-3.29%", "2015-06-30": "4.06%", "2015-03-31": "7.61%"}, "net profit margin": {"2020-09-30": "-2.37%", "2020-06-30": "-2.30%", "2020-03-31": "-0.84%", "2019-12-31": "-0.94%", "2019-09-30": "7.24%", "2019-06-30": "10.33%", "2019-03-31": "12.60%", "2018-12-31": "14.99%", "2018-09-30": "16.02%", "2018-06-30": "15.11%", "2018-03-31": "13.79%", "2017-12-31": "12.07%", "2017-09-30": "4.86%", "2017-06-30": "4.96%", "2017-03-31": "1.91%", "2016-12-31": "0.13%", "2016-09-30": "2.78%", "2016-06-30": "-1.48%", "2016-03-31": "-1.45%", "2015-12-31": "-1.57%", "2015-06-30": "2.93%", "2015-03-31": "5.69%"}, "pe ratio": {"current": "14.30", "2021-02-05": "0.00", "2020-09-30": "0.00", "2020-06-30": "0.00", "2020-03-31": "0.00", "2019-12-31": "0.00", "2019-09-30": "5.81", "2019-06-30": "6.35", "2019-03-31": "7.60", "2018-12-31": "4.65", "2018-09-30": "6.02", "2018-06-30": "7.27", "2018-03-31": "9.13", "2017-12-31": "11.25", "2017-09-30": "30.57", "2017-06-30": "22.43", "2017-03-31": "62.37", "2016-12-31": "643.54", "2016-09-30": "17.24", "2016-06-30": "0.00"}, "price sales": {"2021-02-05": "0.91", "2020-09-30": "0.69", "2020-06-30": "0.48", "2020-03-31": "0.26", "2019-12-31": "0.52", "2019-09-30": "0.42", "2019-06-30": "0.65", "2019-03-31": "0.96", "2018-12-31": "0.70", "2018-09-30": "0.97", "2018-06-30": "1.10", "2018-03-31": "1.26", "2017-12-31": "1.35", "2017-09-30": "1.41", "2017-06-30": "1.08", "2017-03-31": "1.12", "2016-12-31": "0.65", "2016-09-30": "0.47", "2016-06-30": "0.24"}, "price book": {"current": "6.15", "2021-02-05": "6.15", "2020-09-30": "4.63", "2020-06-30": "3.74", "2020-03-31": "2.11", "2019-12-31": "4.01", "2019-09-30": "2.69", "2019-06-30": "4.31", "2019-03-31": "6.76", "2018-12-31": "4.23", "2018-09-30": "5.31", "2018-06-30": "6.74", "2018-03-31": "7.63", "2017-12-31": "9.28", "2017-09-30": "10.19", "2017-06-30": "10.72", "2017-03-31": "17.35", "2016-12-31": "33.90", "2016-09-30": "6.66", "2016-06-30": "7.70", "2016-03-31": "5.74", "2015-12-31": "6.45", "2015-09-30": "11.18"}, "price fcf": {"2021-02-05": "", "2020-09-30": "$3.28", "2020-06-30": "$2.72", "2020-03-31": "$1.68", "2019-12-31": "$1.03", "2019-09-30": "$-0.25", "2019-06-30": "$0.06", "2019-03-31": "$1.99", "2018-12-31": "$3.52", "2018-09-30": "$3.68", "2018-06-30": "$2.44", "2018-03-31": "$1.85", "2017-12-31": "$1.20", "2017-09-30": "$1.39", "2017-06-30": "$2.08", "2017-03-31": "$1.54", "2016-12-31": "$1.40", "2016-09-30": "$1.45", "2016-06-30": "$-2.09"}, "net worth": {"value": "$4.52B"}, "current ratio": {"2020-09-30": "1.99", "2020-06-30": "2.35", "2020-03-31": "1.93", "2019-12-31": "1.80", "2019-09-30": "1.72", "2019-06-30": "1.96", "2019-03-31": "1.81", "2018-12-31": "1.93", "2018-09-30": "2.03", "2018-06-30": "2.09", "2018-03-31": "2.21", "2017-12-31": "2.12", "2017-09-30": "2.19", "2017-06-30": "1.97", "2017-03-31": "1.56", "2016-12-31": "1.44", "2016-09-30": "1.92", "2016-06-30": "1.59", "2016-03-31": "1.59", "2015-12-31": "1.57", "2015-09-30": "1.65", "2015-06-30": "1.72", "2015-03-31": "0.00", "2014-12-31": "0.00", "2014-09-30": "0.00", "2014-06-30": "0.00", "2013-12-31": "1.35", "2012-12-31": "0.00"}, "quick ratio": {"2020-09-30": "1.23", "2020-06-30": "1.42", "2020-03-31": "1.10", "2019-12-31": "1.10", "2019-09-30": "0.98", "2019-06-30": "1.09", "2019-03-31": "1.04", "2018-12-31": "1.26", "2018-09-30": "1.39", "2018-06-30": "1.47", "2018-03-31": "1.60", "2017-12-31": "1.55", "2017-09-30": "1.63", "2017-06-30": "1.48", "2017-03-31": "1.09", "2016-12-31": "1.01", "2016-09-30": "1.33", "2016-06-30": "0.97", "2016-03-31": "0.96", "2015-12-31": "0.91", "2015-09-30": "0.99", "2015-06-30": "0.99", "2015-03-31": "0.00", "2014-12-31": "0.00", "2014-09-30": "0.00", "2014-06-30": "0.00", "2013-12-31": "0.63", "2012-12-31": "0.00"}, "debt equity ratio": {"current": "5.54", "2020-09-30": "8.47", "2020-06-30": "9.67", "2020-03-31": "9.51", "2019-12-31": "9.44", "2019-09-30": "7.85", "2019-06-30": "7.97", "2019-03-31": "7.98", "2018-12-31": "6.22", "2018-09-30": "5.56", "2018-06-30": "6.16", "2018-03-31": "6.47", "2017-12-31": "7.43", "2017-09-30": "7.85", "2017-06-30": "11.33", "2017-03-31": "16.55", "2016-12-31": "57.27", "2016-09-30": "15.51", "2016-06-30": "35.81", "2016-03-31": "32.23", "2015-12-31": "47.45", "2015-09-30": "70.68", "2015-06-30": "15.51", "2015-03-31": "0.00", "2014-12-31": "0.00", "2014-09-30": "0.00", "2014-06-30": "0.00", "2013-12-31": "0.75", "2012-12-31": "0.00"}, "return on equity": {"2020-09-30": "-17.17%", "2020-06-30": "-16.52%", "2020-03-31": "-6.08%", "2019-12-31": "-6.53%", "2019-09-30": "46.52%", "2019-06-30": "63.71%", "2019-03-31": "79.06%", "2018-12-31": "94.92%", "2018-09-30": "107.08%", "2018-06-30": "109.60%", "2018-03-31": "110.11%", "2017-12-31": "114.77%", "2017-09-30": "62.64%", "2017-06-30": "80.57%", "2017-03-31": "41.90%", "2016-12-31": "3.31%", "2016-09-30": "69.27%", "2016-06-30": "-56.45%", "2016-03-31": "-40.15%", "2015-12-31": "-57.60%", "2015-06-30": "130.37%", "2015-03-31": "inf%"}, "return on assets": {"2020-09-30": "-1.67%", "2020-06-30": "-1.64%", "2020-03-31": "-0.63%", "2019-12-31": "-0.71%", "2019-09-30": "5.52%", "2019-06-30": "8.19%", "2019-03-31": "10.73%", "2018-12-31": "13.40%", "2018-09-30": "14.59%", "2018-06-30": "13.86%", "2018-03-31": "12.34%", "2017-12-31": "10.75%", "2017-09-30": "4.34%", "2017-06-30": "4.44%", "2017-03-31": "1.71%", "2016-12-31": "0.11%", "2016-09-30": "2.40%", "2016-06-30": "-1.29%", "2016-03-31": "-1.27%", "2015-12-31": "-1.85%", "2015-06-30": "7.90%", "2015-03-31": "inf%"}, "return on investments": {"2020-09-30": "5.65%", "2020-06-30": "5.55%", "2020-03-31": "7.81%", "2019-12-31": "7.19%", "2019-09-30": "11.25%", "2019-06-30": "14.55%", "2019-03-31": "18.70%", "2018-12-31": "23.38%", "2018-09-30": "25.46%", "2018-06-30": "25.81%", "2018-03-31": "23.85%", "2017-12-31": "21.36%", "2017-09-30": "10.77%", "2017-06-30": "7.14%", "2017-03-31": "1.33%", "2016-12-31": "-2.38%", "2016-09-30": "2.41%", "2016-06-30": "-3.39%", "2016-03-31": "-4.00%", "2015-12-31": "-4.26%", "2015-06-30": "17.82%", "2015-03-31": "inf%"}, "return on tangible equity": {"2020-09-30": "-22.88%", "2020-06-30": "-21.80%", "2020-03-31": "-7.90%", "2019-12-31": "-8.40%", "2019-09-30": "58.43%", "2019-06-30": "78.70%", "2019-03-31": "96.88%", "2018-12-31": "114.66%", "2018-09-30": "129.81%", "2018-06-30": "134.62%", "2018-03-31": "138.56%", "2017-12-31": "154.61%", "2017-09-30": "98.88%", "2017-06-30": "154.68%", "2017-03-31": "124.34%", "2016-12-31": "16.57%", "2016-09-30": "319.58%", "2016-06-30": "295.50%", "2016-03-31": "-420.51%", "2015-12-31": "-590.16%", "2015-06-30": "268.02%", "2015-03-31": "inf%"}, "dividend yield history": {"last payout": "$1.00", "last yield": "3.64%"}}