{"ticker": "MIK", "price": {"title": "Michaels Historical Annual Stock Price Data", "value": 16.1, "historical": {"2020": {"Average Stock Price": "6.9037", "Year Open": "8.4700", "Year High": "13.0100", "Year Low": "1.4600", "Year Close": "13.0100", "Annual % Change": "60.82%"}, "2019": {"Average Stock Price": "9.9877", "Year Open": "14.0900", "Year High": "16.2100", "Year Low": "5.0300", "Year Close": "8.0900", "Annual % Change": "-40.25%"}, "2018": {"Average Stock Price": "19.4273", "Year Open": "24.3400", "Year High": "27.7800", "Year Low": "12.6800", "Year Close": "13.5400", "Annual % Change": "-44.03%"}, "2017": {"Average Stock Price": "20.7197", "Year Open": "20.6500", "Year High": "24.1900", "Year Low": "17.2600", "Year Close": "24.1900", "Annual % Change": "18.29%"}, "2016": {"Average Stock Price": "25.0751", "Year Open": "22.3100", "Year High": "30.4100", "Year Low": "20.4000", "Year Close": "20.4500", "Annual % Change": "-7.51%"}, "2015": {"Average Stock Price": "25.3802", "Year Open": "24.7000", "Year High": "29.9200", "Year Low": "20.2400", "Year Close": "22.1100", "Annual % Change": "-10.59%"}, "2014": {"Average Stock Price": "18.5730", "Year Open": "17.0200", "Year High": "25.2200", "Year Low": "14.7700", "Year Close": "24.7300", "Annual % Change": "0.00%"}}}, "market cap": {"value": "$2.38B"}, "income statement": {"Revenue": {"2020-01-31": "5072.03700", "2019-01-31": "5271.94400", "2018-01-31": "5361.96000", "2017-01-31": "5197.29200", "2016-01-31": "4912.78200", "2015-01-31": "4738.14400", "2014-01-31": "4569.79200", "2013-01-31": "4408.00000", "2012-01-31": "4210.00000", "2011-01-31": "4210.00000", "2010-01-31": "3888.00000", "2009-01-31": "3817.00000", "2008-01-31": "3862.00000", "2007-01-31": "3843.00000", "2006-01-31": "3659.00000", "2005-01-31": "3393.25100"}, "Cost Of Goods Sold": {"2020-01-31": "3199.78000", "2019-01-31": "3248.27600", "2018-01-31": "3233.17100", "2017-01-31": "3169.47600", "2016-01-31": "2944.43100", "2015-01-31": "2836.96500", "2014-01-31": "2747.63000", "2013-01-31": "2643.00000", "2012-01-31": "2532.00000", "2011-01-31": "2532.00000", "2010-01-31": "2423.00000", "2009-01-31": "2431.00000", "2008-01-31": "2383.00000", "2007-01-31": "2364.00000", "2006-01-31": "2288.00000", "2005-01-31": "2143.67800"}, "Gross Profit": {"2020-01-31": "1872.25700", "2019-01-31": "2023.66800", "2018-01-31": "2128.78900", "2017-01-31": "2027.81600", "2016-01-31": "1968.35100", "2015-01-31": "1901.17900", "2014-01-31": "1822.16200", "2013-01-31": "1765.00000", "2012-01-31": "1678.00000", "2011-01-31": "1678.00000", "2010-01-31": "1465.00000", "2009-01-31": "1386.00000", "2008-01-31": "1479.00000", "2007-01-31": "1479.00000", "2006-01-31": "1371.00000", "2005-01-31": "1249.57300"}, "Research And Development Expenses": {"2020-01-31": "", "2019-01-31": "", "2018-01-31": "", "2017-01-31": "", "2016-01-31": "", "2015-01-31": "", "2014-01-31": "", "2013-01-31": "", "2012-01-31": "", "2011-01-31": "0.00000", "2010-01-31": "", "2009-01-31": "", "2008-01-31": "", "2007-01-31": "", "2006-01-31": "", "2005-01-31": ""}, "SG&A Expenses": {"2020-01-31": "1304.28000", "2019-01-31": "1351.40100", "2018-01-31": "1390.40000", "2017-01-31": "1308.05200", "2016-01-31": "1242.96100", "2015-01-31": "1233.90100", "2014-01-31": "1193.28200", "2013-01-31": "1147.00000", "2012-01-31": "1123.00000", "2011-01-31": "1140.00000", "2010-01-31": "1068.00000", "2009-01-31": "1082.00000", "2008-01-31": "1103.00000", "2007-01-31": "1271.00000", "2006-01-31": "984.00000", "2005-01-31": "906.80200"}, "Other Operating Income Or Expenses": {"2020-01-31": "-4.60800", "2019-01-31": "-4.41700", "2018-01-31": "-2.99900", "2017-01-31": "-4.48400", "2016-01-31": "-4.78600", "2015-01-31": "-40.74900", "2014-01-31": "-18.47800", "2013-01-31": "-26.00000", "2012-01-31": "-17.00000", "2011-01-31": "", "2010-01-31": "", "2009-01-31": "", "2008-01-31": "", "2007-01-31": "", "2006-01-31": "", "2005-01-31": ""}, "Operating Expenses": {"2020-01-31": "4557.00000", "2019-01-31": "4708.33200", "2018-01-31": "4626.57000", "2017-01-31": "4482.01200", "2016-01-31": "4192.17800", "2015-01-31": "4111.61500", "2014-01-31": "3959.39000", "2013-01-31": "3816.00000", "2012-01-31": "3672.00000", "2011-01-31": "3672.00000", "2010-01-31": "3491.00000", "2009-01-31": "3513.00000", "2008-01-31": "3508.00000", "2007-01-31": "3635.00000", "2006-01-31": "3272.00000", "2005-01-31": "3050.48000"}, "Operating Income": {"2020-01-31": "515.03710", "2019-01-31": "563.61230", "2018-01-31": "735.39010", "2017-01-31": "715.27980", "2016-01-31": "720.60400", "2015-01-31": "626.52880", "2014-01-31": "610.40210", "2013-01-31": "592.00000", "2012-01-31": "538.00000", "2011-01-31": "538.00000", "2010-01-31": "397.00000", "2009-01-31": "304.00000", "2008-01-31": "354.00000", "2007-01-31": "208.00000", "2006-01-31": "387.00000", "2005-01-31": "342.77100"}, "Total Non-Operating Income/Expense": {"2020-01-31": "-156.66600", "2019-01-31": "-146.55800", "2018-01-31": "-129.64900", "2017-01-31": "-133.50700", "2016-01-31": "-148.48400", "2015-01-31": "-275.49500", "2014-01-31": "-231.06700", "2013-01-31": "-277.00000", "2012-01-31": "-281.00000", "2011-01-31": "-227.00000", "2010-01-31": "-240.00000", "2009-01-31": "-306.00000", "2008-01-31": "-371.00000", "2007-01-31": "-93.00000", "2006-01-31": "-12.00000", "2005-01-31": "-15.83000"}, "Pre-Tax Income": {"2020-01-31": "358.37100", "2019-01-31": "417.05400", "2018-01-31": "605.74100", "2017-01-31": "581.77300", "2016-01-31": "572.12000", "2015-01-31": "351.03400", "2014-01-31": "379.33500", "2013-01-31": "315.00000", "2012-01-31": "257.00000", "2011-01-31": "257.00000", "2010-01-31": "157.00000", "2009-01-31": "-2.00000", "2008-01-31": "-17.00000", "2007-01-31": "115.00000", "2006-01-31": "375.00000", "2005-01-31": "326.94100"}, "Income Taxes": {"2020-01-31": "85.77600", "2019-01-31": "97.50900", "2018-01-31": "215.24300", "2017-01-31": "203.61400", "2016-01-31": "209.20800", "2015-01-31": "133.63900", "2014-01-31": "135.90500", "2013-01-31": "115.00000", "2012-01-31": "100.00000", "2011-01-31": "100.00000", "2010-01-31": "54.00000", "2009-01-31": "3.00000", "2008-01-31": "5.00000", "2007-01-31": "71.00000", "2006-01-31": "143.00000", "2005-01-31": "122.98700"}, "Income After Taxes": {"2020-01-31": "272.59500", "2019-01-31": "319.54500", "2018-01-31": "390.49800", "2017-01-31": "378.15900", "2016-01-31": "362.91200", "2015-01-31": "217.39500", "2014-01-31": "243.43000", "2013-01-31": "200.00000", "2012-01-31": "157.00000", "2011-01-31": "157.00000", "2010-01-31": "103.00000", "2009-01-31": "-5.00000", "2008-01-31": "-22.00000", "2007-01-31": "44.00000", "2006-01-31": "232.00000", "2005-01-31": "203.95400"}, "Other Income": {"2020-01-31": "", "2019-01-31": "", "2018-01-31": "", "2017-01-31": "", "2016-01-31": "", "2015-01-31": "", "2014-01-31": "", "2013-01-31": "", "2012-01-31": "", "2011-01-31": "0.00000", "2010-01-31": "", "2009-01-31": "", "2008-01-31": "", "2007-01-31": "", "2006-01-31": "", "2005-01-31": ""}, "Income From Continuous Operations": {"2020-01-31": "272.59500", "2019-01-31": "319.54500", "2018-01-31": "390.49800", "2017-01-31": "378.15900", "2016-01-31": "362.91200", "2015-01-31": "217.39500", "2014-01-31": "243.43000", "2013-01-31": "200.00000", "2012-01-31": "157.00000", "2011-01-31": "157.00000", "2010-01-31": "103.00000", "2009-01-31": "-5.00000", "2008-01-31": "-22.00000", "2007-01-31": "44.00000", "2006-01-31": "232.00000", "2005-01-31": "203.95400"}, "Income From Discontinued Operations": {"2020-01-31": "", "2019-01-31": "", "2018-01-31": "", "2017-01-31": "", "2016-01-31": "", "2015-01-31": "", "2014-01-31": "", "2013-01-31": "", "2012-01-31": "", "2011-01-31": "0.00000", "2010-01-31": "", "2009-01-31": "", "2008-01-31": "-10.00000", "2007-01-31": "-3.00000", "2006-01-31": "-11.00000", "2005-01-31": ""}, "Net Income": {"2020-01-31": "272.59500", "2019-01-31": "319.54500", "2018-01-31": "390.49800", "2017-01-31": "378.15900", "2016-01-31": "362.91200", "2015-01-31": "217.39500", "2014-01-31": "243.43000", "2013-01-31": "200.00000", "2012-01-31": "157.00000", "2011-01-31": "157.00000", "2010-01-31": "103.00000", "2009-01-31": "-5.00000", "2008-01-31": "-32.00000", "2007-01-31": "41.00000", "2006-01-31": "221.00000", "2005-01-31": "203.95400"}, "EBITDA": {"2020-01-31": "640.40710", "2019-01-31": "687.36530", "2018-01-31": "853.79710", "2017-01-31": "830.74680", "2016-01-31": "835.21000", "2015-01-31": "736.87080", "2014-01-31": "715.03110", "2013-01-31": "689.00000", "2012-01-31": "674.00000", "2011-01-31": "538.00000", "2010-01-31": "397.00000", "2009-01-31": "304.00000", "2008-01-31": "354.00000", "2007-01-31": "208.00000", "2006-01-31": "387.00000", "2005-01-31": "342.77100"}, "EBIT": {"2020-01-31": "515.03710", "2019-01-31": "563.61230", "2018-01-31": "735.39010", "2017-01-31": "715.27980", "2016-01-31": "720.60400", "2015-01-31": "626.52880", "2014-01-31": "610.40210", "2013-01-31": "592.00000", "2012-01-31": "538.00000", "2011-01-31": "538.00000", "2010-01-31": "397.00000", "2009-01-31": "304.00000", "2008-01-31": "354.00000", "2007-01-31": "208.00000", "2006-01-31": "387.00000", "2005-01-31": "342.77100"}, "Basic Shares Outstanding": {"2020-01-31": "153.13400", "2019-01-31": "170.61000", "2018-01-31": "184.28100", "2017-01-31": "204.73500", "2016-01-31": "206.84500", "2015-01-31": "203.22900", "2014-01-31": "174.79700", "2013-01-31": "175.00000", "2012-01-31": "174.60000", "2011-01-31": "", "2010-01-31": "", "2009-01-31": "", "2008-01-31": "", "2007-01-31": "", "2006-01-31": "", "2005-01-31": ""}, "Shares Outstanding": {"2020-01-31": "153.20200", "2019-01-31": "171.37800", "2018-01-31": "185.56600", "2017-01-31": "206.35400", "2016-01-31": "209.34600", "2015-01-31": "207.10100", "2014-01-31": "178.62800", "2013-01-31": "178.00000", "2012-01-31": "176.70000", "2011-01-31": "", "2010-01-31": "", "2009-01-31": "", "2008-01-31": "", "2007-01-31": "", "2006-01-31": "", "2005-01-31": ""}, "Basic EPS": {"2020-01-31": "1.78000", "2019-01-31": "1.87000", "2018-01-31": "2.11000", "2017-01-31": "1.84000", "2016-01-31": "1.75000", "2015-01-31": "1.07000", "2014-01-31": "1.39000", "2013-01-31": "1.14000", "2012-01-31": "0.90000", "2011-01-31": "", "2010-01-31": "", "2009-01-31": "", "2008-01-31": "", "2007-01-31": "", "2006-01-31": "", "2005-01-31": ""}, "EPS - Earnings Per Share": {"2020-01-31": "1.78000", "2019-01-31": "1.86000", "2018-01-31": "2.10000", "2017-01-31": "1.82000", "2016-01-31": "1.72000", "2015-01-31": "1.05000", "2014-01-31": "1.36000", "2013-01-31": "1.12000", "2012-01-31": "0.89000", "2011-01-31": "0.00000", "2010-01-31": "0.00000", "2009-01-31": "0.00000", "2008-01-31": "0.00000", "2007-01-31": "0.00000", "2006-01-31": "0.00000", "2005-01-31": "0.00000"}}, "income statement, quarterly": {"Revenue": {"2020-10-31": "1406.21200", "2020-07-31": "1148.17000", "2020-04-30": "799.88800", "2020-01-31": "1722.60700", "2019-10-31": "1222.02100", "2019-07-31": "1033.68900", "2019-04-30": "1093.72000", "2019-01-31": "1789.10800", "2018-10-31": "1274.05800", "2018-07-31": "1053.26700", "2018-04-30": "1155.51100", "2018-01-31": "1890.60800", "2017-10-31": "1240.19600", "2017-07-31": "1072.59300", "2017-04-30": "1158.56300", "2017-01-31": "1750.85300", "2016-10-31": "1227.20600", "2016-07-31": "1060.35300", "2016-04-30": "1158.88000", "2016-01-31": "1682.48900", "2015-10-31": "1168.42300", "2015-07-31": "984.27000", "2015-04-30": "1077.60000", "2015-01-31": "1607.75100", "2014-10-31": "1130.19500", "2014-07-31": "948.15000", "2014-04-30": "1052.04800", "2014-01-31": "1555.00000", "2013-10-31": "1118.00000", "2013-07-31": "904.00000", "2013-04-30": "993.00000", "2013-01-31": "", "2012-01-31": "", "2011-01-31": ""}, "Cost Of Goods Sold": {"2020-10-31": "824.49600", "2020-07-31": "805.65800", "2020-04-30": "578.06600", "2020-01-31": "1076.61000", "2019-10-31": "780.38700", "2019-07-31": "666.70300", "2019-04-30": "676.08000", "2019-01-31": "1074.28600", "2018-10-31": "795.10400", "2018-07-31": "679.93800", "2018-04-30": "698.94800", "2018-01-31": "1116.07200", "2017-10-31": "756.08800", "2017-07-31": "670.08200", "2017-04-30": "690.92900", "2017-01-31": "1045.09300", "2016-10-31": "760.59800", "2016-07-31": "669.65600", "2016-04-30": "694.12900", "2016-01-31": "994.85400", "2015-10-31": "702.82500", "2015-07-31": "610.94900", "2015-04-30": "635.80300", "2015-01-31": "944.69510", "2014-10-31": "678.01200", "2014-07-31": "590.95300", "2014-04-30": "623.30500", "2014-01-31": "931.63000", "2013-10-31": "665.00000", "2013-07-31": "567.00000", "2013-04-30": "584.00000", "2013-01-31": "", "2012-01-31": "", "2011-01-31": ""}, "Gross Profit": {"2020-10-31": "581.71610", "2020-07-31": "342.51200", "2020-04-30": "221.82200", "2020-01-31": "645.99710", "2019-10-31": "441.63400", "2019-07-31": "366.98600", "2019-04-30": "417.64000", "2019-01-31": "714.82180", "2018-10-31": "478.95400", "2018-07-31": "373.32900", "2018-04-30": "456.56300", "2018-01-31": "774.53560", "2017-10-31": "484.10800", "2017-07-31": "402.51100", "2017-04-30": "467.63400", "2017-01-31": "705.76000", "2016-10-31": "466.60800", "2016-07-31": "390.69700", "2016-04-30": "464.75100", "2016-01-31": "687.63540", "2015-10-31": "465.59800", "2015-07-31": "373.32100", "2015-04-30": "441.79700", "2015-01-31": "663.05620", "2014-10-31": "452.18290", "2014-07-31": "357.19700", "2014-04-30": "428.74300", "2014-01-31": "623.37000", "2013-10-31": "453.00000", "2013-07-31": "337.00000", "2013-04-30": "409.00000", "2013-01-31": "", "2012-01-31": "", "2011-01-31": ""}, "Research And Development Expenses": {"2020-10-31": "", "2020-07-31": "", "2020-04-30": "", "2020-01-31": "", "2019-10-31": "", "2019-07-31": "", "2019-04-30": "", "2019-01-31": "", "2018-10-31": "", "2018-07-31": "", "2018-04-30": "", "2018-01-31": "", "2017-10-31": "", "2017-07-31": "", "2017-04-30": "", "2017-01-31": "", "2016-10-31": "", "2016-07-31": "", "2016-04-30": "", "2016-01-31": "", "2015-10-31": "", "2015-07-31": "", "2015-04-30": "", "2015-01-31": "", "2014-10-31": "", "2014-07-31": "", "2014-04-30": "", "2014-01-31": "0.00000", "2013-10-31": "", "2013-07-31": "", "2013-04-30": "", "2013-01-31": "", "2012-01-31": "", "2011-01-31": ""}, "SG&A Expenses": {"2020-10-31": "373.19300", "2020-07-31": "289.05300", "2020-04-30": "281.34100", "2020-01-31": "370.80210", "2019-10-31": "322.80700", "2019-07-31": "290.07400", "2019-04-30": "320.59700", "2019-01-31": "381.21000", "2018-10-31": "340.59300", "2018-07-31": "300.98100", "2018-04-30": "328.61700", "2018-01-31": "419.83910", "2017-10-31": "329.29800", "2017-07-31": "313.86700", "2017-04-30": "327.39600", "2017-01-31": "368.96000", "2016-10-31": "318.58000", "2016-07-31": "302.71200", "2016-04-30": "317.80000", "2016-01-31": "362.98710", "2015-10-31": "308.70400", "2015-07-31": "275.69900", "2015-04-30": "295.57100", "2015-01-31": "368.49300", "2014-10-31": "307.53700", "2014-07-31": "272.88800", "2014-04-30": "284.98300", "2014-01-31": "346.76000", "2013-10-31": "313.00000", "2013-07-31": "262.00000", "2013-04-30": "275.00000", "2013-01-31": "", "2012-01-31": "", "2011-01-31": ""}, "Other Operating Income Or Expenses": {"2020-10-31": "-0.18400", "2020-07-31": "-0.18600", "2020-04-30": "-1.15900", "2020-01-31": "-0.23700", "2019-10-31": "-1.40200", "2019-07-31": "-1.74300", "2019-04-30": "-1.22600", "2019-01-31": "-0.42100", "2018-10-31": "-1.19600", "2018-07-31": "-1.29500", "2018-04-30": "-1.50500", "2018-01-31": "-0.40700", "2017-10-31": "-0.95200", "2017-07-31": "-0.66200", "2017-04-30": "-0.97800", "2017-01-31": "-0.24600", "2016-10-31": "-1.70400", "2016-07-31": "-0.90800", "2016-04-30": "-1.62600", "2016-01-31": "-0.46000", "2015-10-31": "-1.04200", "2015-07-31": "-1.04000", "2015-04-30": "-2.24400", "2015-01-31": "-0.60500", "2014-10-31": "-2.16700", "2014-07-31": "-33.41700", "2014-04-30": "-4.56000", "2014-01-31": "-3.47800", "2013-10-31": "-5.00000", "2013-07-31": "-4.00000", "2013-04-30": "-6.00000", "2013-01-31": "", "2012-01-31": "", "2011-01-31": ""}, "Operating Expenses": {"2020-10-31": "1207.26100", "2020-07-31": "1094.89700", "2020-04-30": "860.56600", "2020-01-31": "1447.64900", "2019-10-31": "1145.97200", "2019-07-31": "962.38900", "2019-04-30": "1000.99000", "2019-01-31": "1515.87700", "2018-10-31": "1136.89300", "2018-07-31": "978.99400", "2018-04-30": "1076.56800", "2018-01-31": "1536.31800", "2017-10-31": "1086.33800", "2017-07-31": "984.61100", "2017-04-30": "1019.30300", "2017-01-31": "1414.29900", "2016-10-31": "1080.88200", "2016-07-31": "973.27610", "2016-04-30": "1013.55500", "2016-01-31": "1358.30100", "2015-10-31": "1012.57100", "2015-07-31": "887.68790", "2015-04-30": "933.61800", "2015-01-31": "1313.79300", "2014-10-31": "987.71600", "2014-07-31": "897.25800", "2014-04-30": "912.84800", "2014-01-31": "1278.39000", "2013-10-31": "983.00000", "2013-07-31": "833.00000", "2013-04-30": "865.00000", "2013-01-31": "", "2012-01-31": "", "2011-01-31": ""}, "Operating Income": {"2020-10-31": "198.95120", "2020-07-31": "53.27300", "2020-04-30": "-60.67800", "2020-01-31": "274.95830", "2019-10-31": "76.04900", "2019-07-31": "71.30000", "2019-04-30": "92.73000", "2019-01-31": "273.23110", "2018-10-31": "137.16490", "2018-07-31": "74.27300", "2018-04-30": "78.94300", "2018-01-31": "354.28960", "2017-10-31": "153.85800", "2017-07-31": "87.98210", "2017-04-30": "139.25990", "2017-01-31": "336.55360", "2016-10-31": "146.32410", "2016-07-31": "87.07700", "2016-04-30": "145.32500", "2016-01-31": "324.18820", "2015-10-31": "155.85190", "2015-07-31": "96.58210", "2015-04-30": "143.98190", "2015-01-31": "293.95810", "2014-10-31": "142.47890", "2014-07-31": "50.89200", "2014-04-30": "139.20000", "2014-01-31": "276.61000", "2013-10-31": "135.00000", "2013-07-31": "71.00000", "2013-04-30": "128.00000", "2013-01-31": "", "2012-01-31": "", "2011-01-31": ""}, "Total Non-Operating Income/Expense": {"2020-10-31": "-59.54500", "2020-07-31": "-38.10500", "2020-04-30": "-35.20000", "2020-01-31": "-36.14500", "2019-10-31": "-39.02000", "2019-07-31": "-41.03700", "2019-04-30": "-40.46400", "2019-01-31": "-37.87600", "2018-10-31": "-37.67700", "2018-07-31": "-38.10400", "2018-04-30": "-32.90100", "2018-01-31": "-34.39400", "2017-10-31": "-32.45800", "2017-07-31": "-32.40400", "2017-04-30": "-30.39300", "2017-01-31": "-30.31400", "2016-10-31": "-38.68400", "2016-07-31": "-31.84400", "2016-04-30": "-32.66500", "2016-01-31": "-36.27400", "2015-10-31": "-33.95200", "2015-07-31": "-40.24700", "2015-04-30": "-38.01100", "2015-01-31": "-47.74500", "2014-10-31": "-42.25400", "2014-07-31": "-128.45400", "2014-04-30": "-57.04200", "2014-01-31": "-68.06000", "2013-10-31": "-62.00000", "2013-07-31": "-47.00000", "2013-04-30": "-54.00000", "2013-01-31": "", "2012-01-31": "", "2011-01-31": ""}, "Pre-Tax Income": {"2020-10-31": "139.40600", "2020-07-31": "15.16800", "2020-04-30": "-95.87800", "2020-01-31": "238.81300", "2019-10-31": "37.02900", "2019-07-31": "30.26300", "2019-04-30": "52.26600", "2019-01-31": "235.35500", "2018-10-31": "99.48800", "2018-07-31": "36.16900", "2018-04-30": "46.04200", "2018-01-31": "319.89600", "2017-10-31": "121.40000", "2017-07-31": "55.57800", "2017-04-30": "108.86700", "2017-01-31": "306.24000", "2016-10-31": "107.64000", "2016-07-31": "55.23300", "2016-04-30": "112.66000", "2016-01-31": "287.91400", "2015-10-31": "121.90000", "2015-07-31": "56.33500", "2015-04-30": "105.97100", "2015-01-31": "246.21300", "2014-10-31": "100.22500", "2014-07-31": "-77.56200", "2014-04-30": "82.15800", "2014-01-31": "208.33000", "2013-10-31": "73.00000", "2013-07-31": "24.00000", "2013-04-30": "74.00000", "2013-01-31": "", "2012-01-31": "", "2011-01-31": ""}, "Income Taxes": {"2020-10-31": "28.28400", "2020-07-31": "22.92500", "2020-04-30": "-32.37300", "2020-01-31": "57.16100", "2019-10-31": "8.32400", "2019-07-31": "5.71600", "2019-04-30": "14.57500", "2019-01-31": "53.95200", "2018-10-31": "15.71900", "2018-07-31": "8.68100", "2018-04-30": "19.15700", "2018-01-31": "116.92800", "2017-10-31": "41.64000", "2017-07-31": "20.01600", "2017-04-30": "36.65900", "2017-01-31": "110.92200", "2016-10-31": "31.18100", "2016-07-31": "19.61600", "2016-04-30": "41.89500", "2016-01-31": "104.24800", "2015-10-31": "45.10300", "2015-07-31": "20.62400", "2015-04-30": "39.23300", "2015-01-31": "89.65300", "2014-10-31": "36.16100", "2014-07-31": "-28.91900", "2014-04-30": "36.74400", "2014-01-31": "74.90000", "2013-10-31": "26.00000", "2013-07-31": "7.00000", "2013-04-30": "28.00000", "2013-01-31": "", "2012-01-31": "", "2011-01-31": ""}, "Income After Taxes": {"2020-10-31": "111.12200", "2020-07-31": "-7.75700", "2020-04-30": "-63.50500", "2020-01-31": "181.65200", "2019-10-31": "28.70500", "2019-07-31": "24.54700", "2019-04-30": "37.69100", "2019-01-31": "181.40300", "2018-10-31": "83.76900", "2018-07-31": "27.48800", "2018-04-30": "26.88500", "2018-01-31": "202.96800", "2017-10-31": "79.76000", "2017-07-31": "35.56200", "2017-04-30": "72.20800", "2017-01-31": "195.31800", "2016-10-31": "76.45900", "2016-07-31": "35.61700", "2016-04-30": "70.76500", "2016-01-31": "183.66600", "2015-10-31": "76.79700", "2015-07-31": "35.71100", "2015-04-30": "66.73800", "2015-01-31": "156.56000", "2014-10-31": "64.06400", "2014-07-31": "-48.64300", "2014-04-30": "45.41400", "2014-01-31": "133.43000", "2013-10-31": "47.00000", "2013-07-31": "17.00000", "2013-04-30": "46.00000", "2013-01-31": "", "2012-01-31": "", "2011-01-31": ""}, "Other Income": {"2020-10-31": "", "2020-07-31": "", "2020-04-30": "", "2020-01-31": "", "2019-10-31": "", "2019-07-31": "", "2019-04-30": "", "2019-01-31": "", "2018-10-31": "", "2018-07-31": "", "2018-04-30": "", "2018-01-31": "", "2017-10-31": "", "2017-07-31": "", "2017-04-30": "", "2017-01-31": "", "2016-10-31": "", "2016-07-31": "", "2016-04-30": "", "2016-01-31": "", "2015-10-31": "", "2015-07-31": "", "2015-04-30": "", "2015-01-31": "", "2014-10-31": "", "2014-07-31": "", "2014-04-30": "", "2014-01-31": "0.00000", "2013-10-31": "", "2013-07-31": "", "2013-04-30": "", "2013-01-31": "", "2012-01-31": "", "2011-01-31": ""}, "Income From Continuous Operations": {"2020-10-31": "111.12200", "2020-07-31": "-7.75700", "2020-04-30": "-63.50500", "2020-01-31": "181.65200", "2019-10-31": "28.70500", "2019-07-31": "24.54700", "2019-04-30": "37.69100", "2019-01-31": "181.40300", "2018-10-31": "83.76900", "2018-07-31": "27.48800", "2018-04-30": "26.88500", "2018-01-31": "202.96800", "2017-10-31": "79.76000", "2017-07-31": "35.56200", "2017-04-30": "72.20800", "2017-01-31": "195.31800", "2016-10-31": "76.45900", "2016-07-31": "35.61700", "2016-04-30": "70.76500", "2016-01-31": "183.66600", "2015-10-31": "76.79700", "2015-07-31": "35.71100", "2015-04-30": "66.73800", "2015-01-31": "156.56000", "2014-10-31": "64.06400", "2014-07-31": "-48.64300", "2014-04-30": "45.41400", "2014-01-31": "133.00000", "2013-10-31": "47.00000", "2013-07-31": "17.00000", "2013-04-30": "46.00000", "2013-01-31": "", "2012-01-31": "", "2011-01-31": ""}, "Income From Discontinued Operations": {"2020-10-31": "", "2020-07-31": "", "2020-04-30": "", "2020-01-31": "", "2019-10-31": "", "2019-07-31": "", "2019-04-30": "", "2019-01-31": "", "2018-10-31": "", "2018-07-31": "", "2018-04-30": "", "2018-01-31": "", "2017-10-31": "", "2017-07-31": "", "2017-04-30": "", "2017-01-31": "", "2016-10-31": "", "2016-07-31": "", "2016-04-30": "", "2016-01-31": "", "2015-10-31": "", "2015-07-31": "", "2015-04-30": "", "2015-01-31": "", "2014-10-31": "", "2014-07-31": "", "2014-04-30": "", "2014-01-31": "0.00000", "2013-10-31": "", "2013-07-31": "", "2013-04-30": "", "2013-01-31": "", "2012-01-31": "", "2011-01-31": ""}, "Net Income": {"2020-10-31": "111.12200", "2020-07-31": "-7.75700", "2020-04-30": "-63.50500", "2020-01-31": "181.65200", "2019-10-31": "28.70500", "2019-07-31": "24.54700", "2019-04-30": "37.69100", "2019-01-31": "181.40300", "2018-10-31": "83.76900", "2018-07-31": "27.48800", "2018-04-30": "26.88500", "2018-01-31": "202.96800", "2017-10-31": "79.76000", "2017-07-31": "35.56200", "2017-04-30": "72.20800", "2017-01-31": "195.31800", "2016-10-31": "76.45900", "2016-07-31": "35.61700", "2016-04-30": "70.76500", "2016-01-31": "183.66600", "2015-10-31": "76.79700", "2015-07-31": "35.71100", "2015-04-30": "66.73800", "2015-01-31": "156.56000", "2014-10-31": "64.06400", "2014-07-31": "-48.64300", "2014-04-30": "45.41400", "2014-01-31": "133.00000", "2013-10-31": "47.00000", "2013-07-31": "17.00000", "2013-04-30": "46.00000", "2013-01-31": "", "2012-01-31": "", "2011-01-31": ""}, "EBITDA": {"2020-10-31": "230.59220", "2020-07-31": "84.58500", "2020-04-30": "-27.76900", "2020-01-31": "306.49830", "2019-10-31": "107.41090", "2019-07-31": "102.40900", "2019-04-30": "124.08900", "2019-01-31": "307.43610", "2018-10-31": "167.91490", "2018-07-31": "103.73900", "2018-04-30": "108.27500", "2018-01-31": "386.84360", "2017-10-31": "182.54000", "2017-07-31": "116.72810", "2017-04-30": "167.68500", "2017-01-31": "365.55860", "2016-10-31": "174.44210", "2016-07-31": "116.01300", "2016-04-30": "174.73300", "2016-01-31": "353.51020", "2015-10-31": "185.25290", "2015-07-31": "124.55310", "2015-04-30": "171.89390", "2015-01-31": "322.51720", "2014-10-31": "171.51990", "2014-07-31": "77.33500", "2014-04-30": "165.49900", "2014-01-31": "308.61000", "2013-10-31": "159.00000", "2013-07-31": "95.00000", "2013-04-30": "153.00000", "2013-01-31": "", "2012-01-31": "", "2011-01-31": ""}, "EBIT": {"2020-10-31": "198.95120", "2020-07-31": "53.27300", "2020-04-30": "-60.67800", "2020-01-31": "274.95820", "2019-10-31": "76.04900", "2019-07-31": "71.30000", "2019-04-30": "92.73000", "2019-01-31": "273.23140", "2018-10-31": "137.16490", "2018-07-31": "74.27300", "2018-04-30": "78.94300", "2018-01-31": "354.29010", "2017-10-31": "153.85800", "2017-07-31": "87.98210", "2017-04-30": "139.25990", "2017-01-31": "336.55370", "2016-10-31": "146.32410", "2016-07-31": "87.07700", "2016-04-30": "145.32500", "2016-01-31": "324.18800", "2015-10-31": "155.85190", "2015-07-31": "96.58210", "2015-04-30": "143.98190", "2015-01-31": "293.95780", "2014-10-31": "142.47890", "2014-07-31": "50.89200", "2014-04-30": "139.20000", "2014-01-31": "276.61000", "2013-10-31": "135.00000", "2013-07-31": "71.00000", "2013-04-30": "128.00000", "2013-01-31": "", "2012-01-31": "", "2011-01-31": ""}, "Basic Shares Outstanding": {"2020-10-31": "147.40200", "2020-07-31": "147.29600", "2020-04-30": "146.86500", "2020-01-31": "153.13400", "2019-10-31": "150.87700", "2019-07-31": "157.27200", "2019-04-30": "157.74900", "2019-01-31": "170.61000", "2018-10-31": "165.97500", "2018-07-31": "177.34800", "2018-04-30": "181.52300", "2018-01-31": "184.28100", "2017-10-31": "180.71000", "2017-07-31": "186.88600", "2017-04-30": "188.96800", "2017-01-31": "204.73500", "2016-10-31": "203.86400", "2016-07-31": "205.88100", "2016-04-30": "206.99400", "2016-01-31": "206.84500", "2015-10-31": "207.32300", "2015-07-31": "206.94100", "2015-04-30": "205.63200", "2015-01-31": "203.22900", "2014-10-31": "203.26900", "2014-07-31": "184.92700", "2014-04-30": "175.12100", "2014-01-31": "175.00000", "2013-10-31": "175.00000", "2013-07-31": "175.00000", "2013-04-30": "174.80000", "2013-01-31": "", "2012-01-31": "", "2011-01-31": ""}, "Shares Outstanding": {"2020-10-31": "150.29200", "2020-07-31": "147.29600", "2020-04-30": "146.86500", "2020-01-31": "153.20200", "2019-10-31": "150.92500", "2019-07-31": "157.27300", "2019-04-30": "157.86100", "2019-01-31": "171.37800", "2018-10-31": "166.57000", "2018-07-31": "178.21500", "2018-04-30": "182.65200", "2018-01-31": "185.56600", "2017-10-31": "181.98700", "2017-07-31": "187.93100", "2017-04-30": "190.39900", "2017-01-31": "206.35400", "2016-10-31": "205.31300", "2016-07-31": "207.54700", "2016-04-30": "208.97300", "2016-01-31": "209.34600", "2015-10-31": "209.51000", "2015-07-31": "209.42300", "2015-04-30": "209.05000", "2015-01-31": "207.10100", "2014-10-31": "207.21500", "2014-07-31": "184.92700", "2014-04-30": "178.85300", "2014-01-31": "179.00000", "2013-10-31": "179.00000", "2013-07-31": "179.00000", "2013-04-30": "178.70000", "2013-01-31": "", "2012-01-31": "", "2011-01-31": ""}, "Basic EPS": {"2020-10-31": "0.75000", "2020-07-31": "-0.05000", "2020-04-30": "-0.43000", "2020-01-31": "1.19000", "2019-10-31": "0.19000", "2019-07-31": "0.16000", "2019-04-30": "0.24000", "2019-01-31": "1.07000", "2018-10-31": "0.50000", "2018-07-31": "0.15000", "2018-04-30": "0.15000", "2018-01-31": "1.10000", "2017-10-31": "0.44000", "2017-07-31": "0.19000", "2017-04-30": "0.38000", "2017-01-31": "0.96000", "2016-10-31": "0.37000", "2016-07-31": "0.17000", "2016-04-30": "0.34000", "2016-01-31": "0.89000", "2015-10-31": "0.37000", "2015-07-31": "0.17000", "2015-04-30": "0.32000", "2015-01-31": "0.76000", "2014-10-31": "0.31000", "2014-07-31": "-0.26000", "2014-04-30": "0.26000", "2014-01-31": "0.76000", "2013-10-31": "0.27000", "2013-07-31": "0.09000", "2013-04-30": "0.26000", "2013-01-31": "", "2012-01-31": "", "2011-01-31": ""}, "EPS - Earnings Per Share": {"2020-10-31": "0.74000", "2020-07-31": "-0.05000", "2020-04-30": "-0.43000", "2020-01-31": "1.19000", "2019-10-31": "0.19000", "2019-07-31": "0.16000", "2019-04-30": "0.24000", "2019-01-31": "1.06000", "2018-10-31": "0.50000", "2018-07-31": "0.15000", "2018-04-30": "0.15000", "2018-01-31": "1.09000", "2017-10-31": "0.44000", "2017-07-31": "0.19000", "2017-04-30": "0.38000", "2017-01-31": "0.94000", "2016-10-31": "0.37000", "2016-07-31": "0.17000", "2016-04-30": "0.34000", "2016-01-31": "0.86000", "2015-10-31": "0.37000", "2015-07-31": "0.17000", "2015-04-30": "0.32000", "2015-01-31": "0.75000", "2014-10-31": "0.31000", "2014-07-31": "-0.26000", "2014-04-30": "0.25000", "2014-01-31": "0.74000", "2013-10-31": "0.26000", "2013-07-31": "0.09000", "2013-04-30": "0.26000", "2013-01-31": "0.00000", "2012-01-31": "0.00000", "2011-01-31": "0.00000"}}, "balance sheet": {"Cash On Hand": {"2020-01-31": "409.96400", "2019-01-31": "245.88700", "2018-01-31": "425.89600", "2017-01-31": "298.81300", "2016-01-31": "409.39100", "2015-01-31": "378.29500", "2014-01-31": "239.00000", "2013-01-31": "56.00000", "2012-01-31": "", "2011-01-31": "", "2010-01-31": "217.00000", "2009-01-31": "933.00000", "2008-01-31": "29.00000", "2007-01-31": "30.00000", "2006-01-31": "452.44900", "2005-01-31": "586.23100"}, "Receivables": {"2020-01-31": "30.44200", "2019-01-31": "62.26300", "2018-01-31": "29.96800", "2017-01-31": "29.04000", "2016-01-31": "10.71500", "2015-01-31": "2.41800", "2014-01-31": "2.00000", "2013-01-31": "3.00000", "2012-01-31": "", "2011-01-31": "", "2010-01-31": "", "2009-01-31": "2.00000", "2008-01-31": "5.00000", "2007-01-31": "35.00000", "2006-01-31": "", "2005-01-31": ""}, "Inventory": {"2020-01-31": "1097.10900", "2019-01-31": "1108.71500", "2018-01-31": "1123.28800", "2017-01-31": "1127.77700", "2016-01-31": "1002.60700", "2015-01-31": "958.17100", "2014-01-31": "901.00000", "2013-01-31": "862.00000", "2012-01-31": "", "2011-01-31": "", "2010-01-31": "873.00000", "2009-01-31": "", "2008-01-31": "845.00000", "2007-01-31": "840.00000", "2006-01-31": "784.17300", "2005-01-31": "936.39500"}, "Pre-Paid Expenses": {"2020-01-31": "62.28700", "2019-01-31": "98.65900", "2018-01-31": "97.83000", "2017-01-31": "87.17500", "2016-01-31": "85.01000", "2015-01-31": "84.89400", "2014-01-31": "95.00000", "2013-01-31": "86.00000", "2012-01-31": "", "2011-01-31": "", "2010-01-31": "", "2009-01-31": "", "2008-01-31": "", "2007-01-31": "", "2006-01-31": "", "2005-01-31": ""}, "Other Current Assets": {"2020-01-31": "", "2019-01-31": "", "2018-01-31": "", "2017-01-31": "", "2016-01-31": "", "2015-01-31": "", "2014-01-31": "", "2013-01-31": "", "2012-01-31": "", "2011-01-31": "", "2010-01-31": "", "2009-01-31": "", "2008-01-31": "", "2007-01-31": "", "2006-01-31": "", "2005-01-31": ""}, "Total Current Assets": {"2020-01-31": "1599.80200", "2019-01-31": "1515.52400", "2018-01-31": "1676.98200", "2017-01-31": "1542.80500", "2016-01-31": "1507.72300", "2015-01-31": "1423.77800", "2014-01-31": "1276.00000", "2013-01-31": "1044.00000", "2012-01-31": "", "2011-01-31": "", "2010-01-31": "1207.00000", "2009-01-31": "1049.00000", "2008-01-31": "980.00000", "2007-01-31": "1000.00000", "2006-01-31": "1314.72600", "2005-01-31": "1571.27100"}, "Property, Plant, And Equipment": {"2020-01-31": "430.43200", "2019-01-31": "439.07700", "2018-01-31": "420.02000", "2017-01-31": "413.16400", "2016-01-31": "378.50700", "2015-01-31": "386.37200", "2014-01-31": "358.00000", "2013-01-31": "338.00000", "2012-01-31": "", "2011-01-31": "", "2010-01-31": "317.00000", "2009-01-31": "382.00000", "2008-01-31": "433.00000", "2007-01-31": "442.00000", "2006-01-31": "424.81900", "2005-01-31": "406.98100"}, "Long-Term Investments": {"2020-01-31": "", "2019-01-31": "", "2018-01-31": "", "2017-01-31": "", "2016-01-31": "", "2015-01-31": "", "2014-01-31": "", "2013-01-31": "", "2012-01-31": "", "2011-01-31": "", "2010-01-31": "", "2009-01-31": "", "2008-01-31": "", "2007-01-31": "", "2006-01-31": "", "2005-01-31": ""}, "Goodwill And Intangible Assets": {"2020-01-31": "160.70700", "2019-01-31": "129.30700", "2018-01-31": "140.84300", "2017-01-31": "142.77600", "2016-01-31": "94.76100", "2015-01-31": "94.29000", "2014-01-31": "94.00000", "2013-01-31": "94.00000", "2012-01-31": "0.00000", "2011-01-31": "0.00000", "2010-01-31": "", "2009-01-31": "", "2008-01-31": "", "2007-01-31": "", "2006-01-31": "", "2005-01-31": ""}, "Other Long-Term Assets": {"2020-01-31": "18.94010", "2019-01-31": "19.42300", "2018-01-31": "27.83200", "2017-01-31": "12.06100", "2016-01-31": "9.89700", "2015-01-31": "7.65800", "2014-01-31": "55.00000", "2013-01-31": "49.00000", "2012-01-31": "", "2011-01-31": "", "2010-01-31": "", "2009-01-31": "", "2008-01-31": "", "2007-01-31": "", "2006-01-31": "", "2005-01-31": ""}, "Total Long-Term Assets": {"2020-01-31": "2238.29300", "2019-01-31": "612.81200", "2018-01-31": "623.23300", "2017-01-31": "604.83500", "2016-01-31": "523.56400", "2015-01-31": "537.33000", "2014-01-31": "535.00000", "2013-01-31": "511.00000", "2012-01-31": "", "2011-01-31": "", "2010-01-31": "317.00000", "2009-01-31": "382.00000", "2008-01-31": "433.00000", "2007-01-31": "442.00000", "2006-01-31": "424.81900", "2005-01-31": "406.98100"}, "Total Assets": {"2020-01-31": "3838.09500", "2019-01-31": "2128.33600", "2018-01-31": "2300.21500", "2017-01-31": "2147.64000", "2016-01-31": "2031.28700", "2015-01-31": "1961.10800", "2014-01-31": "1811.00000", "2013-01-31": "1555.00000", "2012-01-31": "0.00000", "2011-01-31": "0.00000", "2010-01-31": "1710.00000", "2009-01-31": "1625.00000", "2008-01-31": "1614.00000", "2007-01-31": "1693.00000", "2006-01-31": "1875.63300", "2005-01-31": "2111.66000"}, "Total Current Liabilities": {"2020-01-31": "1196.36600", "2019-01-31": "932.55300", "2018-01-31": "957.94500", "2017-01-31": "1024.22400", "2016-01-31": "912.86000", "2015-01-31": "889.63200", "2014-01-31": "826.00000", "2013-01-31": "856.00000", "2012-01-31": "", "2011-01-31": "", "2010-01-31": "717.00000", "2009-01-31": "681.00000", "2008-01-31": "679.00000", "2007-01-31": "742.00000", "2006-01-31": "496.76600", "2005-01-31": "511.94000"}, "Long Term Debt": {"2020-01-31": "2644.46000", "2019-01-31": "2681.00000", "2018-01-31": "2701.76400", "2017-01-31": "2723.18700", "2016-01-31": "2744.94200", "2015-01-31": "3089.78100", "2014-01-31": "3678.00000", "2013-01-31": "2891.00000", "2012-01-31": "", "2011-01-31": "", "2010-01-31": "3684.00000", "2009-01-31": "3756.00000", "2008-01-31": "3741.00000", "2007-01-31": "3729.00000", "2006-01-31": "", "2005-01-31": "200.00000"}, "Other Non-Current Liabilities": {"2020-01-31": "85.91200", "2019-01-31": "140.97800", "2018-01-31": "150.00100", "2017-01-31": "98.65500", "2016-01-31": "97.58000", "2015-01-31": "93.22000", "2014-01-31": "87.00000", "2013-01-31": "110.00000", "2012-01-31": "", "2011-01-31": "", "2010-01-31": "", "2009-01-31": "", "2008-01-31": "", "2007-01-31": "", "2006-01-31": "", "2005-01-31": ""}, "Total Long Term Liabilities": {"2020-01-31": "4088.19300", "2019-01-31": "2821.97800", "2018-01-31": "2851.76500", "2017-01-31": "2821.84200", "2016-01-31": "2842.52200", "2015-01-31": "3183.00100", "2014-01-31": "3767.00000", "2013-01-31": "3003.00000", "2012-01-31": "", "2011-01-31": "", "2010-01-31": "3684.00000", "2009-01-31": "3756.00000", "2008-01-31": "3741.00000", "2007-01-31": "3729.00000", "2006-01-31": "", "2005-01-31": "200.00000"}, "Total Liabilities": {"2020-01-31": "5284.55900", "2019-01-31": "3754.53100", "2018-01-31": "3809.71000", "2017-01-31": "3846.06600", "2016-01-31": "3755.38200", "2015-01-31": "4072.63300", "2014-01-31": "4593.00000", "2013-01-31": "3859.00000", "2012-01-31": "0.00000", "2011-01-31": "0.00000", "2010-01-31": "4481.00000", "2009-01-31": "4512.00000", "2008-01-31": "4506.00000", "2007-01-31": "4568.00000", "2006-01-31": "588.20600", "2005-01-31": "814.49500"}, "Common Stock Net": {"2020-01-31": "9.85200", "2019-01-31": "10.59400", "2018-01-31": "12.20600", "2017-01-31": "12.94800", "2016-01-31": "13.97900", "2015-01-31": "13.79900", "2014-01-31": "12.00000", "2013-01-31": "12.00000", "2012-01-31": "0.00000", "2011-01-31": "0.00000", "2010-01-31": "", "2009-01-31": "", "2008-01-31": "", "2007-01-31": "", "2006-01-31": "", "2005-01-31": ""}, "Retained Earnings (Accumulated Deficit)": {"2020-01-31": "-1438.35700", "2019-01-31": "-1628.18500", "2018-01-31": "-1539.78100", "2017-01-31": "-1930.27900", "2016-01-31": "-2308.43800", "2015-01-31": "-2671.35000", "2014-01-31": "-2888.00000", "2013-01-31": "-2359.00000", "2012-01-31": "", "2011-01-31": "", "2010-01-31": "-2824.00000", "2009-01-31": "-2931.00000", "2008-01-31": "-2926.00000", "2007-01-31": "-2894.00000", "2006-01-31": "880.67600", "2005-01-31": "826.82100"}, "Comprehensive Income": {"2020-01-31": "-22.83100", "2019-01-31": "-14.55800", "2018-01-31": "-3.66000", "2017-01-31": "-14.22400", "2016-01-31": "-22.05600", "2015-01-31": "-11.80500", "2014-01-31": "0.00000", "2013-01-31": "6.00000", "2012-01-31": "", "2011-01-31": "", "2010-01-31": "", "2009-01-31": "", "2008-01-31": "", "2007-01-31": "", "2006-01-31": "", "2005-01-31": ""}, "Other Share Holders Equity": {"2020-01-31": "", "2019-01-31": "", "2018-01-31": "", "2017-01-31": "", "2016-01-31": "", "2015-01-31": "", "2014-01-31": "", "2013-01-31": "", "2012-01-31": "0.00000", "2011-01-31": "0.00000", "2010-01-31": "", "2009-01-31": "", "2008-01-31": "", "2007-01-31": "", "2006-01-31": "", "2005-01-31": ""}, "Share Holder Equity": {"2020-01-31": "-1446.46400", "2019-01-31": "-1626.19500", "2018-01-31": "-1509.49500", "2017-01-31": "-1698.42600", "2016-01-31": "-1724.09500", "2015-01-31": "-2111.52500", "2014-01-31": "-2782.00000", "2013-01-31": "-2304.00000", "2012-01-31": "0.00000", "2011-01-31": "0.00000", "2010-01-31": "-2771.00000", "2009-01-31": "-2887.00000", "2008-01-31": "-2892.00000", "2007-01-31": "-2875.00000", "2006-01-31": "1287.42700", "2005-01-31": "1297.16500"}, "Total Liabilities And Share Holders Equity": {"2020-01-31": "3838.09500", "2019-01-31": "2128.33600", "2018-01-31": "2300.21500", "2017-01-31": "2147.64000", "2016-01-31": "2031.28700", "2015-01-31": "1961.10800", "2014-01-31": "1811.00000", "2013-01-31": "1555.00000", "2012-01-31": "0.00000", "2011-01-31": "0.00000", "2010-01-31": "1710.00000", "2009-01-31": "1625.00000", "2008-01-31": "1614.00000", "2007-01-31": "1693.00000", "2006-01-31": "1875.63300", "2005-01-31": "2111.66000"}}, "balance sheet, quarterly": {"Cash On Hand": {"2020-10-31": "851.99600", "2020-07-31": "651.11800", "2020-04-30": "926.83000", "2020-01-31": "409.96400", "2019-10-31": "118.38700", "2019-07-31": "130.98100", "2019-04-30": "246.72700", "2019-01-31": "245.88700", "2018-10-31": "102.67000", "2018-07-31": "123.19100", "2018-04-30": "422.45400", "2018-01-31": "425.89600", "2017-10-31": "176.77100", "2017-07-31": "134.11900", "2017-04-30": "197.86300", "2017-01-31": "298.81300", "2016-10-31": "149.97000", "2016-07-31": "114.84900", "2016-04-30": "171.87000", "2016-01-31": "409.39100", "2015-10-31": "114.74600", "2015-07-31": "70.36800", "2015-04-30": "272.56800", "2015-01-31": "378.29500", "2014-10-31": "193.79800", "2014-07-31": "89.50300", "2014-04-30": "114.98900", "2014-01-31": "239.00000", "2013-10-31": "73.00000", "2013-07-31": "56.00000", "2013-04-30": "55.00000", "2013-01-31": "56.00000", "2012-01-31": "", "2011-01-31": ""}, "Receivables": {"2020-10-31": "24.23200", "2020-07-31": "31.04300", "2020-04-30": "23.33700", "2020-01-31": "30.44200", "2019-10-31": "26.96800", "2019-07-31": "23.94100", "2019-04-30": "36.22300", "2019-01-31": "62.26300", "2018-10-31": "49.54100", "2018-07-31": "47.61800", "2018-04-30": "32.85100", "2018-01-31": "29.96800", "2017-10-31": "36.72800", "2017-07-31": "44.39600", "2017-04-30": "29.77500", "2017-01-31": "29.04000", "2016-10-31": "63.68400", "2016-07-31": "69.59600", "2016-04-30": "32.04000", "2016-01-31": "10.71500", "2015-10-31": "28.90300", "2015-07-31": "61.71600", "2015-04-30": "9.17700", "2015-01-31": "2.41800", "2014-10-31": "41.57400", "2014-07-31": "75.48100", "2014-04-30": "8.00000", "2014-01-31": "2.00000", "2013-10-31": "20.00000", "2013-07-31": "36.00000", "2013-04-30": "8.00000", "2013-01-31": "3.00000", "2012-01-31": "", "2011-01-31": ""}, "Inventory": {"2020-10-31": "1170.50400", "2020-07-31": "1021.69100", "2020-04-30": "1110.76000", "2020-01-31": "1097.10900", "2019-10-31": "1423.36700", "2019-07-31": "1256.46500", "2019-04-30": "1101.72900", "2019-01-31": "1108.71500", "2018-10-31": "1440.87500", "2018-07-31": "1280.09500", "2018-04-30": "1121.56300", "2018-01-31": "1123.28800", "2017-10-31": "1404.20600", "2017-07-31": "1195.49500", "2017-04-30": "1102.34600", "2017-01-31": "1127.77700", "2016-10-31": "1394.09200", "2016-07-31": "1145.42200", "2016-04-30": "1057.64200", "2016-01-31": "1002.60700", "2015-10-31": "1277.05300", "2015-07-31": "1073.72200", "2015-04-30": "985.37600", "2015-01-31": "958.17100", "2014-10-31": "1115.81300", "2014-07-31": "936.89200", "2014-04-30": "930.13100", "2014-01-31": "901.00000", "2013-10-31": "1119.00000", "2013-07-31": "909.00000", "2013-04-30": "843.00000", "2013-01-31": "862.00000", "2012-01-31": "", "2011-01-31": ""}, "Pre-Paid Expenses": {"2020-10-31": "69.66300", "2020-07-31": "60.72100", "2020-04-30": "51.43800", "2020-01-31": "62.28700", "2019-10-31": "73.22300", "2019-07-31": "69.67200", "2019-04-30": "65.30400", "2019-01-31": "98.65900", "2018-10-31": "100.79100", "2018-07-31": "98.74200", "2018-04-30": "108.48100", "2018-01-31": "97.83000", "2017-10-31": "95.99300", "2017-07-31": "87.17600", "2017-04-30": "84.86500", "2017-01-31": "87.17500", "2016-10-31": "93.69100", "2016-07-31": "85.48200", "2016-04-30": "84.70600", "2016-01-31": "85.01000", "2015-10-31": "85.70900", "2015-07-31": "75.02700", "2015-04-30": "74.62100", "2015-01-31": "84.89400", "2014-10-31": "99.62300", "2014-07-31": "100.69800", "2014-04-30": "95.29000", "2014-01-31": "95.00000", "2013-10-31": "99.00000", "2013-07-31": "96.00000", "2013-04-30": "85.00000", "2013-01-31": "", "2012-01-31": "", "2011-01-31": ""}, "Other Current Assets": {"2020-10-31": "", "2020-07-31": "", "2020-04-30": "", "2020-01-31": "", "2019-10-31": "", "2019-07-31": "", "2019-04-30": "", "2019-01-31": "", "2018-10-31": "", "2018-07-31": "", "2018-04-30": "", "2018-01-31": "", "2017-10-31": "", "2017-07-31": "", "2017-04-30": "", "2017-01-31": "", "2016-10-31": "", "2016-07-31": "", "2016-04-30": "", "2016-01-31": "", "2015-10-31": "", "2015-07-31": "", "2015-04-30": "", "2015-01-31": "", "2014-10-31": "", "2014-07-31": "", "2014-04-30": "", "2014-01-31": "", "2013-10-31": "", "2013-07-31": "", "2013-04-30": "", "2013-01-31": "", "2012-01-31": "", "2011-01-31": ""}, "Total Current Assets": {"2020-10-31": "2116.39500", "2020-07-31": "1764.57300", "2020-04-30": "2112.36500", "2020-01-31": "1599.80200", "2019-10-31": "1641.94500", "2019-07-31": "1481.05900", "2019-04-30": "1449.98300", "2019-01-31": "1515.52400", "2018-10-31": "1693.87700", "2018-07-31": "1549.64600", "2018-04-30": "1685.34900", "2018-01-31": "1676.98200", "2017-10-31": "1713.69800", "2017-07-31": "1461.18600", "2017-04-30": "1414.84900", "2017-01-31": "1542.80500", "2016-10-31": "1701.43700", "2016-07-31": "1415.34900", "2016-04-30": "1346.25800", "2016-01-31": "1507.72300", "2015-10-31": "1506.41100", "2015-07-31": "1280.83300", "2015-04-30": "1341.74200", "2015-01-31": "1423.77800", "2014-10-31": "1487.82700", "2014-07-31": "1239.67700", "2014-04-30": "1185.44900", "2014-01-31": "1276.00000", "2013-10-31": "1349.00000", "2013-07-31": "1135.00000", "2013-04-30": "1028.00000", "2013-01-31": "1044.00000", "2012-01-31": "", "2011-01-31": ""}, "Property, Plant, And Equipment": {"2020-10-31": "415.52800", "2020-07-31": "412.26300", "2020-04-30": "420.26300", "2020-01-31": "430.43200", "2019-10-31": "431.93200", "2019-07-31": "437.49100", "2019-04-30": "433.88200", "2019-01-31": "439.07700", "2018-10-31": "453.39600", "2018-07-31": "445.13000", "2018-04-30": "424.90500", "2018-01-31": "420.02000", "2017-10-31": "401.89200", "2017-07-31": "407.69400", "2017-04-30": "403.04900", "2017-01-31": "413.16400", "2016-10-31": "412.20200", "2016-07-31": "398.68800", "2016-04-30": "402.76200", "2016-01-31": "378.50700", "2015-10-31": "385.40700", "2015-07-31": "394.68600", "2015-04-30": "387.89000", "2015-01-31": "386.37200", "2014-10-31": "376.78700", "2014-07-31": "365.62100", "2014-04-30": "362.49600", "2014-01-31": "358.00000", "2013-10-31": "353.00000", "2013-07-31": "347.00000", "2013-04-30": "341.00000", "2013-01-31": "1502.00000", "2012-01-31": "", "2011-01-31": ""}, "Long-Term Investments": {"2020-10-31": "", "2020-07-31": "", "2020-04-30": "", "2020-01-31": "", "2019-10-31": "", "2019-07-31": "", "2019-04-30": "", "2019-01-31": "", "2018-10-31": "", "2018-07-31": "", "2018-04-30": "", "2018-01-31": "", "2017-10-31": "", "2017-07-31": "", "2017-04-30": "", "2017-01-31": "", "2016-10-31": "", "2016-07-31": "", "2016-04-30": "", "2016-01-31": "", "2015-10-31": "", "2015-07-31": "", "2015-04-30": "", "2015-01-31": "", "2014-10-31": "", "2014-07-31": "", "2014-04-30": "", "2014-01-31": "", "2013-10-31": "", "2013-07-31": "", "2013-04-30": "", "2013-01-31": "", "2012-01-31": "", "2011-01-31": ""}, "Goodwill And Intangible Assets": {"2020-10-31": "152.95600", "2020-07-31": "154.12900", "2020-04-30": "158.80100", "2020-01-31": "160.70700", "2019-10-31": "99.33300", "2019-07-31": "126.15100", "2019-04-30": "129.02900", "2019-01-31": "129.30700", "2018-10-31": "139.66500", "2018-07-31": "140.05700", "2018-04-30": "140.45000", "2018-01-31": "140.84300", "2017-10-31": "141.32700", "2017-07-31": "141.81000", "2017-04-30": "142.29300", "2017-01-31": "142.77600", "2016-10-31": "143.53100", "2016-07-31": "142.77700", "2016-04-30": "143.32500", "2016-01-31": "94.76100", "2015-10-31": "94.77800", "2015-07-31": "94.79500", "2015-04-30": "94.81200", "2015-01-31": "94.29000", "2014-10-31": "94.29000", "2014-07-31": "94.29000", "2014-04-30": "94.29000", "2014-01-31": "94.00000", "2013-10-31": "94.00000", "2013-07-31": "94.00000", "2013-04-30": "94.00000", "2013-01-31": "0.00000", "2012-01-31": "0.00000", "2011-01-31": "0.00000"}, "Other Long-Term Assets": {"2020-10-31": "17.55800", "2020-07-31": "17.32200", "2020-04-30": "16.45300", "2020-01-31": "18.94000", "2019-10-31": "20.26700", "2019-07-31": "23.27700", "2019-04-30": "27.06800", "2019-01-31": "19.42300", "2018-10-31": "28.73000", "2018-07-31": "26.18000", "2018-04-30": "29.49600", "2018-01-31": "27.83200", "2017-10-31": "12.23300", "2017-07-31": "12.20200", "2017-04-30": "12.21400", "2017-01-31": "12.06100", "2016-10-31": "12.01600", "2016-07-31": "12.38700", "2016-04-30": "9.95800", "2016-01-31": "9.89700", "2015-10-31": "10.48000", "2015-07-31": "6.05900", "2015-04-30": "6.63000", "2015-01-31": "7.65800", "2014-10-31": "47.37300", "2014-07-31": "49.70800", "2014-04-30": "51.57200", "2014-01-31": "55.00000", "2013-10-31": "55.00000", "2013-07-31": "58.00000", "2013-04-30": "44.00000", "2013-01-31": "", "2012-01-31": "", "2011-01-31": ""}, "Total Long-Term Assets": {"2020-10-31": "2146.92600", "2020-07-31": "2158.77500", "2020-04-30": "2195.21000", "2020-01-31": "2238.29300", "2019-10-31": "2203.13400", "2019-07-31": "2226.09000", "2019-04-30": "2229.27500", "2019-01-31": "612.81200", "2018-10-31": "645.15800", "2018-07-31": "642.89900", "2018-04-30": "628.18900", "2018-01-31": "623.23300", "2017-10-31": "592.39790", "2017-07-31": "598.84310", "2017-04-30": "594.93200", "2017-01-31": "604.83500", "2016-10-31": "598.04200", "2016-07-31": "593.63200", "2016-04-30": "600.43500", "2016-01-31": "523.56400", "2015-10-31": "532.12190", "2015-07-31": "538.03600", "2015-04-30": "533.23710", "2015-01-31": "537.33000", "2014-10-31": "542.03700", "2014-07-31": "533.23700", "2014-04-30": "530.76600", "2014-01-31": "535.00000", "2013-10-31": "531.00000", "2013-07-31": "528.00000", "2013-04-30": "507.00000", "2013-01-31": "1502.00000", "2012-01-31": "", "2011-01-31": ""}, "Total Assets": {"2020-10-31": "4263.32100", "2020-07-31": "3923.34800", "2020-04-30": "4307.57500", "2020-01-31": "3838.09500", "2019-10-31": "3845.07900", "2019-07-31": "3707.14900", "2019-04-30": "3679.25800", "2019-01-31": "2128.33600", "2018-10-31": "2339.03500", "2018-07-31": "2192.54500", "2018-04-30": "2313.53800", "2018-01-31": "2300.21500", "2017-10-31": "2306.09600", "2017-07-31": "2060.02900", "2017-04-30": "2009.78100", "2017-01-31": "2147.64000", "2016-10-31": "2299.47900", "2016-07-31": "2008.98100", "2016-04-30": "1946.69300", "2016-01-31": "2031.28700", "2015-10-31": "2038.53300", "2015-07-31": "1818.86900", "2015-04-30": "1874.97900", "2015-01-31": "1961.10800", "2014-10-31": "2029.86400", "2014-07-31": "1772.91400", "2014-04-30": "1716.21500", "2014-01-31": "1811.00000", "2013-10-31": "1880.00000", "2013-07-31": "1663.00000", "2013-04-30": "1535.00000", "2013-01-31": "1555.00000", "2012-01-31": "0.00000", "2011-01-31": "0.00000"}, "Total Current Liabilities": {"2020-10-31": "1734.50100", "2020-07-31": "1379.20000", "2020-04-30": "1764.46100", "2020-01-31": "1196.36600", "2019-10-31": "1382.74500", "2019-07-31": "1191.18700", "2019-04-30": "1142.07300", "2019-01-31": "932.55300", "2018-10-31": "1293.89000", "2018-07-31": "1047.94500", "2018-04-30": "941.43600", "2018-01-31": "957.94500", "2017-10-31": "1231.15800", "2017-07-31": "1015.55000", "2017-04-30": "912.31300", "2017-01-31": "1024.22400", "2016-10-31": "1125.37800", "2016-07-31": "884.35800", "2016-04-30": "794.60900", "2016-01-31": "912.86000", "2015-10-31": "959.02600", "2015-07-31": "818.29500", "2015-04-30": "906.05000", "2015-01-31": "889.63200", "2014-10-31": "1079.02900", "2014-07-31": "702.70400", "2014-04-30": "692.72300", "2014-01-31": "826.00000", "2013-10-31": "1056.00000", "2013-07-31": "891.00000", "2013-04-30": "797.00000", "2013-01-31": "856.00000", "2012-01-31": "", "2011-01-31": ""}, "Long Term Debt": {"2020-10-31": "2483.70200", "2020-07-31": "2633.64300", "2020-04-30": "2639.05100", "2020-01-31": "2644.46000", "2019-10-31": "2649.75600", "2019-07-31": "2655.39100", "2019-04-30": "2675.60200", "2019-01-31": "2681.00000", "2018-10-31": "2690.30200", "2018-07-31": "2695.08700", "2018-04-30": "2696.40800", "2018-01-31": "2701.76400", "2017-10-31": "2707.12000", "2017-07-31": "2712.47500", "2017-04-30": "2717.83100", "2017-01-31": "2723.18700", "2016-10-31": "2734.75800", "2016-07-31": "2735.18700", "2016-04-30": "2740.06400", "2016-01-31": "2744.94200", "2015-10-31": "2897.36700", "2015-07-31": "2902.09900", "2015-04-30": "2906.83300", "2015-01-31": "3089.78100", "2014-10-31": "3130.63100", "2014-07-31": "3316.90900", "2014-04-30": "3673.11600", "2014-01-31": "3678.00000", "2013-10-31": "3678.00000", "2013-07-31": "3682.00000", "2013-04-30": "2887.00000", "2013-01-31": "2891.00000", "2012-01-31": "", "2011-01-31": ""}, "Other Non-Current Liabilities": {"2020-10-31": "120.06100", "2020-07-31": "103.01000", "2020-04-30": "91.48900", "2020-01-31": "85.91200", "2019-10-31": "69.85300", "2019-07-31": "71.10200", "2019-04-30": "68.76600", "2019-01-31": "140.97800", "2018-10-31": "144.69400", "2018-07-31": "148.89300", "2018-04-30": "159.61500", "2018-01-31": "150.00100", "2017-10-31": "100.65600", "2017-07-31": "99.99700", "2017-04-30": "101.56200", "2017-01-31": "98.65500", "2016-10-31": "98.86600", "2016-07-31": "97.23200", "2016-04-30": "95.37800", "2016-01-31": "97.58000", "2015-10-31": "92.06500", "2015-07-31": "91.03200", "2015-04-30": "93.41000", "2015-01-31": "93.22000", "2014-10-31": "87.56100", "2014-07-31": "86.18600", "2014-04-30": "83.35700", "2014-01-31": "87.00000", "2013-10-31": "114.00000", "2013-07-31": "107.00000", "2013-04-30": "107.00000", "2013-01-31": "", "2012-01-31": "", "2011-01-31": ""}, "Total Long Term Liabilities": {"2020-10-31": "3918.75000", "2020-07-31": "4054.03100", "2020-04-30": "4058.53700", "2020-01-31": "4088.19300", "2019-10-31": "4094.16400", "2019-07-31": "4103.53200", "2019-04-30": "4124.54300", "2019-01-31": "2821.97800", "2018-10-31": "2834.99600", "2018-07-31": "2843.98000", "2018-04-30": "2856.02300", "2018-01-31": "2851.76500", "2017-10-31": "2807.77600", "2017-07-31": "2812.47200", "2017-04-30": "2819.39300", "2017-01-31": "2821.84200", "2016-10-31": "2833.62400", "2016-07-31": "2832.41900", "2016-04-30": "2835.44200", "2016-01-31": "2842.52200", "2015-10-31": "2989.43200", "2015-07-31": "2993.13100", "2015-04-30": "3000.24300", "2015-01-31": "3183.00100", "2014-10-31": "3219.38500", "2014-07-31": "3404.25800", "2014-04-30": "3757.53100", "2014-01-31": "3767.00000", "2013-10-31": "3794.00000", "2013-07-31": "3791.00000", "2013-04-30": "2996.00000", "2013-01-31": "2891.00000", "2012-01-31": "", "2011-01-31": ""}, "Total Liabilities": {"2020-10-31": "5653.25100", "2020-07-31": "5433.23100", "2020-04-30": "5822.99800", "2020-01-31": "5284.55900", "2019-10-31": "5476.90900", "2019-07-31": "5294.71900", "2019-04-30": "5266.61600", "2019-01-31": "3754.53100", "2018-10-31": "4128.88600", "2018-07-31": "3891.92500", "2018-04-30": "3797.45900", "2018-01-31": "3809.71000", "2017-10-31": "4038.93400", "2017-07-31": "3828.02200", "2017-04-30": "3731.70600", "2017-01-31": "3846.06600", "2016-10-31": "3959.00200", "2016-07-31": "3716.77700", "2016-04-30": "3630.05100", "2016-01-31": "3755.38200", "2015-10-31": "3948.45800", "2015-07-31": "3811.42600", "2015-04-30": "3906.29300", "2015-01-31": "4072.63300", "2014-10-31": "4298.41400", "2014-07-31": "4106.96200", "2014-04-30": "4450.25400", "2014-01-31": "4593.00000", "2013-10-31": "4850.00000", "2013-07-31": "4682.00000", "2013-04-30": "3793.00000", "2013-01-31": "3859.00000", "2012-01-31": "0.00000", "2011-01-31": "0.00000"}, "Common Stock Net": {"2020-10-31": "9.90800", "2020-07-31": "9.89700", "2020-04-30": "9.89000", "2020-01-31": "9.85200", "2019-10-31": "9.85000", "2019-07-31": "10.41900", "2019-04-30": "10.62000", "2019-01-31": "10.59400", "2018-10-31": "10.70000", "2018-07-31": "11.50400", "2018-04-30": "12.22500", "2018-01-31": "12.20600", "2017-10-31": "12.15900", "2017-07-31": "12.33000", "2017-04-30": "12.65600", "2017-01-31": "12.94800", "2016-10-31": "13.70300", "2016-07-31": "13.77000", "2016-04-30": "13.89800", "2016-01-31": "13.97900", "2015-10-31": "13.97000", "2015-07-31": "13.95200", "2015-04-30": "13.91400", "2015-01-31": "13.79900", "2014-10-31": "13.77400", "2014-07-31": "13.76800", "2014-04-30": "11.87800", "2014-01-31": "12.00000", "2013-10-31": "12.00000", "2013-07-31": "12.00000", "2013-04-30": "12.00000", "2013-01-31": "0.00000", "2012-01-31": "0.00000", "2011-01-31": "0.00000"}, "Retained Earnings (Accumulated Deficit)": {"2020-10-31": "-1398.49700", "2020-07-31": "-1509.61900", "2020-04-30": "-1501.86200", "2020-01-31": "-1438.35700", "2019-10-31": "-1620.00900", "2019-07-31": "-1573.84300", "2019-04-30": "-1590.49400", "2019-01-31": "-1628.18500", "2018-10-31": "-1781.49300", "2018-07-31": "-1700.97800", "2018-04-30": "-1512.89600", "2018-01-31": "-1539.78100", "2017-10-31": "-1742.74900", "2017-07-31": "-1822.50900", "2017-04-30": "-1858.07100", "2017-01-31": "-1930.27900", "2016-10-31": "-2125.59700", "2016-07-31": "-2202.05600", "2016-04-30": "-2237.67300", "2016-01-31": "-2308.43800", "2015-10-31": "-2492.10400", "2015-07-31": "-2568.90100", "2015-04-30": "-2604.61200", "2015-01-31": "-2671.35000", "2014-10-31": "-2830.48600", "2014-07-31": "-2894.00200", "2014-04-30": "-2845.24100", "2014-01-31": "-2888.00000", "2013-10-31": "-3018.00000", "2013-07-31": "-3069.00000", "2013-04-30": "-2313.00000", "2013-01-31": "-2359.00000", "2012-01-31": "", "2011-01-31": ""}, "Comprehensive Income": {"2020-10-31": "-24.29700", "2020-07-31": "-28.20700", "2020-04-30": "-37.16700", "2020-01-31": "-22.83100", "2019-10-31": "-22.91600", "2019-07-31": "-24.14600", "2019-04-30": "-19.38400", "2019-01-31": "-14.55800", "2018-10-31": "-6.89000", "2018-07-31": "-9.90600", "2018-04-30": "-10.71300", "2018-01-31": "-3.66000", "2017-10-31": "-9.97000", "2017-07-31": "-5.55200", "2017-04-30": "-19.49600", "2017-01-31": "-14.22400", "2016-10-31": "-16.25600", "2016-07-31": "-12.60600", "2016-04-30": "-7.84700", "2016-01-31": "-22.05600", "2015-10-31": "-14.62400", "2015-07-31": "-14.71200", "2015-04-30": "-7.48900", "2015-01-31": "-11.80500", "2014-10-31": "-1.64500", "2014-07-31": "0.87500", "2014-04-30": "-0.92600", "2014-01-31": "", "2013-10-31": "4.00000", "2013-07-31": "4.00000", "2013-04-30": "5.00000", "2013-01-31": "", "2012-01-31": "", "2011-01-31": ""}, "Other Share Holders Equity": {"2020-10-31": "", "2020-07-31": "", "2020-04-30": "", "2020-01-31": "", "2019-10-31": "", "2019-07-31": "", "2019-04-30": "", "2019-01-31": "", "2018-10-31": "", "2018-07-31": "", "2018-04-30": "", "2018-01-31": "", "2017-10-31": "", "2017-07-31": "", "2017-04-30": "", "2017-01-31": "", "2016-10-31": "", "2016-07-31": "", "2016-04-30": "", "2016-01-31": "", "2015-10-31": "", "2015-07-31": "", "2015-04-30": "", "2015-01-31": "", "2014-10-31": "", "2014-07-31": "", "2014-04-30": "", "2014-01-31": "", "2013-10-31": "", "2013-07-31": "", "2013-04-30": "", "2013-01-31": "0.00000", "2012-01-31": "0.00000", "2011-01-31": "0.00000"}, "Share Holder Equity": {"2020-10-31": "-1389.93000", "2020-07-31": "-1509.88300", "2020-04-30": "-1515.42300", "2020-01-31": "-1446.46400", "2019-10-31": "-1631.83000", "2019-07-31": "-1587.57000", "2019-04-30": "-1587.35800", "2019-01-31": "-1626.19500", "2018-10-31": "-1789.85100", "2018-07-31": "-1699.38000", "2018-04-30": "-1483.92100", "2018-01-31": "-1509.49500", "2017-10-31": "-1732.83800", "2017-07-31": "-1767.99300", "2017-04-30": "-1721.92500", "2017-01-31": "-1698.42600", "2016-10-31": "-1659.52300", "2016-07-31": "-1707.79600", "2016-04-30": "-1683.35800", "2016-01-31": "-1724.09500", "2015-10-31": "-1909.92500", "2015-07-31": "-1992.55700", "2015-04-30": "-2031.31400", "2015-01-31": "-2111.52500", "2014-10-31": "-2268.55000", "2014-07-31": "-2334.04800", "2014-04-30": "-2734.03900", "2014-01-31": "-2782.00000", "2013-10-31": "-2970.00000", "2013-07-31": "-3019.00000", "2013-04-30": "-2258.00000", "2013-01-31": "-2304.00000", "2012-01-31": "0.00000", "2011-01-31": "0.00000"}, "Total Liabilities And Share Holders Equity": {"2020-10-31": "4263.32100", "2020-07-31": "3923.34800", "2020-04-30": "4307.57500", "2020-01-31": "3838.09500", "2019-10-31": "3845.07900", "2019-07-31": "3707.14900", "2019-04-30": "3679.25800", "2019-01-31": "2128.33600", "2018-10-31": "2339.03500", "2018-07-31": "2192.54500", "2018-04-30": "2313.53800", "2018-01-31": "2300.21500", "2017-10-31": "2306.09600", "2017-07-31": "2060.02900", "2017-04-30": "2009.78100", "2017-01-31": "2147.64000", "2016-10-31": "2299.47900", "2016-07-31": "2008.98100", "2016-04-30": "1946.69300", "2016-01-31": "2031.28700", "2015-10-31": "2038.53300", "2015-07-31": "1818.86900", "2015-04-30": "1874.97900", "2015-01-31": "1961.10800", "2014-10-31": "2029.86400", "2014-07-31": "1772.91400", "2014-04-30": "1716.21500", "2014-01-31": "1811.00000", "2013-10-31": "1880.00000", "2013-07-31": "1663.00000", "2013-04-30": "1535.00000", "2013-01-31": "0.00000", "2012-01-31": "0.00000", "2011-01-31": "0.00000"}}, "cash flow statement": {"Net Income/Loss": {"2020-01-31": "272.59500", "2019-01-31": "319.54500", "2018-01-31": "390.49800", "2017-01-31": "378.15900", "2016-01-31": "362.91200", "2015-01-31": "217.39500", "2014-01-31": "243.43000", "2013-01-31": "200.00000", "2012-01-31": "157.00000", "2011-01-31": "0.00000", "2010-01-31": "0.00000", "2009-01-31": "0.00000", "2008-01-31": "0.00000", "2007-01-31": "0.00000", "2006-01-31": "0.00000", "2005-01-31": "0.00000"}, "Total Depreciation And Amortization - Cash Flow": {"2020-01-31": "125.37000", "2019-01-31": "123.75300", "2018-01-31": "118.40700", "2017-01-31": "115.46700", "2016-01-31": "114.60600", "2015-01-31": "110.34200", "2014-01-31": "104.62900", "2013-01-31": "97.00000", "2012-01-31": "136.00000", "2011-01-31": "0.00000", "2010-01-31": "", "2009-01-31": "", "2008-01-31": "", "2007-01-31": "", "2006-01-31": "", "2005-01-31": ""}, "Other Non-Cash Items": {"2020-01-31": "417.46200", "2019-01-31": "146.28300", "2018-01-31": "33.71000", "2017-01-31": "25.04400", "2016-01-31": "26.09500", "2015-01-31": "118.22800", "2014-01-31": "55.22300", "2013-01-31": "74.00000", "2012-01-31": "98.00000", "2011-01-31": "", "2010-01-31": "", "2009-01-31": "", "2008-01-31": "", "2007-01-31": "", "2006-01-31": "", "2005-01-31": ""}, "Total Non-Cash Items": {"2020-01-31": "542.83200", "2019-01-31": "270.03600", "2018-01-31": "152.11700", "2017-01-31": "140.51100", "2016-01-31": "140.70100", "2015-01-31": "228.57000", "2014-01-31": "159.85200", "2013-01-31": "171.00000", "2012-01-31": "234.00000", "2011-01-31": "", "2010-01-31": "", "2009-01-31": "", "2008-01-31": "", "2007-01-31": "", "2006-01-31": "", "2005-01-31": ""}, "Change In Accounts Receivable": {"2020-01-31": "29.51600", "2019-01-31": "-14.10000", "2018-01-31": "-2.99200", "2017-01-31": "8.94800", "2016-01-31": "3.72500", "2015-01-31": "2.23400", "2014-01-31": "", "2013-01-31": "", "2012-01-31": "", "2011-01-31": "", "2010-01-31": "", "2009-01-31": "", "2008-01-31": "", "2007-01-31": "", "2006-01-31": "", "2005-01-31": ""}, "Change In Inventories": {"2020-01-31": "9.50400", "2019-01-31": "-63.89000", "2018-01-31": "5.28100", "2017-01-31": "-40.80000", "2016-01-31": "-44.21300", "2015-01-31": "-60.34300", "2014-01-31": "-37.79900", "2013-01-31": "-21.00000", "2012-01-31": "-19.00000", "2011-01-31": "", "2010-01-31": "", "2009-01-31": "", "2008-01-31": "", "2007-01-31": "", "2006-01-31": "", "2005-01-31": ""}, "Change In Accounts Payable": {"2020-01-31": "-14.78700", "2019-01-31": "-10.46100", "2018-01-31": "-38.02500", "2017-01-31": "38.24800", "2016-01-31": "24.21700", "2015-01-31": "76.71000", "2014-01-31": "101.82900", "2013-01-31": "-35.00000", "2012-01-31": "38.00000", "2011-01-31": "", "2010-01-31": "", "2009-01-31": "", "2008-01-31": "", "2007-01-31": "", "2006-01-31": "", "2005-01-31": ""}, "Change In Assets/Liabilities": {"2020-01-31": "-361.94000", "2019-01-31": "-11.65100", "2018-01-31": "0.38300", "2017-01-31": "-4.94000", "2016-01-31": "-30.08800", "2015-01-31": "22.07200", "2014-01-31": "-34.12600", "2013-01-31": "-24.00000", "2012-01-31": "8.00000", "2011-01-31": "", "2010-01-31": "", "2009-01-31": "", "2008-01-31": "", "2007-01-31": "", "2006-01-31": "", "2005-01-31": ""}, "Total Change In Assets/Liabilities": {"2020-01-31": "-322.25200", "2019-01-31": "-145.32500", "2018-01-31": "-19.00500", "2017-01-31": "45.74700", "2016-01-31": "0.43400", "2015-01-31": "-3.96800", "2014-01-31": "45.70700", "2013-01-31": "-72.00000", "2012-01-31": "18.00000", "2011-01-31": "0.00000", "2010-01-31": "", "2009-01-31": "", "2008-01-31": "", "2007-01-31": "", "2006-01-31": "", "2005-01-31": ""}, "Cash Flow From Operating Activities": {"2020-01-31": "493.17500", "2019-01-31": "444.25600", "2018-01-31": "523.61000", "2017-01-31": "564.41700", "2016-01-31": "504.04700", "2015-01-31": "441.99700", "2014-01-31": "448.98900", "2013-01-31": "299.00000", "2012-01-31": "409.00000", "2011-01-31": "0.00000", "2010-01-31": "", "2009-01-31": "", "2008-01-31": "", "2007-01-31": "", "2006-01-31": "", "2005-01-31": ""}, "Net Change In Property, Plant, And Equipment": {"2020-01-31": "-120.54500", "2019-01-31": "-145.38700", "2018-01-31": "-127.83000", "2017-01-31": "-114.46200", "2016-01-31": "-123.92000", "2015-01-31": "-137.78000", "2014-01-31": "-112.15600", "2013-01-31": "-124.00000", "2012-01-31": "-109.00000", "2011-01-31": "0.00000", "2010-01-31": "", "2009-01-31": "", "2008-01-31": "", "2007-01-31": "", "2006-01-31": "", "2005-01-31": ""}, "Net Change In Intangible Assets": {"2020-01-31": "-58.00000", "2019-01-31": "", "2018-01-31": "", "2017-01-31": "", "2016-01-31": "", "2015-01-31": "", "2014-01-31": "", "2013-01-31": "", "2012-01-31": "", "2011-01-31": "", "2010-01-31": "", "2009-01-31": "", "2008-01-31": "", "2007-01-31": "", "2006-01-31": "", "2005-01-31": ""}, "Net Acquisitions/Divestitures": {"2020-01-31": "", "2019-01-31": "", "2018-01-31": "", "2017-01-31": "-151.10000", "2016-01-31": "", "2015-01-31": "", "2014-01-31": "", "2013-01-31": "", "2012-01-31": "", "2011-01-31": "0.00000", "2010-01-31": "", "2009-01-31": "", "2008-01-31": "", "2007-01-31": "", "2006-01-31": "", "2005-01-31": ""}, "Net Change In Short-term Investments": {"2020-01-31": "", "2019-01-31": "", "2018-01-31": "", "2017-01-31": "", "2016-01-31": "", "2015-01-31": "", "2014-01-31": "", "2013-01-31": "", "2012-01-31": "", "2011-01-31": "", "2010-01-31": "", "2009-01-31": "", "2008-01-31": "", "2007-01-31": "", "2006-01-31": "", "2005-01-31": ""}, "Net Change In Long-Term Investments": {"2020-01-31": "", "2019-01-31": "", "2018-01-31": "", "2017-01-31": "-1.32500", "2016-01-31": "-5.00000", "2015-01-31": "", "2014-01-31": "", "2013-01-31": "", "2012-01-31": "", "2011-01-31": "", "2010-01-31": "", "2009-01-31": "", "2008-01-31": "", "2007-01-31": "", "2006-01-31": "", "2005-01-31": ""}, "Net Change In Investments - Total": {"2020-01-31": "", "2019-01-31": "", "2018-01-31": "", "2017-01-31": "-1.32500", "2016-01-31": "-5.00000", "2015-01-31": "", "2014-01-31": "", "2013-01-31": "", "2012-01-31": "", "2011-01-31": "0.00000", "2010-01-31": "", "2009-01-31": "", "2008-01-31": "", "2007-01-31": "", "2006-01-31": "", "2005-01-31": ""}, "Investing Activities - Other": {"2020-01-31": "", "2019-01-31": "", "2018-01-31": "", "2017-01-31": "", "2016-01-31": "", "2015-01-31": "", "2014-01-31": "", "2013-01-31": "", "2012-01-31": "", "2011-01-31": "", "2010-01-31": "", "2009-01-31": "", "2008-01-31": "", "2007-01-31": "", "2006-01-31": "", "2005-01-31": ""}, "Cash Flow From Investing Activities": {"2020-01-31": "-178.54500", "2019-01-31": "-145.38700", "2018-01-31": "-127.83000", "2017-01-31": "-266.88700", "2016-01-31": "-128.92000", "2015-01-31": "-137.78000", "2014-01-31": "-112.15600", "2013-01-31": "-124.00000", "2012-01-31": "-109.00000", "2011-01-31": "0.00000", "2010-01-31": "", "2009-01-31": "", "2008-01-31": "", "2007-01-31": "", "2006-01-31": "", "2005-01-31": ""}, "Net Long-Term Debt": {"2020-01-31": "-34.90000", "2019-01-31": "-24.90000", "2018-01-31": "-31.12500", "2017-01-31": "-18.67500", "2016-01-31": "-359.36700", "2015-01-31": "-604.28100", "2014-01-31": "643.57800", "2013-01-31": "-457.00000", "2012-01-31": "-227.00000", "2011-01-31": "", "2010-01-31": "", "2009-01-31": "", "2008-01-31": "", "2007-01-31": "", "2006-01-31": "", "2005-01-31": ""}, "Net Current Debt": {"2020-01-31": "", "2019-01-31": "", "2018-01-31": "", "2017-01-31": "", "2016-01-31": "", "2015-01-31": "", "2014-01-31": "-4.65500", "2013-01-31": "-5.00000", "2012-01-31": "-14.00000", "2011-01-31": "0.00000", "2010-01-31": "", "2009-01-31": "", "2008-01-31": "", "2007-01-31": "", "2006-01-31": "", "2005-01-31": ""}, "Debt Issuance/Retirement Net - Total": {"2020-01-31": "-34.90000", "2019-01-31": "-24.90000", "2018-01-31": "-31.12500", "2017-01-31": "-18.67500", "2016-01-31": "-359.36700", "2015-01-31": "-604.28100", "2014-01-31": "638.92300", "2013-01-31": "-462.00000", "2012-01-31": "-241.00000", "2011-01-31": "0.00000", "2010-01-31": "", "2009-01-31": "", "2008-01-31": "", "2007-01-31": "", "2006-01-31": "", "2005-01-31": ""}, "Net Common Equity Issued/Repurchased": {"2020-01-31": "-107.49100", "2019-01-31": "-452.54400", "2018-01-31": "-237.16400", "2017-01-31": "-387.71900", "2016-01-31": "0.67800", "2015-01-31": "451.31400", "2014-01-31": "-2.38600", "2013-01-31": "", "2012-01-31": "", "2011-01-31": "", "2010-01-31": "", "2009-01-31": "", "2008-01-31": "", "2007-01-31": "", "2006-01-31": "", "2005-01-31": ""}, "Net Total Equity Issued/Repurchased": {"2020-01-31": "-107.49100", "2019-01-31": "-452.54400", "2018-01-31": "-237.16400", "2017-01-31": "-387.71900", "2016-01-31": "0.67800", "2015-01-31": "451.31400", "2014-01-31": "-2.38600", "2013-01-31": "", "2012-01-31": "", "2011-01-31": "0.00000", "2010-01-31": "", "2009-01-31": "", "2008-01-31": "", "2007-01-31": "", "2006-01-31": "", "2005-01-31": ""}, "Total Common And Preferred Stock Dividends Paid": {"2020-01-31": "", "2019-01-31": "-0.31700", "2018-01-31": "-0.40800", "2017-01-31": "-0.41500", "2016-01-31": "-0.49200", "2015-01-31": "-0.53000", "2014-01-31": "-766.19800", "2013-01-31": "", "2012-01-31": "", "2011-01-31": "0.00000", "2010-01-31": "", "2009-01-31": "", "2008-01-31": "", "2007-01-31": "", "2006-01-31": "", "2005-01-31": ""}, "Financial Activities - Other": {"2020-01-31": "-8.16200", "2019-01-31": "-1.11700", "2018-01-31": "", "2017-01-31": "-1.29900", "2016-01-31": "15.15000", "2015-01-31": "-11.28900", "2014-01-31": "-24.26900", "2013-01-31": "-28.00000", "2012-01-31": "-7.00000", "2011-01-31": "", "2010-01-31": "", "2009-01-31": "", "2008-01-31": "", "2007-01-31": "", "2006-01-31": "", "2005-01-31": ""}, "Cash Flow From Financial Activities": {"2020-01-31": "-150.55300", "2019-01-31": "-478.87800", "2018-01-31": "-268.69700", "2017-01-31": "-408.10800", "2016-01-31": "-344.03100", "2015-01-31": "-164.78600", "2014-01-31": "-153.93000", "2013-01-31": "-490.00000", "2012-01-31": "-248.00000", "2011-01-31": "0.00000", "2010-01-31": "", "2009-01-31": "", "2008-01-31": "", "2007-01-31": "", "2006-01-31": "", "2005-01-31": ""}, "Net Cash Flow": {"2020-01-31": "164.07700", "2019-01-31": "-180.00900", "2018-01-31": "127.08300", "2017-01-31": "-110.57800", "2016-01-31": "31.09600", "2015-01-31": "139.43100", "2014-01-31": "182.90300", "2013-01-31": "-315.00000", "2012-01-31": "52.00000", "2011-01-31": "0.00000", "2010-01-31": "", "2009-01-31": "", "2008-01-31": "", "2007-01-31": "", "2006-01-31": "", "2005-01-31": ""}, "Stock-Based Compensation": {"2020-01-31": "22.91000", "2019-01-31": "27.08200", "2018-01-31": "24.26400", "2017-01-31": "16.50600", "2016-01-31": "15.06400", "2015-01-31": "19.38700", "2014-01-31": "34.26200", "2013-01-31": "21.00000", "2012-01-31": "41.00000", "2011-01-31": "", "2010-01-31": "", "2009-01-31": "", "2008-01-31": "", "2007-01-31": "", "2006-01-31": "", "2005-01-31": ""}, "Common Stock Dividends Paid": {"2020-01-31": "", "2019-01-31": "-0.31700", "2018-01-31": "-0.40800", "2017-01-31": "-0.41500", "2016-01-31": "-0.49200", "2015-01-31": "-0.53000", "2014-01-31": "-766.19800", "2013-01-31": "0.00000", "2012-01-31": "", "2011-01-31": "", "2010-01-31": "", "2009-01-31": "", "2008-01-31": "", "2007-01-31": "", "2006-01-31": "", "2005-01-31": ""}}, "cash flow statement, quarterly": {"Net Income/Loss": {"2020-10-31": 111.122, "2020-07-31": -7.757, "2020-04-30": "-63.50500", "2020-01-31": 181.652, "2019-10-31": 28.705, "2019-07-31": 24.547, "2019-04-30": "37.69100", "2019-01-31": 181.403, "2018-10-31": 83.769, "2018-07-31": 27.488, "2018-04-30": "26.88500", "2018-01-31": 202.968, "2017-10-31": 79.76, "2017-07-31": 35.562, "2017-04-30": "72.20800", "2017-01-31": 195.318, "2016-10-31": 76.459, "2016-07-31": 35.617, "2016-04-30": "70.76500", "2016-01-31": 183.666, "2015-10-31": 76.797, "2015-07-31": 35.711, "2015-04-30": "66.73800", "2015-01-31": 156.56, "2014-10-31": 64.064, "2014-07-31": -48.643, "2014-04-30": "45.41400", "2014-01-31": 133, "2013-10-31": 47, "2013-07-31": 17, "2013-04-30": "46.00000", "2013-01-31": 0, "2012-01-31": 0, "2011-01-31": 0}, "Total Depreciation And Amortization - Cash Flow": {"2020-10-31": 31.641, "2020-07-31": 31.312, "2020-04-30": "32.90900", "2020-01-31": 31.54, "2019-10-31": 31.362, "2019-07-31": 31.109, "2019-04-30": "31.35900", "2019-01-31": 34.205, "2018-10-31": 30.75, "2018-07-31": 29.466, "2018-04-30": "29.33200", "2018-01-31": 32.554, "2017-10-31": 28.682, "2017-07-31": 28.746, "2017-04-30": "28.42500", "2017-01-31": 29.005, "2016-10-31": 28.118, "2016-07-31": 28.936, "2016-04-30": "29.40800", "2016-01-31": 29.322, "2015-10-31": 29.401, "2015-07-31": 27.971, "2015-04-30": "27.91200", "2015-01-31": 28.559, "2014-10-31": 29.041, "2014-07-31": 26.443, "2014-04-30": "26.29900", "2014-01-31": 32, "2013-10-31": 24, "2013-07-31": 24, "2013-04-30": "25.00000", "2013-01-31": 0, "2012-01-31": 0, "2011-01-31": 0}, "Other Non-Cash Items": {"2020-10-31": 121.066, "2020-07-31": 89.348, "2020-04-30": "87.68400", "2020-01-31": 106.331, "2019-10-31": 120.539, "2019-07-31": 92.47, "2019-04-30": "98.12200", "2019-01-31": 67.921, "2018-10-31": 16.623, "2018-07-31": 3.418, "2018-04-30": "58.32100", "2018-01-31": 11.126, "2017-10-31": 9.703, "2017-07-31": 6.406, "2017-04-30": "6.47500", "2017-01-31": -2.117, "2016-10-31": 23.023, "2016-07-31": 7.593, "2016-04-30": "-3.45500", "2016-01-31": 10.571, "2015-10-31": 5.299, "2015-07-31": 10.323, "2015-04-30": "-0.09800", "2015-01-31": 21.999, "2014-10-31": 8.642, "2014-07-31": 75.351, "2014-04-30": "12.23600", "2014-01-31": 22.223, "2013-10-31": 9, "2013-07-31": 11, "2013-04-30": "13.00000", "2013-01-31": 0, "2012-01-31": 0, "2011-01-31": 0}, "Total Non-Cash Items": {"2020-10-31": 152.707, "2020-07-31": 120.66, "2020-04-30": "120.59300", "2020-01-31": 137.871, "2019-10-31": 151.901, "2019-07-31": 123.579, "2019-04-30": "129.48100", "2019-01-31": 102.126, "2018-10-31": 47.373, "2018-07-31": 32.884, "2018-04-30": "87.65300", "2018-01-31": 43.68, "2017-10-31": 38.385, "2017-07-31": 35.152, "2017-04-30": "34.90000", "2017-01-31": 26.888, "2016-10-31": 51.141, "2016-07-31": 36.529, "2016-04-30": "25.95300", "2016-01-31": 39.893, "2015-10-31": 34.7, "2015-07-31": 38.294, "2015-04-30": "27.81400", "2015-01-31": 50.558, "2014-10-31": 37.683, "2014-07-31": 101.794, "2014-04-30": "38.53500", "2014-01-31": -1, "2013-10-31": 33, "2013-07-31": 35, "2013-04-30": "38.00000", "2013-01-31": 0, "2012-01-31": 0, "2011-01-31": 0}, "Change In Accounts Receivable": {"2020-10-31": 4.984, "2020-07-31": 1.791, "2020-04-30": "6.59300", "2020-01-31": -1.168, "2019-10-31": -6.99, "2019-07-31": 13.969, "2019-04-30": "23.70500", "2019-01-31": 4.169, "2018-10-31": -11.903, "2018-07-31": -1.474, "2018-04-30": "-4.89200", "2018-01-31": 4.729, "2017-10-31": -6.625, "2017-07-31": 2.07, "2017-04-30": "-3.16600", "2017-01-31": 13.712, "2016-10-31": -9.622, "2016-07-31": -2.03, "2016-04-30": "6.88800", "2016-01-31": 0.31, "2015-10-31": -1.119, "2015-07-31": 0.96, "2015-04-30": "3.57400", "2015-01-31": 2.234, "2014-10-31": 0, "2014-07-31": 0, "2014-04-30": "", "2014-01-31": 0, "2013-10-31": 0, "2013-07-31": 0, "2013-04-30": "", "2013-01-31": 0, "2012-01-31": 0, "2011-01-31": 0}, "Change In Inventories": {"2020-10-31": -150.036, "2020-07-31": 88.884, "2020-04-30": "-12.85700", "2020-01-31": 325.724, "2019-10-31": -167.909, "2019-07-31": -155.277, "2019-04-30": "6.96600", "2019-01-31": 274.37, "2018-10-31": -160.674, "2018-07-31": -158.831, "2018-04-30": "-18.75500", "2018-01-31": 280.367, "2017-10-31": -207.868, "2017-07-31": -92.734, "2017-04-30": "25.51600", "2017-01-31": 266.125, "2016-10-31": -248.313, "2016-07-31": -87.594, "2016-04-30": "28.98200", "2016-01-31": 274.152, "2015-10-31": -203.167, "2015-07-31": -88.081, "2015-04-30": "-27.11700", "2015-01-31": 156.706, "2014-10-31": -179.795, "2014-07-31": -9.84, "2014-04-30": "-27.41400", "2014-01-31": 216.201, "2013-10-31": -207, "2013-07-31": -67, "2013-04-30": "20.00000", "2013-01-31": 0, "2012-01-31": 0, "2011-01-31": 0}, "Change In Accounts Payable": {"2020-10-31": 263.895, "2020-07-31": 188.206, "2020-04-30": "-37.81500", "2020-01-31": -177.009, "2019-10-31": 117.685, "2019-07-31": 125.774, "2019-04-30": "-81.23700", "2019-01-31": -160.549, "2018-10-31": 95.265, "2018-07-31": 101.462, "2018-04-30": "-46.63900", "2018-01-31": -188.972, "2017-10-31": 162.788, "2017-07-31": 79.926, "2017-04-30": "-91.76700", "2017-01-31": -195.018, "2016-10-31": 253.437, "2016-07-31": 88.166, "2016-04-30": "-108.33700", "2016-01-31": -94.847, "2015-10-31": 138.61, "2015-07-31": 50.761, "2015-04-30": "-70.30700", "2015-01-31": -61.212, "2014-10-31": 175.546, "2014-07-31": 7.21, "2014-04-30": "-44.83400", "2014-01-31": -109.171, "2013-10-31": 168, "2013-07-31": 57, "2013-04-30": "-14.00000", "2013-01-31": 0, "2012-01-31": 0, "2011-01-31": 0}, "Change In Assets/Liabilities": {"2020-10-31": 2.976, "2020-07-31": -39.768, "2020-04-30": "-52.69000", "2020-01-31": -105.594, "2019-10-31": -40.412, "2019-07-31": -113.102, "2019-04-30": "-102.83200", "2019-01-31": -9.262, "2018-10-31": 43.166, "2018-07-31": -13.792, "2018-04-30": "-31.76300", "2018-01-31": -3.879, "2017-10-31": 6.502, "2017-07-31": 39.965, "2017-04-30": "-42.20500", "2017-01-31": 20.3, "2016-10-31": 10.262, "2016-07-31": 9.729, "2016-04-30": "-45.23100", "2016-01-31": 19.143, "2015-10-31": 9.431, "2015-07-31": 15.616, "2015-04-30": "-74.27800", "2015-01-31": 45.235, "2014-10-31": 15.716, "2014-07-31": 9.964, "2014-04-30": "-48.84300", "2014-01-31": 2.874, "2013-10-31": 49, "2013-07-31": -42, "2013-04-30": "-44.00000", "2013-01-31": 0, "2012-01-31": 0, "2011-01-31": 0}, "Total Change In Assets/Liabilities": {"2020-10-31": 149.282, "2020-07-31": 242.373, "2020-04-30": "-112.61500", "2020-01-31": 67.285, "2019-10-31": -72.131, "2019-07-31": -184.032, "2019-04-30": "-133.37400", "2019-01-31": 134.913, "2018-10-31": -18.766, "2018-07-31": -179.437, "2018-04-30": "-82.03500", "2018-01-31": 170.535, "2017-10-31": -7.683, "2017-07-31": -97.694, "2017-04-30": "-84.16300", "2017-01-31": 205.695, "2016-10-31": 33.34, "2016-07-31": -72.707, "2016-04-30": "-120.58100", "2016-01-31": 262.618, "2015-10-31": -10.556, "2015-07-31": -85.199, "2015-04-30": "-166.42900", "2015-01-31": 198.377, "2014-10-31": 59.491, "2014-07-31": -103.529, "2014-04-30": "-158.30700", "2014-01-31": 194, "2013-10-31": 15, "2013-07-31": -80, "2013-04-30": "-82.00000", "2013-01-31": 0, "2012-01-31": 0, "2011-01-31": 0}, "Cash Flow From Operating Activities": {"2020-10-31": 413.111, "2020-07-31": 355.276, "2020-04-30": "-55.52700", "2020-01-31": 386.808, "2019-10-31": 108.475, "2019-07-31": -35.906, "2019-04-30": "33.79800", "2019-01-31": 418.442, "2018-10-31": 112.376, "2018-07-31": -119.065, "2018-04-30": "32.50300", "2018-01-31": 417.183, "2017-10-31": 110.462, "2017-07-31": -26.98, "2017-04-30": "22.94500", "2017-01-31": 427.901, "2016-10-31": 160.94, "2016-07-31": -0.561, "2016-04-30": "-23.86300", "2016-01-31": 486.177, "2015-10-31": 100.941, "2015-07-31": -11.194, "2015-04-30": "-71.87700", "2015-01-31": 405.495, "2014-10-31": 161.238, "2014-07-31": -50.378, "2014-04-30": "-74.35800", "2014-01-31": 380, "2013-10-31": 95, "2013-07-31": -28, "2013-04-30": "2.00000", "2013-01-31": 0, "2012-01-31": 0, "2011-01-31": 0}, "Net Change In Property, Plant, And Equipment": {"2020-10-31": -33.096, "2020-07-31": -24.593, "2020-04-30": "-20.98100", "2020-01-31": -30.913, "2019-10-31": -32.099, "2019-07-31": -32.432, "2019-04-30": "-25.10100", "2019-01-31": -25.834, "2018-10-31": -49.645, "2018-07-31": -42.084, "2018-04-30": "-27.82400", "2018-01-31": -55.19, "2017-10-31": -29.52, "2017-07-31": -27.43, "2017-04-30": "-15.69000", "2017-01-31": -32.299, "2016-10-31": -43.768, "2016-07-31": -23.731, "2016-04-30": "-14.66400", "2016-01-31": -34.194, "2015-10-31": -26.485, "2015-07-31": -28.277, "2015-04-30": "-34.96400", "2015-01-31": -33.506, "2014-10-31": -39.504, "2014-07-31": -33.968, "2014-04-30": "-30.80200", "2014-01-31": -30, "2013-10-31": -32, "2013-07-31": -28, "2013-04-30": "-22.00000", "2013-01-31": 0, "2012-01-31": 0, "2011-01-31": 0}, "Net Change In Intangible Assets": {"2020-10-31": 0, "2020-07-31": 0, "2020-04-30": "", "2020-01-31": -58, "2019-10-31": 0, "2019-07-31": 0, "2019-04-30": "", "2019-01-31": 0, "2018-10-31": 0, "2018-07-31": 0, "2018-04-30": "", "2018-01-31": 0, "2017-10-31": 0, "2017-07-31": 0, "2017-04-30": "", "2017-01-31": 0, "2016-10-31": 0, "2016-07-31": 0, "2016-04-30": "", "2016-01-31": 0, "2015-10-31": 0, "2015-07-31": 0, "2015-04-30": "", "2015-01-31": 0, "2014-10-31": 0, "2014-07-31": 0, "2014-04-30": "", "2014-01-31": 0, "2013-10-31": 0, "2013-07-31": 0, "2013-04-30": "", "2013-01-31": 0, "2012-01-31": 0, "2011-01-31": 0}, "Net Acquisitions/Divestitures": {"2020-10-31": 0, "2020-07-31": 0, "2020-04-30": "", "2020-01-31": 0, "2019-10-31": 0, "2019-07-31": 0, "2019-04-30": "", "2019-01-31": 0, "2018-10-31": 0, "2018-07-31": 0, "2018-04-30": "", "2018-01-31": 0, "2017-10-31": 0, "2017-07-31": 0, "2017-04-30": "", "2017-01-31": 0, "2016-10-31": 0, "2016-07-31": -6.5, "2016-04-30": "-144.60000", "2016-01-31": 0, "2015-10-31": 0, "2015-07-31": 0, "2015-04-30": "", "2015-01-31": 0, "2014-10-31": 0, "2014-07-31": 0, "2014-04-30": "", "2014-01-31": 0, "2013-10-31": 0, "2013-07-31": 0, "2013-04-30": "", "2013-01-31": 0, "2012-01-31": 0, "2011-01-31": 0}, "Net Change In Short-term Investments": {"2020-10-31": 0, "2020-07-31": 0, "2020-04-30": "", "2020-01-31": 0, "2019-10-31": 0, "2019-07-31": 0, "2019-04-30": "", "2019-01-31": 0, "2018-10-31": 0, "2018-07-31": 0, "2018-04-30": "", "2018-01-31": 0, "2017-10-31": 0, "2017-07-31": 0, "2017-04-30": "", "2017-01-31": 0, "2016-10-31": 0, "2016-07-31": 0, "2016-04-30": "", "2016-01-31": 0, "2015-10-31": 0, "2015-07-31": 0, "2015-04-30": "", "2015-01-31": 0, "2014-10-31": 0, "2014-07-31": 0, "2014-04-30": "", "2014-01-31": 0, "2013-10-31": 0, "2013-07-31": 0, "2013-04-30": "", "2013-01-31": 0, "2012-01-31": 0, "2011-01-31": 0}, "Net Change In Long-Term Investments": {"2020-10-31": 0, "2020-07-31": 0, "2020-04-30": "", "2020-01-31": 0, "2019-10-31": 0, "2019-07-31": 0, "2019-04-30": "", "2019-01-31": 0, "2018-10-31": 0, "2018-07-31": 0, "2018-04-30": "", "2018-01-31": 0, "2017-10-31": 0, "2017-07-31": 0, "2017-04-30": "", "2017-01-31": 0, "2016-10-31": -1.325, "2016-07-31": 0, "2016-04-30": "", "2016-01-31": 0, "2015-10-31": -5, "2015-07-31": 0, "2015-04-30": "", "2015-01-31": 0, "2014-10-31": 0, "2014-07-31": 0, "2014-04-30": "", "2014-01-31": 0, "2013-10-31": 0, "2013-07-31": 0, "2013-04-30": "", "2013-01-31": 0, "2012-01-31": 0, "2011-01-31": 0}, "Net Change In Investments - Total": {"2020-10-31": 0, "2020-07-31": 0, "2020-04-30": "", "2020-01-31": 0, "2019-10-31": 0, "2019-07-31": 0, "2019-04-30": "", "2019-01-31": 0, "2018-10-31": 0, "2018-07-31": 0, "2018-04-30": "", "2018-01-31": 0, "2017-10-31": 0, "2017-07-31": 0, "2017-04-30": "", "2017-01-31": 0, "2016-10-31": -1.325, "2016-07-31": 0, "2016-04-30": "", "2016-01-31": 0, "2015-10-31": -5, "2015-07-31": 0, "2015-04-30": "", "2015-01-31": 0, "2014-10-31": 0, "2014-07-31": 0, "2014-04-30": "", "2014-01-31": 0, "2013-10-31": 0, "2013-07-31": 0, "2013-04-30": "", "2013-01-31": 0, "2012-01-31": 0, "2011-01-31": 0}, "Investing Activities - Other": {"2020-10-31": 0, "2020-07-31": 0, "2020-04-30": "", "2020-01-31": 0, "2019-10-31": 0, "2019-07-31": 0, "2019-04-30": "", "2019-01-31": 0, "2018-10-31": 0, "2018-07-31": 0, "2018-04-30": "", "2018-01-31": 0, "2017-10-31": 0, "2017-07-31": 0, "2017-04-30": "", "2017-01-31": 0, "2016-10-31": 0, "2016-07-31": 0, "2016-04-30": "", "2016-01-31": 0, "2015-10-31": 0, "2015-07-31": 0, "2015-04-30": "", "2015-01-31": 0, "2014-10-31": 0, "2014-07-31": 0, "2014-04-30": "", "2014-01-31": 0, "2013-10-31": 0, "2013-07-31": 0, "2013-04-30": "", "2013-01-31": 0, "2012-01-31": 0, "2011-01-31": 0}, "Cash Flow From Investing Activities": {"2020-10-31": -33.096, "2020-07-31": -24.593, "2020-04-30": "-20.98100", "2020-01-31": -88.913, "2019-10-31": -32.099, "2019-07-31": -32.432, "2019-04-30": "-25.10100", "2019-01-31": -25.834, "2018-10-31": -49.645, "2018-07-31": -42.084, "2018-04-30": "-27.82400", "2018-01-31": -55.19, "2017-10-31": -29.52, "2017-07-31": -27.43, "2017-04-30": "-15.69000", "2017-01-31": -32.299, "2016-10-31": -45.093, "2016-07-31": -30.231, "2016-04-30": "-159.26400", "2016-01-31": -34.194, "2015-10-31": -31.485, "2015-07-31": -28.277, "2015-04-30": "-34.96400", "2015-01-31": -33.506, "2014-10-31": -39.504, "2014-07-31": -33.968, "2014-04-30": "-30.80200", "2014-01-31": -30, "2013-10-31": -32, "2013-07-31": -28, "2013-04-30": "-22.00000", "2013-01-31": 0, "2012-01-31": 0, "2011-01-31": 0}, "Net Long-Term Debt": {"2020-10-31": -154.325, "2020-07-31": -606.225, "2020-04-30": "593.77500", "2020-01-31": -6.225, "2019-10-31": -6.225, "2019-07-31": -16.225, "2019-04-30": "-6.22500", "2019-01-31": -225.544, "2018-10-31": 94.434, "2018-07-31": 112.435, "2018-04-30": "-6.22500", "2018-01-31": -121.45, "2017-10-31": 21.775, "2017-07-31": 81, "2017-04-30": "-12.45000", "2017-01-31": -6.225, "2016-10-31": -42, "2016-07-31": 35.775, "2016-04-30": "-6.22500", "2016-01-31": -156.225, "2015-10-31": -30.225, "2015-07-31": -166.692, "2015-04-30": "-6.22500", "2015-01-31": -189.856, "2014-10-31": -29.225, "2014-07-31": -381.1, "2014-04-30": "-4.10000", "2014-01-31": -192.422, "2013-10-31": -39, "2013-07-31": 837, "2013-04-30": "38.00000", "2013-01-31": 0, "2012-01-31": 0, "2011-01-31": 0}, "Net Current Debt": {"2020-10-31": 0, "2020-07-31": 0, "2020-04-30": "", "2020-01-31": 0, "2019-10-31": 0, "2019-07-31": 0, "2019-04-30": "", "2019-01-31": 0, "2018-10-31": 0, "2018-07-31": 0, "2018-04-30": "", "2018-01-31": 0, "2017-10-31": 0, "2017-07-31": 0, "2017-04-30": "", "2017-01-31": 0, "2016-10-31": 0, "2016-07-31": 0, "2016-04-30": "", "2016-01-31": 0, "2015-10-31": 0, "2015-07-31": -0.769, "2015-04-30": "0.76900", "2015-01-31": -4.424, "2014-10-31": 12.494, "2014-07-31": 4.334, "2014-04-30": "-12.40400", "2014-01-31": 4, "2013-10-31": 5, "2013-07-31": 5, "2013-04-30": "-19.00000", "2013-01-31": 0, "2012-01-31": 0, "2011-01-31": 0}, "Debt Issuance/Retirement Net - Total": {"2020-10-31": -154.325, "2020-07-31": -606.225, "2020-04-30": "593.77500", "2020-01-31": -6.225, "2019-10-31": -6.225, "2019-07-31": -16.225, "2019-04-30": "-6.22500", "2019-01-31": -225.544, "2018-10-31": 94.434, "2018-07-31": 112.435, "2018-04-30": "-6.22500", "2018-01-31": -121.45, "2017-10-31": 21.775, "2017-07-31": 81, "2017-04-30": "-12.45000", "2017-01-31": -6.225, "2016-10-31": -42, "2016-07-31": 35.775, "2016-04-30": "-6.22500", "2016-01-31": -156.225, "2015-10-31": -30.225, "2015-07-31": -167.461, "2015-04-30": "-5.45600", "2015-01-31": -194.28, "2014-10-31": -16.731, "2014-07-31": -376.766, "2014-04-30": "-16.50400", "2014-01-31": -186, "2013-10-31": -34, "2013-07-31": 842, "2013-04-30": "19.00000", "2013-01-31": 0, "2012-01-31": 0, "2011-01-31": 0}, "Net Common Equity Issued/Repurchased": {"2020-10-31": -0.427, "2020-07-31": -0.17, "2020-04-30": "-0.40100", "2020-01-31": -0.089, "2019-10-31": -80.619, "2019-07-31": -25.151, "2019-04-30": "-1.63200", "2019-01-31": -23.847, "2018-10-31": -177.638, "2018-07-31": -249.48, "2018-04-30": "-1.57900", "2018-01-31": 8.582, "2017-10-31": -60.065, "2017-07-31": -90.243, "2017-04-30": "-95.43800", "2017-01-31": -243.292, "2016-10-31": -30.446, "2016-07-31": -61.667, "2016-04-30": "-52.31400", "2016-01-31": -0.292, "2015-10-31": 1.206, "2015-07-31": 3.076, "2015-04-30": "-3.31200", "2015-01-31": 7.545, "2014-10-31": -0.547, "2014-07-31": 446.305, "2014-04-30": "-1.98900", "2014-01-31": -2.386, "2013-10-31": 0, "2013-07-31": 0, "2013-04-30": "", "2013-01-31": 0, "2012-01-31": 0, "2011-01-31": 0}, "Net Total Equity Issued/Repurchased": {"2020-10-31": -0.427, "2020-07-31": -0.17, "2020-04-30": "-0.40100", "2020-01-31": -0.089, "2019-10-31": -80.619, "2019-07-31": -25.151, "2019-04-30": "-1.63200", "2019-01-31": -23.847, "2018-10-31": -177.638, "2018-07-31": -249.48, "2018-04-30": "-1.57900", "2018-01-31": 8.582, "2017-10-31": -60.065, "2017-07-31": -90.243, "2017-04-30": "-95.43800", "2017-01-31": -243.292, "2016-10-31": -30.446, "2016-07-31": -61.667, "2016-04-30": "-52.31400", "2016-01-31": -0.292, "2015-10-31": 1.206, "2015-07-31": 3.076, "2015-04-30": "-3.31200", "2015-01-31": 7.545, "2014-10-31": -0.547, "2014-07-31": 446.305, "2014-04-30": "-1.98900", "2014-01-31": -3, "2013-10-31": 0, "2013-07-31": 0, "2013-04-30": "", "2013-01-31": 0, "2012-01-31": 0, "2011-01-31": 0}, "Total Common And Preferred Stock Dividends Paid": {"2020-10-31": 0, "2020-07-31": 0, "2020-04-30": "", "2020-01-31": 0, "2019-10-31": 0, "2019-07-31": 0, "2019-04-30": "", "2019-01-31": 0, "2018-10-31": 0, "2018-07-31": 0, "2018-04-30": "-0.31700", "2018-01-31": 0, "2017-10-31": 0, "2017-07-31": -0.091, "2017-04-30": "-0.31700", "2017-01-31": 0, "2016-10-31": 0, "2016-07-31": -0.098, "2016-04-30": "-0.31700", "2016-01-31": 0, "2015-10-31": -0.049, "2015-07-31": -0.126, "2015-04-30": "-0.31700", "2015-01-31": 0, "2014-10-31": -0.05, "2014-07-31": -0.077, "2014-04-30": "-0.40300", "2014-01-31": 1, "2013-10-31": 0, "2013-07-31": -767, "2013-04-30": "", "2013-01-31": 0, "2012-01-31": 0, "2011-01-31": 0}, "Financial Activities - Other": {"2020-10-31": -24.385, "2020-07-31": 0, "2020-04-30": "", "2020-01-31": -0.004, "2019-10-31": -2.126, "2019-07-31": -6.032, "2019-04-30": "", "2019-01-31": 0, "2018-10-31": -0.048, "2018-07-31": -1.069, "2018-04-30": "", "2018-01-31": 0, "2017-10-31": 0, "2017-07-31": 0, "2017-04-30": "", "2017-01-31": 2.758, "2016-10-31": -8.28, "2016-07-31": -0.239, "2016-04-30": "4.46200", "2016-01-31": -0.821, "2015-10-31": 3.99, "2015-07-31": 1.782, "2015-04-30": "10.19900", "2015-01-31": -0.757, "2014-10-31": -0.111, "2014-07-31": -10.602, "2014-04-30": "0.18100", "2014-01-31": 9, "2013-10-31": -12, "2013-07-31": -18, "2013-04-30": "", "2013-01-31": 0, "2012-01-31": 0, "2011-01-31": 0}, "Cash Flow From Financial Activities": {"2020-10-31": -179.137, "2020-07-31": -606.395, "2020-04-30": "593.37400", "2020-01-31": -6.318, "2019-10-31": -88.97, "2019-07-31": -47.408, "2019-04-30": "-7.85700", "2019-01-31": -249.391, "2018-10-31": -83.252, "2018-07-31": -138.114, "2018-04-30": "-8.12100", "2018-01-31": -112.868, "2017-10-31": -38.29, "2017-07-31": -9.334, "2017-04-30": "-108.20500", "2017-01-31": -246.759, "2016-10-31": -80.726, "2016-07-31": -26.229, "2016-04-30": "-54.39400", "2016-01-31": -157.338, "2015-10-31": -25.078, "2015-07-31": -162.729, "2015-04-30": "1.11400", "2015-01-31": -187.492, "2014-10-31": -17.439, "2014-07-31": 58.86, "2014-04-30": "-18.71500", "2014-01-31": -184, "2013-10-31": -46, "2013-07-31": 57, "2013-04-30": "19.00000", "2013-01-31": 0, "2012-01-31": 0, "2011-01-31": 0}, "Net Cash Flow": {"2020-10-31": 200.878, "2020-07-31": -275.712, "2020-04-30": "516.86600", "2020-01-31": 291.577, "2019-10-31": -12.594, "2019-07-31": -115.746, "2019-04-30": "0.84000", "2019-01-31": 143.217, "2018-10-31": -20.521, "2018-07-31": -299.263, "2018-04-30": "-3.44200", "2018-01-31": 249.125, "2017-10-31": 42.652, "2017-07-31": -63.744, "2017-04-30": "-100.95000", "2017-01-31": 148.843, "2016-10-31": 35.121, "2016-07-31": -57.021, "2016-04-30": "-237.52100", "2016-01-31": 294.645, "2015-10-31": 44.378, "2015-07-31": -202.2, "2015-04-30": "-105.72700", "2015-01-31": 184.497, "2014-10-31": 104.295, "2014-07-31": -25.486, "2014-04-30": "-123.87500", "2014-01-31": 166, "2013-10-31": 17, "2013-07-31": 1, "2013-04-30": "-1.00000", "2013-01-31": 0, "2012-01-31": 0, "2011-01-31": 0}, "Stock-Based Compensation": {"2020-10-31": 6.571, "2020-07-31": 4.653, "2020-04-30": "8.53500", "2020-01-31": 4.246, "2019-10-31": 6.658, "2019-07-31": 4.755, "2019-04-30": "7.25100", "2019-01-31": 6.302, "2018-10-31": 8.446, "2018-07-31": 5.365, "2018-04-30": "6.96900", "2018-01-31": 6.032, "2017-10-31": 7.675, "2017-07-31": 5.615, "2017-04-30": "4.94200", "2017-01-31": 4.622, "2016-10-31": 5.294, "2016-07-31": 3.461, "2016-04-30": "3.12900", "2016-01-31": 5.581, "2015-10-31": 3.258, "2015-07-31": 3.505, "2015-04-30": "2.72000", "2015-01-31": 4.788, "2014-10-31": 4.936, "2014-07-31": 5.98, "2014-04-30": "3.68300", "2014-01-31": 15.262, "2013-10-31": 6, "2013-07-31": 9, "2013-04-30": "4.00000", "2013-01-31": 0, "2012-01-31": 0, "2011-01-31": 0}, "Common Stock Dividends Paid": {"2020-10-31": 0, "2020-07-31": 0, "2020-04-30": "", "2020-01-31": 0, "2019-10-31": 0, "2019-07-31": 0, "2019-04-30": "", "2019-01-31": 0, "2018-10-31": 0, "2018-07-31": 0, "2018-04-30": "-0.31700", "2018-01-31": 0, "2017-10-31": 0, "2017-07-31": -0.091, "2017-04-30": "-0.31700", "2017-01-31": 0, "2016-10-31": 0, "2016-07-31": -0.098, "2016-04-30": "-0.31700", "2016-01-31": 0, "2015-10-31": -0.049, "2015-07-31": -0.126, "2015-04-30": "-0.31700", "2015-01-31": 0, "2014-10-31": -0.05, "2014-07-31": -0.077, "2014-04-30": "-0.40300", "2014-01-31": 0.802, "2013-10-31": 0, "2013-07-31": -767, "2013-04-30": "", "2013-01-31": 0, "2012-01-31": 0, "2011-01-31": 0}}, "financial ratios": {"Current Ratio": {"2020-01-31": "1.33720", "2019-01-31": "1.62510", "2018-01-31": "1.75060", "2017-01-31": "1.50630", "2016-01-31": "1.65160", "2015-01-31": "1.60040", "2014-01-31": "1.54480", "2013-01-31": "1.21960", "2012-01-31": "", "2011-01-31": "", "2010-01-31": "1.68340", "2009-01-31": "1.54040", "2008-01-31": "1.44330", "2007-01-31": "1.34770", "2006-01-31": "2.64660", "2005-01-31": "3.06920"}, "Long-term Debt / Capital": {"2020-01-31": "2.20740", "2019-01-31": "2.54170", "2018-01-31": "2.26610", "2017-01-31": "2.65740", "2016-01-31": "2.68890", "2015-01-31": "3.15850", "2014-01-31": "4.10490", "2013-01-31": "4.92500", "2012-01-31": "", "2011-01-31": "", "2010-01-31": "4.03500", "2009-01-31": "4.32220", "2008-01-31": "4.40640", "2007-01-31": "4.36650", "2006-01-31": "", "2005-01-31": "0.13360"}, "Debt/Equity Ratio": {"2020-01-31": "-1.84540", "2019-01-31": "-1.66390", "2018-01-31": "-1.80630", "2017-01-31": "-1.62170", "2016-01-31": "-1.60650", "2015-01-31": "-1.47510", "2014-01-31": "-1.32780", "2013-01-31": "-1.31990", "2012-01-31": "", "2011-01-31": "", "2010-01-31": "-1.32950", "2009-01-31": "-1.30100", "2008-01-31": "-1.29360", "2007-01-31": "-1.29700", "2006-01-31": "", "2005-01-31": "0.15420"}, "Gross Margin": {"2020-01-31": "36.91330", "2019-01-31": "38.38560", "2018-01-31": "39.70170", "2017-01-31": "39.01680", "2016-01-31": "40.06590", "2015-01-31": "40.12500", "2014-01-31": "39.87410", "2013-01-31": "40.04080", "2012-01-31": "39.85750", "2011-01-31": "39.85750", "2010-01-31": "37.68000", "2009-01-31": "36.31120", "2008-01-31": "38.29620", "2007-01-31": "38.48560", "2006-01-31": "37.46930", "2005-01-31": "36.82520"}, "Operating Margin": {"2020-01-31": "10.15440", "2019-01-31": "10.69080", "2018-01-31": "13.71500", "2017-01-31": "13.76260", "2016-01-31": "14.66790", "2015-01-31": "13.22310", "2014-01-31": "13.35730", "2013-01-31": "13.43010", "2012-01-31": "12.77910", "2011-01-31": "12.77910", "2010-01-31": "10.21090", "2009-01-31": "7.96440", "2008-01-31": "9.16620", "2007-01-31": "5.41240", "2006-01-31": "10.57670", "2005-01-31": "10.10160"}, "EBIT Margin": {"2020-01-31": "10.15440", "2019-01-31": "10.69080", "2018-01-31": "13.71500", "2017-01-31": "13.76260", "2016-01-31": "14.66790", "2015-01-31": "13.22310", "2014-01-31": "13.35730", "2013-01-31": "13.43010", "2012-01-31": "12.77910", "2011-01-31": "12.77910", "2010-01-31": "10.21090", "2009-01-31": "7.96440", "2008-01-31": "9.16620", "2007-01-31": "5.41240", "2006-01-31": "10.57670", "2005-01-31": "10.10160"}, "EBITDA Margin": {"2020-01-31": "12.62620", "2019-01-31": "13.03820", "2018-01-31": "15.92320", "2017-01-31": "15.98420", "2016-01-31": "17.00080", "2015-01-31": "15.55190", "2014-01-31": "15.64690", "2013-01-31": "15.63070", "2012-01-31": "16.00950", "2011-01-31": "12.77910", "2010-01-31": "10.21090", "2009-01-31": "7.96440", "2008-01-31": "9.16620", "2007-01-31": "5.41240", "2006-01-31": "10.57670", "2005-01-31": "10.10160"}, "Pre-Tax Profit Margin": {"2020-01-31": "7.06560", "2019-01-31": "7.91080", "2018-01-31": "11.29700", "2017-01-31": "11.19380", "2016-01-31": "11.64550", "2015-01-31": "7.40870", "2014-01-31": "8.30090", "2013-01-31": "7.14610", "2012-01-31": "6.10450", "2011-01-31": "6.10450", "2010-01-31": "4.03810", "2009-01-31": "-0.05240", "2008-01-31": "-0.44020", "2007-01-31": "2.99250", "2006-01-31": "10.24870", "2005-01-31": "9.63500"}, "Net Profit Margin": {"2020-01-31": "5.37450", "2019-01-31": "6.06120", "2018-01-31": "7.28270", "2017-01-31": "7.27610", "2016-01-31": "7.38710", "2015-01-31": "4.58820", "2014-01-31": "5.32690", "2013-01-31": "4.53720", "2012-01-31": "3.72920", "2011-01-31": "3.72920", "2010-01-31": "2.64920", "2009-01-31": "-0.13100", "2008-01-31": "-0.82860", "2007-01-31": "1.06690", "2006-01-31": "6.03990", "2005-01-31": "6.01060"}, "Asset Turnover": {"2020-01-31": "1.32150", "2019-01-31": "2.47700", "2018-01-31": "2.33110", "2017-01-31": "2.42000", "2016-01-31": "2.41860", "2015-01-31": "2.41610", "2014-01-31": "2.52340", "2013-01-31": "2.83470", "2012-01-31": "", "2011-01-31": "", "2010-01-31": "2.27370", "2009-01-31": "2.34890", "2008-01-31": "2.39280", "2007-01-31": "2.26990", "2006-01-31": "1.95080", "2005-01-31": "1.60690"}, "Inventory Turnover Ratio": {"2020-01-31": "2.91660", "2019-01-31": "2.92980", "2018-01-31": "2.87830", "2017-01-31": "2.81040", "2016-01-31": "2.93680", "2015-01-31": "2.96080", "2014-01-31": "3.04950", "2013-01-31": "3.06610", "2012-01-31": "", "2011-01-31": "", "2010-01-31": "2.77550", "2009-01-31": "", "2008-01-31": "2.82010", "2007-01-31": "2.81430", "2006-01-31": "2.91770", "2005-01-31": "2.28930"}, "Receiveable Turnover": {"2020-01-31": "166.61310", "2019-01-31": "84.67220", "2018-01-31": "178.92290", "2017-01-31": "178.97010", "2016-01-31": "458.49580", "2015-01-31": "1959.53000", "2014-01-31": "2284.89600", "2013-01-31": "1469.33300", "2012-01-31": "", "2011-01-31": "", "2010-01-31": "", "2009-01-31": "1908.50000", "2008-01-31": "772.40000", "2007-01-31": "109.80000", "2006-01-31": "", "2005-01-31": ""}, "Days Sales In Receivables": {"2020-01-31": "2.19070", "2019-01-31": "4.31070", "2018-01-31": "2.04000", "2017-01-31": "2.03940", "2016-01-31": "0.79610", "2015-01-31": "0.18630", "2014-01-31": "0.15970", "2013-01-31": "0.24840", "2012-01-31": "", "2011-01-31": "", "2010-01-31": "", "2009-01-31": "0.19120", "2008-01-31": "0.47260", "2007-01-31": "3.32420", "2006-01-31": "", "2005-01-31": ""}, "ROE - Return On Equity": {"2020-01-31": "-18.84560", "2019-01-31": "-19.64990", "2018-01-31": "-25.86950", "2017-01-31": "-22.26530", "2016-01-31": "-21.04940", "2015-01-31": "-10.29560", "2014-01-31": "-8.75020", "2013-01-31": "-8.68060", "2012-01-31": "", "2011-01-31": "", "2010-01-31": "-3.64730", "2009-01-31": "0.17060", "2008-01-31": "0.75190", "2007-01-31": "-1.52040", "2006-01-31": "26.34340", "2005-01-31": "24.66730"}, "Return On Tangible Equity": {"2020-01-31": "-16.96120", "2019-01-31": "-18.20250", "2018-01-31": "-23.66170", "2017-01-31": "-20.53870", "2016-01-31": "-19.95280", "2015-01-31": "-9.85550", "2014-01-31": "-8.46420", "2013-01-31": "-8.34030", "2012-01-31": "", "2011-01-31": "", "2010-01-31": "-3.71710", "2009-01-31": "0.17320", "2008-01-31": "0.76070", "2007-01-31": "-1.53040", "2006-01-31": "18.02040", "2005-01-31": "15.72310"}, "ROA - Return On Assets": {"2020-01-31": "7.10240", "2019-01-31": "15.01380", "2018-01-31": "16.97660", "2017-01-31": "17.60810", "2016-01-31": "17.86610", "2015-01-31": "11.08530", "2014-01-31": "13.44170", "2013-01-31": "12.86170", "2012-01-31": "", "2011-01-31": "", "2010-01-31": "6.02340", "2009-01-31": "-0.30770", "2008-01-31": "-1.36310", "2007-01-31": "2.59890", "2006-01-31": "12.36920", "2005-01-31": "9.65850"}, "ROI - Return On Investment": {"2020-01-31": "22.75430", "2019-01-31": "30.29420", "2018-01-31": "32.75250", "2017-01-31": "36.90220", "2016-01-31": "35.55010", "2015-01-31": "22.22270", "2014-01-31": "27.16850", "2013-01-31": "34.07160", "2012-01-31": "", "2011-01-31": "", "2010-01-31": "11.28150", "2009-01-31": "-0.57540", "2008-01-31": "-2.59130", "2007-01-31": "5.15220", "2006-01-31": "18.02040", "2005-01-31": "13.62270"}, "Book Value Per Share": {"2020-01-31": "-9.85310", "2019-01-31": "-10.30710", "2018-01-31": "-8.29760", "2017-01-31": "-8.78600", "2016-01-31": "-8.24940", "2015-01-31": "-10.25990", "2014-01-31": "-15.89710", "2013-01-31": "-13.18230", "2012-01-31": "", "2011-01-31": "", "2010-01-31": "", "2009-01-31": "", "2008-01-31": "", "2007-01-31": "", "2006-01-31": "", "2005-01-31": ""}, "Operating Cash Flow Per Share": {"2020-01-31": 0.6268, "2019-01-31": -0.2294, "2018-01-31": 0.0865, "2017-01-31": 0.3275, "2016-01-31": 0.2735, "2015-01-31": -0.3793, "2014-01-31": 0.8337, "2013-01-31": -0.6349, "2012-01-31": 2.3147, "2011-01-31": 0, "2010-01-31": 0, "2009-01-31": 0, "2008-01-31": 0, "2007-01-31": 0, "2006-01-31": 0, "2005-01-31": 0}, "Free Cash Flow Per Share": {"2020-01-31": 0.6884, "2019-01-31": -0.3889, "2018-01-31": -0.0477, "2017-01-31": 0.3647, "2016-01-31": 0.3469, "2015-01-31": -0.4168, "2014-01-31": 0.9026, "2013-01-31": -0.7147, "2012-01-31": 1.6978, "2011-01-31": 0, "2010-01-31": 0, "2009-01-31": 0, "2008-01-31": 0, "2007-01-31": 0, "2006-01-31": 0, "2005-01-31": 0}}, "financial ratios, quarterly": {"Current Ratio": {"2020-10-31": "1.22020", "2020-07-31": "1.27940", "2020-04-30": "1.19720", "2020-01-31": "1.33720", "2019-10-31": "1.18750", "2019-07-31": "1.24330", "2019-04-30": "1.26960", "2019-01-31": "1.62510", "2018-10-31": "1.30910", "2018-07-31": "1.47870", "2018-04-30": "1.79020", "2018-01-31": "1.75060", "2017-10-31": "1.39190", "2017-07-31": "1.43880", "2017-04-30": "1.55080", "2017-01-31": "1.50630", "2016-10-31": "1.51190", "2016-07-31": "1.60040", "2016-04-30": "1.69420", "2016-01-31": "1.65160", "2015-10-31": "1.57080", "2015-07-31": "1.56520", "2015-04-30": "1.48090", "2015-01-31": "1.60040", "2014-10-31": "1.37890", "2014-07-31": "1.76420", "2014-04-30": "1.71130", "2014-01-31": "1.54480", "2013-10-31": "1.27750", "2013-07-31": "1.27390", "2013-04-30": "1.28980", "2013-01-31": "", "2012-01-31": "", "2011-01-31": ""}, "Long-term Debt / Capital": {"2020-10-31": "2.27080", "2020-07-31": "2.34360", "2020-04-30": "2.34870", "2020-01-31": "2.20740", "2019-10-31": "2.60310", "2019-07-31": "2.48670", "2019-04-30": "2.45860", "2019-01-31": "2.54170", "2018-10-31": "2.98770", "2018-07-31": "2.70670", "2018-04-30": "2.22390", "2018-01-31": "2.26610", "2017-10-31": "2.77860", "2017-07-31": "2.87190", "2017-04-30": "2.72900", "2017-01-31": "2.65740", "2016-10-31": "2.54340", "2016-07-31": "2.66230", "2016-04-30": "2.59300", "2016-01-31": "2.68890", "2015-10-31": "2.93420", "2015-07-31": "3.19070", "2015-04-30": "3.32010", "2015-01-31": "3.15850", "2014-10-31": "3.63150", "2014-07-31": "3.37470", "2014-04-30": "3.91140", "2014-01-31": "4.10490", "2013-10-31": "5.19490", "2013-07-31": "5.55350", "2013-04-30": "4.58980", "2013-01-31": "", "2012-01-31": "", "2011-01-31": ""}, "Debt/Equity Ratio": {"2020-10-31": "-1.79890", "2020-07-31": "-1.76080", "2020-04-30": "-2.15380", "2020-01-31": "-1.84540", "2019-10-31": "-1.63910", "2019-07-31": "-1.68830", "2019-04-30": "-1.70130", "2019-01-31": "-1.66390", "2018-10-31": "-1.63730", "2018-07-31": "-1.66850", "2018-04-30": "-1.83390", "2018-01-31": "-1.80630", "2017-10-31": "-1.64310", "2017-07-31": "-1.59760", "2017-04-30": "-1.59280", "2017-01-31": "-1.62170", "2016-10-31": "-1.66290", "2016-07-31": "-1.64080", "2016-04-30": "-1.64250", "2016-01-31": "-1.60650", "2015-10-31": "-1.53000", "2015-07-31": "-1.48100", "2015-04-30": "-1.53110", "2015-01-31": "-1.47510", "2014-10-31": "-1.47030", "2014-07-31": "-1.44160", "2014-04-30": "-1.34950", "2014-01-31": "-1.32780", "2013-10-31": "-1.30670", "2013-07-31": "-1.29840", "2013-04-30": "-1.36630", "2013-01-31": "", "2012-01-31": "", "2011-01-31": ""}, "Gross Margin": {"2020-10-31": "41.36760", "2020-07-31": "29.83110", "2020-04-30": "27.73160", "2020-01-31": "37.50110", "2019-10-31": "36.13960", "2019-07-31": "35.50260", "2019-04-30": "38.18530", "2019-01-31": "39.95410", "2018-10-31": "37.59280", "2018-07-31": "35.44490", "2018-04-30": "39.51180", "2018-01-31": "40.96760", "2017-10-31": "39.03480", "2017-07-31": "37.52690", "2017-04-30": "40.36330", "2017-01-31": "40.30950", "2016-10-31": "38.02200", "2016-07-31": "36.84590", "2016-04-30": "40.10350", "2016-01-31": "40.87010", "2015-10-31": "39.84840", "2015-07-31": "37.92870", "2015-04-30": "40.99820", "2015-01-31": "41.24120", "2014-10-31": "40.00930", "2014-07-31": "37.67300", "2014-04-30": "40.75320", "2014-01-31": "40.06430", "2013-10-31": "40.51880", "2013-07-31": "37.27880", "2013-04-30": "41.18830", "2013-01-31": "", "2012-01-31": "", "2011-01-31": ""}, "Operating Margin": {"2020-10-31": "14.14800", "2020-07-31": "4.63980", "2020-04-30": "-7.58580", "2020-01-31": "15.96180", "2019-10-31": "6.22320", "2019-07-31": "6.89760", "2019-04-30": "8.47840", "2019-01-31": "15.27190", "2018-10-31": "10.76600", "2018-07-31": "7.05170", "2018-04-30": "6.83190", "2018-01-31": "18.73950", "2017-10-31": "12.40590", "2017-07-31": "8.20270", "2017-04-30": "12.02010", "2017-01-31": "19.22230", "2016-10-31": "11.92340", "2016-07-31": "8.21210", "2016-04-30": "12.54010", "2016-01-31": "19.26840", "2015-10-31": "13.33870", "2015-07-31": "9.81260", "2015-04-30": "13.36140", "2015-01-31": "18.28380", "2014-10-31": "12.60660", "2014-07-31": "5.36750", "2014-04-30": "13.23130", "2014-01-31": "17.78840", "2013-10-31": "12.07510", "2013-07-31": "7.85400", "2013-04-30": "12.89020", "2013-01-31": "", "2012-01-31": "", "2011-01-31": ""}, "EBIT Margin": {"2020-10-31": "14.14800", "2020-07-31": "4.63980", "2020-04-30": "-7.58580", "2020-01-31": "15.96180", "2019-10-31": "6.22320", "2019-07-31": "6.89760", "2019-04-30": "8.47840", "2019-01-31": "15.27190", "2018-10-31": "10.76600", "2018-07-31": "7.05170", "2018-04-30": "6.83190", "2018-01-31": "18.73950", "2017-10-31": "12.40590", "2017-07-31": "8.20270", "2017-04-30": "12.02010", "2017-01-31": "19.22230", "2016-10-31": "11.92340", "2016-07-31": "8.21210", "2016-04-30": "12.54010", "2016-01-31": "19.26840", "2015-10-31": "13.33870", "2015-07-31": "9.81260", "2015-04-30": "13.36140", "2015-01-31": "18.28380", "2014-10-31": "12.60660", "2014-07-31": "5.36750", "2014-04-30": "13.23130", "2014-01-31": "17.78840", "2013-10-31": "12.07510", "2013-07-31": "7.85400", "2013-04-30": "12.89020", "2013-01-31": "", "2012-01-31": "", "2011-01-31": ""}, "EBITDA Margin": {"2020-10-31": "", "2020-07-31": "", "2020-04-30": "", "2020-01-31": "", "2019-10-31": "", "2019-07-31": "", "2019-04-30": "", "2019-01-31": "", "2018-10-31": "", "2018-07-31": "", "2018-04-30": "", "2018-01-31": "", "2017-10-31": "", "2017-07-31": "", "2017-04-30": "", "2017-01-31": "", "2016-10-31": "", "2016-07-31": "", "2016-04-30": "", "2016-01-31": "", "2015-10-31": "", "2015-07-31": "", "2015-04-30": "", "2015-01-31": "", "2014-10-31": "", "2014-07-31": "", "2014-04-30": "", "2014-01-31": "", "2013-10-31": "", "2013-07-31": "", "2013-04-30": "", "2013-01-31": "", "2012-01-31": "", "2011-01-31": ""}, "Pre-Tax Profit Margin": {"2020-10-31": "9.91360", "2020-07-31": "1.32110", "2020-04-30": "-11.98640", "2020-01-31": "13.86350", "2019-10-31": "3.03010", "2019-07-31": "2.92770", "2019-04-30": "4.77870", "2019-01-31": "13.15490", "2018-10-31": "7.80870", "2018-07-31": "3.43400", "2018-04-30": "3.98460", "2018-01-31": "16.92030", "2017-10-31": "9.78880", "2017-07-31": "5.18160", "2017-04-30": "9.39670", "2017-01-31": "17.49090", "2016-10-31": "8.77110", "2016-07-31": "5.20890", "2016-04-30": "9.72150", "2016-01-31": "17.11240", "2015-10-31": "10.43290", "2015-07-31": "5.72350", "2015-04-30": "9.83400", "2015-01-31": "15.31410", "2014-10-31": "8.86790", "2014-07-31": "-8.18040", "2014-04-30": "7.80930", "2014-01-31": "13.39740", "2013-10-31": "6.52950", "2013-07-31": "2.65490", "2013-04-30": "7.45220", "2013-01-31": "", "2012-01-31": "", "2011-01-31": ""}, "Net Profit Margin": {"2020-10-31": "7.90220", "2020-07-31": "-0.67560", "2020-04-30": "-7.93920", "2020-01-31": "10.54520", "2019-10-31": "2.34900", "2019-07-31": "2.37470", "2019-04-30": "3.44610", "2019-01-31": "10.13930", "2018-10-31": "6.57500", "2018-07-31": "2.60980", "2018-04-30": "2.32670", "2018-01-31": "10.73560", "2017-10-31": "6.43120", "2017-07-31": "3.31550", "2017-04-30": "6.23250", "2017-01-31": "11.15560", "2016-10-31": "6.23030", "2016-07-31": "3.35900", "2016-04-30": "6.10630", "2016-01-31": "10.91630", "2015-10-31": "6.57270", "2015-07-31": "3.62820", "2015-04-30": "6.19320", "2015-01-31": "9.73780", "2014-10-31": "5.66840", "2014-07-31": "-5.13030", "2014-04-30": "4.31670", "2014-01-31": "8.55310", "2013-10-31": "4.20390", "2013-07-31": "1.88050", "2013-04-30": "4.63240", "2013-01-31": "", "2012-01-31": "", "2011-01-31": ""}, "Asset Turnover": {"2020-10-31": "0.32980", "2020-07-31": "0.29270", "2020-04-30": "0.18570", "2020-01-31": "0.44880", "2019-10-31": "0.31780", "2019-07-31": "0.27880", "2019-04-30": "0.29730", "2019-01-31": "0.84060", "2018-10-31": "0.54470", "2018-07-31": "0.48040", "2018-04-30": "0.49950", "2018-01-31": "0.82190", "2017-10-31": "0.53780", "2017-07-31": "0.52070", "2017-04-30": "0.57650", "2017-01-31": "0.81520", "2016-10-31": "0.53370", "2016-07-31": "0.52780", "2016-04-30": "0.59530", "2016-01-31": "0.82830", "2015-10-31": "0.57320", "2015-07-31": "0.54110", "2015-04-30": "0.57470", "2015-01-31": "0.81980", "2014-10-31": "0.55680", "2014-07-31": "0.53480", "2014-04-30": "0.61300", "2014-01-31": "0.85860", "2013-10-31": "0.59470", "2013-07-31": "0.54360", "2013-04-30": "0.64690", "2013-01-31": "", "2012-01-31": "", "2011-01-31": ""}, "Inventory Turnover Ratio": {"2020-10-31": "0.70440", "2020-07-31": "0.78860", "2020-04-30": "0.52040", "2020-01-31": "0.98130", "2019-10-31": "0.54830", "2019-07-31": "0.53060", "2019-04-30": "0.61370", "2019-01-31": "0.96890", "2018-10-31": "0.55180", "2018-07-31": "0.53120", "2018-04-30": "0.62320", "2018-01-31": "0.99360", "2017-10-31": "0.53840", "2017-07-31": "0.56050", "2017-04-30": "0.62680", "2017-01-31": "0.92670", "2016-10-31": "0.54560", "2016-07-31": "0.58460", "2016-04-30": "0.65630", "2016-01-31": "0.99230", "2015-10-31": "0.55030", "2015-07-31": "0.56900", "2015-04-30": "0.64520", "2015-01-31": "0.98590", "2014-10-31": "0.60760", "2014-07-31": "0.63080", "2014-04-30": "0.67010", "2014-01-31": "1.03400", "2013-10-31": "0.59430", "2013-07-31": "0.62380", "2013-04-30": "0.69280", "2013-01-31": "", "2012-01-31": "", "2011-01-31": ""}, "Receiveable Turnover": {"2020-10-31": "58.03120", "2020-07-31": "36.98640", "2020-04-30": "34.27550", "2020-01-31": "56.58650", "2019-10-31": "45.31370", "2019-07-31": "43.17650", "2019-04-30": "30.19410", "2019-01-31": "28.73470", "2018-10-31": "25.71720", "2018-07-31": "22.11910", "2018-04-30": "35.17430", "2018-01-31": "63.08760", "2017-10-31": "33.76700", "2017-07-31": "24.15970", "2017-04-30": "38.91060", "2017-01-31": "60.29110", "2016-10-31": "19.27020", "2016-07-31": "15.23580", "2016-04-30": "36.16980", "2016-01-31": "157.02190", "2015-10-31": "40.42570", "2015-07-31": "15.94840", "2015-04-30": "117.42400", "2015-01-31": "664.90950", "2014-10-31": "27.18510", "2014-07-31": "12.56140", "2014-04-30": "131.50600", "2014-01-31": "777.50000", "2013-10-31": "55.90000", "2013-07-31": "25.11110", "2013-04-30": "124.12500", "2013-01-31": "", "2012-01-31": "", "2011-01-31": ""}, "Days Sales In Receivables": {"2020-10-31": "1.55090", "2020-07-31": "2.43330", "2020-04-30": "2.62580", "2020-01-31": "1.59050", "2019-10-31": "1.98620", "2019-07-31": "2.08450", "2019-04-30": "2.98070", "2019-01-31": "3.13210", "2018-10-31": "3.49960", "2018-07-31": "4.06890", "2018-04-30": "2.55870", "2018-01-31": "1.42660", "2017-10-31": "2.66530", "2017-07-31": "3.72520", "2017-04-30": "2.31300", "2017-01-31": "1.49280", "2016-10-31": "4.67040", "2016-07-31": "5.90710", "2016-04-30": "2.48830", "2016-01-31": "0.57320", "2015-10-31": "2.22630", "2015-07-31": "5.64320", "2015-04-30": "0.76650", "2015-01-31": "0.13540", "2014-10-31": "3.31060", "2014-07-31": "7.16480", "2014-04-30": "0.68440", "2014-01-31": "0.11580", "2013-10-31": "1.61000", "2013-07-31": "3.58410", "2013-04-30": "0.72510", "2013-01-31": "", "2012-01-31": "", "2011-01-31": ""}, "ROE - Return On Equity": {"2020-10-31": "-7.99480", "2020-07-31": "0.51370", "2020-04-30": "4.19060", "2020-01-31": "-12.55840", "2019-10-31": "-1.75910", "2019-07-31": "-1.54620", "2019-04-30": "-2.37440", "2019-01-31": "-11.15510", "2018-10-31": "-4.68020", "2018-07-31": "-1.61750", "2018-04-30": "-1.81180", "2018-01-31": "-13.44610", "2017-10-31": "-4.60290", "2017-07-31": "-2.01140", "2017-04-30": "-4.19340", "2017-01-31": "-11.49990", "2016-10-31": "-4.60730", "2016-07-31": "-2.08560", "2016-04-30": "-4.20380", "2016-01-31": "-10.65290", "2015-10-31": "-4.02090", "2015-07-31": "-1.79220", "2015-04-30": "-3.28550", "2015-01-31": "-7.41450", "2014-10-31": "-2.82400", "2014-07-31": "2.08410", "2014-04-30": "-1.66110", "2014-01-31": "-4.78070", "2013-10-31": "-1.58250", "2013-07-31": "-0.56310", "2013-04-30": "-2.03720", "2013-01-31": "", "2012-01-31": "", "2011-01-31": ""}, "Return On Tangible Equity": {"2020-10-31": "-7.20220", "2020-07-31": "0.46620", "2020-04-30": "3.79310", "2020-01-31": "-11.30260", "2019-10-31": "-1.65810", "2019-07-31": "-1.43240", "2019-04-30": "-2.19600", "2019-01-31": "-10.33340", "2018-10-31": "-4.34150", "2018-07-31": "-1.49440", "2018-04-30": "-1.65510", "2018-01-31": "-12.29860", "2017-10-31": "-4.25580", "2017-07-31": "-1.86210", "2017-04-30": "-3.87340", "2017-01-31": "-10.60820", "2016-10-31": "-4.24050", "2016-07-31": "-1.92460", "2016-04-30": "-3.87400", "2016-01-31": "-10.09790", "2015-10-31": "-3.83080", "2015-07-31": "-1.71080", "2015-04-30": "-3.13890", "2015-01-31": "-7.09760", "2014-10-31": "-2.71130", "2014-07-31": "2.00310", "2014-04-30": "-1.60570", "2014-01-31": "-4.62450", "2013-10-31": "-1.53390", "2013-07-31": "-0.54610", "2013-04-30": "-1.95580", "2013-01-31": "", "2012-01-31": "", "2011-01-31": ""}, "ROA - Return On Assets": {"2020-10-31": "2.60650", "2020-07-31": "-0.19770", "2020-04-30": "-1.47430", "2020-01-31": "4.73290", "2019-10-31": "0.74650", "2019-07-31": "0.66220", "2019-04-30": "1.02440", "2019-01-31": "8.52320", "2018-10-31": "3.58130", "2018-07-31": "1.25370", "2018-04-30": "1.16210", "2018-01-31": "8.82390", "2017-10-31": "3.45870", "2017-07-31": "1.72630", "2017-04-30": "3.59280", "2017-01-31": "9.09450", "2016-10-31": "3.32510", "2016-07-31": "1.77290", "2016-04-30": "3.63510", "2016-01-31": "9.04190", "2015-10-31": "3.76730", "2015-07-31": "1.96340", "2015-04-30": "3.55940", "2015-01-31": "7.98320", "2014-10-31": "3.15610", "2014-07-31": "-2.74370", "2014-04-30": "2.64620", "2014-01-31": "7.34400", "2013-10-31": "2.50000", "2013-07-31": "1.02220", "2013-04-30": "2.99670", "2013-01-31": "", "2012-01-31": "", "2011-01-31": ""}, "ROI - Return On Investment": {"2020-10-31": "10.15950", "2020-07-31": "-0.69030", "2020-04-30": "-5.65180", "2020-01-31": "15.16300", "2019-10-31": "2.81990", "2019-07-31": "2.29880", "2019-04-30": "3.46350", "2019-01-31": "17.19780", "2018-10-31": "9.30300", "2018-07-31": "2.76070", "2018-04-30": "2.21730", "2018-01-31": "17.02370", "2017-10-31": "8.18650", "2017-07-31": "3.76520", "2017-04-30": "7.25050", "2017-01-31": "19.05990", "2016-10-31": "7.11090", "2016-07-31": "3.46670", "2016-04-30": "6.69680", "2016-01-31": "17.99150", "2015-10-31": "7.77740", "2015-07-31": "3.92630", "2015-04-30": "7.62270", "2015-01-31": "16.00400", "2014-10-31": "7.43130", "2014-07-31": "-4.94910", "2014-04-30": "4.83600", "2014-01-31": "14.84380", "2013-10-31": "6.63840", "2013-07-31": "2.56410", "2013-04-30": "7.31320", "2013-01-31": "", "2012-01-31": "", "2011-01-31": ""}, "Book Value Per Share": {"2020-10-31": "-9.42030", "2020-07-31": "-10.24090", "2020-04-30": "-10.28500", "2020-01-31": "-9.85310", "2019-10-31": "-11.11830", "2019-07-31": "-10.22930", "2019-04-30": "-10.03860", "2019-01-31": "-10.30710", "2018-10-31": "-11.28420", "2018-07-31": "-9.91610", "2018-04-30": "-8.15090", "2018-01-31": "-8.29760", "2017-10-31": "-9.55980", "2017-07-31": "-9.63940", "2017-04-30": "-9.11800", "2017-01-31": "-8.78600", "2016-10-31": "-8.11170", "2016-07-31": "-8.29740", "2016-04-30": "-8.10380", "2016-01-31": "-8.24940", "2015-10-31": "-9.14180", "2015-07-31": "-9.57910", "2015-04-30": "-9.79110", "2015-01-31": "-10.25990", "2014-10-31": "-11.10720", "2014-07-31": "-11.44410", "2014-04-30": "-15.59400", "2014-01-31": "-15.89710", "2013-10-31": "-16.97140", "2013-07-31": "-17.25140", "2013-04-30": "-12.91880", "2013-01-31": "", "2012-01-31": "", "2011-01-31": ""}, "Operating Cash Flow Per Share": {"2020-10-31": 2.7082, "2020-07-31": 2.4131, "2020-04-30": "-0.37810", "2020-01-31": 2.5143, "2019-10-31": 0.7182, "2019-07-31": -0.2275, "2019-04-30": "0.21410", "2019-01-31": 2.4373, "2018-10-31": 0.6407, "2018-07-31": -0.6637, "2018-04-30": "0.17800", "2018-01-31": 2.2369, "2017-10-31": 0.6063, "2017-07-31": -0.142, "2017-04-30": "0.12050", "2017-01-31": 2.0703, "2016-10-31": 0.7826, "2016-07-31": -0.0035, "2016-04-30": "-0.11420", "2016-01-31": 2.3224, "2015-10-31": 0.482, "2015-07-31": -0.0529, "2015-04-30": "-0.34380", "2015-01-31": 1.958, "2014-10-31": 0.8507, "2014-07-31": -0.2588, "2014-04-30": "-0.41570", "2014-01-31": 2.1229, "2013-10-31": 0.5308, "2013-07-31": -0.1565, "2013-04-30": "0.01120", "2013-01-31": 0, "2012-01-31": 0, "2011-01-31": 0}, "Free Cash Flow Per Share": {"2020-10-31": 2.4941, "2020-07-31": 2.2465, "2020-04-30": "-0.52090", "2020-01-31": 2.3214, "2019-10-31": 0.4901, "2019-07-31": -0.4343, "2019-04-30": "0.05510", "2019-01-31": 2.3067, "2018-10-31": 0.3152, "2018-07-31": -0.9036, "2018-04-30": "0.02560", "2018-01-31": 1.9471, "2017-10-31": 0.4366, "2017-07-31": -0.289, "2017-04-30": "0.03810", "2017-01-31": 1.9158, "2016-10-31": 0.5674, "2016-07-31": -0.1183, "2016-04-30": "-0.18440", "2016-01-31": 2.1588, "2015-10-31": 0.3556, "2015-07-31": -0.1875, "2015-04-30": "-0.51110", "2015-01-31": 1.796, "2014-10-31": 0.6977, "2014-07-31": -0.4368, "2014-04-30": "-0.58800", "2014-01-31": 1.9553, "2013-10-31": 0.352, "2013-07-31": -0.3127, "2013-04-30": "-0.11190", "2013-01-31": 0, "2012-01-31": 0, "2011-01-31": 0}}, "revenue": {"Michaels Annual Revenue (Millions of US $)": {"2020": "$5,072", "2019": "$5,272", "2018": "$5,362", "2017": "$5,197", "2016": "$4,913", "2015": "$4,738", "2014": "$4,570", "2013": "$4,408", "2012": "$4,210", "2011": "$4,210", "2010": "$3,888", "2009": "$3,817", "2008": "$3,862", "2007": "$3,843", "2006": "$3,659", "2005": "$3,393"}, "Michaels Quarterly Revenue (Millions of US $)": {"2020-10-31": "$1,406", "2020-07-31": "$1,148", "2020-04-30": "$800", "2020-01-31": "$1,723", "2019-10-31": "$1,222", "2019-07-31": "$1,034", "2019-04-30": "$1,094", "2019-01-31": "$1,789", "2018-10-31": "$1,274", "2018-07-31": "$1,053", "2018-04-30": "$1,156", "2018-01-31": "$1,891", "2017-10-31": "$1,240", "2017-07-31": "$1,073", "2017-04-30": "$1,159", "2017-01-31": "$1,751", "2016-10-31": "$1,227", "2016-07-31": "$1,060", "2016-04-30": "$1,159", "2016-01-31": "$1,682", "2015-10-31": "$1,168", "2015-07-31": "$984", "2015-04-30": "$1,078", "2015-01-31": "$1,608", "2014-10-31": "$1,130", "2014-07-31": "$948", "2014-04-30": "$1,052", "2014-01-31": "$1,555", "2013-10-31": "$1,118", "2013-07-31": "$904", "2013-04-30": "$993", "2013-01-31": "", "2012-01-31": "", "2011-01-31": ""}}, "gross-profit": {"Michaels Annual Gross Profit (Millions of US $)": {"2020": "$1,872", "2019": "$2,024", "2018": "$2,129", "2017": "$2,028", "2016": "$1,968", "2015": "$1,901", "2014": "$1,822", "2013": "$1,765", "2012": "$1,678", "2011": "$1,678", "2010": "$1,465", "2009": "$1,386", "2008": "$1,479", "2007": "$1,479", "2006": "$1,371", "2005": "$1,250"}, "Michaels Quarterly Gross Profit (Millions of US $)": {"2020-10-31": "$582", "2020-07-31": "$343", "2020-04-30": "$222", "2020-01-31": "$646", "2019-10-31": "$442", "2019-07-31": "$367", "2019-04-30": "$418", "2019-01-31": "$715", "2018-10-31": "$479", "2018-07-31": "$373", "2018-04-30": "$457", "2018-01-31": "$775", "2017-10-31": "$484", "2017-07-31": "$403", "2017-04-30": "$468", "2017-01-31": "$706", "2016-10-31": "$467", "2016-07-31": "$391", "2016-04-30": "$465", "2016-01-31": "$688", "2015-10-31": "$466", "2015-07-31": "$373", "2015-04-30": "$442", "2015-01-31": "$663", "2014-10-31": "$452", "2014-07-31": "$357", "2014-04-30": "$429", "2014-01-31": "$623", "2013-10-31": "$453", "2013-07-31": "$337", "2013-04-30": "$409", "2013-01-31": "", "2012-01-31": "", "2011-01-31": ""}}, "operating-income": {"Michaels Annual Operating Income (Millions of US $)": {"2020": "$515", "2019": "$564", "2018": "$735", "2017": "$715", "2016": "$721", "2015": "$627", "2014": "$610", "2013": "$592", "2012": "$538", "2011": "$538", "2010": "$397", "2009": "$304", "2008": "$354", "2007": "$208", "2006": "$387", "2005": "$343"}, "Michaels Quarterly Operating Income (Millions of US $)": {"2020-10-31": "$199", "2020-07-31": "$53", "2020-04-30": "$-61", "2020-01-31": "$275", "2019-10-31": "$76", "2019-07-31": "$71", "2019-04-30": "$93", "2019-01-31": "$273", "2018-10-31": "$137", "2018-07-31": "$74", "2018-04-30": "$79", "2018-01-31": "$354", "2017-10-31": "$154", "2017-07-31": "$88", "2017-04-30": "$139", "2017-01-31": "$337", "2016-10-31": "$146", "2016-07-31": "$87", "2016-04-30": "$145", "2016-01-31": "$324", "2015-10-31": "$156", "2015-07-31": "$97", "2015-04-30": "$144", "2015-01-31": "$294", "2014-10-31": "$142", "2014-07-31": "$51", "2014-04-30": "$139", "2014-01-31": "$277", "2013-10-31": "$135", "2013-07-31": "$71", "2013-04-30": "$128", "2013-01-31": "", "2012-01-31": "", "2011-01-31": ""}}, "ebitda": {"Michaels Annual EBITDA (Millions of US $)": {"2020": "$640", "2019": "$687", "2018": "$854", "2017": "$831", "2016": "$835", "2015": "$737", "2014": "$715", "2013": "$689", "2012": "$674", "2011": "$538", "2010": "$397", "2009": "$304", "2008": "$354", "2007": "$208", "2006": "$387", "2005": "$343"}, "Michaels Quarterly EBITDA (Millions of US $)": {"2020-10-31": "$231", "2020-07-31": "$85", "2020-04-30": "$-28", "2020-01-31": "$306", "2019-10-31": "$107", "2019-07-31": "$102", "2019-04-30": "$124", "2019-01-31": "$307", "2018-10-31": "$168", "2018-07-31": "$104", "2018-04-30": "$108", "2018-01-31": "$387", "2017-10-31": "$183", "2017-07-31": "$117", "2017-04-30": "$168", "2017-01-31": "$366", "2016-10-31": "$174", "2016-07-31": "$116", "2016-04-30": "$175", "2016-01-31": "$354", "2015-10-31": "$185", "2015-07-31": "$125", "2015-04-30": "$172", "2015-01-31": "$323", "2014-10-31": "$172", "2014-07-31": "$77", "2014-04-30": "$165", "2014-01-31": "$309", "2013-10-31": "$159", "2013-07-31": "$95", "2013-04-30": "$153", "2013-01-31": "", "2012-01-31": "", "2011-01-31": ""}}, "net-income": {"Michaels Annual Net Income (Millions of US $)": {"2020": "$273", "2019": "$320", "2018": "$390", "2017": "$378", "2016": "$363", "2015": "$217", "2014": "$243", "2013": "$200", "2012": "$157", "2011": "$157", "2010": "$103", "2009": "$-5", "2008": "$-32", "2007": "$41", "2006": "$221", "2005": "$204"}, "Michaels Quarterly Net Income (Millions of US $)": {"2020-10-31": "$111", "2020-07-31": "$-8", "2020-04-30": "$-64", "2020-01-31": "$182", "2019-10-31": "$29", "2019-07-31": "$25", "2019-04-30": "$38", "2019-01-31": "$181", "2018-10-31": "$84", "2018-07-31": "$27", "2018-04-30": "$27", "2018-01-31": "$203", "2017-10-31": "$80", "2017-07-31": "$36", "2017-04-30": "$72", "2017-01-31": "$195", "2016-10-31": "$76", "2016-07-31": "$36", "2016-04-30": "$71", "2016-01-31": "$184", "2015-10-31": "$77", "2015-07-31": "$36", "2015-04-30": "$67", "2015-01-31": "$157", "2014-10-31": "$64", "2014-07-31": "$-49", "2014-04-30": "$45", "2014-01-31": "$133", "2013-10-31": "$47", "2013-07-31": "$17", "2013-04-30": "$46", "2013-01-31": "", "2012-01-31": "", "2011-01-31": ""}}, "eps-earnings-per-share-diluted": {"Michaels Annual EPS": {"2020": "$1.78", "2019": "$1.86", "2018": "$2.10", "2017": "$1.82", "2016": "$1.72", "2015": "$1.05", "2014": "$1.36", "2013": "$1.12", "2012": "$0.89", "2011": "$0.00", "2010": "$0.00", "2009": "$0.00", "2008": "$0.00", "2007": "$0.00", "2006": "$0.00", "2005": "$0.00"}, "Michaels Quarterly EPS": {"2020-10-31": "$0.74", "2020-07-31": "$-0.05", "2020-04-30": "$-0.43", "2020-01-31": "$1.19", "2019-10-31": "$0.19", "2019-07-31": "$0.16", "2019-04-30": "$0.24", "2019-01-31": "$1.06", "2018-10-31": "$0.50", "2018-07-31": "$0.15", "2018-04-30": "$0.15", "2018-01-31": "$1.09", "2017-10-31": "$0.44", "2017-07-31": "$0.19", "2017-04-30": "$0.38", "2017-01-31": "$0.94", "2016-10-31": "$0.37", "2016-07-31": "$0.17", "2016-04-30": "$0.34", "2016-01-31": "$0.86", "2015-10-31": "$0.37", "2015-07-31": "$0.17", "2015-04-30": "$0.32", "2015-01-31": "$0.75", "2014-10-31": "$0.31", "2014-07-31": "$-0.26", "2014-04-30": "$0.25", "2014-01-31": "$0.74", "2013-10-31": "$0.26", "2013-07-31": "$0.09", "2013-04-30": "$0.26", "2013-01-31": "$0.00", "2012-01-31": "$0.00", "2011-01-31": "$0.00"}}, "shares-outstanding": {"Michaels Annual Shares Outstanding (Millions of Shares)": {"2020": "153", "2019": "171", "2018": "186", "2017": "206", "2016": "209", "2015": "207", "2014": "179", "2013": "178", "2012": "177", "2011": "", "2010": "", "2009": "", "2008": "", "2007": "", "2006": "", "2005": ""}, "Michaels Quarterly Shares Outstanding (Millions of Shares)": {"2020-10-31": "150", "2020-07-31": "147", "2020-04-30": "147", "2020-01-31": "153", "2019-10-31": "151", "2019-07-31": "157", "2019-04-30": "158", "2019-01-31": "171", "2018-10-31": "167", "2018-07-31": "178", "2018-04-30": "183", "2018-01-31": "186", "2017-10-31": "182", "2017-07-31": "188", "2017-04-30": "190", "2017-01-31": "206", "2016-10-31": "205", "2016-07-31": "208", "2016-04-30": "209", "2016-01-31": "209", "2015-10-31": "210", "2015-07-31": "209", "2015-04-30": "209", "2015-01-31": "207", "2014-10-31": "207", "2014-07-31": "185", "2014-04-30": "179", "2014-01-31": "179", "2013-10-31": "179", "2013-07-31": "179", "2013-04-30": "179", "2013-01-31": "", "2012-01-31": "", "2011-01-31": ""}}, "total-assets": {"Michaels Annual Total Assets (Millions of US $)": {"2020": "$3,838", "2019": "$2,128", "2018": "$2,300", "2017": "$2,148", "2016": "$2,031", "2015": "$1,961", "2014": "$1,811", "2013": "$1,555", "2012": "$0", "2011": "$0", "2010": "$1,710", "2009": "$1,625", "2008": "$1,614", "2007": "$1,693", "2006": "$1,876", "2005": "$2,112"}, "Michaels Quarterly Total Assets (Millions of US $)": {"2020-10-31": "$4,263", "2020-07-31": "$3,923", "2020-04-30": "$4,308", "2020-01-31": "$3,838", "2019-10-31": "$3,845", "2019-07-31": "$3,707", "2019-04-30": "$3,679", "2019-01-31": "$2,128", "2018-10-31": "$2,339", "2018-07-31": "$2,193", "2018-04-30": "$2,314", "2018-01-31": "$2,300", "2017-10-31": "$2,306", "2017-07-31": "$2,060", "2017-04-30": "$2,010", "2017-01-31": "$2,148", "2016-10-31": "$2,299", "2016-07-31": "$2,009", "2016-04-30": "$1,947", "2016-01-31": "$2,031", "2015-10-31": "$2,039", "2015-07-31": "$1,819", "2015-04-30": "$1,875", "2015-01-31": "$1,961", "2014-10-31": "$2,030", "2014-07-31": "$1,773", "2014-04-30": "$1,716", "2014-01-31": "$1,811", "2013-10-31": "$1,880", "2013-07-31": "$1,663", "2013-04-30": "$1,535", "2013-01-31": "$1,555", "2012-01-31": "$0", "2011-01-31": "$0"}}, "cash-on-hand": {"Michaels Annual Cash on Hand (Millions of US $)": {"2020": "$410", "2019": "$246", "2018": "$426", "2017": "$299", "2016": "$409", "2015": "$378", "2014": "$239", "2013": "$56", "2012": "$", "2011": "$", "2010": "$217", "2009": "$933", "2008": "$29", "2007": "$30", "2006": "$452", "2005": "$586"}, "Michaels Quarterly Cash on Hand (Millions of US $)": {"2020-10-31": "$852", "2020-07-31": "$651", "2020-04-30": "$927", "2020-01-31": "$410", "2019-10-31": "$118", "2019-07-31": "$131", "2019-04-30": "$247", "2019-01-31": "$246", "2018-10-31": "$103", "2018-07-31": "$123", "2018-04-30": "$422", "2018-01-31": "$426", "2017-10-31": "$177", "2017-07-31": "$134", "2017-04-30": "$198", "2017-01-31": "$299", "2016-10-31": "$150", "2016-07-31": "$115", "2016-04-30": "$172", "2016-01-31": "$409", "2015-10-31": "$115", "2015-07-31": "$70", "2015-04-30": "$273", "2015-01-31": "$378", "2014-10-31": "$194", "2014-07-31": "$90", "2014-04-30": "$115", "2014-01-31": "$239", "2013-10-31": "$73", "2013-07-31": "$56", "2013-04-30": "$55", "2013-01-31": "$56", "2012-01-31": "", "2011-01-31": ""}}, "long-term-debt": {"Michaels Annual Long Term Debt (Millions of US $)": {"2020": "$2,644", "2019": "$2,681", "2018": "$2,702", "2017": "$2,723", "2016": "$2,745", "2015": "$3,090", "2014": "$3,678", "2013": "$2,891", "2012": "$", "2011": "$", "2010": "$3,684", "2009": "$3,756", "2008": "$3,741", "2007": "$3,729", "2006": "$", "2005": "$200"}, "Michaels Quarterly Long Term Debt (Millions of US $)": {"2020-10-31": "$2,484", "2020-07-31": "$2,634", "2020-04-30": "$2,639", "2020-01-31": "$2,644", "2019-10-31": "$2,650", "2019-07-31": "$2,655", "2019-04-30": "$2,676", "2019-01-31": "$2,681", "2018-10-31": "$2,690", "2018-07-31": "$2,695", "2018-04-30": "$2,696", "2018-01-31": "$2,702", "2017-10-31": "$2,707", "2017-07-31": "$2,712", "2017-04-30": "$2,718", "2017-01-31": "$2,723", "2016-10-31": "$2,735", "2016-07-31": "$2,735", "2016-04-30": "$2,740", "2016-01-31": "$2,745", "2015-10-31": "$2,897", "2015-07-31": "$2,902", "2015-04-30": "$2,907", "2015-01-31": "$3,090", "2014-10-31": "$3,131", "2014-07-31": "$3,317", "2014-04-30": "$3,673", "2014-01-31": "$3,678", "2013-10-31": "$3,678", "2013-07-31": "$3,682", "2013-04-30": "$2,887", "2013-01-31": "$2,891", "2012-01-31": "", "2011-01-31": ""}}, "total-liabilities": {"Michaels Annual Total Liabilities (Millions of US $)": {"2020": "$5,285", "2019": "$3,755", "2018": "$3,810", "2017": "$3,846", "2016": "$3,755", "2015": "$4,073", "2014": "$4,593", "2013": "$3,859", "2012": "$0", "2011": "$0", "2010": "$4,481", "2009": "$4,512", "2008": "$4,506", "2007": "$4,568", "2006": "$588", "2005": "$814"}, "Michaels Quarterly Total Liabilities (Millions of US $)": {"2020-10-31": "$5,653", "2020-07-31": "$5,433", "2020-04-30": "$5,823", "2020-01-31": "$5,285", "2019-10-31": "$5,477", "2019-07-31": "$5,295", "2019-04-30": "$5,267", "2019-01-31": "$3,755", "2018-10-31": "$4,129", "2018-07-31": "$3,892", "2018-04-30": "$3,797", "2018-01-31": "$3,810", "2017-10-31": "$4,039", "2017-07-31": "$3,828", "2017-04-30": "$3,732", "2017-01-31": "$3,846", "2016-10-31": "$3,959", "2016-07-31": "$3,717", "2016-04-30": "$3,630", "2016-01-31": "$3,755", "2015-10-31": "$3,948", "2015-07-31": "$3,811", "2015-04-30": "$3,906", "2015-01-31": "$4,073", "2014-10-31": "$4,298", "2014-07-31": "$4,107", "2014-04-30": "$4,450", "2014-01-31": "$4,593", "2013-10-31": "$4,850", "2013-07-31": "$4,682", "2013-04-30": "$3,793", "2013-01-31": "$3,859", "2012-01-31": "$0", "2011-01-31": "$0"}}, "total-share-holder-equity": {"Michaels Annual Share Holder Equity (Millions of US $)": {"2020": "$-1,446", "2019": "$-1,626", "2018": "$-1,509", "2017": "$-1,698", "2016": "$-1,724", "2015": "$-2,112", "2014": "$-2,782", "2013": "$-2,304", "2012": "$0", "2011": "$0", "2010": "$-2,771", "2009": "$-2,887", "2008": "$-2,892", "2007": "$-2,875", "2006": "$1,287", "2005": "$1,297"}, "Michaels Quarterly Share Holder Equity (Millions of US $)": {"2020-10-31": "$-1,390", "2020-07-31": "$-1,510", "2020-04-30": "$-1,515", "2020-01-31": "$-1,446", "2019-10-31": "$-1,632", "2019-07-31": "$-1,588", "2019-04-30": "$-1,587", "2019-01-31": "$-1,626", "2018-10-31": "$-1,790", "2018-07-31": "$-1,699", "2018-04-30": "$-1,484", "2018-01-31": "$-1,509", "2017-10-31": "$-1,733", "2017-07-31": "$-1,768", "2017-04-30": "$-1,722", "2017-01-31": "$-1,698", "2016-10-31": "$-1,660", "2016-07-31": "$-1,708", "2016-04-30": "$-1,683", "2016-01-31": "$-1,724", "2015-10-31": "$-1,910", "2015-07-31": "$-1,993", "2015-04-30": "$-2,031", "2015-01-31": "$-2,112", "2014-10-31": "$-2,269", "2014-07-31": "$-2,334", "2014-04-30": "$-2,734", "2014-01-31": "$-2,782", "2013-10-31": "$-2,970", "2013-07-31": "$-3,019", "2013-04-30": "$-2,258", "2013-01-31": "$-2,304", "2012-01-31": "$0", "2011-01-31": "$0"}}, "profit-margins": {"current": "4.36%"}, "gross margin": {"2020-10-31": "35.32%", "2020-07-31": "33.78%", "2020-04-30": "35.09%", "2020-01-31": "36.92%", "2019-10-31": "37.79%", "2019-07-31": "38.12%", "2019-04-30": "38.10%", "2019-01-31": "38.39%", "2018-10-31": "38.78%", "2018-07-31": "39.12%", "2018-04-30": "39.53%", "2018-01-31": "39.72%", "2017-10-31": "39.46%", "2017-07-31": "39.23%", "2017-04-30": "39.10%", "2017-01-31": "39.04%", "2016-10-31": "39.22%", "2016-07-31": "39.65%", "2016-04-30": "39.90%", "2016-01-31": "40.09%", "2015-10-31": "40.18%", "2015-07-31": "40.21%", "2015-04-30": "40.18%", "2015-01-31": "40.12%", "2014-10-31": "39.72%", "2014-07-31": "39.85%", "2014-04-30": "39.79%", "2014-01-31": "39.87%"}, "operating margin": {"2020-10-31": "9.18%", "2020-07-31": "7.01%", "2020-04-30": "7.55%", "2020-01-31": "10.15%", "2019-10-31": "9.98%", "2019-07-31": "11.06%", "2019-04-30": "11.07%", "2019-01-31": "10.68%", "2018-10-31": "11.98%", "2018-07-31": "12.38%", "2018-04-30": "12.59%", "2018-01-31": "13.71%", "2017-10-31": "13.75%", "2017-07-31": "13.63%", "2017-04-30": "13.64%", "2017-01-31": "13.76%", "2016-10-31": "13.69%", "2016-07-31": "14.05%", "2016-04-30": "14.46%", "2016-01-31": "14.68%", "2015-10-31": "14.28%", "2015-07-31": "14.10%", "2015-04-30": "13.25%", "2015-01-31": "13.21%", "2014-10-31": "13.00%", "2014-07-31": "12.88%", "2014-04-30": "13.44%", "2014-01-31": "13.37%"}, "ebitda margin": {"2020-10-31": "11.70%", "2020-07-31": "9.61%", "2020-04-30": "10.19%", "2020-01-31": "12.60%", "2019-10-31": "12.45%", "2019-07-31": "13.50%", "2019-04-30": "13.49%", "2019-01-31": "13.03%", "2018-10-31": "14.27%", "2018-07-31": "14.64%", "2018-04-30": "14.83%", "2018-01-31": "15.94%", "2017-10-31": "15.97%", "2017-07-31": "15.83%", "2017-04-30": "15.86%", "2017-01-31": "15.99%", "2016-10-31": "15.97%", "2016-07-31": "16.37%", "2016-04-30": "16.80%", "2016-01-31": "17.02%", "2015-10-31": "16.64%", "2015-07-31": "16.50%", "2015-04-30": "15.62%", "2015-01-31": "15.56%", "2014-10-31": "15.43%", "2014-07-31": "15.19%", "2014-04-30": "15.73%", "2014-01-31": "15.67%"}, "pre tax profit margin": {"2020-10-31": "5.85%", "2020-07-31": "3.99%", "2020-04-30": "4.39%", "2020-01-31": "7.06%", "2019-10-31": "6.89%", "2019-07-31": "8.01%", "2019-04-30": "8.10%", "2019-01-31": "7.89%", "2018-10-31": "9.32%", "2018-07-31": "9.79%", "2018-04-30": "10.13%", "2018-01-31": "11.30%", "2017-10-31": "11.33%", "2017-07-31": "11.11%", "2017-04-30": "11.12%", "2017-01-31": "11.20%", "2016-10-31": "11.00%", "2016-07-31": "11.40%", "2016-04-30": "11.60%", "2016-01-31": "11.64%", "2015-10-31": "10.95%", "2015-07-31": "10.58%", "2015-04-30": "7.85%", "2015-01-31": "7.39%", "2014-10-31": "6.66%", "2014-07-31": "6.10%", "2014-04-30": "8.36%", "2014-01-31": "8.29%"}, "net profit margin": {"2020-10-31": "4.35%", "2020-07-31": "2.84%", "2020-04-30": "3.60%", "2020-01-31": "5.40%", "2019-10-31": "5.31%", "2019-07-31": "6.32%", "2019-04-30": "6.33%", "2019-01-31": "6.05%", "2018-10-31": "6.35%", "2018-07-31": "6.31%", "2018-04-30": "6.46%", "2018-01-31": "7.29%", "2017-10-31": "7.33%", "2017-07-31": "7.27%", "2017-04-30": "7.29%", "2017-01-31": "7.27%", "2016-10-31": "7.16%", "2016-07-31": "7.26%", "2016-04-30": "7.37%", "2016-01-31": "7.41%", "2015-10-31": "6.97%", "2015-07-31": "6.75%", "2015-04-30": "5.02%", "2015-01-31": "4.58%", "2014-10-31": "4.12%", "2014-07-31": "3.77%", "2014-04-30": "5.23%", "2014-01-31": "5.32%"}, "pe ratio": {"current": "8.09", "2021-02-05": "10.73", "2020-10-31": "5.41", "2020-07-31": "7.56", "2020-04-30": "2.62", "2020-01-31": "2.69", "2019-10-31": "5.02", "2019-07-31": "3.35", "2019-04-30": "5.51", "2019-01-31": "7.11", "2018-10-31": "8.30", "2018-07-31": "11.03", "2018-04-30": "9.85", "2018-01-31": "12.67", "2017-10-31": "9.91", "2017-07-31": "10.66", "2017-04-30": "12.49", "2017-01-31": "10.75", "2016-10-31": "13.29", "2016-07-31": "15.06", "2016-04-30": "16.25", "2016-01-31": "12.60", "2015-10-31": "14.52", "2015-07-31": "16.35", "2015-04-30": "23.09"}, "price sales": {"2021-02-05": "0.48", "2020-10-31": "0.24", "2020-07-31": "0.22", "2020-04-30": "0.10", "2020-01-31": "0.15", "2019-10-31": "0.27", "2019-07-31": "0.22", "2019-04-30": "0.36", "2019-01-31": "0.46", "2018-10-31": "0.53", "2018-07-31": "0.70", "2018-04-30": "0.64", "2018-01-31": "0.93", "2017-10-31": "0.72", "2017-07-31": "0.77", "2017-04-30": "0.91", "2017-01-31": "0.78", "2016-10-31": "0.94", "2016-07-31": "1.09", "2016-04-30": "1.19", "2016-01-31": "0.93", "2015-10-31": "1.01", "2015-07-31": "1.10", "2015-04-30": "1.10"}, "price book": {"current": "0.00", "2021-02-05": "0.00", "2020-10-31": "-0.86", "2020-07-31": "-0.70", "2020-04-30": "-0.30", "2020-01-31": "-0.50", "2019-10-31": "-0.79", "2019-07-31": "-0.67", "2019-04-30": "-1.12", "2019-01-31": "-1.34", "2018-10-31": "-1.40", "2018-07-31": "-2.06", "2018-04-30": "-2.28", "2018-01-31": "-3.24", "2017-10-31": "-2.03", "2017-07-31": "-2.09", "2017-04-30": "-2.56", "2017-01-31": "-2.24", "2016-10-31": "-2.87", "2016-07-31": "-3.18", "2016-04-30": "-3.51", "2016-01-31": "-2.64", "2015-10-31": "-2.56", "2015-07-31": "-2.65", "2015-04-30": "-2.64", "2015-01-31": "-2.51", "2014-10-31": "-1.65", "2014-07-31": "-1.32"}, "price fcf": {"2021-02-05": "", "2020-10-31": "$6.54", "2020-07-31": "$4.54", "2020-04-30": "$1.86", "2020-01-31": "$2.43", "2019-10-31": "$2.42", "2019-07-31": "$2.24", "2019-04-30": "$1.77", "2019-01-31": "$1.74", "2018-10-31": "$1.38", "2018-07-31": "$1.51", "2018-04-30": "$2.12", "2018-01-31": "$2.13", "2017-10-31": "$2.10", "2017-07-31": "$2.23", "2017-04-30": "$2.40", "2017-01-31": "$2.18", "2016-10-31": "$2.42", "2016-07-31": "$2.21", "2016-04-30": "$2.14", "2016-01-31": "$1.82", "2015-10-31": "$1.45", "2015-07-31": "$1.80", "2015-04-30": "$0.96"}, "net worth": {"value": "$2.38B"}, "current ratio": {"2020-10-31": "1.22", "2020-07-31": "1.28", "2020-04-30": "1.20", "2020-01-31": "1.34", "2019-10-31": "1.19", "2019-07-31": "1.24", "2019-04-30": "1.27", "2019-01-31": "1.63", "2018-10-31": "1.31", "2018-07-31": "1.48", "2018-04-30": "1.79", "2018-01-31": "1.75", "2017-10-31": "1.39", "2017-07-31": "1.44", "2017-04-30": "1.55", "2017-01-31": "1.51", "2016-10-31": "1.51", "2016-07-31": "1.60", "2016-04-30": "1.69", "2016-01-31": "1.65", "2015-10-31": "1.57", "2015-07-31": "1.57", "2015-04-30": "1.48", "2015-01-31": "1.60", "2014-10-31": "1.38", "2014-07-31": "1.76", "2014-04-30": "1.71", "2014-01-31": "1.55", "2013-10-31": "1.28", "2013-07-31": "1.27", "2013-04-30": "1.29", "2013-01-31": "1.22", "2012-01-31": "0.00", "2011-01-31": "0.00"}, "quick ratio": {"2020-10-31": "0.55", "2020-07-31": "0.54", "2020-04-30": "0.57", "2020-01-31": "0.42", "2019-10-31": "0.16", "2019-07-31": "0.19", "2019-04-30": "0.31", "2019-01-31": "0.44", "2018-10-31": "0.20", "2018-07-31": "0.26", "2018-04-30": "0.60", "2018-01-31": "0.58", "2017-10-31": "0.25", "2017-07-31": "0.26", "2017-04-30": "0.34", "2017-01-31": "0.41", "2016-10-31": "0.27", "2016-07-31": "0.31", "2016-04-30": "0.36", "2016-01-31": "0.55", "2015-10-31": "0.24", "2015-07-31": "0.25", "2015-04-30": "0.39", "2015-01-31": "0.52", "2014-10-31": "0.35", "2014-07-31": "0.43", "2014-04-30": "0.37", "2014-01-31": "0.45", "2013-10-31": "0.22", "2013-07-31": "0.25", "2013-04-30": "0.23", "2013-01-31": "0.21", "2012-01-31": "0.00", "2011-01-31": "0.00"}, "debt equity ratio": {"current": "0.00", "2020-10-31": "-4.07", "2020-07-31": "-3.60", "2020-04-30": "-3.84", "2020-01-31": "-3.65", "2019-10-31": "-3.36", "2019-07-31": "-3.34", "2019-04-30": "-3.32", "2019-01-31": "-2.31", "2018-10-31": "-2.31", "2018-07-31": "-2.29", "2018-04-30": "-2.56", "2018-01-31": "-2.52", "2017-10-31": "-2.33", "2017-07-31": "-2.17", "2017-04-30": "-2.17", "2017-01-31": "-2.26", "2016-10-31": "-2.39", "2016-07-31": "-2.18", "2016-04-30": "-2.16", "2016-01-31": "-2.18", "2015-10-31": "-2.07", "2015-07-31": "-1.91", "2015-04-30": "-1.92", "2015-01-31": "-1.93", "2014-10-31": "-1.90", "2014-07-31": "-1.76", "2014-04-30": "-1.63", "2014-01-31": "-1.65", "2013-10-31": "-1.63", "2013-07-31": "-1.55", "2013-04-30": "-1.68", "2013-01-31": "-1.68", "2012-01-31": "0.00", "2011-01-31": "0.00"}, "return on equity": {"2020-10-31": "-15.08%", "2020-07-31": "-9.11%", "2020-04-30": "-11.13%", "2020-01-31": "-17.53%", "2019-10-31": "-16.97%", "2019-07-31": "-19.91%", "2019-04-30": "-19.70%", "2019-01-31": "-19.34%", "2018-10-31": "-21.04%", "2018-07-31": "-20.98%", "2018-04-30": "-21.31%", "2018-01-31": "-23.23%", "2017-10-31": "-22.14%", "2017-07-31": "-22.14%", "2017-04-30": "-22.33%", "2017-01-31": "-22.40%", "2016-10-31": "-21.67%", "2016-07-31": "-20.95%", "2016-04-30": "-20.14%", "2016-01-31": "-19.01%", "2015-10-31": "-16.75%", "2015-07-31": "-15.42%", "2015-04-30": "-10.93%", "2015-01-31": "-9.19%", "2014-10-31": "-7.63%", "2014-07-31": "-6.51%", "2014-04-30": "-8.41%", "2014-01-31": "-8.81%"}, "return on assets": {"2020-10-31": "5.41%", "2020-07-31": "3.49%", "2020-04-30": "4.38%", "2020-01-31": "7.27%", "2019-10-31": "8.17%", "2019-07-31": "11.07%", "2019-04-30": "12.77%", "2019-01-31": "14.22%", "2018-10-31": "14.91%", "2018-07-31": "14.79%", "2018-04-30": "15.41%", "2018-01-31": "18.03%", "2017-10-31": "17.97%", "2017-07-31": "17.80%", "2017-04-30": "17.91%", "2017-01-31": "17.99%", "2016-10-31": "17.72%", "2016-07-31": "18.34%", "2016-04-30": "18.79%", "2016-01-31": "18.75%", "2015-10-31": "17.52%", "2015-07-31": "16.86%", "2015-04-30": "12.51%", "2015-01-31": "11.60%", "2014-10-31": "10.53%", "2014-07-31": "9.81%", "2014-04-30": "13.69%", "2014-01-31": "14.11%"}, "return on investments": {"2020-10-31": "41.06%", "2020-07-31": "30.73%", "2020-04-30": "32.76%", "2020-01-31": "47.12%", "2019-10-31": "48.52%", "2019-07-31": "55.85%", "2019-04-30": "57.14%", "2019-01-31": "54.10%", "2018-10-31": "59.91%", "2018-07-31": "60.45%", "2018-04-30": "62.47%", "2018-01-31": "71.60%", "2017-10-31": "72.91%", "2017-07-31": "70.30%", "2017-04-30": "68.78%", "2017-01-31": "68.36%", "2016-10-31": "67.18%", "2016-07-31": "69.60%", "2016-04-30": "72.65%", "2016-01-31": "76.01%", "2015-10-31": "73.69%", "2015-07-31": "74.68%", "2015-04-30": "68.23%", "2015-01-31": "66.56%", "2014-10-31": "66.20%", "2014-07-31": "68.29%", "2014-04-30": "77.60%", "2014-01-31": "84.39%"}, "return on tangible equity": {"2020-10-31": "-13.63%", "2020-07-31": "-8.33%", "2020-04-30": "-10.23%", "2020-01-31": "-16.19%", "2019-10-31": "-15.79%", "2019-07-31": "-18.44%", "2019-04-30": "-18.23%", "2019-01-31": "-17.85%", "2018-10-31": "-19.37%", "2018-07-31": "-19.29%", "2018-04-30": "-19.61%", "2018-01-31": "-21.43%", "2017-10-31": "-20.46%", "2017-07-31": "-20.44%", "2017-04-30": "-20.60%", "2017-01-31": "-20.65%", "2016-10-31": "-20.11%", "2016-07-31": "-19.62%", "2016-04-30": "-19.02%", "2016-01-31": "-18.12%", "2015-10-31": "-16.00%", "2015-07-31": "-14.76%", "2015-04-30": "-10.48%", "2015-01-31": "-8.83%", "2014-10-31": "-7.36%", "2014-07-31": "-6.29%", "2014-04-30": "-8.15%", "2014-01-31": "-8.52%"}, "dividend yield history": {"last payout": "$0.00", "last yield": "0.00%"}}