{"ticker": "TRV", "price": {"title": "Travelers Historical Annual Stock Price Data", "value": 144.84, "historical": {"2021": {"Average Stock Price": "141.1704", "Year Open": "135.6500", "Year High": "148.7200", "Year Low": "134.5300", "Year Close": "144.8400", "Annual % Change": "3.18%"}, "2020": {"Average Stock Price": "118.2016", "Year Open": "137.5100", "Year High": "141.3400", "Year Low": "81.6900", "Year Close": "140.3700", "Annual % Change": "2.50%"}, "2019": {"Average Stock Price": "139.3486", "Year Open": "117.3700", "Year High": "154.8300", "Year Low": "115.2600", "Year Close": "136.9500", "Annual % Change": "14.36%"}, "2018": {"Average Stock Price": "131.1491", "Year Open": "131.9800", "Year High": "150.0000", "Year Low": "112.6300", "Year Close": "119.7500", "Annual % Change": "-11.71%"}, "2017": {"Average Stock Price": "125.0515", "Year Open": "120.9000", "Year High": "136.3600", "Year Low": "115.1800", "Year Close": "135.6400", "Annual % Change": "10.80%"}, "2016": {"Average Stock Price": "113.4256", "Year Open": "109.9700", "Year High": "122.5700", "Year Low": "102.0800", "Year Close": "122.4200", "Annual % Change": "8.47%"}, "2015": {"Average Stock Price": "105.6391", "Year Open": "105.4400", "Year High": "115.8300", "Year Low": "96.1400", "Year Close": "112.8600", "Annual % Change": "6.62%"}, "2014": {"Average Stock Price": "92.4719", "Year Open": "89.3300", "Year High": "106.9500", "Year Low": "80.2600", "Year Close": "105.8500", "Annual % Change": "16.91%"}, "2013": {"Average Stock Price": "83.4057", "Year Open": "72.8600", "Year High": "90.9900", "Year Low": "72.8600", "Year Close": "90.5400", "Annual % Change": "26.07%"}, "2012": {"Average Stock Price": "64.2518", "Year Open": "58.9900", "Year High": "74.3300", "Year Low": "56.8700", "Year Close": "71.8200", "Annual % Change": "21.38%"}, "2011": {"Average Stock Price": "56.5107", "Year Open": "55.8200", "Year High": "64.0500", "Year Low": "46.8000", "Year Close": "59.1700", "Annual % Change": "6.21%"}, "2010": {"Average Stock Price": "51.9354", "Year Open": "49.8100", "Year High": "57.4400", "Year Low": "47.9400", "Year Close": "55.7100", "Annual % Change": "11.73%"}, "2009": {"Average Stock Price": "44.2287", "Year Open": "45.2000", "Year High": "54.3100", "Year Low": "33.5200", "Year Close": "49.8600", "Annual % Change": "10.31%"}, "2008": {"Average Stock Price": "45.1735", "Year Open": "52.3600", "Year High": "53.0600", "Year Low": "30.5000", "Year Close": "45.2000", "Annual % Change": "-15.99%"}, "2007": {"Average Stock Price": "52.5644", "Year Open": "53.5500", "Year High": "56.7600", "Year Low": "48.3800", "Year Close": "53.8000", "Annual % Change": "0.20%"}, "2006": {"Average Stock Price": "45.8674", "Year Open": "45.9900", "Year High": "54.2300", "Year Low": "40.7500", "Year Close": "53.6900", "Annual % Change": "20.19%"}, "2005": {"Average Stock Price": "40.6115", "Year Open": "37.2500", "Year High": "46.7000", "Year Low": "33.7100", "Year Close": "44.6700", "Annual % Change": "20.50%"}, "2004": {"Average Stock Price": "38.3066", "Year Open": "39.6000", "Year High": "43.3500", "Year Low": "30.9900", "Year Close": "37.0700", "Annual % Change": "-6.51%"}, "2003": {"Average Stock Price": "35.1937", "Year Open": "35.0800", "Year High": "39.6500", "Year Low": "29.3300", "Year Close": "39.6500", "Annual % Change": "16.45%"}, "2002": {"Average Stock Price": "38.4815", "Year Open": "43.6200", "Year High": "50.1200", "Year Low": "24.2000", "Year Close": "34.0500", "Annual % Change": "-22.56%"}, "2001": {"Average Stock Price": "45.9952", "Year Open": "51.3800", "Year High": "52.1200", "Year Low": "35.5000", "Year Close": "43.9700", "Annual % Change": "-19.04%"}, "2000": {"Average Stock Price": "39.5268", "Year Open": "33.0000", "Year High": "56.3800", "Year Low": "21.7500", "Year Close": "54.3100", "Annual % Change": "61.21%"}, "1999": {"Average Stock Price": "31.8819", "Year Open": "35.0000", "Year High": "36.7500", "Year Low": "25.5600", "Year Close": "33.6900", "Annual % Change": "-3.22%"}, "1998": {"Average Stock Price": "39.3222", "Year Open": "41.0300", "Year High": "47.0950", "Year Low": "29.0000", "Year Close": "34.8100", "Annual % Change": "-15.16%"}, "1997": {"Average Stock Price": "37.1950", "Year Open": "29.1900", "Year High": "42.6550", "Year Low": "28.9400", "Year Close": "41.0300", "Annual % Change": "39.99%"}, "1996": {"Average Stock Price": "27.5156", "Year Open": "28.2500", "Year High": "30.0000", "Year Low": "25.3100", "Year Close": "29.3100", "Annual % Change": "5.39%"}, "1995": {"Average Stock Price": "25.5221", "Year Open": "22.1250", "Year High": "29.6250", "Year Low": "21.8100", "Year Close": "27.8100", "Annual % Change": "24.29%"}, "1994": {"Average Stock Price": "20.6894", "Year Open": "22.0950", "Year High": "22.5600", "Year Low": "18.9375", "Year Close": "22.3750", "Annual % Change": "-0.42%"}, "1993": {"Average Stock Price": "21.1535", "Year Open": "19.2500", "Year High": "24.2500", "Year Low": "18.8750", "Year Close": "22.4700", "Annual % Change": "16.73%"}, "1992": {"Average Stock Price": "18.1876", "Year Open": "18.2500", "Year High": "20.0300", "Year Low": "16.7500", "Year Close": "19.2500", "Annual % Change": "5.65%"}, "1991": {"Average Stock Price": "16.3028", "Year Open": "15.5000", "Year High": "18.5625", "Year Low": "14.2800", "Year Close": "18.2200", "Annual % Change": "16.14%"}, "1990": {"Average Stock Price": "14.4890", "Year Open": "15.0000", "Year High": "16.3450", "Year Low": "12.0000", "Year Close": "15.6875", "Annual % Change": "6.14%"}, "1989": {"Average Stock Price": "13.4820", "Year Open": "10.7500", "Year High": "15.8750", "Year Low": "10.7500", "Year Close": "14.7800", "Annual % Change": "35.91%"}, "1988": {"Average Stock Price": "10.8579", "Year Open": "11.6250", "Year High": "12.5000", "Year Low": "9.6250", "Year Close": "10.8750", "Annual % Change": "-5.43%"}, "1987": {"Average Stock Price": "11.9925", "Year Open": "10.1875", "Year High": "14.2500", "Year Low": "10.1875", "Year Close": "11.5000", "Annual % Change": "14.29%"}}}, "market cap": {"value": "$36.69B"}, "income statement": {"Revenue": {"2020-12-31": "31981.00000", "2019-12-31": "31581.00000", "2018-12-31": "30282.00000", "2017-12-31": "28902.00000", "2016-12-31": "27625.00000", "2015-12-31": "26815.00000", "2014-12-31": "27174.00000", "2013-12-31": "26191.00000", "2012-12-31": "25740.00000", "2011-12-31": "25446.00000", "2010-12-31": "25112.00000", "2009-12-31": "24680.00000", "2008-12-31": "24477.00000", "2007-12-31": "26017.00000", "2006-12-31": "25090.00000", "2005-12-31": "24365.00000"}, "Cost Of Goods Sold": {"2020-12-31": "19123.00000", "2019-12-31": "19133.00000", "2018-12-31": "18291.00000", "2017-12-31": "17467.00000", "2016-12-31": "15070.00000", "2015-12-31": "13723.00000", "2014-12-31": "13870.00000", "2013-12-31": "13307.00000", "2012-12-31": "14676.00000", "2011-12-31": "16276.00000", "2010-12-31": "13210.00000", "2009-12-31": "12408.00000", "2008-12-31": "12993.00000", "2007-12-31": "12397.00000", "2006-12-31": "12244.00000", "2005-12-31": "14927.00000"}, "Gross Profit": {"2020-12-31": "12858.00000", "2019-12-31": "12448.00000", "2018-12-31": "11991.00000", "2017-12-31": "11435.00000", "2016-12-31": "12555.00000", "2015-12-31": "13092.00000", "2014-12-31": "13304.00000", "2013-12-31": "12884.00000", "2012-12-31": "11064.00000", "2011-12-31": "9170.00000", "2010-12-31": "11902.00000", "2009-12-31": "12272.00000", "2008-12-31": "11484.00000", "2007-12-31": "13620.00000", "2006-12-31": "12846.00000", "2005-12-31": "9438.00000"}, "Research And Development Expenses": {"2020-12-31": "", "2019-12-31": "", "2018-12-31": "", "2017-12-31": "", "2016-12-31": "", "2015-12-31": "", "2014-12-31": "", "2013-12-31": "", "2012-12-31": "", "2011-12-31": "", "2010-12-31": "", "2009-12-31": "", "2008-12-31": "", "2007-12-31": "", "2006-12-31": "", "2005-12-31": ""}, "SG&A Expenses": {"2020-12-31": "9282.00000", "2019-12-31": "8966.00000", "2018-12-31": "8678.00000", "2017-12-31": "8336.00000", "2016-12-31": "8139.00000", "2015-12-31": "7979.00000", "2014-12-31": "7846.00000", "2013-12-31": "7578.00000", "2012-12-31": "7520.00000", "2011-12-31": "7432.00000", "2010-12-31": "7208.00000", "2009-12-31": "7179.00000", "2008-12-31": "7398.00000", "2007-12-31": "7058.00000", "2006-12-31": "6797.00000", "2005-12-31": "6481.00000"}, "Other Operating Income Or Expenses": {"2020-12-31": "", "2019-12-31": "", "2018-12-31": "", "2017-12-31": "", "2016-12-31": "", "2015-12-31": "", "2014-12-31": "", "2013-12-31": "", "2012-12-31": "", "2011-12-31": "", "2010-12-31": "", "2009-12-31": "", "2008-12-31": "", "2007-12-31": "", "2006-12-31": "", "2005-12-31": ""}, "Operating Expenses": {"2020-12-31": "28405.00000", "2019-12-31": "28099.00000", "2018-12-31": "26969.00000", "2017-12-31": "25803.00000", "2016-12-31": "23209.00000", "2015-12-31": "21702.00000", "2014-12-31": "21716.00000", "2013-12-31": "20885.00000", "2012-12-31": "22196.00000", "2011-12-31": "23708.00000", "2010-12-31": "20418.00000", "2009-12-31": "19587.00000", "2008-12-31": "20391.00000", "2007-12-31": "19455.00000", "2006-12-31": "19041.00000", "2005-12-31": "21408.00000"}, "Operating Income": {"2020-12-31": "3576.00000", "2019-12-31": "3482.00000", "2018-12-31": "3313.00000", "2017-12-31": "3099.00000", "2016-12-31": "4416.00000", "2015-12-31": "5113.00000", "2014-12-31": "5458.00000", "2013-12-31": "5306.00000", "2012-12-31": "3544.00000", "2011-12-31": "1738.00000", "2010-12-31": "4694.00000", "2009-12-31": "5093.00000", "2008-12-31": "4086.00000", "2007-12-31": "6562.00000", "2006-12-31": "6049.00000", "2005-12-31": "2957.00000"}, "Total Non-Operating Income/Expense": {"2020-12-31": "-339.00000", "2019-12-31": "-344.00000", "2018-12-31": "-352.00000", "2017-12-31": "-369.00000", "2016-12-31": "-363.00000", "2015-12-31": "-373.00000", "2014-12-31": "-369.00000", "2013-12-31": "-361.00000", "2012-12-31": "-378.00000", "2011-12-31": "-386.00000", "2010-12-31": "-388.00000", "2009-12-31": "-382.00000", "2008-12-31": "-370.00000", "2007-12-31": "-346.00000", "2006-12-31": "-324.00000", "2005-12-31": "-286.00000"}, "Pre-Tax Income": {"2020-12-31": "3237.00000", "2019-12-31": "3138.00000", "2018-12-31": "2961.00000", "2017-12-31": "2730.00000", "2016-12-31": "4053.00000", "2015-12-31": "4740.00000", "2014-12-31": "5089.00000", "2013-12-31": "4945.00000", "2012-12-31": "3166.00000", "2011-12-31": "1352.00000", "2010-12-31": "4306.00000", "2009-12-31": "4711.00000", "2008-12-31": "3716.00000", "2007-12-31": "6216.00000", "2006-12-31": "5725.00000", "2005-12-31": "2671.00000"}, "Income Taxes": {"2020-12-31": "540.00000", "2019-12-31": "516.00000", "2018-12-31": "438.00000", "2017-12-31": "674.00000", "2016-12-31": "1039.00000", "2015-12-31": "1301.00000", "2014-12-31": "1397.00000", "2013-12-31": "1272.00000", "2012-12-31": "693.00000", "2011-12-31": "-74.00000", "2010-12-31": "1090.00000", "2009-12-31": "1089.00000", "2008-12-31": "792.00000", "2007-12-31": "1615.00000", "2006-12-31": "1517.00000", "2005-12-31": "610.00000"}, "Income After Taxes": {"2020-12-31": "2697.00000", "2019-12-31": "2622.00000", "2018-12-31": "2523.00000", "2017-12-31": "2056.00000", "2016-12-31": "3014.00000", "2015-12-31": "3439.00000", "2014-12-31": "3692.00000", "2013-12-31": "3673.00000", "2012-12-31": "2473.00000", "2011-12-31": "1426.00000", "2010-12-31": "3216.00000", "2009-12-31": "3622.00000", "2008-12-31": "2924.00000", "2007-12-31": "4601.00000", "2006-12-31": "4208.00000", "2005-12-31": "2061.00000"}, "Other Income": {"2020-12-31": "", "2019-12-31": "", "2018-12-31": "", "2017-12-31": "", "2016-12-31": "", "2015-12-31": "", "2014-12-31": "", "2013-12-31": "", "2012-12-31": "", "2011-12-31": "", "2010-12-31": "", "2009-12-31": "", "2008-12-31": "", "2007-12-31": "", "2006-12-31": "", "2005-12-31": ""}, "Income From Continuous Operations": {"2020-12-31": "2697.00000", "2019-12-31": "2622.00000", "2018-12-31": "2523.00000", "2017-12-31": "2056.00000", "2016-12-31": "3014.00000", "2015-12-31": "3439.00000", "2014-12-31": "3692.00000", "2013-12-31": "3673.00000", "2012-12-31": "2473.00000", "2011-12-31": "1426.00000", "2010-12-31": "3216.00000", "2009-12-31": "3622.00000", "2008-12-31": "2924.00000", "2007-12-31": "4601.00000", "2006-12-31": "4208.00000", "2005-12-31": "2061.00000"}, "Income From Discontinued Operations": {"2020-12-31": "", "2019-12-31": "", "2018-12-31": "", "2017-12-31": "", "2016-12-31": "", "2015-12-31": "", "2014-12-31": "", "2013-12-31": "", "2012-12-31": "", "2011-12-31": "", "2010-12-31": "", "2009-12-31": "", "2008-12-31": "", "2007-12-31": "", "2006-12-31": "", "2005-12-31": "-439.00000"}, "Net Income": {"2020-12-31": "2678.00000", "2019-12-31": "2603.00000", "2018-12-31": "2504.00000", "2017-12-31": "2041.00000", "2016-12-31": "2992.00000", "2015-12-31": "3414.00000", "2014-12-31": "3665.00000", "2013-12-31": "3646.00000", "2012-12-31": "2454.00000", "2011-12-31": "1414.00000", "2010-12-31": "3188.00000", "2009-12-31": "3622.00000", "2008-12-31": "2924.00000", "2007-12-31": "4601.00000", "2006-12-31": "4208.00000", "2005-12-31": "1622.00000"}, "EBITDA": {"2020-12-31": "9138.00000", "2019-12-31": "8846.00000", "2018-12-31": "8497.00000", "2017-12-31": "8078.00000", "2016-12-31": "9227.00000", "2015-12-31": "9816.00000", "2014-12-31": "10204.00000", "2013-12-31": "9994.00000", "2012-12-31": "8281.00000", "2011-12-31": "6416.00000", "2010-12-31": "9308.00000", "2009-12-31": "9703.00000", "2008-12-31": "8787.00000", "2007-12-31": "11079.00000", "2006-12-31": "10196.00000", "2005-12-31": "6900.00000"}, "EBIT": {"2020-12-31": "3576.00000", "2019-12-31": "3482.00000", "2018-12-31": "3313.00000", "2017-12-31": "3099.00000", "2016-12-31": "4416.00000", "2015-12-31": "5113.00000", "2014-12-31": "5458.00000", "2013-12-31": "5306.00000", "2012-12-31": "3544.00000", "2011-12-31": "1738.00000", "2010-12-31": "4694.00000", "2009-12-31": "5093.00000", "2008-12-31": "4086.00000", "2007-12-31": "6562.00000", "2006-12-31": "6049.00000", "2005-12-31": "2957.00000"}, "Basic Shares Outstanding": {"2020-12-31": "253.50000", "2019-12-31": "260.00000", "2018-12-31": "267.40000", "2017-12-31": "276.00000", "2016-12-31": "288.10000", "2015-12-31": "310.60000", "2014-12-31": "338.80000", "2013-12-31": "370.30000", "2012-12-31": "386.20000", "2011-12-31": "415.80000", "2010-12-31": "476.50000", "2009-12-31": "563.20000", "2008-12-31": "595.90000", "2007-12-31": "652.00000", "2006-12-31": "687.10000", "2005-12-31": "676.30000"}, "Shares Outstanding": {"2020-12-31": "254.60000", "2019-12-31": "262.30000", "2018-12-31": "269.80000", "2017-12-31": "278.60000", "2016-12-31": "291.00000", "2015-12-31": "313.90000", "2014-12-31": "342.50000", "2013-12-31": "374.30000", "2012-12-31": "389.80000", "2011-12-31": "420.50000", "2010-12-31": "482.50000", "2009-12-31": "568.60000", "2008-12-31": "604.30000", "2007-12-31": "668.60000", "2006-12-31": "716.70000", "2005-12-31": "712.80000"}, "Basic EPS": {"2020-12-31": "10.56000", "2019-12-31": "10.01000", "2018-12-31": "9.37000", "2017-12-31": "7.39000", "2016-12-31": "10.39000", "2015-12-31": "10.99000", "2014-12-31": "10.82000", "2013-12-31": "9.84000", "2012-12-31": "6.35000", "2011-12-31": "3.40000", "2010-12-31": "6.69000", "2009-12-31": "6.38000", "2008-12-31": "4.87000", "2007-12-31": "7.00000", "2006-12-31": "6.12000", "2005-12-31": "2.39000"}, "EPS - Earnings Per Share": {"2020-12-31": "10.52000", "2019-12-31": "9.92000", "2018-12-31": "9.28000", "2017-12-31": "7.33000", "2016-12-31": "10.28000", "2015-12-31": "10.88000", "2014-12-31": "10.70000", "2013-12-31": "9.74000", "2012-12-31": "6.30000", "2011-12-31": "3.36000", "2010-12-31": "6.62000", "2009-12-31": "6.33000", "2008-12-31": "4.81000", "2007-12-31": "6.85000", "2006-12-31": "5.91000", "2005-12-31": "2.33000"}}, "income statement, quarterly": {"Revenue": {"2020-12-31": "8397.00000", "2020-09-30": "8275.00000", "2020-06-30": "7401.00000", "2020-03-31": "7908.00000", "2019-12-31": "8063.00000", "2019-09-30": "8013.00000", "2019-06-30": "7834.00000", "2019-03-31": "7671.00000", "2018-12-31": "7796.00000", "2018-09-30": "7723.00000", "2018-06-30": "7477.00000", "2018-03-31": "7286.00000", "2017-12-31": "7451.00000", "2017-09-30": "7325.00000", "2017-06-30": "7184.00000", "2017-03-31": "6942.00000", "2016-12-31": "7193.00000", "2016-09-30": "6961.00000", "2016-06-30": "6785.00000", "2016-03-31": "6686.00000", "2015-12-31": "6678.00000", "2015-09-30": "6798.00000", "2015-06-30": "6710.00000", "2015-03-31": "6629.00000", "2014-12-31": "6795.00000", "2014-09-30": "6886.00000", "2014-06-30": "6785.00000", "2014-03-31": "6708.00000", "2013-12-31": "6737.00000", "2013-09-30": "6452.00000", "2013-06-30": "6674.00000", "2013-03-31": "6328.00000", "2012-12-31": "6477.00000", "2012-09-30": "6512.00000", "2012-06-30": "6359.00000", "2012-03-31": "6392.00000", "2011-12-31": "6373.00000", "2011-09-30": "6407.00000", "2011-06-30": "6388.00000", "2011-03-31": "6278.00000", "2010-12-31": "6332.00000", "2010-09-30": "6482.00000", "2010-06-30": "6179.00000", "2010-03-31": "6119.00000", "2009-12-31": "6456.00000", "2009-09-30": "6327.00000", "2009-06-30": "6162.00000", "2009-03-31": "5735.00000", "2008-12-31": "5805.00000", "2008-09-30": "6145.00000", "2008-06-30": "6295.00000", "2008-03-31": "6232.00000", "2007-12-31": "6491.00000", "2007-09-30": "6526.00000", "2007-06-30": "6573.00000", "2007-03-31": "6427.00000", "2006-12-31": "6469.00000", "2006-09-30": "6316.00000", "2006-06-30": "6255.00000", "2006-03-31": "6050.00000", "2005-12-31": "6181.00000", "2005-09-30": "6042.00000", "2005-06-30": "6037.00000", "2005-03-31": "6105.00000"}, "Cost Of Goods Sold": {"2020-12-31": "4341.00000", "2020-09-30": "4886.00000", "2020-06-30": "5107.00000", "2020-03-31": "4789.00000", "2019-12-31": "4640.00000", "2019-09-30": "5230.00000", "2019-06-30": "4821.00000", "2019-03-31": "4442.00000", "2018-12-31": "4778.00000", "2018-09-30": "4655.00000", "2018-06-30": "4562.00000", "2018-03-31": "4296.00000", "2017-12-31": "4342.00000", "2017-09-30": "4806.00000", "2017-06-30": "4225.00000", "2017-03-31": "4094.00000", "2016-12-31": "3740.00000", "2016-09-30": "3856.00000", "2016-06-30": "3762.00000", "2016-03-31": "3712.00000", "2015-12-31": "3363.00000", "2015-09-30": "3382.00000", "2015-06-30": "3547.00000", "2015-03-31": "3431.00000", "2014-12-31": "3209.00000", "2014-09-30": "3520.00000", "2014-06-30": "3826.00000", "2014-03-31": "3315.00000", "2013-12-31": "3327.00000", "2013-09-30": "3297.00000", "2013-06-30": "3530.00000", "2013-03-31": "3153.00000", "2012-12-31": "4167.00000", "2012-09-30": "3359.00000", "2012-06-30": "3786.00000", "2012-03-31": "3364.00000", "2011-12-31": "3617.00000", "2011-09-30": "4136.00000", "2011-06-30": "5141.00000", "2011-03-31": "3382.00000", "2010-12-31": "3190.00000", "2010-09-30": "3213.00000", "2010-06-30": "3419.00000", "2010-03-31": "3388.00000", "2009-12-31": "2760.00000", "2009-09-30": "3123.00000", "2009-06-30": "3335.00000", "2009-03-31": "3190.00000", "2008-12-31": "3009.00000", "2008-09-30": "3871.00000", "2008-06-30": "3092.00000", "2008-03-31": "3021.00000", "2007-12-31": "3127.00000", "2007-09-30": "2985.00000", "2007-06-30": "3096.00000", "2007-03-31": "3189.00000", "2006-12-31": "3002.00000", "2006-09-30": "3047.00000", "2006-06-30": "3153.00000", "2006-03-31": "3042.00000", "2005-12-31": "4242.00000", "2005-09-30": "4361.00000", "2005-06-30": "3101.00000", "2005-03-31": "3223.00000"}, "Gross Profit": {"2020-12-31": "4056.00000", "2020-09-30": "3389.00000", "2020-06-30": "2294.00000", "2020-03-31": "3119.00000", "2019-12-31": "3423.00000", "2019-09-30": "2783.00000", "2019-06-30": "3013.00000", "2019-03-31": "3229.00000", "2018-12-31": "3018.00000", "2018-09-30": "3068.00000", "2018-06-30": "2915.00000", "2018-03-31": "2990.00000", "2017-12-31": "3109.00000", "2017-09-30": "2519.00000", "2017-06-30": "2959.00000", "2017-03-31": "2848.00000", "2016-12-31": "3453.00000", "2016-09-30": "3105.00000", "2016-06-30": "3023.00000", "2016-03-31": "2974.00000", "2015-12-31": "3315.00000", "2015-09-30": "3416.00000", "2015-06-30": "3163.00000", "2015-03-31": "3198.00000", "2014-12-31": "3586.00000", "2014-09-30": "3366.00000", "2014-06-30": "2959.00000", "2014-03-31": "3393.00000", "2013-12-31": "3410.00000", "2013-09-30": "3155.00000", "2013-06-30": "3144.00000", "2013-03-31": "3175.00000", "2012-12-31": "2310.00000", "2012-09-30": "3153.00000", "2012-06-30": "2573.00000", "2012-03-31": "3028.00000", "2011-12-31": "2756.00000", "2011-09-30": "2271.00000", "2011-06-30": "1247.00000", "2011-03-31": "2896.00000", "2010-12-31": "3142.00000", "2010-09-30": "3269.00000", "2010-06-30": "2760.00000", "2010-03-31": "2731.00000", "2009-12-31": "3696.00000", "2009-09-30": "3204.00000", "2009-06-30": "2827.00000", "2009-03-31": "2545.00000", "2008-12-31": "2796.00000", "2008-09-30": "2274.00000", "2008-06-30": "3203.00000", "2008-03-31": "3211.00000", "2007-12-31": "3364.00000", "2007-09-30": "3541.00000", "2007-06-30": "3477.00000", "2007-03-31": "3238.00000", "2006-12-31": "3467.00000", "2006-09-30": "3269.00000", "2006-06-30": "3102.00000", "2006-03-31": "3008.00000", "2005-12-31": "1939.00000", "2005-09-30": "1681.00000", "2005-06-30": "2936.00000", "2005-03-31": "2882.00000"}, "Research And Development Expenses": {"2020-12-31": "", "2020-09-30": "", "2020-06-30": "", "2020-03-31": "", "2019-12-31": "", "2019-09-30": "", "2019-06-30": "", "2019-03-31": "", "2018-12-31": "", "2018-09-30": "", "2018-06-30": "", "2018-03-31": "", "2017-12-31": "", "2017-09-30": "", "2017-06-30": "", "2017-03-31": "", "2016-12-31": "", "2016-09-30": "", "2016-06-30": "", "2016-03-31": "", "2015-12-31": "", "2015-09-30": "", "2015-06-30": "", "2015-03-31": "", "2014-12-31": "", "2014-09-30": "", "2014-06-30": "", "2014-03-31": "", "2013-12-31": "", "2013-09-30": "", "2013-06-30": "", "2013-03-31": "", "2012-12-31": "", "2012-09-30": "", "2012-06-30": "", "2012-03-31": "", "2011-12-31": "", "2011-09-30": "", "2011-06-30": "", "2011-03-31": "", "2010-12-31": "", "2010-09-30": "", "2010-06-30": "", "2010-03-31": "", "2009-12-31": "", "2009-09-30": "", "2009-06-30": "", "2009-03-31": "", "2008-12-31": "", "2008-09-30": "", "2008-06-30": "", "2008-03-31": "", "2007-12-31": "", "2007-09-30": "", "2007-06-30": "", "2007-03-31": "", "2006-12-31": "", "2006-09-30": "", "2006-06-30": "", "2006-03-31": "", "2005-12-31": "", "2005-09-30": "", "2005-06-30": "", "2005-03-31": ""}, "SG&A Expenses": {"2020-12-31": "2357.00000", "2020-09-30": "2316.00000", "2020-06-30": "2294.00000", "2020-03-31": "2315.00000", "2019-12-31": "2266.00000", "2019-09-30": "2267.00000", "2019-06-30": "2259.00000", "2019-03-31": "2174.00000", "2018-12-31": "2185.00000", "2018-09-30": "2176.00000", "2018-06-30": "2194.00000", "2018-03-31": "2123.00000", "2017-12-31": "2156.00000", "2017-09-30": "2104.00000", "2017-06-30": "2077.00000", "2017-03-31": "1999.00000", "2016-12-31": "2061.00000", "2016-09-30": "2069.00000", "2016-06-30": "2043.00000", "2016-03-31": "1966.00000", "2015-12-31": "2011.00000", "2015-09-30": "2015.00000", "2015-06-30": "1995.00000", "2015-03-31": "1958.00000", "2014-12-31": "2034.00000", "2014-09-30": "2015.00000", "2014-06-30": "1966.00000", "2014-03-31": "1831.00000", "2013-12-31": "1947.00000", "2013-09-30": "1887.00000", "2013-06-30": "1881.00000", "2013-03-31": "1863.00000", "2012-12-31": "1906.00000", "2012-09-30": "1890.00000", "2012-06-30": "1869.00000", "2012-03-31": "1855.00000", "2011-12-31": "1882.00000", "2011-09-30": "1842.00000", "2011-06-30": "1877.00000", "2011-03-31": "1831.00000", "2010-12-31": "1847.00000", "2010-09-30": "1803.00000", "2010-06-30": "1782.00000", "2010-03-31": "1776.00000", "2009-12-31": "1805.00000", "2009-09-30": "1856.00000", "2009-06-30": "1792.00000", "2009-03-31": "1726.00000", "2008-12-31": "1775.00000", "2008-09-30": "1991.00000", "2008-06-30": "1825.00000", "2008-03-31": "1807.00000", "2007-12-31": "1832.00000", "2007-09-30": "1773.00000", "2007-06-30": "1751.00000", "2007-03-31": "1702.00000", "2006-12-31": "1796.00000", "2006-09-30": "1727.00000", "2006-06-30": "1680.00000", "2006-03-31": "1594.00000", "2005-12-31": "1667.00000", "2005-09-30": "1619.00000", "2005-06-30": "1572.00000", "2005-03-31": "1623.00000"}, "Other Operating Income Or Expenses": {"2020-12-31": "", "2020-09-30": "", "2020-06-30": "", "2020-03-31": "", "2019-12-31": "", "2019-09-30": "", "2019-06-30": "", "2019-03-31": "", "2018-12-31": "", "2018-09-30": "", "2018-06-30": "", "2018-03-31": "", "2017-12-31": "", "2017-09-30": "", "2017-06-30": "", "2017-03-31": "", "2016-12-31": "", "2016-09-30": "", "2016-06-30": "", "2016-03-31": "", "2015-12-31": "", "2015-09-30": "", "2015-06-30": "", "2015-03-31": "", "2014-12-31": "", "2014-09-30": "", "2014-06-30": "", "2014-03-31": "", "2013-12-31": "", "2013-09-30": "", "2013-06-30": "", "2013-03-31": "", "2012-12-31": "", "2012-09-30": "", "2012-06-30": "", "2012-03-31": "", "2011-12-31": "", "2011-09-30": "", "2011-06-30": "", "2011-03-31": "", "2010-12-31": "", "2010-09-30": "", "2010-06-30": "", "2010-03-31": "", "2009-12-31": "", "2009-09-30": "", "2009-06-30": "", "2009-03-31": "", "2008-12-31": "", "2008-09-30": "", "2008-06-30": "", "2008-03-31": "", "2007-12-31": "", "2007-09-30": "", "2007-06-30": "", "2007-03-31": "", "2006-12-31": "", "2006-09-30": "", "2006-06-30": "", "2006-03-31": "", "2005-12-31": "", "2005-09-30": "", "2005-06-30": "", "2005-03-31": ""}, "Operating Expenses": {"2020-12-31": "6698.00000", "2020-09-30": "7202.00000", "2020-06-30": "7401.00000", "2020-03-31": "7104.00000", "2019-12-31": "6906.00000", "2019-09-30": "7497.00000", "2019-06-30": "7080.00000", "2019-03-31": "6616.00000", "2018-12-31": "6963.00000", "2018-09-30": "6831.00000", "2018-06-30": "6756.00000", "2018-03-31": "6419.00000", "2017-12-31": "6498.00000", "2017-09-30": "6910.00000", "2017-06-30": "6302.00000", "2017-03-31": "6093.00000", "2016-12-31": "5801.00000", "2016-09-30": "5925.00000", "2016-06-30": "5805.00000", "2016-03-31": "5678.00000", "2015-12-31": "5374.00000", "2015-09-30": "5397.00000", "2015-06-30": "5542.00000", "2015-03-31": "5389.00000", "2014-12-31": "5243.00000", "2014-09-30": "5535.00000", "2014-06-30": "5792.00000", "2014-03-31": "5146.00000", "2013-12-31": "5274.00000", "2013-09-30": "5184.00000", "2013-06-30": "5411.00000", "2013-03-31": "5016.00000", "2012-12-31": "6073.00000", "2012-09-30": "5249.00000", "2012-06-30": "5655.00000", "2012-03-31": "5219.00000", "2011-12-31": "5499.00000", "2011-09-30": "5978.00000", "2011-06-30": "7018.00000", "2011-03-31": "5213.00000", "2010-12-31": "5037.00000", "2010-09-30": "5016.00000", "2010-06-30": "5201.00000", "2010-03-31": "5164.00000", "2009-12-31": "4565.00000", "2009-09-30": "4979.00000", "2009-06-30": "5127.00000", "2009-03-31": "4916.00000", "2008-12-31": "4784.00000", "2008-09-30": "5862.00000", "2008-06-30": "4917.00000", "2008-03-31": "4828.00000", "2007-12-31": "4959.00000", "2007-09-30": "4758.00000", "2007-06-30": "4847.00000", "2007-03-31": "4891.00000", "2006-12-31": "4798.00000", "2006-09-30": "4774.00000", "2006-06-30": "4833.00000", "2006-03-31": "4636.00000", "2005-12-31": "5909.00000", "2005-09-30": "5980.00000", "2005-06-30": "4673.00000", "2005-03-31": "4846.00000"}, "Operating Income": {"2020-12-31": "1699.00000", "2020-09-30": "1073.00000", "2020-06-30": "", "2020-03-31": "804.00000", "2019-12-31": "1157.00000", "2019-09-30": "516.00000", "2019-06-30": "754.00000", "2019-03-31": "1055.00000", "2018-12-31": "833.00000", "2018-09-30": "892.00000", "2018-06-30": "721.00000", "2018-03-31": "867.00000", "2017-12-31": "953.00000", "2017-09-30": "415.00000", "2017-06-30": "882.00000", "2017-03-31": "849.00000", "2016-12-31": "1392.00000", "2016-09-30": "1036.00000", "2016-06-30": "980.00000", "2016-03-31": "1008.00000", "2015-12-31": "1304.00000", "2015-09-30": "1401.00000", "2015-06-30": "1168.00000", "2015-03-31": "1240.00000", "2014-12-31": "1552.00000", "2014-09-30": "1351.00000", "2014-06-30": "993.00000", "2014-03-31": "1562.00000", "2013-12-31": "1463.00000", "2013-09-30": "1268.00000", "2013-06-30": "1263.00000", "2013-03-31": "1312.00000", "2012-12-31": "404.00000", "2012-09-30": "1263.00000", "2012-06-30": "704.00000", "2012-03-31": "1173.00000", "2011-12-31": "874.00000", "2011-09-30": "429.00000", "2011-06-30": "-630.00000", "2011-03-31": "1065.00000", "2010-12-31": "1295.00000", "2010-09-30": "1466.00000", "2010-06-30": "978.00000", "2010-03-31": "955.00000", "2009-12-31": "1891.00000", "2009-09-30": "1348.00000", "2009-06-30": "1035.00000", "2009-03-31": "819.00000", "2008-12-31": "1021.00000", "2008-09-30": "283.00000", "2008-06-30": "1378.00000", "2008-03-31": "1404.00000", "2007-12-31": "1532.00000", "2007-09-30": "1768.00000", "2007-06-30": "1726.00000", "2007-03-31": "1536.00000", "2006-12-31": "1671.00000", "2006-09-30": "1542.00000", "2006-06-30": "1422.00000", "2006-03-31": "1414.00000", "2005-12-31": "272.00000", "2005-09-30": "62.00000", "2005-06-30": "1364.00000", "2005-03-31": "1259.00000"}, "Total Non-Operating Income/Expense": {"2020-12-31": "-83.00000", "2020-09-30": "-87.00000", "2020-06-30": "-85.00000", "2020-03-31": "-84.00000", "2019-12-31": "-83.00000", "2019-09-30": "-84.00000", "2019-06-30": "-89.00000", "2019-03-31": "-88.00000", "2018-12-31": "-87.00000", "2018-09-30": "-86.00000", "2018-06-30": "-90.00000", "2018-03-31": "-89.00000", "2017-12-31": "-93.00000", "2017-09-30": "-95.00000", "2017-06-30": "-92.00000", "2017-03-31": "-89.00000", "2016-12-31": "-90.00000", "2016-09-30": "-89.00000", "2016-06-30": "-93.00000", "2016-03-31": "-91.00000", "2015-12-31": "-95.00000", "2015-09-30": "-94.00000", "2015-06-30": "-92.00000", "2015-03-31": "-92.00000", "2014-12-31": "-92.00000", "2014-09-30": "-93.00000", "2014-06-30": "-92.00000", "2014-03-31": "-92.00000", "2013-12-31": "-92.00000", "2013-09-30": "-91.00000", "2013-06-30": "-86.00000", "2013-03-31": "-92.00000", "2012-12-31": "-93.00000", "2012-09-30": "-93.00000", "2012-06-30": "-96.00000", "2012-03-31": "-96.00000", "2011-12-31": "-96.00000", "2011-09-30": "-97.00000", "2011-06-30": "-97.00000", "2011-03-31": "-96.00000", "2010-12-31": "-98.00000", "2010-09-30": "-95.00000", "2010-06-30": "-97.00000", "2010-03-31": "-98.00000", "2009-12-31": "-98.00000", "2009-09-30": "-98.00000", "2009-06-30": "-94.00000", "2009-03-31": "-92.00000", "2008-12-31": "-94.00000", "2008-09-30": "-95.00000", "2008-06-30": "-91.00000", "2008-03-31": "-90.00000", "2007-12-31": "-91.00000", "2007-09-30": "-94.00000", "2007-06-30": "-85.00000", "2007-03-31": "-76.00000", "2006-12-31": "-82.00000", "2006-09-30": "-88.00000", "2006-06-30": "-78.00000", "2006-03-31": "-76.00000", "2005-12-31": "-75.00000", "2005-09-30": "-70.00000", "2005-06-30": "-70.00000", "2005-03-31": "-71.00000"}, "Pre-Tax Income": {"2020-12-31": "1616.00000", "2020-09-30": "986.00000", "2020-06-30": "-85.00000", "2020-03-31": "720.00000", "2019-12-31": "1074.00000", "2019-09-30": "432.00000", "2019-06-30": "665.00000", "2019-03-31": "967.00000", "2018-12-31": "746.00000", "2018-09-30": "806.00000", "2018-06-30": "631.00000", "2018-03-31": "778.00000", "2017-12-31": "860.00000", "2017-09-30": "320.00000", "2017-06-30": "790.00000", "2017-03-31": "760.00000", "2016-12-31": "1302.00000", "2016-09-30": "947.00000", "2016-06-30": "887.00000", "2016-03-31": "917.00000", "2015-12-31": "1209.00000", "2015-09-30": "1307.00000", "2015-06-30": "1076.00000", "2015-03-31": "1148.00000", "2014-12-31": "1460.00000", "2014-09-30": "1258.00000", "2014-06-30": "901.00000", "2014-03-31": "1470.00000", "2013-12-31": "1371.00000", "2013-09-30": "1177.00000", "2013-06-30": "1177.00000", "2013-03-31": "1220.00000", "2012-12-31": "311.00000", "2012-09-30": "1170.00000", "2012-06-30": "608.00000", "2012-03-31": "1077.00000", "2011-12-31": "778.00000", "2011-09-30": "332.00000", "2011-06-30": "-727.00000", "2011-03-31": "969.00000", "2010-12-31": "1197.00000", "2010-09-30": "1371.00000", "2010-06-30": "881.00000", "2010-03-31": "857.00000", "2009-12-31": "1793.00000", "2009-09-30": "1250.00000", "2009-06-30": "941.00000", "2009-03-31": "727.00000", "2008-12-31": "927.00000", "2008-09-30": "188.00000", "2008-06-30": "1287.00000", "2008-03-31": "1314.00000", "2007-12-31": "1441.00000", "2007-09-30": "1674.00000", "2007-06-30": "1641.00000", "2007-03-31": "1460.00000", "2006-12-31": "1589.00000", "2006-09-30": "1454.00000", "2006-06-30": "1344.00000", "2006-03-31": "1338.00000", "2005-12-31": "197.00000", "2005-09-30": "-8.00000", "2005-06-30": "1294.00000", "2005-03-31": "1188.00000"}, "Income Taxes": {"2020-12-31": "306.00000", "2020-09-30": "159.00000", "2020-06-30": "-45.00000", "2020-03-31": "120.00000", "2019-12-31": "201.00000", "2019-09-30": "36.00000", "2019-06-30": "108.00000", "2019-03-31": "171.00000", "2018-12-31": "125.00000", "2018-09-30": "97.00000", "2018-06-30": "107.00000", "2018-03-31": "109.00000", "2017-12-31": "309.00000", "2017-09-30": "27.00000", "2017-06-30": "195.00000", "2017-03-31": "143.00000", "2016-12-31": "359.00000", "2016-09-30": "231.00000", "2016-06-30": "223.00000", "2016-03-31": "226.00000", "2015-12-31": "343.00000", "2015-09-30": "379.00000", "2015-06-30": "264.00000", "2015-03-31": "315.00000", "2014-12-31": "422.00000", "2014-09-30": "339.00000", "2014-06-30": "218.00000", "2014-03-31": "418.00000", "2013-12-31": "383.00000", "2013-09-30": "313.00000", "2013-06-30": "252.00000", "2013-03-31": "324.00000", "2012-12-31": "7.00000", "2012-09-30": "306.00000", "2012-06-30": "109.00000", "2012-03-31": "271.00000", "2011-12-31": "160.00000", "2011-09-30": "-1.00000", "2011-06-30": "-363.00000", "2011-03-31": "130.00000", "2010-12-31": "303.00000", "2010-09-30": "366.00000", "2010-06-30": "211.00000", "2010-03-31": "210.00000", "2009-12-31": "508.00000", "2009-09-30": "315.00000", "2009-06-30": "201.00000", "2009-03-31": "65.00000", "2008-12-31": "126.00000", "2008-09-30": "-26.00000", "2008-06-30": "345.00000", "2008-03-31": "347.00000", "2007-12-31": "378.00000", "2007-09-30": "476.00000", "2007-06-30": "387.00000", "2007-03-31": "374.00000", "2006-12-31": "400.00000", "2006-09-30": "411.00000", "2006-06-30": "374.00000", "2006-03-31": "332.00000", "2005-12-31": "19.00000", "2005-09-30": "-83.00000", "2005-06-30": "363.00000", "2005-03-31": "311.00000"}, "Income After Taxes": {"2020-12-31": "1310.00000", "2020-09-30": "827.00000", "2020-06-30": "-40.00000", "2020-03-31": "600.00000", "2019-12-31": "873.00000", "2019-09-30": "396.00000", "2019-06-30": "557.00000", "2019-03-31": "796.00000", "2018-12-31": "621.00000", "2018-09-30": "709.00000", "2018-06-30": "524.00000", "2018-03-31": "669.00000", "2017-12-31": "551.00000", "2017-09-30": "293.00000", "2017-06-30": "595.00000", "2017-03-31": "617.00000", "2016-12-31": "943.00000", "2016-09-30": "716.00000", "2016-06-30": "664.00000", "2016-03-31": "691.00000", "2015-12-31": "866.00000", "2015-09-30": "928.00000", "2015-06-30": "812.00000", "2015-03-31": "833.00000", "2014-12-31": "1038.00000", "2014-09-30": "919.00000", "2014-06-30": "683.00000", "2014-03-31": "1052.00000", "2013-12-31": "988.00000", "2013-09-30": "864.00000", "2013-06-30": "925.00000", "2013-03-31": "896.00000", "2012-12-31": "304.00000", "2012-09-30": "864.00000", "2012-06-30": "499.00000", "2012-03-31": "806.00000", "2011-12-31": "618.00000", "2011-09-30": "333.00000", "2011-06-30": "-364.00000", "2011-03-31": "839.00000", "2010-12-31": "894.00000", "2010-09-30": "1005.00000", "2010-06-30": "670.00000", "2010-03-31": "647.00000", "2009-12-31": "1285.00000", "2009-09-30": "935.00000", "2009-06-30": "740.00000", "2009-03-31": "662.00000", "2008-12-31": "801.00000", "2008-09-30": "214.00000", "2008-06-30": "942.00000", "2008-03-31": "967.00000", "2007-12-31": "1063.00000", "2007-09-30": "1198.00000", "2007-06-30": "1254.00000", "2007-03-31": "1086.00000", "2006-12-31": "1189.00000", "2006-09-30": "1043.00000", "2006-06-30": "970.00000", "2006-03-31": "1006.00000", "2005-12-31": "178.00000", "2005-09-30": "75.00000", "2005-06-30": "931.00000", "2005-03-31": "877.00000"}, "Other Income": {"2020-12-31": "", "2020-09-30": "", "2020-06-30": "", "2020-03-31": "", "2019-12-31": "", "2019-09-30": "", "2019-06-30": "", "2019-03-31": "", "2018-12-31": "", "2018-09-30": "", "2018-06-30": "", "2018-03-31": "", "2017-12-31": "", "2017-09-30": "", "2017-06-30": "", "2017-03-31": "", "2016-12-31": "", "2016-09-30": "", "2016-06-30": "", "2016-03-31": "", "2015-12-31": "", "2015-09-30": "", "2015-06-30": "", "2015-03-31": "", "2014-12-31": "", "2014-09-30": "", "2014-06-30": "", "2014-03-31": "", "2013-12-31": "", "2013-09-30": "", "2013-06-30": "", "2013-03-31": "", "2012-12-31": "", "2012-09-30": "", "2012-06-30": "", "2012-03-31": "", "2011-12-31": "", "2011-09-30": "", "2011-06-30": "", "2011-03-31": "", "2010-12-31": "", "2010-09-30": "", "2010-06-30": "", "2010-03-31": "", "2009-12-31": "", "2009-09-30": "", "2009-06-30": "", "2009-03-31": "", "2008-12-31": "", "2008-09-30": "", "2008-06-30": "", "2008-03-31": "", "2007-12-31": "", "2007-09-30": "", "2007-06-30": "", "2007-03-31": "", "2006-12-31": "", "2006-09-30": "", "2006-06-30": "", "2006-03-31": "", "2005-12-31": "", "2005-09-30": "", "2005-06-30": "", "2005-03-31": ""}, "Income From Continuous Operations": {"2020-12-31": "1310.00000", "2020-09-30": "827.00000", "2020-06-30": "-40.00000", "2020-03-31": "600.00000", "2019-12-31": "873.00000", "2019-09-30": "396.00000", "2019-06-30": "557.00000", "2019-03-31": "796.00000", "2018-12-31": "621.00000", "2018-09-30": "709.00000", "2018-06-30": "524.00000", "2018-03-31": "669.00000", "2017-12-31": "551.00000", "2017-09-30": "293.00000", "2017-06-30": "595.00000", "2017-03-31": "617.00000", "2016-12-31": "943.00000", "2016-09-30": "716.00000", "2016-06-30": "664.00000", "2016-03-31": "691.00000", "2015-12-31": "866.00000", "2015-09-30": "928.00000", "2015-06-30": "812.00000", "2015-03-31": "833.00000", "2014-12-31": "1038.00000", "2014-09-30": "919.00000", "2014-06-30": "683.00000", "2014-03-31": "1052.00000", "2013-12-31": "988.00000", "2013-09-30": "864.00000", "2013-06-30": "925.00000", "2013-03-31": "896.00000", "2012-12-31": "304.00000", "2012-09-30": "864.00000", "2012-06-30": "499.00000", "2012-03-31": "806.00000", "2011-12-31": "618.00000", "2011-09-30": "333.00000", "2011-06-30": "-364.00000", "2011-03-31": "839.00000", "2010-12-31": "894.00000", "2010-09-30": "1005.00000", "2010-06-30": "670.00000", "2010-03-31": "647.00000", "2009-12-31": "1285.00000", "2009-09-30": "935.00000", "2009-06-30": "740.00000", "2009-03-31": "662.00000", "2008-12-31": "801.00000", "2008-09-30": "214.00000", "2008-06-30": "942.00000", "2008-03-31": "967.00000", "2007-12-31": "1063.00000", "2007-09-30": "1198.00000", "2007-06-30": "1254.00000", "2007-03-31": "1086.00000", "2006-12-31": "1189.00000", "2006-09-30": "1043.00000", "2006-06-30": "970.00000", "2006-03-31": "1006.00000", "2005-12-31": "178.00000", "2005-09-30": "75.00000", "2005-06-30": "931.00000", "2005-03-31": "877.00000"}, "Income From Discontinued Operations": {"2020-12-31": "", "2020-09-30": "", "2020-06-30": "", "2020-03-31": "", "2019-12-31": "", "2019-09-30": "", "2019-06-30": "", "2019-03-31": "", "2018-12-31": "", "2018-09-30": "", "2018-06-30": "", "2018-03-31": "", "2017-12-31": "", "2017-09-30": "", "2017-06-30": "", "2017-03-31": "", "2016-12-31": "", "2016-09-30": "", "2016-06-30": "", "2016-03-31": "", "2015-12-31": "", "2015-09-30": "", "2015-06-30": "", "2015-03-31": "", "2014-12-31": "", "2014-09-30": "", "2014-06-30": "", "2014-03-31": "", "2013-12-31": "", "2013-09-30": "", "2013-06-30": "", "2013-03-31": "", "2012-12-31": "", "2012-09-30": "", "2012-06-30": "", "2012-03-31": "", "2011-12-31": "", "2011-09-30": "", "2011-06-30": "", "2011-03-31": "", "2010-12-31": "", "2010-09-30": "", "2010-06-30": "", "2010-03-31": "", "2009-12-31": "", "2009-09-30": "", "2009-06-30": "", "2009-03-31": "", "2008-12-31": "", "2008-09-30": "", "2008-06-30": "", "2008-03-31": "", "2007-12-31": "", "2007-09-30": "", "2007-06-30": "", "2007-03-31": "", "2006-12-31": "", "2006-09-30": "", "2006-06-30": "", "2006-03-31": "", "2005-12-31": "1.00000", "2005-09-30": "87.00000", "2005-06-30": "138.00000", "2005-03-31": "-665.00000"}, "Net Income": {"2020-12-31": "1300.00000", "2020-09-30": "821.00000", "2020-06-30": "-41.00000", "2020-03-31": "595.00000", "2019-12-31": "866.00000", "2019-09-30": "393.00000", "2019-06-30": "553.00000", "2019-03-31": "791.00000", "2018-12-31": "616.00000", "2018-09-30": "704.00000", "2018-06-30": "520.00000", "2018-03-31": "664.00000", "2017-12-31": "547.00000", "2017-09-30": "291.00000", "2017-06-30": "590.00000", "2017-03-31": "613.00000", "2016-12-31": "937.00000", "2016-09-30": "710.00000", "2016-06-30": "659.00000", "2016-03-31": "686.00000", "2015-12-31": "859.00000", "2015-09-30": "922.00000", "2015-06-30": "806.00000", "2015-03-31": "827.00000", "2014-12-31": "1030.00000", "2014-09-30": "912.00000", "2014-06-30": "678.00000", "2014-03-31": "1045.00000", "2013-12-31": "980.00000", "2013-09-30": "858.00000", "2013-06-30": "918.00000", "2013-03-31": "890.00000", "2012-12-31": "301.00000", "2012-09-30": "858.00000", "2012-06-30": "495.00000", "2012-03-31": "800.00000", "2011-12-31": "618.00000", "2011-09-30": "331.00000", "2011-06-30": "-366.00000", "2011-03-31": "831.00000", "2010-12-31": "866.00000", "2010-09-30": "1005.00000", "2010-06-30": "670.00000", "2010-03-31": "647.00000", "2009-12-31": "1285.00000", "2009-09-30": "935.00000", "2009-06-30": "740.00000", "2009-03-31": "662.00000", "2008-12-31": "801.00000", "2008-09-30": "214.00000", "2008-06-30": "942.00000", "2008-03-31": "967.00000", "2007-12-31": "1063.00000", "2007-09-30": "1198.00000", "2007-06-30": "1254.00000", "2007-03-31": "1086.00000", "2006-12-31": "1189.00000", "2006-09-30": "1043.00000", "2006-06-30": "970.00000", "2006-03-31": "1006.00000", "2005-12-31": "179.00000", "2005-09-30": "162.00000", "2005-06-30": "1069.00000", "2005-03-31": "212.00000"}, "EBITDA": {"2020-12-31": "", "2020-09-30": "2466.00000", "2020-06-30": "1361.00000", "2020-03-31": "2185.00000", "2019-12-31": "2520.00000", "2019-09-30": "1865.00000", "2019-06-30": "2078.00000", "2019-03-31": "2383.00000", "2018-12-31": "2149.00000", "2018-09-30": "2207.00000", "2018-06-30": "2001.00000", "2018-03-31": "2140.00000", "2017-12-31": "2227.00000", "2017-09-30": "1676.00000", "2017-06-30": "2112.00000", "2017-03-31": "2063.00000", "2016-12-31": "2607.00000", "2016-09-30": "2259.00000", "2016-06-30": "2169.00000", "2016-03-31": "2192.00000", "2015-12-31": "2474.00000", "2015-09-30": "2579.00000", "2015-06-30": "2335.00000", "2015-03-31": "2428.00000", "2014-12-31": "2746.00000", "2014-09-30": "2546.00000", "2014-06-30": "2173.00000", "2014-03-31": "2739.00000", "2013-12-31": "2658.00000", "2013-09-30": "2428.00000", "2013-06-30": "2429.00000", "2013-03-31": "2479.00000", "2012-12-31": "1590.00000", "2012-09-30": "2455.00000", "2012-06-30": "1876.00000", "2012-03-31": "2360.00000", "2011-12-31": "2053.00000", "2011-09-30": "1605.00000", "2011-06-30": "537.00000", "2011-03-31": "2221.00000", "2010-12-31": "2456.00000", "2010-09-30": "2629.00000", "2010-06-30": "2123.00000", "2010-03-31": "2100.00000", "2009-12-31": "3035.00000", "2009-09-30": "2502.00000", "2009-06-30": "2197.00000", "2009-03-31": "1969.00000", "2008-12-31": "2190.00000", "2008-09-30": "1486.00000", "2008-06-30": "2540.00000", "2008-03-31": "2571.00000", "2007-12-31": "2704.00000", "2007-09-30": "2921.00000", "2007-06-30": "2844.00000", "2007-03-31": "2610.00000", "2006-12-31": "2739.00000", "2006-09-30": "2613.00000", "2006-06-30": "2433.00000", "2006-03-31": "2411.00000", "2005-12-31": "1293.00000", "2005-09-30": "1005.00000", "2005-06-30": "2383.00000", "2005-03-31": "2219.00000"}, "EBIT": {"2020-12-31": "1699.00000", "2020-09-30": "1073.00000", "2020-06-30": "", "2020-03-31": "804.00000", "2019-12-31": "1157.00000", "2019-09-30": "516.00000", "2019-06-30": "754.00000", "2019-03-31": "1055.00000", "2018-12-31": "833.00000", "2018-09-30": "892.00000", "2018-06-30": "721.00000", "2018-03-31": "867.00000", "2017-12-31": "953.00000", "2017-09-30": "415.00000", "2017-06-30": "882.00000", "2017-03-31": "849.00000", "2016-12-31": "1392.00000", "2016-09-30": "1036.00000", "2016-06-30": "980.00000", "2016-03-31": "1008.00000", "2015-12-31": "1304.00000", "2015-09-30": "1401.00000", "2015-06-30": "1168.00000", "2015-03-31": "1240.00000", "2014-12-31": "1552.00000", "2014-09-30": "1351.00000", "2014-06-30": "993.00000", "2014-03-31": "1562.00000", "2013-12-31": "1463.00000", "2013-09-30": "1268.00000", "2013-06-30": "1263.00000", "2013-03-31": "1312.00000", "2012-12-31": "404.00000", "2012-09-30": "1263.00000", "2012-06-30": "704.00000", "2012-03-31": "1173.00000", "2011-12-31": "874.00000", "2011-09-30": "429.00000", "2011-06-30": "-630.00000", "2011-03-31": "1065.00000", "2010-12-31": "1295.00000", "2010-09-30": "1466.00000", "2010-06-30": "978.00000", "2010-03-31": "955.00000", "2009-12-31": "1891.00000", "2009-09-30": "1348.00000", "2009-06-30": "1035.00000", "2009-03-31": "819.00000", "2008-12-31": "1021.00000", "2008-09-30": "283.00000", "2008-06-30": "1378.00000", "2008-03-31": "1404.00000", "2007-12-31": "1532.00000", "2007-09-30": "1768.00000", "2007-06-30": "1726.00000", "2007-03-31": "1536.00000", "2006-12-31": "1671.00000", "2006-09-30": "1542.00000", "2006-06-30": "1422.00000", "2006-03-31": "1414.00000", "2005-12-31": "272.00000", "2005-09-30": "62.00000", "2005-06-30": "1364.00000", "2005-03-31": "1259.00000"}, "Basic Shares Outstanding": {"2020-12-31": "253.40000", "2020-09-30": "253.30000", "2020-06-30": "251.60000", "2020-03-31": "254.40000", "2019-12-31": "260.00000", "2019-09-30": "259.20000", "2019-06-30": "261.30000", "2019-03-31": "262.90000", "2018-12-31": "267.40000", "2018-09-30": "266.10000", "2018-06-30": "268.70000", "2018-03-31": "271.00000", "2017-12-31": "276.00000", "2017-09-30": "274.10000", "2017-06-30": "277.50000", "2017-03-31": "279.70000", "2016-12-31": "288.10000", "2016-09-30": "286.00000", "2016-06-30": "290.10000", "2016-03-31": "294.20000", "2015-12-31": "310.60000", "2015-09-30": "307.60000", "2015-06-30": "314.80000", "2015-03-31": "320.80000", "2014-12-31": "338.80000", "2014-09-30": "335.10000", "2014-06-30": "343.00000", "2014-03-31": "350.90000", "2013-12-31": "370.30000", "2013-09-30": "368.90000", "2013-06-30": "375.90000", "2013-03-31": "377.70000", "2012-12-31": "386.20000", "2012-09-30": "384.00000", "2012-06-30": "388.00000", "2012-03-31": "392.00000", "2011-12-31": "415.80000", "2011-09-30": "415.00000", "2011-06-30": "418.60000", "2011-03-31": "428.20000", "2010-12-31": "476.50000", "2010-09-30": "465.90000", "2010-06-30": "484.50000", "2010-03-31": "508.40000", "2009-12-31": "563.20000", "2009-09-30": "558.40000", "2009-06-30": "575.80000", "2009-03-31": "584.60000", "2008-12-31": "595.90000", "2008-09-30": "586.70000", "2008-06-30": "598.20000", "2008-03-31": "615.40000", "2007-12-31": "652.00000", "2007-09-30": "648.40000", "2007-06-30": "658.60000", "2007-03-31": "669.90000", "2006-12-31": "687.10000", "2006-09-30": "685.30000", "2006-06-30": "691.80000", "2006-03-31": "692.20000", "2005-12-31": "676.30000", "2005-09-30": "679.20000", "2005-06-30": "669.50000", "2005-03-31": "668.10000"}, "Shares Outstanding": {"2020-12-31": "254.80000", "2020-09-30": "254.30000", "2020-06-30": "251.60000", "2020-03-31": "255.90000", "2019-12-31": "262.30000", "2019-09-30": "261.80000", "2019-06-30": "263.70000", "2019-03-31": "264.80000", "2018-12-31": "269.80000", "2018-09-30": "268.40000", "2018-06-30": "271.10000", "2018-03-31": "273.90000", "2017-12-31": "278.60000", "2017-09-30": "276.60000", "2017-06-30": "280.00000", "2017-03-31": "282.40000", "2016-12-31": "291.00000", "2016-09-30": "289.80000", "2016-06-30": "293.60000", "2016-03-31": "297.90000", "2015-12-31": "313.90000", "2015-09-30": "311.00000", "2015-06-30": "318.00000", "2015-03-31": "324.50000", "2014-12-31": "342.50000", "2014-09-30": "338.90000", "2014-06-30": "346.70000", "2014-03-31": "354.60000", "2013-12-31": "374.30000", "2013-09-30": "372.90000", "2013-06-30": "379.90000", "2013-03-31": "381.90000", "2012-12-31": "389.80000", "2012-09-30": "387.90000", "2012-06-30": "391.60000", "2012-03-31": "395.80000", "2011-12-31": "420.50000", "2011-09-30": "418.50000", "2011-06-30": "418.60000", "2011-03-31": "434.40000", "2010-12-31": "482.50000", "2010-09-30": "472.00000", "2010-06-30": "490.80000", "2010-03-31": "515.10000", "2009-12-31": "568.60000", "2009-09-30": "564.10000", "2009-06-30": "579.80000", "2009-03-31": "590.40000", "2008-12-31": "604.30000", "2008-09-30": "594.70000", "2008-06-30": "607.90000", "2008-03-31": "624.80000", "2007-12-31": "668.60000", "2007-09-30": "661.90000", "2007-06-30": "676.00000", "2007-03-31": "701.20000", "2006-12-31": "716.70000", "2006-09-30": "714.60000", "2006-06-30": "720.40000", "2006-03-31": "720.80000", "2005-12-31": "712.80000", "2005-09-30": "683.80000", "2005-06-30": "710.30000", "2005-03-31": "709.10000"}, "Basic EPS": {"2020-12-31": "5.13000", "2020-09-30": "3.24000", "2020-06-30": "-0.16000", "2020-03-31": "2.34000", "2019-12-31": "3.37000", "2019-09-30": "1.52000", "2019-06-30": "2.11000", "2019-03-31": "3.01000", "2018-12-31": "2.34000", "2018-09-30": "2.65000", "2018-06-30": "1.93000", "2018-03-31": "2.45000", "2017-12-31": "2.01000", "2017-09-30": "1.06000", "2017-06-30": "2.13000", "2017-03-31": "2.19000", "2016-12-31": "3.31000", "2016-09-30": "2.48000", "2016-06-30": "2.27000", "2016-03-31": "2.33000", "2015-12-31": "2.85000", "2015-09-30": "3.00000", "2015-06-30": "2.56000", "2015-03-31": "2.58000", "2014-12-31": "3.14000", "2014-09-30": "2.72000", "2014-06-30": "1.98000", "2014-03-31": "2.98000", "2013-12-31": "2.71000", "2013-09-30": "2.33000", "2013-06-30": "2.44000", "2013-03-31": "2.36000", "2012-12-31": "0.81000", "2012-09-30": "2.23000", "2012-06-30": "1.27000", "2012-03-31": "2.04000", "2011-12-31": "1.54000", "2011-09-30": "0.80000", "2011-06-30": "-0.88000", "2011-03-31": "1.94000", "2010-12-31": "1.92000", "2010-09-30": "2.14000", "2010-06-30": "1.37000", "2010-03-31": "1.26000", "2009-12-31": "2.33000", "2009-09-30": "1.66000", "2009-06-30": "1.27000", "2009-03-31": "1.12000", "2008-12-31": "1.39000", "2008-09-30": "0.36000", "2008-06-30": "1.56000", "2008-03-31": "1.56000", "2007-12-31": "1.63000", "2007-09-30": "1.85000", "2007-06-30": "1.90000", "2007-03-31": "1.62000", "2006-12-31": "1.75000", "2006-09-30": "1.52000", "2006-06-30": "1.40000", "2006-03-31": "1.45000", "2005-12-31": "0.25000", "2005-09-30": "0.24000", "2005-06-30": "1.59000", "2005-03-31": "0.31000"}, "EPS - Earnings Per Share": {"2020-12-31": "5.10000", "2020-09-30": "3.23000", "2020-06-30": "-0.16000", "2020-03-31": "2.33000", "2019-12-31": "3.33000", "2019-09-30": "1.50000", "2019-06-30": "2.10000", "2019-03-31": "2.99000", "2018-12-31": "2.32000", "2018-09-30": "2.62000", "2018-06-30": "1.92000", "2018-03-31": "2.42000", "2017-12-31": "2.00000", "2017-09-30": "1.05000", "2017-06-30": "2.11000", "2017-03-31": "2.17000", "2016-12-31": "3.29000", "2016-09-30": "2.45000", "2016-06-30": "2.24000", "2016-03-31": "2.30000", "2015-12-31": "2.83000", "2015-09-30": "2.97000", "2015-06-30": "2.53000", "2015-03-31": "2.55000", "2014-12-31": "3.11000", "2014-09-30": "2.69000", "2014-06-30": "1.95000", "2014-03-31": "2.95000", "2013-12-31": "2.70000", "2013-09-30": "2.30000", "2013-06-30": "2.41000", "2013-03-31": "2.33000", "2012-12-31": "0.81000", "2012-09-30": "2.21000", "2012-06-30": "1.26000", "2012-03-31": "2.02000", "2011-12-31": "1.53000", "2011-09-30": "0.79000", "2011-06-30": "-0.88000", "2011-03-31": "1.92000", "2010-12-31": "1.91000", "2010-09-30": "2.11000", "2010-06-30": "1.35000", "2010-03-31": "1.25000", "2009-12-31": "2.30000", "2009-09-30": "1.65000", "2009-06-30": "1.27000", "2009-03-31": "1.11000", "2008-12-31": "1.37000", "2008-09-30": "0.36000", "2008-06-30": "1.54000", "2008-03-31": "1.54000", "2007-12-31": "1.62000", "2007-09-30": "1.81000", "2007-06-30": "1.86000", "2007-03-31": "1.56000", "2006-12-31": "1.67000", "2006-09-30": "1.47000", "2006-06-30": "1.36000", "2006-03-31": "1.41000", "2005-12-31": "0.27000", "2005-09-30": "0.23000", "2005-06-30": "1.52000", "2005-03-31": "0.31000"}}, "balance sheet": {"Cash On Hand": {"2020-12-31": "721.00000", "2019-12-31": "494.00000", "2018-12-31": "373.00000", "2017-12-31": "344.00000", "2016-12-31": "307.00000", "2015-12-31": "380.00000", "2014-12-31": "374.00000", "2013-12-31": "294.00000", "2012-12-31": "330.00000", "2011-12-31": "214.00000", "2010-12-31": "200.00000", "2009-12-31": "255.00000", "2008-12-31": "350.00000", "2007-12-31": "271.00000", "2006-12-31": "459.00000", "2005-12-31": "337.00000"}, "Receivables": {"2020-12-31": "21193.00000", "2019-12-31": "21452.00000", "2018-12-31": "21239.00000", "2017-12-31": "20779.00000", "2016-12-31": "20207.00000", "2015-12-31": "20377.00000", "2014-12-31": "20598.00000", "2013-12-31": "20967.00000", "2012-12-31": "22246.00000", "2011-12-31": "22899.00000", "2010-12-31": "23647.00000", "2009-12-31": "25000.00000", "2008-12-31": "27358.00000", "2007-12-31": "29602.00000", "2006-12-31": "31798.00000", "2005-12-31": "32536.00000"}, "Inventory": {"2020-12-31": "", "2019-12-31": "", "2018-12-31": "", "2017-12-31": "", "2016-12-31": "", "2015-12-31": "", "2014-12-31": "", "2013-12-31": "", "2012-12-31": "", "2011-12-31": "", "2010-12-31": "", "2009-12-31": "", "2008-12-31": "", "2007-12-31": "", "2006-12-31": "", "2005-12-31": ""}, "Pre-Paid Expenses": {"2020-12-31": "", "2019-12-31": "", "2018-12-31": "", "2017-12-31": "", "2016-12-31": "", "2015-12-31": "", "2014-12-31": "", "2013-12-31": "", "2012-12-31": "", "2011-12-31": "", "2010-12-31": "", "2009-12-31": "", "2008-12-31": "", "2007-12-31": "", "2006-12-31": "", "2005-12-31": ""}, "Other Current Assets": {"2020-12-31": "", "2019-12-31": "", "2018-12-31": "", "2017-12-31": "", "2016-12-31": "", "2015-12-31": "", "2014-12-31": "", "2013-12-31": "", "2012-12-31": "", "2011-12-31": "", "2010-12-31": "", "2009-12-31": "", "2008-12-31": "", "2007-12-31": "", "2006-12-31": "", "2005-12-31": ""}, "Total Current Assets": {"2020-12-31": "21914.00000", "2019-12-31": "21946.00000", "2018-12-31": "21612.00000", "2017-12-31": "21123.00000", "2016-12-31": "20514.00000", "2015-12-31": "20757.00000", "2014-12-31": "20972.00000", "2013-12-31": "21261.00000", "2012-12-31": "22576.00000", "2011-12-31": "23113.00000", "2010-12-31": "23847.00000", "2009-12-31": "25255.00000", "2008-12-31": "27708.00000", "2007-12-31": "29873.00000", "2006-12-31": "32257.00000", "2005-12-31": "32873.00000"}, "Property, Plant, And Equipment": {"2020-12-31": "", "2019-12-31": "", "2018-12-31": "", "2017-12-31": "", "2016-12-31": "", "2015-12-31": "", "2014-12-31": "", "2013-12-31": "", "2012-12-31": "", "2011-12-31": "", "2010-12-31": "", "2009-12-31": "", "2008-12-31": "", "2007-12-31": "", "2006-12-31": "", "2005-12-31": ""}, "Long-Term Investments": {"2020-12-31": "85026.00000", "2019-12-31": "78502.00000", "2018-12-31": "72902.00000", "2017-12-31": "73108.00000", "2016-12-31": "71118.00000", "2015-12-31": "71112.00000", "2014-12-31": "73946.00000", "2013-12-31": "73894.00000", "2012-12-31": "74590.00000", "2011-12-31": "73469.00000", "2010-12-31": "73513.00000", "2009-12-31": "75790.00000", "2008-12-31": "71561.00000", "2007-12-31": "75679.00000", "2006-12-31": "73095.00000", "2005-12-31": "69048.00000"}, "Goodwill And Intangible Assets": {"2020-12-31": "4293.00000", "2019-12-31": "4291.00000", "2018-12-31": "4282.00000", "2017-12-31": "4293.00000", "2016-12-31": "3848.00000", "2015-12-31": "3852.00000", "2014-12-31": "3915.00000", "2013-12-31": "3985.00000", "2012-12-31": "3746.00000", "2011-12-31": "3798.00000", "2010-12-31": "3867.00000", "2009-12-31": "3953.00000", "2008-12-31": "4054.00000", "2007-12-31": "4180.00000", "2006-12-31": "4202.00000", "2005-12-31": "4359.00000"}, "Other Long-Term Assets": {"2020-12-31": "3173.00000", "2019-12-31": "3110.00000", "2018-12-31": "2872.00000", "2017-12-31": "2864.00000", "2016-12-31": "2377.00000", "2015-12-31": "2318.00000", "2014-12-31": "2377.00000", "2013-12-31": "2565.00000", "2012-12-31": "2234.00000", "2011-12-31": "2402.00000", "2010-12-31": "2154.00000", "2009-12-31": "2132.00000", "2008-12-31": "2570.00000", "2007-12-31": "2476.00000", "2006-12-31": "2587.00000", "2005-12-31": "3318.00000"}, "Total Long-Term Assets": {"2020-12-31": "94850.00000", "2019-12-31": "88176.00000", "2018-12-31": "82621.00000", "2017-12-31": "82360.00000", "2016-12-31": "79731.00000", "2015-12-31": "79427.00000", "2014-12-31": "82106.00000", "2013-12-31": "82551.00000", "2012-12-31": "82362.00000", "2011-12-31": "81462.00000", "2010-12-31": "81809.00000", "2009-12-31": "84305.00000", "2008-12-31": "81924.00000", "2007-12-31": "85351.00000", "2006-12-31": "83035.00000", "2005-12-31": "80314.00000"}, "Total Assets": {"2020-12-31": "116764.00000", "2019-12-31": "110122.00000", "2018-12-31": "104233.00000", "2017-12-31": "103483.00000", "2016-12-31": "100245.00000", "2015-12-31": "100184.00000", "2014-12-31": "103078.00000", "2013-12-31": "103812.00000", "2012-12-31": "104938.00000", "2011-12-31": "104575.00000", "2010-12-31": "105656.00000", "2009-12-31": "109560.00000", "2008-12-31": "109632.00000", "2007-12-31": "115224.00000", "2006-12-31": "115292.00000", "2005-12-31": "113187.00000"}, "Total Current Liabilities": {"2020-12-31": "74360.00000", "2019-12-31": "71435.00000", "2018-12-31": "69297.00000", "2017-12-31": "67614.00000", "2016-12-31": "65160.00000", "2015-12-31": "64936.00000", "2014-12-31": "66387.00000", "2013-12-31": "67371.00000", "2012-12-31": "67315.00000", "2011-12-31": "68069.00000", "2010-12-31": "68277.00000", "2009-12-31": "70331.00000", "2008-12-31": "72558.00000", "2007-12-31": "76241.00000", "2006-12-31": "77755.00000", "2005-12-31": "78253.00000"}, "Long Term Debt": {"2020-12-31": "6550.00000", "2019-12-31": "6558.00000", "2018-12-31": "6564.00000", "2017-12-31": "6571.00000", "2016-12-31": "6437.00000", "2015-12-31": "6344.00000", "2014-12-31": "6349.00000", "2013-12-31": "6346.00000", "2012-12-31": "6350.00000", "2011-12-31": "6605.00000", "2010-12-31": "6611.00000", "2009-12-31": "6527.00000", "2008-12-31": "6181.00000", "2007-12-31": "6242.00000", "2006-12-31": "5760.00000", "2005-12-31": "5850.00000"}, "Other Non-Current Liabilities": {"2020-12-31": "6095.00000", "2019-12-31": "6049.00000", "2018-12-31": "5478.00000", "2017-12-31": "5567.00000", "2016-12-31": "5427.00000", "2015-12-31": "5306.00000", "2014-12-31": "5506.00000", "2013-12-31": "5299.00000", "2012-12-31": "5530.00000", "2011-12-31": "5424.00000", "2010-12-31": "5293.00000", "2009-12-31": "5287.00000", "2008-12-31": "5574.00000", "2007-12-31": "6125.00000", "2006-12-31": "6642.00000", "2005-12-31": "6781.00000"}, "Total Long Term Liabilities": {"2020-12-31": "13203.00000", "2019-12-31": "12744.00000", "2018-12-31": "12042.00000", "2017-12-31": "12138.00000", "2016-12-31": "11864.00000", "2015-12-31": "11650.00000", "2014-12-31": "11855.00000", "2013-12-31": "11645.00000", "2012-12-31": "12218.00000", "2011-12-31": "12029.00000", "2010-12-31": "11904.00000", "2009-12-31": "11814.00000", "2008-12-31": "11755.00000", "2007-12-31": "12367.00000", "2006-12-31": "12402.00000", "2005-12-31": "12631.00000"}, "Total Liabilities": {"2020-12-31": "87563.00000", "2019-12-31": "84179.00000", "2018-12-31": "81339.00000", "2017-12-31": "79752.00000", "2016-12-31": "77024.00000", "2015-12-31": "76586.00000", "2014-12-31": "78242.00000", "2013-12-31": "79016.00000", "2012-12-31": "79533.00000", "2011-12-31": "80098.00000", "2010-12-31": "80181.00000", "2009-12-31": "82145.00000", "2008-12-31": "84313.00000", "2007-12-31": "88608.00000", "2006-12-31": "90157.00000", "2005-12-31": "90884.00000"}, "Common Stock Net": {"2020-12-31": "23743.00000", "2019-12-31": "23469.00000", "2018-12-31": "23144.00000", "2017-12-31": "22886.00000", "2016-12-31": "22614.00000", "2015-12-31": "22172.00000", "2014-12-31": "21843.00000", "2013-12-31": "21500.00000", "2012-12-31": "21161.00000", "2011-12-31": "20732.00000", "2010-12-31": "20162.00000", "2009-12-31": "19593.00000", "2008-12-31": "19242.00000", "2007-12-31": "18990.00000", "2006-12-31": "18530.00000", "2005-12-31": "18096.00000"}, "Retained Earnings (Accumulated Deficit)": {"2020-12-31": "38771.00000", "2019-12-31": "36977.00000", "2018-12-31": "35204.00000", "2017-12-31": "33462.00000", "2016-12-31": "32196.00000", "2015-12-31": "29945.00000", "2014-12-31": "27251.00000", "2013-12-31": "24291.00000", "2012-12-31": "21352.00000", "2011-12-31": "19579.00000", "2010-12-31": "18847.00000", "2009-12-31": "16315.00000", "2008-12-31": "13314.00000", "2007-12-31": "11110.00000", "2006-12-31": "7253.00000", "2005-12-31": "3750.00000"}, "Comprehensive Income": {"2020-12-31": "2502.00000", "2019-12-31": "640.00000", "2018-12-31": "-1859.00000", "2017-12-31": "-343.00000", "2016-12-31": "-755.00000", "2015-12-31": "-157.00000", "2014-12-31": "880.00000", "2013-12-31": "810.00000", "2012-12-31": "2236.00000", "2011-12-31": "2005.00000", "2010-12-31": "1255.00000", "2009-12-31": "1219.00000", "2008-12-31": "-900.00000", "2007-12-31": "670.00000", "2006-12-31": "452.00000", "2005-12-31": "351.00000"}, "Other Share Holders Equity": {"2020-12-31": "", "2019-12-31": "", "2018-12-31": "", "2017-12-31": "", "2016-12-31": "", "2015-12-31": "", "2014-12-31": "", "2013-12-31": "", "2012-12-31": "", "2011-12-31": "", "2010-12-31": "", "2009-12-31": "", "2008-12-31": "", "2007-12-31": "", "2006-12-31": "", "2005-12-31": ""}, "Share Holder Equity": {"2020-12-31": "29201.00000", "2019-12-31": "25943.00000", "2018-12-31": "22894.00000", "2017-12-31": "23731.00000", "2016-12-31": "23221.00000", "2015-12-31": "23598.00000", "2014-12-31": "24836.00000", "2013-12-31": "24796.00000", "2012-12-31": "25405.00000", "2011-12-31": "24477.00000", "2010-12-31": "25475.00000", "2009-12-31": "27415.00000", "2008-12-31": "25319.00000", "2007-12-31": "26616.00000", "2006-12-31": "25135.00000", "2005-12-31": "22303.00000"}, "Total Liabilities And Share Holders Equity": {"2020-12-31": "116764.00000", "2019-12-31": "110122.00000", "2018-12-31": "104233.00000", "2017-12-31": "103483.00000", "2016-12-31": "100245.00000", "2015-12-31": "100184.00000", "2014-12-31": "103078.00000", "2013-12-31": "103812.00000", "2012-12-31": "104938.00000", "2011-12-31": "104575.00000", "2010-12-31": "105656.00000", "2009-12-31": "109560.00000", "2008-12-31": "109632.00000", "2007-12-31": "115224.00000", "2006-12-31": "115292.00000", "2005-12-31": "113187.00000"}}, "balance sheet, quarterly": {"Cash On Hand": {"2020-12-31": "721.00000", "2020-09-30": "583.00000", "2020-06-30": "623.00000", "2020-03-31": "544.00000", "2019-12-31": "494.00000", "2019-09-30": "508.00000", "2019-06-30": "416.00000", "2019-03-31": "357.00000", "2018-12-31": "373.00000", "2018-09-30": "359.00000", "2018-06-30": "415.00000", "2018-03-31": "397.00000", "2017-12-31": "344.00000", "2017-09-30": "379.00000", "2017-06-30": "328.00000", "2017-03-31": "249.00000", "2016-12-31": "307.00000", "2016-09-30": "269.00000", "2016-06-30": "265.00000", "2016-03-31": "361.00000", "2015-12-31": "380.00000", "2015-09-30": "344.00000", "2015-06-30": "317.00000", "2015-03-31": "308.00000", "2014-12-31": "374.00000", "2014-09-30": "367.00000", "2014-06-30": "311.00000", "2014-03-31": "260.00000", "2013-12-31": "294.00000", "2013-09-30": "295.00000", "2013-06-30": "308.00000", "2013-03-31": "243.00000", "2012-12-31": "330.00000", "2012-09-30": "220.00000", "2012-06-30": "230.00000", "2012-03-31": "258.00000", "2011-12-31": "214.00000", "2011-09-30": "231.00000", "2011-06-30": "273.00000", "2011-03-31": "239.00000", "2010-12-31": "200.00000", "2010-09-30": "298.00000", "2010-06-30": "266.00000", "2010-03-31": "251.00000", "2009-12-31": "255.00000", "2009-09-30": "286.00000", "2009-06-30": "282.00000", "2009-03-31": "245.00000", "2008-12-31": "350.00000", "2008-09-30": "387.00000", "2008-06-30": "329.00000", "2008-03-31": "308.00000", "2007-12-31": "271.00000", "2007-09-30": "391.00000", "2007-06-30": "562.00000", "2007-03-31": "378.00000", "2006-12-31": "459.00000", "2006-09-30": "357.00000", "2006-06-30": "274.00000", "2006-03-31": "373.00000", "2005-12-31": "337.00000", "2005-09-30": "442.00000", "2005-06-30": "738.00000", "2005-03-31": "541.00000"}, "Receivables": {"2020-12-31": "21193.00000", "2020-09-30": "21791.00000", "2020-06-30": "21811.00000", "2020-03-31": "22018.00000", "2019-12-31": "21432.00000", "2019-09-30": "21943.00000", "2019-06-30": "22171.00000", "2019-03-31": "21974.00000", "2018-12-31": "21239.00000", "2018-09-30": "21555.00000", "2018-06-30": "21572.00000", "2018-03-31": "21446.00000", "2017-12-31": "20779.00000", "2017-09-30": "21057.00000", "2017-06-30": "20860.00000", "2017-03-31": "20624.00000", "2016-12-31": "20207.00000", "2016-09-30": "20771.00000", "2016-06-30": "20884.00000", "2016-03-31": "20872.00000", "2015-12-31": "20377.00000", "2015-09-30": "20687.00000", "2015-06-30": "20984.00000", "2015-03-31": "20896.00000", "2014-12-31": "20598.00000", "2014-09-30": "20933.00000", "2014-06-30": "21230.00000", "2014-03-31": "21104.00000", "2013-12-31": "20967.00000", "2013-09-30": "21122.00000", "2013-06-30": "21516.00000", "2013-03-31": "22070.00000", "2012-12-31": "22246.00000", "2012-09-30": "22153.00000", "2012-06-30": "22378.00000", "2012-03-31": "22798.00000", "2011-12-31": "22899.00000", "2011-09-30": "23972.00000", "2011-06-30": "23995.00000", "2011-03-31": "23636.00000", "2010-12-31": "23647.00000", "2010-09-30": "24225.00000", "2010-06-30": "24556.00000", "2010-03-31": "25128.00000", "2009-12-31": "25000.00000", "2009-09-30": "26829.00000", "2009-06-30": "27340.00000", "2009-03-31": "27733.00000", "2008-12-31": "27358.00000", "2008-09-30": "29343.00000", "2008-06-30": "29438.00000", "2008-03-31": "29547.00000", "2007-12-31": "29602.00000", "2007-09-30": "30526.00000", "2007-06-30": "31301.00000", "2007-03-31": "29979.00000", "2006-12-31": "31798.00000", "2006-09-30": "31752.00000", "2006-06-30": "32078.00000", "2006-03-31": "32344.00000", "2005-12-31": "32536.00000", "2005-09-30": "32820.00000", "2005-06-30": "31980.00000", "2005-03-31": "32467.00000"}, "Inventory": {"2020-12-31": "", "2020-09-30": "", "2020-06-30": "", "2020-03-31": "", "2019-12-31": "", "2019-09-30": "", "2019-06-30": "", "2019-03-31": "", "2018-12-31": "", "2018-09-30": "", "2018-06-30": "", "2018-03-31": "", "2017-12-31": "", "2017-09-30": "", "2017-06-30": "", "2017-03-31": "", "2016-12-31": "", "2016-09-30": "", "2016-06-30": "", "2016-03-31": "", "2015-12-31": "", "2015-09-30": "", "2015-06-30": "", "2015-03-31": "", "2014-12-31": "", "2014-09-30": "", "2014-06-30": "", "2014-03-31": "", "2013-12-31": "", "2013-09-30": "", "2013-06-30": "", "2013-03-31": "", "2012-12-31": "", "2012-09-30": "", "2012-06-30": "", "2012-03-31": "", "2011-12-31": "", "2011-09-30": "", "2011-06-30": "", "2011-03-31": "", "2010-12-31": "", "2010-09-30": "", "2010-06-30": "", "2010-03-31": "", "2009-12-31": "", "2009-09-30": "", "2009-06-30": "", "2009-03-31": "", "2008-12-31": "", "2008-09-30": "", "2008-06-30": "", "2008-03-31": "", "2007-12-31": "", "2007-09-30": "", "2007-06-30": "", "2007-03-31": "", "2006-12-31": "", "2006-09-30": "", "2006-06-30": "", "2006-03-31": "", "2005-12-31": "", "2005-09-30": "", "2005-06-30": "", "2005-03-31": ""}, "Pre-Paid Expenses": {"2020-12-31": "", "2020-09-30": "", "2020-06-30": "", "2020-03-31": "", "2019-12-31": "", "2019-09-30": "", "2019-06-30": "", "2019-03-31": "", "2018-12-31": "", "2018-09-30": "", "2018-06-30": "", "2018-03-31": "", "2017-12-31": "", "2017-09-30": "", "2017-06-30": "", "2017-03-31": "", "2016-12-31": "", "2016-09-30": "", "2016-06-30": "", "2016-03-31": "", "2015-12-31": "", "2015-09-30": "", "2015-06-30": "", "2015-03-31": "", "2014-12-31": "", "2014-09-30": "", "2014-06-30": "", "2014-03-31": "", "2013-12-31": "", "2013-09-30": "", "2013-06-30": "", "2013-03-31": "", "2012-12-31": "", "2012-09-30": "", "2012-06-30": "", "2012-03-31": "", "2011-12-31": "", "2011-09-30": "", "2011-06-30": "", "2011-03-31": "", "2010-12-31": "", "2010-09-30": "", "2010-06-30": "", "2010-03-31": "", "2009-12-31": "", "2009-09-30": "", "2009-06-30": "", "2009-03-31": "", "2008-12-31": "", "2008-09-30": "", "2008-06-30": "", "2008-03-31": "", "2007-12-31": "", "2007-09-30": "", "2007-06-30": "", "2007-03-31": "", "2006-12-31": "", "2006-09-30": "", "2006-06-30": "", "2006-03-31": "", "2005-12-31": "", "2005-09-30": "", "2005-06-30": "", "2005-03-31": ""}, "Other Current Assets": {"2020-12-31": "", "2020-09-30": "", "2020-06-30": "", "2020-03-31": "", "2019-12-31": "", "2019-09-30": "", "2019-06-30": "", "2019-03-31": "", "2018-12-31": "", "2018-09-30": "", "2018-06-30": "", "2018-03-31": "", "2017-12-31": "", "2017-09-30": "", "2017-06-30": "", "2017-03-31": "", "2016-12-31": "", "2016-09-30": "", "2016-06-30": "", "2016-03-31": "", "2015-12-31": "", "2015-09-30": "", "2015-06-30": "", "2015-03-31": "", "2014-12-31": "", "2014-09-30": "", "2014-06-30": "", "2014-03-31": "", "2013-12-31": "", "2013-09-30": "", "2013-06-30": "", "2013-03-31": "", "2012-12-31": "", "2012-09-30": "", "2012-06-30": "", "2012-03-31": "", "2011-12-31": "", "2011-09-30": "", "2011-06-30": "", "2011-03-31": "", "2010-12-31": "", "2010-09-30": "", "2010-06-30": "", "2010-03-31": "", "2009-12-31": "", "2009-09-30": "", "2009-06-30": "", "2009-03-31": "", "2008-12-31": "", "2008-09-30": "", "2008-06-30": "", "2008-03-31": "", "2007-12-31": "", "2007-09-30": "", "2007-06-30": "", "2007-03-31": "", "2006-12-31": "", "2006-09-30": "", "2006-06-30": "", "2006-03-31": "", "2005-12-31": "", "2005-09-30": "", "2005-06-30": "", "2005-03-31": ""}, "Total Current Assets": {"2020-12-31": "21914.00000", "2020-09-30": "22374.00000", "2020-06-30": "22434.00000", "2020-03-31": "22562.00000", "2019-12-31": "21926.00000", "2019-09-30": "22451.00000", "2019-06-30": "22587.00000", "2019-03-31": "22331.00000", "2018-12-31": "21612.00000", "2018-09-30": "21914.00000", "2018-06-30": "21987.00000", "2018-03-31": "21843.00000", "2017-12-31": "21123.00000", "2017-09-30": "21436.00000", "2017-06-30": "21188.00000", "2017-03-31": "20873.00000", "2016-12-31": "20514.00000", "2016-09-30": "21040.00000", "2016-06-30": "21149.00000", "2016-03-31": "21233.00000", "2015-12-31": "20757.00000", "2015-09-30": "21031.00000", "2015-06-30": "21301.00000", "2015-03-31": "21204.00000", "2014-12-31": "20972.00000", "2014-09-30": "21300.00000", "2014-06-30": "21541.00000", "2014-03-31": "21364.00000", "2013-12-31": "21261.00000", "2013-09-30": "21417.00000", "2013-06-30": "21824.00000", "2013-03-31": "22313.00000", "2012-12-31": "22576.00000", "2012-09-30": "22373.00000", "2012-06-30": "22608.00000", "2012-03-31": "23056.00000", "2011-12-31": "23113.00000", "2011-09-30": "24203.00000", "2011-06-30": "24268.00000", "2011-03-31": "23875.00000", "2010-12-31": "23847.00000", "2010-09-30": "24523.00000", "2010-06-30": "24822.00000", "2010-03-31": "25379.00000", "2009-12-31": "25255.00000", "2009-09-30": "27115.00000", "2009-06-30": "27622.00000", "2009-03-31": "27978.00000", "2008-12-31": "27708.00000", "2008-09-30": "29730.00000", "2008-06-30": "29767.00000", "2008-03-31": "29855.00000", "2007-12-31": "29873.00000", "2007-09-30": "30917.00000", "2007-06-30": "31863.00000", "2007-03-31": "30357.00000", "2006-12-31": "32257.00000", "2006-09-30": "32109.00000", "2006-06-30": "32352.00000", "2006-03-31": "32717.00000", "2005-12-31": "32873.00000", "2005-09-30": "33262.00000", "2005-06-30": "32718.00000", "2005-03-31": "33008.00000"}, "Property, Plant, And Equipment": {"2020-12-31": "", "2020-09-30": "", "2020-06-30": "", "2020-03-31": "", "2019-12-31": "", "2019-09-30": "", "2019-06-30": "", "2019-03-31": "", "2018-12-31": "", "2018-09-30": "", "2018-06-30": "", "2018-03-31": "", "2017-12-31": "", "2017-09-30": "", "2017-06-30": "", "2017-03-31": "", "2016-12-31": "", "2016-09-30": "", "2016-06-30": "", "2016-03-31": "", "2015-12-31": "", "2015-09-30": "", "2015-06-30": "", "2015-03-31": "", "2014-12-31": "", "2014-09-30": "", "2014-06-30": "", "2014-03-31": "", "2013-12-31": "", "2013-09-30": "", "2013-06-30": "", "2013-03-31": "", "2012-12-31": "", "2012-09-30": "", "2012-06-30": "", "2012-03-31": "", "2011-12-31": "", "2011-09-30": "", "2011-06-30": "", "2011-03-31": "", "2010-12-31": "", "2010-09-30": "", "2010-06-30": "", "2010-03-31": "", "2009-12-31": "", "2009-09-30": "", "2009-06-30": "", "2009-03-31": "", "2008-12-31": "", "2008-09-30": "", "2008-06-30": "", "2008-03-31": "", "2007-12-31": "", "2007-09-30": "", "2007-06-30": "", "2007-03-31": "", "2006-12-31": "", "2006-09-30": "", "2006-06-30": "", "2006-03-31": "", "2005-12-31": "", "2005-09-30": "", "2005-06-30": "", "2005-03-31": ""}, "Long-Term Investments": {"2020-12-31": "85026.00000", "2020-09-30": "84115.00000", "2020-06-30": "81197.00000", "2020-03-31": "77217.00000", "2019-12-31": "78502.00000", "2019-09-30": "77995.00000", "2019-06-30": "76111.00000", "2019-03-31": "75108.00000", "2018-12-31": "72902.00000", "2018-09-30": "72436.00000", "2018-06-30": "71771.00000", "2018-03-31": "72291.00000", "2017-12-31": "73108.00000", "2017-09-30": "73660.00000", "2017-06-30": "72933.00000", "2017-03-31": "71832.00000", "2016-12-31": "71118.00000", "2016-09-30": "73550.00000", "2016-06-30": "73097.00000", "2016-03-31": "72277.00000", "2015-12-31": "71112.00000", "2015-09-30": "72672.00000", "2015-06-30": "71885.00000", "2015-03-31": "73247.00000", "2014-12-31": "73946.00000", "2014-09-30": "74853.00000", "2014-06-30": "74651.00000", "2014-03-31": "74404.00000", "2013-12-31": "73894.00000", "2013-09-30": "73204.00000", "2013-06-30": "72001.00000", "2013-03-31": "73767.00000", "2012-12-31": "74590.00000", "2012-09-30": "75195.00000", "2012-06-30": "73695.00000", "2012-03-31": "73961.00000", "2011-12-31": "73469.00000", "2011-09-30": "74389.00000", "2011-06-30": "73761.00000", "2011-03-31": "73127.00000", "2010-12-31": "73513.00000", "2010-09-30": "75488.00000", "2010-06-30": "73928.00000", "2010-03-31": "74818.00000", "2009-12-31": "75790.00000", "2009-09-30": "76917.00000", "2009-06-30": "74251.00000", "2009-03-31": "72933.00000", "2008-12-31": "71561.00000", "2008-09-30": "72029.00000", "2008-06-30": "74080.00000", "2008-03-31": "74765.00000", "2007-12-31": "75679.00000", "2007-09-30": "74607.00000", "2007-06-30": "73219.00000", "2007-03-31": "73485.00000", "2006-12-31": "73095.00000", "2006-09-30": "72943.00000", "2006-06-30": "70551.00000", "2006-03-31": "69759.00000", "2005-12-31": "69048.00000", "2005-09-30": "69560.00000", "2005-06-30": "67839.00000", "2005-03-31": "64958.00000"}, "Goodwill And Intangible Assets": {"2020-12-31": "4293.00000", "2020-09-30": "4263.00000", "2020-06-30": "4244.00000", "2020-03-31": "4237.00000", "2019-12-31": "4291.00000", "2019-09-30": "4258.00000", "2019-06-30": "4278.00000", "2019-03-31": "4290.00000", "2018-12-31": "4282.00000", "2018-09-30": "4309.00000", "2018-06-30": "4287.00000", "2018-03-31": "4300.00000", "2017-12-31": "4293.00000", "2017-09-30": "4291.00000", "2017-06-30": "3853.00000", "2017-03-31": "3850.00000", "2016-12-31": "3848.00000", "2016-09-30": "3856.00000", "2016-06-30": "3862.00000", "2016-03-31": "3863.00000", "2015-12-31": "3852.00000", "2015-09-30": "3859.00000", "2015-06-30": "3878.00000", "2015-03-31": "3882.00000", "2014-12-31": "3915.00000", "2014-09-30": "3937.00000", "2014-06-30": "3962.00000", "2014-03-31": "3963.00000", "2013-12-31": "3985.00000", "2013-09-30": "3712.00000", "2013-06-30": "3723.00000", "2013-03-31": "3735.00000", "2012-12-31": "3746.00000", "2012-09-30": "3758.00000", "2012-06-30": "3770.00000", "2012-03-31": "3782.00000", "2011-12-31": "3798.00000", "2011-09-30": "3814.00000", "2011-06-30": "3830.00000", "2011-03-31": "3847.00000", "2010-12-31": "3867.00000", "2010-09-30": "3887.00000", "2010-06-30": "3908.00000", "2010-03-31": "3929.00000", "2009-12-31": "3953.00000", "2009-09-30": "3977.00000", "2009-06-30": "4001.00000", "2009-03-31": "4024.00000", "2008-12-31": "4054.00000", "2008-09-30": "4082.00000", "2008-06-30": "4112.00000", "2008-03-31": "4144.00000", "2007-12-31": "4180.00000", "2007-09-30": "4214.00000", "2007-06-30": "4250.00000", "2007-03-31": "4357.00000", "2006-12-31": "4202.00000", "2006-09-30": "4243.00000", "2006-06-30": "4280.00000", "2006-03-31": "4328.00000", "2005-12-31": "4359.00000", "2005-09-30": "4409.00000", "2005-06-30": "4484.00000", "2005-03-31": "4588.00000"}, "Other Long-Term Assets": {"2020-12-31": "3173.00000", "2020-09-30": "3226.00000", "2020-06-30": "3095.00000", "2020-03-31": "3113.00000", "2019-12-31": "3130.00000", "2019-09-30": "3216.00000", "2019-06-30": "3315.00000", "2019-03-31": "3212.00000", "2018-12-31": "2872.00000", "2018-09-30": "3024.00000", "2018-06-30": "2854.00000", "2018-03-31": "2788.00000", "2017-12-31": "2864.00000", "2017-09-30": "2604.00000", "2017-06-30": "2443.00000", "2017-03-31": "2443.00000", "2016-12-31": "2377.00000", "2016-09-30": "2366.00000", "2016-06-30": "2384.00000", "2016-03-31": "2408.00000", "2015-12-31": "2318.00000", "2015-09-30": "2403.00000", "2015-06-30": "2493.00000", "2015-03-31": "2511.00000", "2014-12-31": "2377.00000", "2014-09-30": "2542.00000", "2014-06-30": "2778.00000", "2014-03-31": "2567.00000", "2013-12-31": "2565.00000", "2013-09-30": "2229.00000", "2013-06-30": "2293.00000", "2013-03-31": "2287.00000", "2012-12-31": "2234.00000", "2012-09-30": "2259.00000", "2012-06-30": "2418.00000", "2012-03-31": "2266.00000", "2011-12-31": "2402.00000", "2011-09-30": "2658.00000", "2011-06-30": "2641.00000", "2011-03-31": "2245.00000", "2010-12-31": "2154.00000", "2010-09-30": "2416.00000", "2010-06-30": "2193.00000", "2010-03-31": "2243.00000", "2009-12-31": "2132.00000", "2009-09-30": "2180.00000", "2009-06-30": "2202.00000", "2009-03-31": "2156.00000", "2008-12-31": "2570.00000", "2008-09-30": "3048.00000", "2008-06-30": "2354.00000", "2008-03-31": "2324.00000", "2007-12-31": "2476.00000", "2007-09-30": "2692.00000", "2007-06-30": "2532.00000", "2007-03-31": "2513.00000", "2006-12-31": "2587.00000", "2006-09-30": "2889.00000", "2006-06-30": "2798.00000", "2006-03-31": "2906.00000", "2005-12-31": "3318.00000", "2005-09-30": "2668.00000", "2005-06-30": "2945.00000", "2005-03-31": "2811.00000"}, "Total Long-Term Assets": {"2020-12-31": "94850.00000", "2020-09-30": "94010.00000", "2020-06-30": "90903.00000", "2020-03-31": "86874.00000", "2019-12-31": "88196.00000", "2019-09-30": "87790.00000", "2019-06-30": "85985.00000", "2019-03-31": "84915.00000", "2018-12-31": "82621.00000", "2018-09-30": "82476.00000", "2018-06-30": "81536.00000", "2018-03-31": "81833.00000", "2017-12-31": "82360.00000", "2017-09-30": "82875.00000", "2017-06-30": "81481.00000", "2017-03-31": "80373.00000", "2016-12-31": "79731.00000", "2016-09-30": "81747.00000", "2016-06-30": "81297.00000", "2016-03-31": "80447.00000", "2015-12-31": "79427.00000", "2015-09-30": "81079.00000", "2015-06-30": "80363.00000", "2015-03-31": "81487.00000", "2014-12-31": "82106.00000", "2014-09-30": "83222.00000", "2014-06-30": "83270.00000", "2014-03-31": "82770.00000", "2013-12-31": "82551.00000", "2013-09-30": "81268.00000", "2013-06-30": "80076.00000", "2013-03-31": "81584.00000", "2012-12-31": "82362.00000", "2012-09-30": "83072.00000", "2012-06-30": "81722.00000", "2012-03-31": "81810.00000", "2011-12-31": "81462.00000", "2011-09-30": "82730.00000", "2011-06-30": "82200.00000", "2011-03-31": "81377.00000", "2010-12-31": "81809.00000", "2010-09-30": "83631.00000", "2010-06-30": "82201.00000", "2010-03-31": "83317.00000", "2009-12-31": "84305.00000", "2009-09-30": "85502.00000", "2009-06-30": "83704.00000", "2009-03-31": "82489.00000", "2008-12-31": "81924.00000", "2008-09-30": "82965.00000", "2008-06-30": "83858.00000", "2008-03-31": "84289.00000", "2007-12-31": "85351.00000", "2007-09-30": "84727.00000", "2007-06-30": "83498.00000", "2007-03-31": "83764.00000", "2006-12-31": "83035.00000", "2006-09-30": "83389.00000", "2006-06-30": "81534.00000", "2006-03-31": "80659.00000", "2005-12-31": "80314.00000", "2005-09-30": "80180.00000", "2005-06-30": "79086.00000", "2005-03-31": "78526.00000"}, "Total Assets": {"2020-12-31": "116764.00000", "2020-09-30": "116384.00000", "2020-06-30": "113337.00000", "2020-03-31": "109436.00000", "2019-12-31": "110122.00000", "2019-09-30": "110241.00000", "2019-06-30": "108572.00000", "2019-03-31": "107246.00000", "2018-12-31": "104233.00000", "2018-09-30": "104390.00000", "2018-06-30": "103523.00000", "2018-03-31": "103676.00000", "2017-12-31": "103483.00000", "2017-09-30": "104311.00000", "2017-06-30": "102669.00000", "2017-03-31": "101246.00000", "2016-12-31": "100245.00000", "2016-09-30": "102787.00000", "2016-06-30": "102446.00000", "2016-03-31": "101680.00000", "2015-12-31": "100184.00000", "2015-09-30": "102110.00000", "2015-06-30": "101664.00000", "2015-03-31": "102691.00000", "2014-12-31": "103078.00000", "2014-09-30": "104522.00000", "2014-06-30": "104811.00000", "2014-03-31": "104134.00000", "2013-12-31": "103812.00000", "2013-09-30": "102685.00000", "2013-06-30": "101900.00000", "2013-03-31": "103897.00000", "2012-12-31": "104938.00000", "2012-09-30": "105445.00000", "2012-06-30": "104330.00000", "2012-03-31": "104866.00000", "2011-12-31": "104575.00000", "2011-09-30": "106933.00000", "2011-06-30": "106468.00000", "2011-03-31": "105252.00000", "2010-12-31": "105656.00000", "2010-09-30": "108154.00000", "2010-06-30": "107023.00000", "2010-03-31": "108696.00000", "2009-12-31": "109560.00000", "2009-09-30": "112617.00000", "2009-06-30": "111326.00000", "2009-03-31": "110467.00000", "2008-12-31": "109632.00000", "2008-09-30": "112695.00000", "2008-06-30": "113625.00000", "2008-03-31": "114144.00000", "2007-12-31": "115224.00000", "2007-09-30": "115644.00000", "2007-06-30": "115361.00000", "2007-03-31": "114121.00000", "2006-12-31": "115292.00000", "2006-09-30": "115498.00000", "2006-06-30": "113886.00000", "2006-03-31": "113376.00000", "2005-12-31": "113187.00000", "2005-09-30": "113442.00000", "2005-06-30": "111804.00000", "2005-03-31": "111534.00000"}, "Total Current Liabilities": {"2020-12-31": "74360.00000", "2020-09-30": "74883.00000", "2020-06-30": "73210.00000", "2020-03-31": "72186.00000", "2019-12-31": "71435.00000", "2019-09-30": "71899.00000", "2019-06-30": "70978.00000", "2019-03-31": "70286.00000", "2018-12-31": "69297.00000", "2018-09-30": "69714.00000", "2018-06-30": "68942.00000", "2018-03-31": "68567.00000", "2017-12-31": "67614.00000", "2017-09-30": "68177.00000", "2017-06-30": "66690.00000", "2017-03-31": "66231.00000", "2016-12-31": "65160.00000", "2016-09-30": "65885.00000", "2016-06-30": "65415.00000", "2016-03-31": "65828.00000", "2015-12-31": "64936.00000", "2015-09-30": "65709.00000", "2015-06-30": "65887.00000", "2015-03-31": "65829.00000", "2014-12-31": "66387.00000", "2014-09-30": "67441.00000", "2014-06-30": "67713.00000", "2014-03-31": "67236.00000", "2013-12-31": "67371.00000", "2013-09-30": "65757.00000", "2013-06-30": "66020.00000", "2013-03-31": "66707.00000", "2012-12-31": "67315.00000", "2012-09-30": "67247.00000", "2012-06-30": "67558.00000", "2012-03-31": "67979.00000", "2011-12-31": "68069.00000", "2011-09-30": "69733.00000", "2011-06-30": "69714.00000", "2011-03-31": "68340.00000", "2010-12-31": "68277.00000", "2010-09-30": "69315.00000", "2010-06-30": "69425.00000", "2010-03-31": "70254.00000", "2009-12-31": "70331.00000", "2009-09-30": "72277.00000", "2009-06-30": "72614.00000", "2009-03-31": "72618.00000", "2008-12-31": "72558.00000", "2008-09-30": "76047.00000", "2008-06-30": "75925.00000", "2008-03-31": "76106.00000", "2007-12-31": "76241.00000", "2007-09-30": "77158.00000", "2007-06-30": "77484.00000", "2007-03-31": "76055.00000", "2006-12-31": "77755.00000", "2006-09-30": "77790.00000", "2006-06-30": "77760.00000", "2006-03-31": "78253.00000", "2005-12-31": "78253.00000", "2005-09-30": "78316.00000", "2005-06-30": "75746.00000", "2005-03-31": "76592.00000"}, "Long Term Debt": {"2020-12-31": "6550.00000", "2020-09-30": "7050.00000", "2020-06-30": "7049.00000", "2020-03-31": "6559.00000", "2019-12-31": "6558.00000", "2019-09-30": "6558.00000", "2019-06-30": "6558.00000", "2019-03-31": "7057.00000", "2018-12-31": "6564.00000", "2018-09-30": "6564.00000", "2018-06-30": "6464.00000", "2018-03-31": "6963.00000", "2017-12-31": "6571.00000", "2017-09-30": "6921.00000", "2017-06-30": "6920.00000", "2017-03-31": "6438.00000", "2016-12-31": "6437.00000", "2016-09-30": "6436.00000", "2016-06-30": "6436.00000", "2016-03-31": "6344.00000", "2015-12-31": "6344.00000", "2015-09-30": "6743.00000", "2015-06-30": "6350.00000", "2015-03-31": "6349.00000", "2014-12-31": "6349.00000", "2014-09-30": "6348.00000", "2014-06-30": "6347.00000", "2014-03-31": "6347.00000", "2013-12-31": "6346.00000", "2013-09-30": "6346.00000", "2013-06-30": "5852.00000", "2013-03-31": "5851.00000", "2012-12-31": "6350.00000", "2012-09-30": "6350.00000", "2012-06-30": "6349.00000", "2012-03-31": "6606.00000", "2011-12-31": "6605.00000", "2011-09-30": "6604.00000", "2011-06-30": "6604.00000", "2011-03-31": "6611.00000", "2010-12-31": "6611.00000", "2010-09-30": "6252.00000", "2010-06-30": "6276.00000", "2010-03-31": "6525.00000", "2009-12-31": "6527.00000", "2009-09-30": "6528.00000", "2009-06-30": "6532.00000", "2009-03-31": "6039.00000", "2008-12-31": "6181.00000", "2008-09-30": "6331.00000", "2008-06-30": "6336.00000", "2008-03-31": "5841.00000", "2007-12-31": "6242.00000", "2007-09-30": "6243.00000", "2007-06-30": "6733.00000", "2007-03-31": "6123.00000", "2006-12-31": "5760.00000", "2006-09-30": "6569.00000", "2006-06-30": "6618.00000", "2006-03-31": "5839.00000", "2005-12-31": "5850.00000", "2005-09-30": "5753.00000", "2005-06-30": "5802.00000", "2005-03-31": "6295.00000"}, "Other Non-Current Liabilities": {"2020-12-31": "6095.00000", "2020-09-30": "6154.00000", "2020-06-30": "5726.00000", "2020-03-31": "5487.00000", "2019-12-31": "6049.00000", "2019-09-30": "5989.00000", "2019-06-30": "5628.00000", "2019-03-31": "5563.00000", "2018-12-31": "5478.00000", "2018-09-30": "5652.00000", "2018-06-30": "5494.00000", "2018-03-31": "5167.00000", "2017-12-31": "5567.00000", "2017-09-30": "5475.00000", "2017-06-30": "5201.00000", "2017-03-31": "4965.00000", "2016-12-31": "5427.00000", "2016-09-30": "5856.00000", "2016-06-30": "5511.00000", "2016-03-31": "5260.00000", "2015-12-31": "5306.00000", "2015-09-30": "5625.00000", "2015-06-30": "5306.00000", "2015-03-31": "5540.00000", "2014-12-31": "5506.00000", "2014-09-30": "5290.00000", "2014-06-30": "4980.00000", "2014-03-31": "5110.00000", "2013-12-31": "5299.00000", "2013-09-30": "5771.00000", "2013-06-30": "5138.00000", "2013-03-31": "5391.00000", "2012-12-31": "5530.00000", "2012-09-30": "5456.00000", "2012-06-30": "5180.00000", "2012-03-31": "5289.00000", "2011-12-31": "5424.00000", "2011-09-30": "5333.00000", "2011-06-30": "5142.00000", "2011-03-31": "5058.00000", "2010-12-31": "5293.00000", "2010-09-30": "5230.00000", "2010-06-30": "5036.00000", "2010-03-31": "5246.00000", "2009-12-31": "5287.00000", "2009-09-30": "5652.00000", "2009-06-30": "5260.00000", "2009-03-31": "5313.00000", "2008-12-31": "5574.00000", "2008-09-30": "5596.00000", "2008-06-30": "5441.00000", "2008-03-31": "5809.00000", "2007-12-31": "6125.00000", "2007-09-30": "5936.00000", "2007-06-30": "5822.00000", "2007-03-31": "6586.00000", "2006-12-31": "6642.00000", "2006-09-30": "6392.00000", "2006-06-30": "6456.00000", "2006-03-31": "6447.00000", "2005-12-31": "6781.00000", "2005-09-30": "6965.00000", "2005-06-30": "7887.00000", "2005-03-31": "7131.00000"}, "Total Long Term Liabilities": {"2020-12-31": "13203.00000", "2020-09-30": "13652.00000", "2020-06-30": "13184.00000", "2020-03-31": "12046.00000", "2019-12-31": "12744.00000", "2019-09-30": "12735.00000", "2019-06-30": "12273.00000", "2019-03-31": "12620.00000", "2018-12-31": "12042.00000", "2018-09-30": "12216.00000", "2018-06-30": "11958.00000", "2018-03-31": "12130.00000", "2017-12-31": "12138.00000", "2017-09-30": "12396.00000", "2017-06-30": "12121.00000", "2017-03-31": "11403.00000", "2016-12-31": "11864.00000", "2016-09-30": "12463.00000", "2016-06-30": "12317.00000", "2016-03-31": "11686.00000", "2015-12-31": "11650.00000", "2015-09-30": "12368.00000", "2015-06-30": "11656.00000", "2015-03-31": "12015.00000", "2014-12-31": "11855.00000", "2014-09-30": "11760.00000", "2014-06-30": "11566.00000", "2014-03-31": "11511.00000", "2013-12-31": "11645.00000", "2013-09-30": "12117.00000", "2013-06-30": "10990.00000", "2013-03-31": "11594.00000", "2012-12-31": "12218.00000", "2012-09-30": "12293.00000", "2012-06-30": "11723.00000", "2012-03-31": "12015.00000", "2011-12-31": "12029.00000", "2011-09-30": "12028.00000", "2011-06-30": "11746.00000", "2011-03-31": "11669.00000", "2010-12-31": "11904.00000", "2010-09-30": "11544.00000", "2010-06-30": "11312.00000", "2010-03-31": "11771.00000", "2009-12-31": "11814.00000", "2009-09-30": "12180.00000", "2009-06-30": "11792.00000", "2009-03-31": "11352.00000", "2008-12-31": "11755.00000", "2008-09-30": "11927.00000", "2008-06-30": "11777.00000", "2008-03-31": "11650.00000", "2007-12-31": "12367.00000", "2007-09-30": "12179.00000", "2007-06-30": "12555.00000", "2007-03-31": "12709.00000", "2006-12-31": "12402.00000", "2006-09-30": "12961.00000", "2006-06-30": "13074.00000", "2006-03-31": "12286.00000", "2005-12-31": "12631.00000", "2005-09-30": "12718.00000", "2005-06-30": "13689.00000", "2005-03-31": "14210.00000"}, "Total Liabilities": {"2020-12-31": "87563.00000", "2020-09-30": "88535.00000", "2020-06-30": "86394.00000", "2020-03-31": "84232.00000", "2019-12-31": "84179.00000", "2019-09-30": "84634.00000", "2019-06-30": "83251.00000", "2019-03-31": "82906.00000", "2018-12-31": "81339.00000", "2018-09-30": "81930.00000", "2018-06-30": "80900.00000", "2018-03-31": "80697.00000", "2017-12-31": "79752.00000", "2017-09-30": "80573.00000", "2017-06-30": "78811.00000", "2017-03-31": "77634.00000", "2016-12-31": "77024.00000", "2016-09-30": "78348.00000", "2016-06-30": "77732.00000", "2016-03-31": "77514.00000", "2015-12-31": "76586.00000", "2015-09-30": "78077.00000", "2015-06-30": "77543.00000", "2015-03-31": "77844.00000", "2014-12-31": "78242.00000", "2014-09-30": "79201.00000", "2014-06-30": "79279.00000", "2014-03-31": "78747.00000", "2013-12-31": "79016.00000", "2013-09-30": "77874.00000", "2013-06-30": "77010.00000", "2013-03-31": "78301.00000", "2012-12-31": "79533.00000", "2012-09-30": "79540.00000", "2012-06-30": "79281.00000", "2012-03-31": "79994.00000", "2011-12-31": "80098.00000", "2011-09-30": "81761.00000", "2011-06-30": "81460.00000", "2011-03-31": "80009.00000", "2010-12-31": "80181.00000", "2010-09-30": "80859.00000", "2010-06-30": "80737.00000", "2010-03-31": "82025.00000", "2009-12-31": "82145.00000", "2009-09-30": "84457.00000", "2009-06-30": "84406.00000", "2009-03-31": "83970.00000", "2008-12-31": "84313.00000", "2008-09-30": "87974.00000", "2008-06-30": "87702.00000", "2008-03-31": "87756.00000", "2007-12-31": "88608.00000", "2007-09-30": "89337.00000", "2007-06-30": "90039.00000", "2007-03-31": "88764.00000", "2006-12-31": "90157.00000", "2006-09-30": "90751.00000", "2006-06-30": "90834.00000", "2006-03-31": "90539.00000", "2005-12-31": "90884.00000", "2005-09-30": "91034.00000", "2005-06-30": "89435.00000", "2005-03-31": "90802.00000"}, "Common Stock Net": {"2020-12-31": "23743.00000", "2020-09-30": "23646.00000", "2020-06-30": "23606.00000", "2020-03-31": "23542.00000", "2019-12-31": "23469.00000", "2019-09-30": "23432.00000", "2019-06-30": "23372.00000", "2019-03-31": "23243.00000", "2018-12-31": "23144.00000", "2018-09-30": "23089.00000", "2018-06-30": "23040.00000", "2018-03-31": "22995.00000", "2017-12-31": "22886.00000", "2017-09-30": "22836.00000", "2017-06-30": "22781.00000", "2017-03-31": "22724.00000", "2016-12-31": "22614.00000", "2016-09-30": "22419.00000", "2016-06-30": "22349.00000", "2016-03-31": "22269.00000", "2015-12-31": "22172.00000", "2015-09-30": "22099.00000", "2015-06-30": "22039.00000", "2015-03-31": "21982.00000", "2014-12-31": "21843.00000", "2014-09-30": "21764.00000", "2014-06-30": "21694.00000", "2014-03-31": "21603.00000", "2013-12-31": "21500.00000", "2013-09-30": "21425.00000", "2013-06-30": "21367.00000", "2013-03-31": "21300.00000", "2012-12-31": "21161.00000", "2012-09-30": "21085.00000", "2012-06-30": "20970.00000", "2012-03-31": "20851.00000", "2011-12-31": "20732.00000", "2011-09-30": "20664.00000", "2011-06-30": "20607.00000", "2011-03-31": "20370.00000", "2010-12-31": "20162.00000", "2010-09-30": "19980.00000", "2010-06-30": "19884.00000", "2010-03-31": "19762.00000", "2009-12-31": "19593.00000", "2009-09-30": "19433.00000", "2009-06-30": "19353.00000", "2009-03-31": "19290.00000", "2008-12-31": "19242.00000", "2008-09-30": "19196.00000", "2008-06-30": "19137.00000", "2008-03-31": "19052.00000", "2007-12-31": "18990.00000", "2007-09-30": "18916.00000", "2007-06-30": "18839.00000", "2007-03-31": "18634.00000", "2006-12-31": "18530.00000", "2006-09-30": "18328.00000", "2006-06-30": "18259.00000", "2006-03-31": "18192.00000", "2005-12-31": "18096.00000", "2005-09-30": "18119.00000", "2005-06-30": "17586.00000", "2005-03-31": "17538.00000"}, "Retained Earnings (Accumulated Deficit)": {"2020-12-31": "38771.00000", "2020-09-30": "37679.00000", "2020-06-30": "37069.00000", "2020-03-31": "37325.00000", "2019-12-31": "36977.00000", "2019-09-30": "36317.00000", "2019-06-30": "36135.00000", "2019-03-31": "35795.00000", "2018-12-31": "35204.00000", "2018-09-30": "34799.00000", "2018-06-30": "34296.00000", "2018-03-31": "33981.00000", "2017-12-31": "33462.00000", "2017-09-30": "33110.00000", "2017-06-30": "33016.00000", "2017-03-31": "32623.00000", "2016-12-31": "32196.00000", "2016-09-30": "31443.00000", "2016-06-30": "30921.00000", "2016-03-31": "30454.00000", "2015-12-31": "29945.00000", "2015-09-30": "29263.00000", "2015-06-30": "28524.00000", "2015-03-31": "27906.00000", "2014-12-31": "27251.00000", "2014-09-30": "26394.00000", "2014-06-30": "25662.00000", "2014-03-31": "25167.00000", "2013-12-31": "24291.00000", "2013-09-30": "23485.00000", "2013-06-30": "22806.00000", "2013-03-31": "22072.00000", "2012-12-31": "21352.00000", "2012-09-30": "21226.00000", "2012-06-30": "20541.00000", "2012-03-31": "20223.00000", "2011-12-31": "19579.00000", "2011-09-30": "19127.00000", "2011-06-30": "18966.00000", "2011-03-31": "19538.00000", "2010-12-31": "18847.00000", "2010-09-30": "18118.00000", "2010-06-30": "17285.00000", "2010-03-31": "16792.00000", "2009-12-31": "16315.00000", "2009-09-30": "15208.00000", "2009-06-30": "14442.00000", "2009-03-31": "13805.00000", "2008-12-31": "13314.00000", "2008-09-30": "12690.00000", "2008-06-30": "12655.00000", "2008-03-31": "11896.00000", "2007-12-31": "11110.00000", "2007-09-30": "10235.00000", "2007-06-30": "9228.00000", "2007-03-31": "8167.00000", "2006-12-31": "7253.00000", "2006-09-30": "6245.00000", "2006-06-30": "5382.00000", "2006-03-31": "4594.00000", "2005-12-31": "3750.00000", "2005-09-30": "3733.00000", "2005-06-30": "3732.00000", "2005-03-31": "2818.00000"}, "Comprehensive Income": {"2020-12-31": "2502.00000", "2020-09-30": "2138.00000", "2020-06-30": "1882.00000", "2020-03-31": "-49.00000", "2019-12-31": "640.00000", "2019-09-30": "625.00000", "2019-06-30": "206.00000", "2019-03-31": "-682.00000", "2018-12-31": "-1859.00000", "2018-09-30": "-2003.00000", "2018-06-30": "-1688.00000", "2018-03-31": "-1322.00000", "2017-12-31": "-343.00000", "2017-09-30": "-285.00000", "2017-06-30": "-344.00000", "2017-03-31": "-615.00000", "2016-12-31": "-755.00000", "2016-09-30": "660.00000", "2016-06-30": "965.00000", "2016-03-31": "414.00000", "2015-12-31": "-157.00000", "2015-09-30": "32.00000", "2015-06-30": "169.00000", "2015-03-31": "769.00000", "2014-12-31": "880.00000", "2014-09-30": "1300.00000", "2014-06-30": "1562.00000", "2014-03-31": "1127.00000", "2013-12-31": "810.00000", "2013-09-30": "705.00000", "2013-06-30": "720.00000", "2013-03-31": "1926.00000", "2012-12-31": "2236.00000", "2012-09-30": "2536.00000", "2012-06-30": "2130.00000", "2012-03-31": "2039.00000", "2011-12-31": "2005.00000", "2011-09-30": "2032.00000", "2011-06-30": "1711.00000", "2011-03-31": "1272.00000", "2010-12-31": "1255.00000", "2010-09-30": "2372.00000", "2010-06-30": "1690.00000", "2010-03-31": "1271.00000", "2009-12-31": "1219.00000", "2009-09-30": "1657.00000", "2009-06-30": "258.00000", "2009-03-31": "-232.00000", "2008-12-31": "-900.00000", "2008-09-30": "-932.00000", "2008-06-30": "79.00000", "2008-03-31": "626.00000", "2007-12-31": "670.00000", "2007-09-30": "295.00000", "2007-06-30": "-220.00000", "2007-03-31": "417.00000", "2006-12-31": "452.00000", "2006-09-30": "486.00000", "2006-06-30": "-406.00000", "2006-03-31": "-25.00000", "2005-12-31": "351.00000", "2005-09-30": "538.00000", "2005-06-30": "1024.00000", "2005-03-31": "358.00000"}, "Other Share Holders Equity": {"2020-12-31": "", "2020-09-30": "", "2020-06-30": "", "2020-03-31": "", "2019-12-31": "", "2019-09-30": "", "2019-06-30": "", "2019-03-31": "", "2018-12-31": "", "2018-09-30": "", "2018-06-30": "", "2018-03-31": "", "2017-12-31": "", "2017-09-30": "", "2017-06-30": "", "2017-03-31": "", "2016-12-31": "", "2016-09-30": "", "2016-06-30": "", "2016-03-31": "", "2015-12-31": "", "2015-09-30": "", "2015-06-30": "", "2015-03-31": "", "2014-12-31": "", "2014-09-30": "", "2014-06-30": "", "2014-03-31": "", "2013-12-31": "", "2013-09-30": "", "2013-06-30": "", "2013-03-31": "", "2012-12-31": "", "2012-09-30": "", "2012-06-30": "", "2012-03-31": "", "2011-12-31": "", "2011-09-30": "", "2011-06-30": "", "2011-03-31": "", "2010-12-31": "", "2010-09-30": "", "2010-06-30": "", "2010-03-31": "", "2009-12-31": "", "2009-09-30": "", "2009-06-30": "", "2009-03-31": "", "2008-12-31": "", "2008-09-30": "", "2008-06-30": "", "2008-03-31": "", "2007-12-31": "", "2007-09-30": "", "2007-06-30": "", "2007-03-31": "", "2006-12-31": "", "2006-09-30": "", "2006-06-30": "", "2006-03-31": "", "2005-12-31": "", "2005-09-30": "", "2005-06-30": "", "2005-03-31": ""}, "Share Holder Equity": {"2020-12-31": "29201.00000", "2020-09-30": "27849.00000", "2020-06-30": "26943.00000", "2020-03-31": "25204.00000", "2019-12-31": "25943.00000", "2019-09-30": "25607.00000", "2019-06-30": "25321.00000", "2019-03-31": "24340.00000", "2018-12-31": "22894.00000", "2018-09-30": "22460.00000", "2018-06-30": "22623.00000", "2018-03-31": "22979.00000", "2017-12-31": "23731.00000", "2017-09-30": "23738.00000", "2017-06-30": "23858.00000", "2017-03-31": "23612.00000", "2016-12-31": "23221.00000", "2016-09-30": "24439.00000", "2016-06-30": "24714.00000", "2016-03-31": "24166.00000", "2015-12-31": "23598.00000", "2015-09-30": "24033.00000", "2015-06-30": "24121.00000", "2015-03-31": "24847.00000", "2014-12-31": "24836.00000", "2014-09-30": "25321.00000", "2014-06-30": "25532.00000", "2014-03-31": "25387.00000", "2013-12-31": "24796.00000", "2013-09-30": "24811.00000", "2013-06-30": "24890.00000", "2013-03-31": "25596.00000", "2012-12-31": "25405.00000", "2012-09-30": "25905.00000", "2012-06-30": "25049.00000", "2012-03-31": "24872.00000", "2011-12-31": "24477.00000", "2011-09-30": "25172.00000", "2011-06-30": "25008.00000", "2011-03-31": "25243.00000", "2010-12-31": "25475.00000", "2010-09-30": "27295.00000", "2010-06-30": "26286.00000", "2010-03-31": "26671.00000", "2009-12-31": "27415.00000", "2009-09-30": "28160.00000", "2009-06-30": "26920.00000", "2009-03-31": "26497.00000", "2008-12-31": "25319.00000", "2008-09-30": "24721.00000", "2008-06-30": "25923.00000", "2008-03-31": "26388.00000", "2007-12-31": "26616.00000", "2007-09-30": "26307.00000", "2007-06-30": "25322.00000", "2007-03-31": "25357.00000", "2006-12-31": "25135.00000", "2006-09-30": "24747.00000", "2006-06-30": "23052.00000", "2006-03-31": "22837.00000", "2005-12-31": "22303.00000", "2005-09-30": "22408.00000", "2005-06-30": "22369.00000", "2005-03-31": "20732.00000"}, "Total Liabilities And Share Holders Equity": {"2020-12-31": "116764.00000", "2020-09-30": "116384.00000", "2020-06-30": "113337.00000", "2020-03-31": "109436.00000", "2019-12-31": "110122.00000", "2019-09-30": "110241.00000", "2019-06-30": "108572.00000", "2019-03-31": "107246.00000", "2018-12-31": "104233.00000", "2018-09-30": "104390.00000", "2018-06-30": "103523.00000", "2018-03-31": "103676.00000", "2017-12-31": "103483.00000", "2017-09-30": "104311.00000", "2017-06-30": "102669.00000", "2017-03-31": "101246.00000", "2016-12-31": "100245.00000", "2016-09-30": "102787.00000", "2016-06-30": "102446.00000", "2016-03-31": "101680.00000", "2015-12-31": "100184.00000", "2015-09-30": "102110.00000", "2015-06-30": "101664.00000", "2015-03-31": "102691.00000", "2014-12-31": "103078.00000", "2014-09-30": "104522.00000", "2014-06-30": "104811.00000", "2014-03-31": "104134.00000", "2013-12-31": "103812.00000", "2013-09-30": "102685.00000", "2013-06-30": "101900.00000", "2013-03-31": "103897.00000", "2012-12-31": "104938.00000", "2012-09-30": "105445.00000", "2012-06-30": "104330.00000", "2012-03-31": "104866.00000", "2011-12-31": "104575.00000", "2011-09-30": "106933.00000", "2011-06-30": "106468.00000", "2011-03-31": "105252.00000", "2010-12-31": "105656.00000", "2010-09-30": "108154.00000", "2010-06-30": "107023.00000", "2010-03-31": "108696.00000", "2009-12-31": "109560.00000", "2009-09-30": "112617.00000", "2009-06-30": "111326.00000", "2009-03-31": "110467.00000", "2008-12-31": "109632.00000", "2008-09-30": "112695.00000", "2008-06-30": "113625.00000", "2008-03-31": "114144.00000", "2007-12-31": "115224.00000", "2007-09-30": "115644.00000", "2007-06-30": "115361.00000", "2007-03-31": "114121.00000", "2006-12-31": "115292.00000", "2006-09-30": "115498.00000", "2006-06-30": "113886.00000", "2006-03-31": "113376.00000", "2005-12-31": "113187.00000", "2005-09-30": "113442.00000", "2005-06-30": "111804.00000", "2005-03-31": "111534.00000"}}, "cash flow statement": {"Net Income/Loss": {"2020-12-31": "2697.00000", "2019-12-31": "2622.00000", "2018-12-31": "2523.00000", "2017-12-31": "2056.00000", "2016-12-31": "3014.00000", "2015-12-31": "3439.00000", "2014-12-31": "3692.00000", "2013-12-31": "3673.00000", "2012-12-31": "2473.00000", "2011-12-31": "1426.00000", "2010-12-31": "3216.00000", "2009-12-31": "3622.00000", "2008-12-31": "2924.00000", "2007-12-31": "4601.00000", "2006-12-31": "4208.00000", "2005-12-31": "1622.00000"}, "Total Depreciation And Amortization - Cash Flow": {"2020-12-31": "5562.00000", "2019-12-31": "5364.00000", "2018-12-31": "5184.00000", "2017-12-31": "4979.00000", "2016-12-31": "4811.00000", "2015-12-31": "4703.00000", "2014-12-31": "4746.00000", "2013-12-31": "4688.00000", "2012-12-31": "4737.00000", "2011-12-31": "4678.00000", "2010-12-31": "4614.00000", "2009-12-31": "4610.00000", "2008-12-31": "4701.00000", "2007-12-31": "4517.00000", "2006-12-31": "4147.00000", "2005-12-31": "3943.00000"}, "Other Non-Cash Items": {"2020-12-31": "-161.00000", "2019-12-31": "-397.00000", "2018-12-31": "-492.00000", "2017-12-31": "-276.00000", "2016-12-31": "-190.00000", "2015-12-31": "-104.00000", "2014-12-31": "-444.00000", "2013-12-31": "-356.00000", "2012-12-31": "-170.00000", "2011-12-31": "-273.00000", "2010-12-31": "-369.00000", "2009-12-31": "322.00000", "2008-12-31": "669.00000", "2007-12-31": "-494.00000", "2006-12-31": "-26.00000", "2005-12-31": "551.00000"}, "Total Non-Cash Items": {"2020-12-31": "5401.00000", "2019-12-31": "4967.00000", "2018-12-31": "4692.00000", "2017-12-31": "4703.00000", "2016-12-31": "4621.00000", "2015-12-31": "4599.00000", "2014-12-31": "4302.00000", "2013-12-31": "4332.00000", "2012-12-31": "4567.00000", "2011-12-31": "4405.00000", "2010-12-31": "4245.00000", "2009-12-31": "4932.00000", "2008-12-31": "5370.00000", "2007-12-31": "4023.00000", "2006-12-31": "4121.00000", "2005-12-31": "4494.00000"}, "Change In Accounts Receivable": {"2020-12-31": "-68.00000", "2019-12-31": "-227.00000", "2018-12-31": "-493.00000", "2017-12-31": "-378.00000", "2016-12-31": "324.00000", "2015-12-31": "87.00000", "2014-12-31": "193.00000", "2013-12-31": "1338.00000", "2012-12-31": "315.00000", "2011-12-31": "572.00000", "2010-12-31": "1274.00000", "2009-12-31": "1780.00000", "2008-12-31": "1494.00000", "2007-12-31": "2168.00000", "2006-12-31": "1941.00000", "2005-12-31": "-443.00000"}, "Change In Inventories": {"2020-12-31": "", "2019-12-31": "", "2018-12-31": "", "2017-12-31": "", "2016-12-31": "", "2015-12-31": "", "2014-12-31": "", "2013-12-31": "", "2012-12-31": "", "2011-12-31": "", "2010-12-31": "", "2009-12-31": "", "2008-12-31": "", "2007-12-31": "", "2006-12-31": "6.00000", "2005-12-31": "6.00000"}, "Change In Accounts Payable": {"2020-12-31": "592.00000", "2019-12-31": "1008.00000", "2018-12-31": "710.00000", "2017-12-31": "521.00000", "2016-12-31": "372.00000", "2015-12-31": "248.00000", "2014-12-31": "73.00000", "2013-12-31": "27.00000", "2012-12-31": "123.00000", "2011-12-31": "188.00000", "2010-12-31": "63.00000", "2009-12-31": "-96.00000", "2008-12-31": "-270.00000", "2007-12-31": "103.00000", "2006-12-31": "300.00000", "2005-12-31": "-383.00000"}, "Change In Assets/Liabilities": {"2020-12-31": "-2232.00000", "2019-12-31": "-3700.00000", "2018-12-31": "-3242.00000", "2017-12-31": "-2797.00000", "2016-12-31": "-4318.00000", "2015-12-31": "-4995.00000", "2014-12-31": "-4630.00000", "2013-12-31": "-5816.00000", "2012-12-31": "-4454.00000", "2011-12-31": "-4035.00000", "2010-12-31": "-5797.00000", "2009-12-31": "-5393.00000", "2008-12-31": "-5878.00000", "2007-12-31": "-5335.00000", "2006-12-31": "-5992.00000", "2005-12-31": "-1188.00000"}, "Total Change In Assets/Liabilities": {"2020-12-31": "-1708.00000", "2019-12-31": "-2919.00000", "2018-12-31": "-3025.00000", "2017-12-31": "-2654.00000", "2016-12-31": "-3622.00000", "2015-12-31": "-4660.00000", "2014-12-31": "-4364.00000", "2013-12-31": "-4451.00000", "2012-12-31": "-4016.00000", "2011-12-31": "-3275.00000", "2010-12-31": "-4460.00000", "2009-12-31": "-3709.00000", "2008-12-31": "-4654.00000", "2007-12-31": "-3064.00000", "2006-12-31": "-3745.00000", "2005-12-31": "-2008.00000"}, "Cash Flow From Operating Activities": {"2020-12-31": "6519.00000", "2019-12-31": "5205.00000", "2018-12-31": "4380.00000", "2017-12-31": "4148.00000", "2016-12-31": "4469.00000", "2015-12-31": "3434.00000", "2014-12-31": "3693.00000", "2013-12-31": "3816.00000", "2012-12-31": "3230.00000", "2011-12-31": "2169.00000", "2010-12-31": "3054.00000", "2009-12-31": "4231.00000", "2008-12-31": "3138.00000", "2007-12-31": "5286.00000", "2006-12-31": "4774.00000", "2005-12-31": "3613.00000"}, "Net Change In Property, Plant, And Equipment": {"2020-12-31": "-113.00000", "2019-12-31": "-107.00000", "2018-12-31": "-74.00000", "2017-12-31": "-59.00000", "2016-12-31": "-48.00000", "2015-12-31": "-123.00000", "2014-12-31": "-33.00000", "2013-12-31": "-107.00000", "2012-12-31": "-95.00000", "2011-12-31": "-66.00000", "2010-12-31": "-21.00000", "2009-12-31": "-15.00000", "2008-12-31": "-13.00000", "2007-12-31": "-63.00000", "2006-12-31": "-75.00000", "2005-12-31": "-12.00000"}, "Net Change In Intangible Assets": {"2020-12-31": "", "2019-12-31": "", "2018-12-31": "", "2017-12-31": "", "2016-12-31": "", "2015-12-31": "", "2014-12-31": "", "2013-12-31": "", "2012-12-31": "", "2011-12-31": "", "2010-12-31": "", "2009-12-31": "", "2008-12-31": "", "2007-12-31": "", "2006-12-31": "", "2005-12-31": ""}, "Net Acquisitions/Divestitures": {"2020-12-31": "", "2019-12-31": "", "2018-12-31": "-4.00000", "2017-12-31": "-439.00000", "2016-12-31": "", "2015-12-31": "-13.00000", "2014-12-31": "-12.00000", "2013-12-31": "-997.00000", "2012-12-31": "", "2011-12-31": "", "2010-12-31": "", "2009-12-31": "", "2008-12-31": "", "2007-12-31": "", "2006-12-31": "", "2005-12-31": ""}, "Net Change In Short-term Investments": {"2020-12-31": "-566.00000", "2019-12-31": "-957.00000", "2018-12-31": "908.00000", "2017-12-31": "-26.00000", "2016-12-31": "-199.00000", "2015-12-31": "-326.00000", "2014-12-31": "-498.00000", "2013-12-31": "111.00000", "2012-12-31": "117.00000", "2011-12-31": "2018.00000", "2010-12-31": "-699.00000", "2009-12-31": "370.00000", "2008-12-31": "-406.00000", "2007-12-31": "-562.00000", "2006-12-31": "-85.00000", "2005-12-31": "142.00000"}, "Net Change In Long-Term Investments": {"2020-12-31": "-3836.00000", "2019-12-31": "-1671.00000", "2018-12-31": "-2785.00000", "2017-12-31": "-1390.00000", "2016-12-31": "-1121.00000", "2015-12-31": "1196.00000", "2014-12-31": "1025.00000", "2013-12-31": "435.00000", "2012-12-31": "-648.00000", "2011-12-31": "-429.00000", "2010-12-31": "3177.00000", "2009-12-31": "-1323.00000", "2008-12-31": "620.00000", "2007-12-31": "-1400.00000", "2006-12-31": "-3026.00000", "2005-12-31": "-4838.00000"}, "Net Change In Investments - Total": {"2020-12-31": "-4402.00000", "2019-12-31": "-2628.00000", "2018-12-31": "-1877.00000", "2017-12-31": "-1416.00000", "2016-12-31": "-1320.00000", "2015-12-31": "870.00000", "2014-12-31": "527.00000", "2013-12-31": "546.00000", "2012-12-31": "-531.00000", "2011-12-31": "1589.00000", "2010-12-31": "2478.00000", "2009-12-31": "-953.00000", "2008-12-31": "214.00000", "2007-12-31": "-1962.00000", "2006-12-31": "-3111.00000", "2005-12-31": "-4696.00000"}, "Investing Activities - Other": {"2020-12-31": "-377.00000", "2019-12-31": "-167.00000", "2018-12-31": "-374.00000", "2017-12-31": "-288.00000", "2016-12-31": "-359.00000", "2015-12-31": "-417.00000", "2014-12-31": "-276.00000", "2013-12-31": "-352.00000", "2012-12-31": "-346.00000", "2011-12-31": "-371.00000", "2010-12-31": "-348.00000", "2009-12-31": "69.00000", "2008-12-31": "-363.00000", "2007-12-31": "-501.00000", "2006-12-31": "122.00000", "2005-12-31": "-747.00000"}, "Cash Flow From Investing Activities": {"2020-12-31": "-4892.00000", "2019-12-31": "-2902.00000", "2018-12-31": "-2329.00000", "2017-12-31": "-2202.00000", "2016-12-31": "-1727.00000", "2015-12-31": "317.00000", "2014-12-31": "206.00000", "2013-12-31": "-910.00000", "2012-12-31": "-972.00000", "2011-12-31": "1152.00000", "2010-12-31": "2109.00000", "2009-12-31": "-899.00000", "2008-12-31": "-162.00000", "2007-12-31": "-2526.00000", "2006-12-31": "-3064.00000", "2005-12-31": "-5455.00000"}, "Net Long-Term Debt": {"2020-12-31": "-10.00000", "2019-12-31": "-8.00000", "2018-12-31": "-9.00000", "2017-12-31": "132.00000", "2016-12-31": "91.00000", "2015-12-31": "-8.00000", "2014-12-31": "", "2013-12-31": "-6.00000", "2012-12-31": "-258.00000", "2011-12-31": "-8.00000", "2010-12-31": "74.00000", "2009-12-31": "351.00000", "2008-12-31": "-56.00000", "2007-12-31": "505.00000", "2006-12-31": "-20.00000", "2005-12-31": "-415.00000"}, "Net Current Debt": {"2020-12-31": "", "2019-12-31": "", "2018-12-31": "", "2017-12-31": "", "2016-12-31": "", "2015-12-31": "", "2014-12-31": "", "2013-12-31": "", "2012-12-31": "", "2011-12-31": "", "2010-12-31": "", "2009-12-31": "", "2008-12-31": "", "2007-12-31": "", "2006-12-31": "", "2005-12-31": ""}, "Debt Issuance/Retirement Net - Total": {"2020-12-31": "-10.00000", "2019-12-31": "-8.00000", "2018-12-31": "-9.00000", "2017-12-31": "132.00000", "2016-12-31": "91.00000", "2015-12-31": "-8.00000", "2014-12-31": "", "2013-12-31": "-6.00000", "2012-12-31": "-258.00000", "2011-12-31": "-8.00000", "2010-12-31": "74.00000", "2009-12-31": "351.00000", "2008-12-31": "-56.00000", "2007-12-31": "505.00000", "2006-12-31": "-20.00000", "2005-12-31": "-415.00000"}, "Net Common Equity Issued/Repurchased": {"2020-12-31": "-545.00000", "2019-12-31": "-1335.00000", "2018-12-31": "-1189.00000", "2017-12-31": "-1267.00000", "2016-12-31": "-2140.00000", "2015-12-31": "-3041.00000", "2014-12-31": "-3137.00000", "2013-12-31": "-2255.00000", "2012-12-31": "-1232.00000", "2011-12-31": "-2651.00000", "2010-12-31": "-4630.00000", "2009-12-31": "-3108.00000", "2008-12-31": "-2107.00000", "2007-12-31": "-2741.00000", "2006-12-31": "-904.00000", "2005-12-31": "573.00000"}, "Net Total Equity Issued/Repurchased": {"2020-12-31": "-545.00000", "2019-12-31": "-1335.00000", "2018-12-31": "-1189.00000", "2017-12-31": "-1267.00000", "2016-12-31": "-2140.00000", "2015-12-31": "-3041.00000", "2014-12-31": "-3137.00000", "2013-12-31": "-2255.00000", "2012-12-31": "-1232.00000", "2011-12-31": "-2651.00000", "2010-12-31": "-4630.00000", "2009-12-31": "-3108.00000", "2008-12-31": "-2107.00000", "2007-12-31": "-2741.00000", "2006-12-31": "-904.00000", "2005-12-31": "573.00000"}, "Total Common And Preferred Stock Dividends Paid": {"2020-12-31": "-861.00000", "2019-12-31": "-844.00000", "2018-12-31": "-814.00000", "2017-12-31": "-785.00000", "2016-12-31": "-757.00000", "2015-12-31": "-739.00000", "2014-12-31": "-729.00000", "2013-12-31": "-729.00000", "2012-12-31": "-694.00000", "2011-12-31": "-665.00000", "2010-12-31": "-673.00000", "2009-12-31": "-693.00000", "2008-12-31": "-715.00000", "2007-12-31": "-742.00000", "2006-12-31": "-702.00000", "2005-12-31": "-628.00000"}, "Financial Activities - Other": {"2020-12-31": "", "2019-12-31": "", "2018-12-31": "", "2017-12-31": "", "2016-12-31": "", "2015-12-31": "55.00000", "2014-12-31": "57.00000", "2013-12-31": "51.00000", "2012-12-31": "38.00000", "2011-12-31": "18.00000", "2010-12-31": "8.00000", "2009-12-31": "8.00000", "2008-12-31": "10.00000", "2007-12-31": "25.00000", "2006-12-31": "33.00000", "2005-12-31": "1.00000"}, "Cash Flow From Financial Activities": {"2020-12-31": "-1416.00000", "2019-12-31": "-2187.00000", "2018-12-31": "-2012.00000", "2017-12-31": "-1920.00000", "2016-12-31": "-2806.00000", "2015-12-31": "-3733.00000", "2014-12-31": "-3809.00000", "2013-12-31": "-2939.00000", "2012-12-31": "-2146.00000", "2011-12-31": "-3306.00000", "2010-12-31": "-5221.00000", "2009-12-31": "-3442.00000", "2008-12-31": "-2868.00000", "2007-12-31": "-2953.00000", "2006-12-31": "-1593.00000", "2005-12-31": "-469.00000"}, "Net Cash Flow": {"2020-12-31": "227.00000", "2019-12-31": "121.00000", "2018-12-31": "29.00000", "2017-12-31": "37.00000", "2016-12-31": "-73.00000", "2015-12-31": "6.00000", "2014-12-31": "80.00000", "2013-12-31": "-36.00000", "2012-12-31": "116.00000", "2011-12-31": "14.00000", "2010-12-31": "-55.00000", "2009-12-31": "-95.00000", "2008-12-31": "79.00000", "2007-12-31": "-188.00000", "2006-12-31": "122.00000", "2005-12-31": "75.00000"}, "Stock-Based Compensation": {"2020-12-31": "", "2019-12-31": "", "2018-12-31": "", "2017-12-31": "", "2016-12-31": "", "2015-12-31": "", "2014-12-31": "", "2013-12-31": "", "2012-12-31": "", "2011-12-31": "", "2010-12-31": "", "2009-12-31": "", "2008-12-31": "", "2007-12-31": "", "2006-12-31": "", "2005-12-31": ""}, "Common Stock Dividends Paid": {"2020-12-31": "-861.00000", "2019-12-31": "-844.00000", "2018-12-31": "-814.00000", "2017-12-31": "-785.00000", "2016-12-31": "-757.00000", "2015-12-31": "-739.00000", "2014-12-31": "-729.00000", "2013-12-31": "-729.00000", "2012-12-31": "-694.00000", "2011-12-31": "-665.00000", "2010-12-31": "-673.00000", "2009-12-31": "-693.00000", "2008-12-31": "-715.00000", "2007-12-31": "-742.00000", "2006-12-31": "-702.00000", "2005-12-31": "-628.00000"}}, "cash flow statement, quarterly": {"Net Income/Loss": {"2020-12-31": 1310, "2020-09-30": 827, "2020-06-30": -40, "2020-03-31": "600.00000", "2019-12-31": 873, "2019-09-30": 396, "2019-06-30": 557, "2019-03-31": "796.00000", "2018-12-31": 621, "2018-09-30": 709, "2018-06-30": 524, "2018-03-31": "669.00000", "2017-12-31": 551, "2017-09-30": 293, "2017-06-30": 595, "2017-03-31": "617.00000", "2016-12-31": 943, "2016-09-30": 716, "2016-06-30": 664, "2016-03-31": "691.00000", "2015-12-31": 866, "2015-09-30": 928, "2015-06-30": 812, "2015-03-31": "833.00000", "2014-12-31": 1038, "2014-09-30": 919, "2014-06-30": 683, "2014-03-31": "1052.00000", "2013-12-31": 988, "2013-09-30": 864, "2013-06-30": 925, "2013-03-31": "896.00000", "2012-12-31": 304, "2012-09-30": 864, "2012-06-30": 499, "2012-03-31": "806.00000", "2011-12-31": 618, "2011-09-30": 333, "2011-06-30": -364, "2011-03-31": "839.00000", "2010-12-31": 894, "2010-09-30": 1005, "2010-06-30": 670, "2010-03-31": "647.00000", "2009-12-31": 1285, "2009-09-30": 935, "2009-06-30": 740, "2009-03-31": "662.00000", "2008-12-31": 801, "2008-09-30": 214, "2008-06-30": 942, "2008-03-31": "967.00000", "2007-12-31": 1063, "2007-09-30": 1198, "2007-06-30": 1254, "2007-03-31": "1086.00000", "2006-12-31": 1189, "2006-09-30": 1043, "2006-06-30": 970, "2006-03-31": "1006.00000", "2005-12-31": 179, "2005-09-30": 162, "2005-06-30": 1069, "2005-03-31": "212.00000"}, "Total Depreciation And Amortization - Cash Flow": {"2020-12-31": 1427, "2020-09-30": 1393, "2020-06-30": 1361, "2020-03-31": "1381.00000", "2019-12-31": 1363, "2019-09-30": 1349, "2019-06-30": 1324, "2019-03-31": "1328.00000", "2018-12-31": 1316, "2018-09-30": 1315, "2018-06-30": 1280, "2018-03-31": "1273.00000", "2017-12-31": 1274, "2017-09-30": 1261, "2017-06-30": 1230, "2017-03-31": "1214.00000", "2016-12-31": 1215, "2016-09-30": 1223, "2016-06-30": 1189, "2016-03-31": "1184.00000", "2015-12-31": 1170, "2015-09-30": 1178, "2015-06-30": 1167, "2015-03-31": "1188.00000", "2014-12-31": 1194, "2014-09-30": 1195, "2014-06-30": 1180, "2014-03-31": "1177.00000", "2013-12-31": 1195, "2013-09-30": 1160, "2013-06-30": 1166, "2013-03-31": "1167.00000", "2012-12-31": 1186, "2012-09-30": 1192, "2012-06-30": 1172, "2012-03-31": "1187.00000", "2011-12-31": 1179, "2011-09-30": 1176, "2011-06-30": 1167, "2011-03-31": "1156.00000", "2010-12-31": 1161, "2010-09-30": 1163, "2010-06-30": 1145, "2010-03-31": "1145.00000", "2009-12-31": 1144, "2009-09-30": 1154, "2009-06-30": 1162, "2009-03-31": "1150.00000", "2008-12-31": 1169, "2008-09-30": 1203, "2008-06-30": 1162, "2008-03-31": "1167.00000", "2007-12-31": 1172, "2007-09-30": 1153, "2007-06-30": 1118, "2007-03-31": "1074.00000", "2006-12-31": 1068, "2006-09-30": 1071, "2006-06-30": 1011, "2006-03-31": "997.00000", "2005-12-31": 1021, "2005-09-30": 943, "2005-06-30": 1019, "2005-03-31": "960.00000"}, "Other Non-Cash Items": {"2020-12-31": -174, "2020-09-30": -187, "2020-06-30": 163, "2020-03-31": "37.00000", "2019-12-31": -90, "2019-09-30": -107, "2019-06-30": -145, "2019-03-31": "-55.00000", "2018-12-31": -111, "2018-09-30": -117, "2018-06-30": -124, "2018-03-31": "-140.00000", "2017-12-31": 82, "2017-09-30": -169, "2017-06-30": -226, "2017-03-31": "37.00000", "2016-12-31": -72, "2016-09-30": -139, "2016-06-30": -76, "2016-03-31": "97.00000", "2015-12-31": 40, "2015-09-30": -132, "2015-06-30": -92, "2015-03-31": "80.00000", "2014-12-31": -68, "2014-09-30": -233, "2014-06-30": -156, "2014-03-31": "13.00000", "2013-12-31": -86, "2013-09-30": -69, "2013-06-30": -248, "2013-03-31": "47.00000", "2012-12-31": -108, "2012-09-30": 55, "2012-06-30": -112, "2012-03-31": "-5.00000", "2011-12-31": -112, "2011-09-30": -28, "2011-06-30": -144, "2011-03-31": "11.00000", "2010-12-31": -137, "2010-09-30": -173, "2010-06-30": -65, "2010-03-31": "6.00000", "2009-12-31": -107, "2009-09-30": 7, "2009-06-30": -8, "2009-03-31": "430.00000", "2008-12-31": 390, "2008-09-30": 260, "2008-06-30": -18, "2008-03-31": "37.00000", "2007-12-31": -144, "2007-09-30": -49, "2007-06-30": 75, "2007-03-31": "-376.00000", "2006-12-31": -5, "2006-09-30": 54, "2006-06-30": -240, "2006-03-31": "165.00000", "2005-12-31": -446, "2005-09-30": -344, "2005-06-30": 542, "2005-03-31": "799.00000"}, "Total Non-Cash Items": {"2020-12-31": 1253, "2020-09-30": 1206, "2020-06-30": 1524, "2020-03-31": "1418.00000", "2019-12-31": 1273, "2019-09-30": 1242, "2019-06-30": 1179, "2019-03-31": "1273.00000", "2018-12-31": 1205, "2018-09-30": 1198, "2018-06-30": 1156, "2018-03-31": "1133.00000", "2017-12-31": 1356, "2017-09-30": 1092, "2017-06-30": 1004, "2017-03-31": "1251.00000", "2016-12-31": 1143, "2016-09-30": 1084, "2016-06-30": 1113, "2016-03-31": "1281.00000", "2015-12-31": 1210, "2015-09-30": 1046, "2015-06-30": 1075, "2015-03-31": "1268.00000", "2014-12-31": 1126, "2014-09-30": 962, "2014-06-30": 1024, "2014-03-31": "1190.00000", "2013-12-31": 1109, "2013-09-30": 1091, "2013-06-30": 918, "2013-03-31": "1214.00000", "2012-12-31": 1078, "2012-09-30": 1247, "2012-06-30": 1060, "2012-03-31": "1182.00000", "2011-12-31": 1067, "2011-09-30": 1148, "2011-06-30": 1023, "2011-03-31": "1167.00000", "2010-12-31": 1024, "2010-09-30": 990, "2010-06-30": 1080, "2010-03-31": "1151.00000", "2009-12-31": 1037, "2009-09-30": 1161, "2009-06-30": 1154, "2009-03-31": "1580.00000", "2008-12-31": 1559, "2008-09-30": 1463, "2008-06-30": 1144, "2008-03-31": "1204.00000", "2007-12-31": 1028, "2007-09-30": 1104, "2007-06-30": 1193, "2007-03-31": "698.00000", "2006-12-31": 1063, "2006-09-30": 1125, "2006-06-30": 771, "2006-03-31": "1162.00000", "2005-12-31": 575, "2005-09-30": 599, "2005-06-30": 1561, "2005-03-31": "1759.00000"}, "Change In Accounts Receivable": {"2020-12-31": 406, "2020-09-30": 37, "2020-06-30": -170, "2020-03-31": "-341.00000", "2019-12-31": 172, "2019-09-30": 229, "2019-06-30": -292, "2019-03-31": "-336.00000", "2018-12-31": 36, "2018-09-30": 102, "2018-06-30": -239, "2018-03-31": "-392.00000", "2017-12-31": 158, "2017-09-30": -84, "2017-06-30": -260, "2017-03-31": "-192.00000", "2016-12-31": 416, "2016-09-30": 159, "2016-06-30": 16, "2016-03-31": "-267.00000", "2015-12-31": 140, "2015-09-30": 170, "2015-06-30": -34, "2015-03-31": "-189.00000", "2014-12-31": 124, "2014-09-30": 326, "2014-06-30": -174, "2014-03-31": "-83.00000", "2013-12-31": 478, "2013-09-30": 516, "2013-06-30": 109, "2013-03-31": "235.00000", "2012-12-31": -304, "2012-09-30": 335, "2012-06-30": -60, "2012-03-31": "344.00000", "2011-12-31": 765, "2011-09-30": 124, "2011-06-30": -368, "2011-03-31": "51.00000", "2010-12-31": 748, "2010-09-30": 380, "2010-06-30": 157, "2010-03-31": "-11.00000", "2009-12-31": 799, "2009-09-30": 637, "2009-06-30": 221, "2009-03-31": "123.00000", "2008-12-31": 1008, "2008-09-30": 409, "2008-06-30": -167, "2008-03-31": "244.00000", "2007-12-31": 609, "2007-09-30": 831, "2007-06-30": 163, "2007-03-31": "565.00000", "2006-12-31": 595, "2006-09-30": 588, "2006-06-30": 12, "2006-03-31": "746.00000", "2005-12-31": -97, "2005-09-30": -912, "2005-06-30": 246, "2005-03-31": "320.00000"}, "Change In Inventories": {"2020-12-31": 0, "2020-09-30": 0, "2020-06-30": 0, "2020-03-31": "", "2019-12-31": 0, "2019-09-30": 0, "2019-06-30": 0, "2019-03-31": "", "2018-12-31": 0, "2018-09-30": 0, "2018-06-30": 0, "2018-03-31": "", "2017-12-31": 0, "2017-09-30": 0, "2017-06-30": 0, "2017-03-31": "", "2016-12-31": 0, "2016-09-30": 0, "2016-06-30": 0, "2016-03-31": "", "2015-12-31": 0, "2015-09-30": 0, "2015-06-30": 0, "2015-03-31": "", "2014-12-31": 0, "2014-09-30": 0, "2014-06-30": 0, "2014-03-31": "", "2013-12-31": 0, "2013-09-30": 0, "2013-06-30": 0, "2013-03-31": "", "2012-12-31": 0, "2012-09-30": 0, "2012-06-30": 0, "2012-03-31": "", "2011-12-31": 0, "2011-09-30": 0, "2011-06-30": 0, "2011-03-31": "", "2010-12-31": 0, "2010-09-30": 0, "2010-06-30": 0, "2010-03-31": "", "2009-12-31": 0, "2009-09-30": 0, "2009-06-30": 0, "2009-03-31": "", "2008-12-31": 0, "2008-09-30": 0, "2008-06-30": -2, "2008-03-31": "2.00000", "2007-12-31": 3, "2007-09-30": 1, "2007-06-30": -3, "2007-03-31": "-1.00000", "2006-12-31": 0, "2006-09-30": 0, "2006-06-30": 2, "2006-03-31": "4.00000", "2005-12-31": 0, "2005-09-30": 0, "2005-06-30": 6, "2005-03-31": ""}, "Change In Accounts Payable": {"2020-12-31": -368, "2020-09-30": 317, "2020-06-30": 229, "2020-03-31": "414.00000", "2019-12-31": -342, "2019-09-30": 392, "2019-06-30": 407, "2019-03-31": "551.00000", "2018-12-31": -385, "2018-09-30": 216, "2018-06-30": 361, "2018-03-31": "518.00000", "2017-12-31": -331, "2017-09-30": 163, "2017-06-30": 214, "2017-03-31": "475.00000", "2016-12-31": -353, "2016-09-30": 194, "2016-06-30": 203, "2016-03-31": "328.00000", "2015-12-31": -294, "2015-09-30": 180, "2015-06-30": 177, "2015-03-31": "185.00000", "2014-12-31": -306, "2014-09-30": 144, "2014-06-30": 141, "2014-03-31": "94.00000", "2013-12-31": -456, "2013-09-30": 138, "2013-06-30": 158, "2013-03-31": "187.00000", "2012-12-31": -383, "2012-09-30": 160, "2012-06-30": 229, "2012-03-31": "117.00000", "2011-12-31": -424, "2011-09-30": 217, "2011-06-30": 220, "2011-03-31": "175.00000", "2010-12-31": -355, "2010-09-30": 148, "2010-06-30": 184, "2010-03-31": "86.00000", "2009-12-31": -348, "2009-09-30": 25, "2009-06-30": 163, "2009-03-31": "64.00000", "2008-12-31": -420, "2008-09-30": 38, "2008-06-30": 97, "2008-03-31": "15.00000", "2007-12-31": -260, "2007-09-30": 28, "2007-06-30": 275, "2007-03-31": "60.00000", "2006-12-31": -162, "2006-09-30": 87, "2006-06-30": 272, "2006-03-31": "103.00000", "2005-12-31": -237, "2005-09-30": 43, "2005-06-30": -41, "2005-03-31": "-148.00000"}, "Change In Assets/Liabilities": {"2020-12-31": -1211, "2020-09-30": -23, "2020-06-30": -171, "2020-03-31": "-827.00000", "2019-12-31": -1008, "2019-09-30": -613, "2019-06-30": -892, "2019-03-31": "-1187.00000", "2018-12-31": -697, "2018-09-30": -696, "2018-06-30": -905, "2018-03-31": "-944.00000", "2017-12-31": -1121, "2017-09-30": -17, "2017-06-30": -928, "2017-03-31": "-731.00000", "2016-12-31": -1083, "2016-09-30": -786, "2016-06-30": -1661, "2016-03-31": "-788.00000", "2015-12-31": -1123, "2015-09-30": -1055, "2015-06-30": -1269, "2015-03-31": "-1548.00000", "2014-12-31": -1339, "2014-09-30": -1242, "2014-06-30": -854, "2014-03-31": "-1195.00000", "2013-12-31": -1270, "2013-09-30": -1506, "2013-06-30": -1335, "2013-03-31": "-1705.00000", "2012-12-31": -253, "2012-09-30": -1602, "2012-06-30": -1111, "2012-03-31": "-1488.00000", "2011-12-31": -1787, "2011-09-30": -1164, "2011-06-30": 131, "2011-03-31": "-1215.00000", "2010-12-31": -1757, "2010-09-30": -1418, "2010-06-30": -1459, "2010-03-31": "-1163.00000", "2009-12-31": -1679, "2009-09-30": -1418, "2009-06-30": -975, "2009-03-31": "-1321.00000", "2008-12-31": -2255, "2008-09-30": -1240, "2008-06-30": -1025, "2008-03-31": "-1358.00000", "2007-12-31": -1250, "2007-09-30": -1469, "2007-06-30": -1290, "2007-03-31": "-1326.00000", "2006-12-31": -1397, "2006-09-30": -1233, "2006-06-30": -1384, "2006-03-31": "-1978.00000", "2005-12-31": -294, "2005-09-30": 1663, "2005-06-30": -1316, "2005-03-31": "-1241.00000"}, "Total Change In Assets/Liabilities": {"2020-12-31": -1173, "2020-09-30": 331, "2020-06-30": -112, "2020-03-31": "-754.00000", "2019-12-31": -1178, "2019-09-30": 8, "2019-06-30": -777, "2019-03-31": "-972.00000", "2018-12-31": -1046, "2018-09-30": -378, "2018-06-30": -783, "2018-03-31": "-818.00000", "2017-12-31": -1294, "2017-09-30": 62, "2017-06-30": -974, "2017-03-31": "-448.00000", "2016-12-31": -1020, "2016-09-30": -433, "2016-06-30": -1442, "2016-03-31": "-727.00000", "2015-12-31": -1277, "2015-09-30": -705, "2015-06-30": -1126, "2015-03-31": "-1552.00000", "2014-12-31": -1521, "2014-09-30": -772, "2014-06-30": -887, "2014-03-31": "-1184.00000", "2013-12-31": -1248, "2013-09-30": -852, "2013-06-30": -1068, "2013-03-31": "-1283.00000", "2012-12-31": -940, "2012-09-30": -1107, "2012-06-30": -942, "2012-03-31": "-1027.00000", "2011-12-31": -1446, "2011-09-30": -823, "2011-06-30": -17, "2011-03-31": "-989.00000", "2010-12-31": -1364, "2010-09-30": -890, "2010-06-30": -1118, "2010-03-31": "-1088.00000", "2009-12-31": -1228, "2009-09-30": -756, "2009-06-30": -591, "2009-03-31": "-1134.00000", "2008-12-31": -1667, "2008-09-30": -793, "2008-06-30": -1097, "2008-03-31": "-1097.00000", "2007-12-31": -898, "2007-09-30": -609, "2007-06-30": -855, "2007-03-31": "-702.00000", "2006-12-31": -964, "2006-09-30": -558, "2006-06-30": -1098, "2006-03-31": "-1125.00000", "2005-12-31": -628, "2005-09-30": 794, "2005-06-30": -1105, "2005-03-31": "-1069.00000"}, "Cash Flow From Operating Activities": {"2020-12-31": 1901, "2020-09-30": 2326, "2020-06-30": 1664, "2020-03-31": "628.00000", "2019-12-31": 1412, "2019-09-30": 2001, "2019-06-30": 1153, "2019-03-31": "639.00000", "2018-12-31": 948, "2018-09-30": 1734, "2018-06-30": 1144, "2018-03-31": "554.00000", "2017-12-31": 663, "2017-09-30": 1731, "2017-06-30": 906, "2017-03-31": "848.00000", "2016-12-31": 1406, "2016-09-30": 1770, "2016-06-30": 443, "2016-03-31": "850.00000", "2015-12-31": 760, "2015-09-30": 1799, "2015-06-30": 676, "2015-03-31": "199.00000", "2014-12-31": 525, "2014-09-30": 1840, "2014-06-30": 625, "2014-03-31": "703.00000", "2013-12-31": 927, "2013-09-30": 1637, "2013-06-30": 722, "2013-03-31": "530.00000", "2012-12-31": 464, "2012-09-30": 1501, "2012-06-30": 451, "2012-03-31": "814.00000", "2011-12-31": 351, "2011-09-30": 917, "2011-06-30": 268, "2011-03-31": "633.00000", "2010-12-31": 662, "2010-09-30": 1341, "2010-06-30": 520, "2010-03-31": "531.00000", "2009-12-31": 1027, "2009-09-30": 1415, "2009-06-30": 976, "2009-03-31": "813.00000", "2008-12-31": 565, "2008-09-30": 942, "2008-06-30": 704, "2008-03-31": "927.00000", "2007-12-31": 1347, "2007-09-30": 2015, "2007-06-30": 1057, "2007-03-31": "867.00000", "2006-12-31": 1656, "2006-09-30": 1707, "2006-06-30": 849, "2006-03-31": "562.00000", "2005-12-31": 477, "2005-09-30": 1381, "2005-06-30": 703, "2005-03-31": "1052.00000"}, "Net Change In Property, Plant, And Equipment": {"2020-12-31": -80, "2020-09-30": -9, "2020-06-30": -8, "2020-03-31": "-16.00000", "2019-12-31": -12, "2019-09-30": -10, "2019-06-30": -8, "2019-03-31": "-77.00000", "2018-12-31": -17, "2018-09-30": -13, "2018-06-30": -11, "2018-03-31": "-33.00000", "2017-12-31": -19, "2017-09-30": -14, "2017-06-30": -10, "2017-03-31": "-16.00000", "2016-12-31": -18, "2016-09-30": -10, "2016-06-30": -13, "2016-03-31": "-7.00000", "2015-12-31": -7, "2015-09-30": -47, "2015-06-30": -63, "2015-03-31": "-6.00000", "2014-12-31": 8, "2014-09-30": -5, "2014-06-30": -27, "2014-03-31": "-9.00000", "2013-12-31": -42, "2013-09-30": -6, "2013-06-30": -53, "2013-03-31": "-6.00000", "2012-12-31": -33, "2012-09-30": -4, "2012-06-30": -53, "2012-03-31": "-5.00000", "2011-12-31": -25, "2011-09-30": -6, "2011-06-30": -5, "2011-03-31": "-30.00000", "2010-12-31": -16, "2010-09-30": -7, "2010-06-30": -4, "2010-03-31": "6.00000", "2009-12-31": -3, "2009-09-30": -3, "2009-06-30": -4, "2009-03-31": "-5.00000", "2008-12-31": -7, "2008-09-30": -6, "2008-06-30": 9, "2008-03-31": "-9.00000", "2007-12-31": -4, "2007-09-30": -6, "2007-06-30": -27, "2007-03-31": "-26.00000", "2006-12-31": -52, "2006-09-30": -9, "2006-06-30": -6, "2006-03-31": "-8.00000", "2005-12-31": -22, "2005-09-30": 32, "2005-06-30": -14, "2005-03-31": "-8.00000"}, "Net Change In Intangible Assets": {"2020-12-31": 0, "2020-09-30": 0, "2020-06-30": 0, "2020-03-31": "", "2019-12-31": 0, "2019-09-30": 0, "2019-06-30": 0, "2019-03-31": "", "2018-12-31": 0, "2018-09-30": 0, "2018-06-30": 0, "2018-03-31": "", "2017-12-31": 0, "2017-09-30": 0, "2017-06-30": 0, "2017-03-31": "", "2016-12-31": 0, "2016-09-30": 0, "2016-06-30": 0, "2016-03-31": "", "2015-12-31": 0, "2015-09-30": 0, "2015-06-30": 0, "2015-03-31": "", "2014-12-31": 0, "2014-09-30": 0, "2014-06-30": 0, "2014-03-31": "", "2013-12-31": 0, "2013-09-30": 0, "2013-06-30": 0, "2013-03-31": "", "2012-12-31": 0, "2012-09-30": 0, "2012-06-30": 0, "2012-03-31": "", "2011-12-31": 0, "2011-09-30": 0, "2011-06-30": 0, "2011-03-31": "", "2010-12-31": 0, "2010-09-30": 0, "2010-06-30": 0, "2010-03-31": "", "2009-12-31": 0, "2009-09-30": 0, "2009-06-30": 0, "2009-03-31": "", "2008-12-31": 0, "2008-09-30": 0, "2008-06-30": 0, "2008-03-31": "", "2007-12-31": 0, "2007-09-30": 0, "2007-06-30": 0, "2007-03-31": "", "2006-12-31": 0, "2006-09-30": 0, "2006-06-30": 0, "2006-03-31": "", "2005-12-31": 0, "2005-09-30": 0, "2005-06-30": 0, "2005-03-31": ""}, "Net Acquisitions/Divestitures": {"2020-12-31": 0, "2020-09-30": 0, "2020-06-30": 0, "2020-03-31": "", "2019-12-31": 0, "2019-09-30": 0, "2019-06-30": 0, "2019-03-31": "", "2018-12-31": 0, "2018-09-30": -4, "2018-06-30": 0, "2018-03-31": "", "2017-12-31": 0, "2017-09-30": -439, "2017-06-30": 0, "2017-03-31": "", "2016-12-31": 0, "2016-09-30": 0, "2016-06-30": 0, "2016-03-31": "", "2015-12-31": -13, "2015-09-30": 0, "2015-06-30": 0, "2015-03-31": "", "2014-12-31": 0, "2014-09-30": 0, "2014-06-30": 0, "2014-03-31": "-12.00000", "2013-12-31": -997, "2013-09-30": 0, "2013-06-30": 0, "2013-03-31": "", "2012-12-31": 0, "2012-09-30": 0, "2012-06-30": 0, "2012-03-31": "", "2011-12-31": 0, "2011-09-30": 0, "2011-06-30": 0, "2011-03-31": "", "2010-12-31": 0, "2010-09-30": 0, "2010-06-30": 0, "2010-03-31": "", "2009-12-31": 0, "2009-09-30": 0, "2009-06-30": 0, "2009-03-31": "", "2008-12-31": 0, "2008-09-30": 0, "2008-06-30": 0, "2008-03-31": "", "2007-12-31": 0, "2007-09-30": 0, "2007-06-30": 0, "2007-03-31": "", "2006-12-31": 0, "2006-09-30": 0, "2006-06-30": 0, "2006-03-31": "", "2005-12-31": 0, "2005-09-30": 0, "2005-06-30": 0, "2005-03-31": ""}, "Net Change In Short-term Investments": {"2020-12-31": 821, "2020-09-30": -240, "2020-06-30": -2053, "2020-03-31": "906.00000", "2019-12-31": -340, "2019-09-30": -1114, "2019-06-30": 606, "2019-03-31": "-109.00000", "2018-12-31": 452, "2018-09-30": -746, "2018-06-30": 792, "2018-03-31": "410.00000", "2017-12-31": 964, "2017-09-30": -566, "2017-06-30": -473, "2017-03-31": "49.00000", "2016-12-31": -64, "2016-09-30": -816, "2016-06-30": 596, "2016-03-31": "85.00000", "2015-12-31": 456, "2015-09-30": -1215, "2015-06-30": 567, "2015-03-31": "-134.00000", "2014-12-31": 665, "2014-09-30": -1223, "2014-06-30": 220, "2014-03-31": "-160.00000", "2013-12-31": 2004, "2013-09-30": -1974, "2013-06-30": -28, "2013-03-31": "109.00000", "2012-12-31": 158, "2012-09-30": -408, "2012-06-30": 141, "2012-03-31": "226.00000", "2011-12-31": 1205, "2011-09-30": 216, "2011-06-30": 628, "2011-03-31": "-31.00000", "2010-12-31": -633, "2010-09-30": -1116, "2010-06-30": 848, "2010-03-31": "202.00000", "2009-12-31": 1715, "2009-09-30": -122, "2009-06-30": -772, "2009-03-31": "-451.00000", "2008-12-31": -466, "2008-09-30": 407, "2008-06-30": -667, "2008-03-31": "320.00000", "2007-12-31": -498, "2007-09-30": -368, "2007-06-30": 407, "2007-03-31": "-103.00000", "2006-12-31": 1283, "2006-09-30": -1275, "2006-06-30": -160, "2006-03-31": "67.00000", "2005-12-31": 1172, "2005-09-30": -1155, "2005-06-30": -855, "2005-03-31": "980.00000"}, "Net Change In Long-Term Investments": {"2020-12-31": -979, "2020-09-30": -2264, "2020-06-30": 229, "2020-03-31": "-822.00000", "2019-12-31": -147, "2019-09-30": -357, "2019-06-30": -554, "2019-03-31": "-613.00000", "2018-12-31": -690, "2018-09-30": -353, "2018-06-30": -835, "2018-03-31": "-907.00000", "2017-12-31": -547, "2017-09-30": -61, "2017-06-30": -140, "2017-03-31": "-642.00000", "2016-12-31": 119, "2016-09-30": -181, "2016-06-30": -623, "2016-03-31": "-436.00000", "2015-12-31": 670, "2015-09-30": 130, "2015-06-30": -3, "2015-03-31": "399.00000", "2014-12-31": 68, "2014-09-30": 534, "2014-06-30": 347, "2014-03-31": "76.00000", "2013-12-31": -390, "2013-09-30": 658, "2013-06-30": 47, "2013-03-31": "120.00000", "2012-12-31": 231, "2012-09-30": -545, "2012-06-30": 338, "2012-03-31": "-672.00000", "2011-12-31": 54, "2011-09-30": -506, "2011-06-30": -503, "2011-03-31": "526.00000", "2010-12-31": 1001, "2010-09-30": 887, "2010-06-30": 565, "2010-03-31": "724.00000", "2009-12-31": -918, "2009-09-30": -354, "2009-06-30": 390, "2009-03-31": "-441.00000", "2008-12-31": 19, "2008-09-30": -252, "2008-06-30": 441, "2008-03-31": "412.00000", "2007-12-31": 43, "2007-09-30": -93, "2007-06-30": -892, "2007-03-31": "-458.00000", "2006-12-31": -1251, "2006-09-30": 239, "2006-06-30": -1123, "2006-03-31": "-891.00000", "2005-12-31": -845, "2005-09-30": -1098, "2005-06-30": -1096, "2005-03-31": "-1799.00000"}, "Net Change In Investments - Total": {"2020-12-31": -158, "2020-09-30": -2504, "2020-06-30": -1824, "2020-03-31": "84.00000", "2019-12-31": -487, "2019-09-30": -1471, "2019-06-30": 52, "2019-03-31": "-722.00000", "2018-12-31": -238, "2018-09-30": -1099, "2018-06-30": -43, "2018-03-31": "-497.00000", "2017-12-31": 417, "2017-09-30": -627, "2017-06-30": -613, "2017-03-31": "-593.00000", "2016-12-31": 55, "2016-09-30": -997, "2016-06-30": -27, "2016-03-31": "-351.00000", "2015-12-31": 1126, "2015-09-30": -1085, "2015-06-30": 564, "2015-03-31": "265.00000", "2014-12-31": 733, "2014-09-30": -689, "2014-06-30": 567, "2014-03-31": "-84.00000", "2013-12-31": 1614, "2013-09-30": -1316, "2013-06-30": 19, "2013-03-31": "229.00000", "2012-12-31": 389, "2012-09-30": -953, "2012-06-30": 479, "2012-03-31": "-446.00000", "2011-12-31": 1259, "2011-09-30": -290, "2011-06-30": 125, "2011-03-31": "495.00000", "2010-12-31": 368, "2010-09-30": -229, "2010-06-30": 1413, "2010-03-31": "926.00000", "2009-12-31": 797, "2009-09-30": -476, "2009-06-30": -382, "2009-03-31": "-892.00000", "2008-12-31": -447, "2008-09-30": 155, "2008-06-30": -226, "2008-03-31": "732.00000", "2007-12-31": -455, "2007-09-30": -461, "2007-06-30": -485, "2007-03-31": "-561.00000", "2006-12-31": 32, "2006-09-30": -1036, "2006-06-30": -1283, "2006-03-31": "-824.00000", "2005-12-31": 327, "2005-09-30": -2253, "2005-06-30": -1951, "2005-03-31": "-819.00000"}, "Investing Activities - Other": {"2020-12-31": -677, "2020-09-30": 350, "2020-06-30": -66, "2020-03-31": "16.00000", "2019-12-31": -356, "2019-09-30": 135, "2019-06-30": -159, "2019-03-31": "213.00000", "2018-12-31": -315, "2018-09-30": -186, "2018-06-30": -22, "2018-03-31": "149.00000", "2017-12-31": -224, "2017-09-30": -106, "2017-06-30": -52, "2017-03-31": "94.00000", "2016-12-31": -630, "2016-09-30": -36, "2016-06-30": 95, "2016-03-31": "212.00000", "2015-12-31": -298, "2015-09-30": -124, "2015-06-30": -210, "2015-03-31": "215.00000", "2014-12-31": -133, "2014-09-30": -195, "2014-06-30": -128, "2014-03-31": "180.00000", "2013-12-31": -378, "2013-09-30": 123, "2013-06-30": -177, "2013-03-31": "80.00000", "2012-12-31": -170, "2012-09-30": -120, "2012-06-30": -212, "2012-03-31": "156.00000", "2011-12-31": -319, "2011-09-30": -122, "2011-06-30": 5, "2011-03-31": "65.00000", "2010-12-31": 112, "2010-09-30": -317, "2010-06-30": -163, "2010-03-31": "20.00000", "2009-12-31": -248, "2009-09-30": 156, "2009-06-30": -153, "2009-03-31": "314.00000", "2008-12-31": 291, "2008-09-30": -565, "2008-06-30": -60, "2008-03-31": "-29.00000", "2007-12-31": 122, "2007-09-30": -467, "2007-06-30": -258, "2007-03-31": "102.00000", "2006-12-31": -13, "2006-09-30": -252, "2006-06-30": -65, "2006-03-31": "452.00000", "2005-12-31": -857, "2005-09-30": -285, "2005-06-30": 220, "2005-03-31": "175.00000"}, "Cash Flow From Investing Activities": {"2020-12-31": -915, "2020-09-30": -2163, "2020-06-30": -1898, "2020-03-31": "84.00000", "2019-12-31": -855, "2019-09-30": -1346, "2019-06-30": -115, "2019-03-31": "-586.00000", "2018-12-31": -570, "2018-09-30": -1302, "2018-06-30": -76, "2018-03-31": "-381.00000", "2017-12-31": 174, "2017-09-30": -1186, "2017-06-30": -675, "2017-03-31": "-515.00000", "2016-12-31": -593, "2016-09-30": -1043, "2016-06-30": 55, "2016-03-31": "-146.00000", "2015-12-31": 808, "2015-09-30": -1256, "2015-06-30": 291, "2015-03-31": "474.00000", "2014-12-31": 608, "2014-09-30": -889, "2014-06-30": 412, "2014-03-31": "75.00000", "2013-12-31": 197, "2013-09-30": -1199, "2013-06-30": -211, "2013-03-31": "303.00000", "2012-12-31": 186, "2012-09-30": -1077, "2012-06-30": 214, "2012-03-31": "-295.00000", "2011-12-31": 915, "2011-09-30": -418, "2011-06-30": 125, "2011-03-31": "530.00000", "2010-12-31": 464, "2010-09-30": -553, "2010-06-30": 1246, "2010-03-31": "952.00000", "2009-12-31": 546, "2009-09-30": -323, "2009-06-30": -539, "2009-03-31": "-583.00000", "2008-12-31": -163, "2008-09-30": -416, "2008-06-30": -277, "2008-03-31": "694.00000", "2007-12-31": -337, "2007-09-30": -934, "2007-06-30": -770, "2007-03-31": "-485.00000", "2006-12-31": -33, "2006-09-30": -1297, "2006-06-30": -1354, "2006-03-31": "-380.00000", "2005-12-31": -552, "2005-09-30": -2506, "2005-06-30": -1745, "2005-03-31": "-652.00000"}, "Net Long-Term Debt": {"2020-12-31": -500, "2020-09-30": 0, "2020-06-30": 490, "2020-03-31": "", "2019-12-31": 0, "2019-09-30": 0, "2019-06-30": -500, "2019-03-31": "492.00000", "2018-12-31": 0, "2018-09-30": 100, "2018-06-30": -500, "2018-03-31": "391.00000", "2017-12-31": -350, "2017-09-30": 0, "2017-06-30": 482, "2017-03-31": "", "2016-12-31": 0, "2016-09-30": 0, "2016-06-30": 91, "2016-03-31": "", "2015-12-31": -400, "2015-09-30": 392, "2015-06-30": 0, "2015-03-31": "", "2014-12-31": 0, "2014-09-30": 0, "2014-06-30": 0, "2014-03-31": "", "2013-12-31": 494, "2013-09-30": 0, "2013-06-30": 0, "2013-03-31": "-500.00000", "2012-12-31": 0, "2012-09-30": 0, "2012-06-30": -258, "2012-03-31": "", "2011-12-31": 0, "2011-09-30": 0, "2011-06-30": -8, "2011-03-31": "", "2010-12-31": 349, "2010-09-30": -25, "2010-06-30": -250, "2010-03-31": "", "2009-12-31": 0, "2009-09-30": -2, "2009-06-30": 494, "2009-03-31": "-141.00000", "2008-12-31": -149, "2008-09-30": -3, "2008-06-30": 496, "2008-03-31": "-400.00000", "2007-12-31": 0, "2007-09-30": -488, "2007-06-30": 618, "2007-03-31": "375.00000", "2006-12-31": -760, "2006-09-30": -42, "2006-06-30": 786, "2006-03-31": "-4.00000", "2005-12-31": 107, "2005-09-30": -41, "2005-06-30": -479, "2005-03-31": "-2.00000"}, "Net Current Debt": {"2020-12-31": 0, "2020-09-30": 0, "2020-06-30": 0, "2020-03-31": "", "2019-12-31": 0, "2019-09-30": 0, "2019-06-30": 0, "2019-03-31": "", "2018-12-31": 0, "2018-09-30": 0, "2018-06-30": 0, "2018-03-31": "", "2017-12-31": 0, "2017-09-30": 0, "2017-06-30": 0, "2017-03-31": "", "2016-12-31": 0, "2016-09-30": 0, "2016-06-30": 0, "2016-03-31": "", "2015-12-31": 0, "2015-09-30": 0, "2015-06-30": 0, "2015-03-31": "", "2014-12-31": 0, "2014-09-30": 0, "2014-06-30": 0, "2014-03-31": "", "2013-12-31": -494, "2013-09-30": 494, "2013-06-30": 0, "2013-03-31": "", "2012-12-31": 0, "2012-09-30": 0, "2012-06-30": 0, "2012-03-31": "", "2011-12-31": 0, "2011-09-30": 0, "2011-06-30": 0, "2011-03-31": "", "2010-12-31": 0, "2010-09-30": 0, "2010-06-30": 0, "2010-03-31": "", "2009-12-31": 0, "2009-09-30": 0, "2009-06-30": 0, "2009-03-31": "", "2008-12-31": 0, "2008-09-30": 0, "2008-06-30": 0, "2008-03-31": "", "2007-12-31": 0, "2007-09-30": 0, "2007-06-30": 0, "2007-03-31": "", "2006-12-31": 0, "2006-09-30": 0, "2006-06-30": 0, "2006-03-31": "", "2005-12-31": 0, "2005-09-30": 0, "2005-06-30": 0, "2005-03-31": ""}, "Debt Issuance/Retirement Net - Total": {"2020-12-31": -500, "2020-09-30": 0, "2020-06-30": 490, "2020-03-31": "", "2019-12-31": 0, "2019-09-30": 0, "2019-06-30": -500, "2019-03-31": "492.00000", "2018-12-31": 0, "2018-09-30": 100, "2018-06-30": -500, "2018-03-31": "391.00000", "2017-12-31": -350, "2017-09-30": 0, "2017-06-30": 482, "2017-03-31": "", "2016-12-31": 0, "2016-09-30": 0, "2016-06-30": 91, "2016-03-31": "", "2015-12-31": -400, "2015-09-30": 392, "2015-06-30": 0, "2015-03-31": "", "2014-12-31": 0, "2014-09-30": 0, "2014-06-30": 0, "2014-03-31": "", "2013-12-31": 0, "2013-09-30": 494, "2013-06-30": 0, "2013-03-31": "-500.00000", "2012-12-31": 0, "2012-09-30": 0, "2012-06-30": -258, "2012-03-31": "", "2011-12-31": 0, "2011-09-30": 0, "2011-06-30": -8, "2011-03-31": "", "2010-12-31": 349, "2010-09-30": -25, "2010-06-30": -250, "2010-03-31": "", "2009-12-31": 0, "2009-09-30": -2, "2009-06-30": 494, "2009-03-31": "-141.00000", "2008-12-31": -149, "2008-09-30": -3, "2008-06-30": 496, "2008-03-31": "-400.00000", "2007-12-31": 0, "2007-09-30": -488, "2007-06-30": 618, "2007-03-31": "375.00000", "2006-12-31": -760, "2006-09-30": -42, "2006-06-30": 786, "2006-03-31": "-4.00000", "2005-12-31": 107, "2005-09-30": -41, "2005-06-30": -479, "2005-03-31": "-2.00000"}, "Net Common Equity Issued/Repurchased": {"2020-12-31": -146, "2020-09-30": 7, "2020-06-30": 34, "2020-03-31": "-440.00000", "2019-12-31": -369, "2019-09-30": -343, "2019-06-30": -265, "2019-03-31": "-358.00000", "2018-12-31": -155, "2018-09-30": -381, "2018-06-30": -337, "2018-03-31": "-316.00000", "2017-12-31": -326, "2017-09-30": -298, "2017-06-30": -440, "2017-03-31": "-203.00000", "2016-12-31": -583, "2016-09-30": -527, "2016-06-30": -485, "2016-03-31": "-545.00000", "2015-12-31": -960, "2015-09-30": -726, "2015-06-30": -774, "2015-03-31": "-581.00000", "2014-12-31": -960, "2014-09-30": -719, "2014-06-30": -811, "2014-03-31": "-647.00000", "2013-12-31": -953, "2013-09-30": -782, "2013-06-30": -260, "2013-03-31": "-260.00000", "2012-12-31": -371, "2012-09-30": -272, "2012-06-30": -260, "2012-03-31": "-329.00000", "2011-12-31": -1120, "2011-09-30": -370, "2011-06-30": -181, "2011-03-31": "-980.00000", "2010-12-31": -1416, "2010-09-30": -569, "2010-06-30": -1323, "2010-03-31": "-1322.00000", "2009-12-31": -1435, "2009-09-30": -923, "2009-06-30": -733, "2009-03-31": "-17.00000", "2008-12-31": -96, "2008-09-30": -277, "2008-06-30": -723, "2008-03-31": "-1011.00000", "2007-12-31": -947, "2007-09-30": -581, "2007-06-30": -543, "2007-03-31": "-670.00000", "2006-12-31": -609, "2006-09-30": -106, "2006-06-30": -205, "2006-03-31": "16.00000", "2005-12-31": 29, "2005-09-30": 497, "2005-06-30": 23, "2005-03-31": "24.00000"}, "Net Total Equity Issued/Repurchased": {"2020-12-31": -146, "2020-09-30": 7, "2020-06-30": 34, "2020-03-31": "-440.00000", "2019-12-31": -369, "2019-09-30": -343, "2019-06-30": -265, "2019-03-31": "-358.00000", "2018-12-31": -155, "2018-09-30": -381, "2018-06-30": -337, "2018-03-31": "-316.00000", "2017-12-31": -326, "2017-09-30": -298, "2017-06-30": -440, "2017-03-31": "-203.00000", "2016-12-31": -583, "2016-09-30": -527, "2016-06-30": -485, "2016-03-31": "-545.00000", "2015-12-31": -960, "2015-09-30": -726, "2015-06-30": -774, "2015-03-31": "-581.00000", "2014-12-31": -960, "2014-09-30": -719, "2014-06-30": -811, "2014-03-31": "-647.00000", "2013-12-31": -953, "2013-09-30": -782, "2013-06-30": -260, "2013-03-31": "-260.00000", "2012-12-31": -371, "2012-09-30": -272, "2012-06-30": -260, "2012-03-31": "-329.00000", "2011-12-31": -1120, "2011-09-30": -370, "2011-06-30": -181, "2011-03-31": "-980.00000", "2010-12-31": -1416, "2010-09-30": -569, "2010-06-30": -1323, "2010-03-31": "-1322.00000", "2009-12-31": -1435, "2009-09-30": -923, "2009-06-30": -733, "2009-03-31": "-17.00000", "2008-12-31": -96, "2008-09-30": -277, "2008-06-30": -723, "2008-03-31": "-1011.00000", "2007-12-31": -947, "2007-09-30": -581, "2007-06-30": -543, "2007-03-31": "-670.00000", "2006-12-31": -609, "2006-09-30": -106, "2006-06-30": -205, "2006-03-31": "16.00000", "2005-12-31": 29, "2005-09-30": 497, "2005-06-30": 23, "2005-03-31": "24.00000"}, "Total Common And Preferred Stock Dividends Paid": {"2020-12-31": -218, "2020-09-30": -217, "2020-06-30": -216, "2020-03-31": "-210.00000", "2019-12-31": -211, "2019-09-30": -214, "2019-06-30": -214, "2019-03-31": "-205.00000", "2018-12-31": -203, "2018-09-30": -207, "2018-06-30": -207, "2018-03-31": "-197.00000", "2017-12-31": -196, "2017-09-30": -200, "2017-06-30": -199, "2017-03-31": "-190.00000", "2016-12-31": -188, "2016-09-30": -194, "2016-06-30": -195, "2016-03-31": "-180.00000", "2015-12-31": -182, "2015-09-30": -188, "2015-06-30": -192, "2015-03-31": "-177.00000", "2014-12-31": -180, "2014-09-30": -184, "2014-06-30": -189, "2014-03-31": "-176.00000", "2013-12-31": -180, "2013-09-30": -183, "2013-06-30": -191, "2013-03-31": "-175.00000", "2012-12-31": -175, "2012-09-30": -178, "2012-06-30": -180, "2012-03-31": "-161.00000", "2011-12-31": -165, "2011-09-30": -171, "2011-06-30": -174, "2011-03-31": "-155.00000", "2010-12-31": -161, "2010-09-30": -169, "2010-06-30": -175, "2010-03-31": "-168.00000", "2009-12-31": -175, "2009-09-30": -168, "2009-06-30": -172, "2009-03-31": "-178.00000", "2008-12-31": -179, "2008-09-30": -177, "2008-06-30": -180, "2008-03-31": "-179.00000", "2007-12-31": -185, "2007-09-30": -189, "2007-06-30": -193, "2007-03-31": "-175.00000", "2006-12-31": -178, "2006-09-30": -181, "2006-06-30": -182, "2006-03-31": "-161.00000", "2005-12-31": -161, "2005-09-30": -160, "2005-06-30": -157, "2005-03-31": "-150.00000"}, "Financial Activities - Other": {"2020-12-31": 0, "2020-09-30": 0, "2020-06-30": 0, "2020-03-31": "", "2019-12-31": 0, "2019-09-30": 0, "2019-06-30": 0, "2019-03-31": "", "2018-12-31": 0, "2018-09-30": 0, "2018-06-30": 0, "2018-03-31": "", "2017-12-31": 0, "2017-09-30": 0, "2017-06-30": 0, "2017-03-31": "", "2016-12-31": 0, "2016-09-30": 0, "2016-06-30": 0, "2016-03-31": "", "2015-12-31": 13, "2015-09-30": 11, "2015-06-30": 4, "2015-03-31": "27.00000", "2014-12-31": 19, "2014-09-30": 14, "2014-06-30": 11, "2014-03-31": "13.00000", "2013-12-31": 8, "2013-09-30": 14, "2013-06-30": 8, "2013-03-31": "21.00000", "2012-12-31": 6, "2012-09-30": 13, "2012-06-30": 7, "2012-03-31": "12.00000", "2011-12-31": 1, "2011-09-30": 6, "2011-06-30": 4, "2011-03-31": "7.00000", "2010-12-31": 2, "2010-09-30": 1, "2010-06-30": 1, "2010-03-31": "4.00000", "2009-12-31": 4, "2009-09-30": 2, "2009-06-30": 1, "2009-03-31": "1.00000", "2008-12-31": 2, "2008-09-30": 1, "2008-06-30": 3, "2008-03-31": "4.00000", "2007-12-31": 1, "2007-09-30": 4, "2007-06-30": 12, "2007-03-31": "8.00000", "2006-12-31": 25, "2006-09-30": 1, "2006-06-30": 4, "2006-03-31": "3.00000", "2005-12-31": -3, "2005-09-30": 0, "2005-06-30": -13, "2005-03-31": "17.00000"}, "Cash Flow From Financial Activities": {"2020-12-31": -864, "2020-09-30": -210, "2020-06-30": 308, "2020-03-31": "-650.00000", "2019-12-31": -580, "2019-09-30": -557, "2019-06-30": -979, "2019-03-31": "-71.00000", "2018-12-31": -358, "2018-09-30": -488, "2018-06-30": -1044, "2018-03-31": "-122.00000", "2017-12-31": -872, "2017-09-30": -498, "2017-06-30": -157, "2017-03-31": "-393.00000", "2016-12-31": -771, "2016-09-30": -721, "2016-06-30": -589, "2016-03-31": "-725.00000", "2015-12-31": -1529, "2015-09-30": -511, "2015-06-30": -962, "2015-03-31": "-731.00000", "2014-12-31": -1121, "2014-09-30": -889, "2014-06-30": -989, "2014-03-31": "-810.00000", "2013-12-31": -1125, "2013-09-30": -457, "2013-06-30": -443, "2013-03-31": "-914.00000", "2012-12-31": -540, "2012-09-30": -437, "2012-06-30": -691, "2012-03-31": "-478.00000", "2011-12-31": -1284, "2011-09-30": -535, "2011-06-30": -359, "2011-03-31": "-1128.00000", "2010-12-31": -1226, "2010-09-30": -762, "2010-06-30": -1747, "2010-03-31": "-1486.00000", "2009-12-31": -1606, "2009-09-30": -1091, "2009-06-30": -410, "2009-03-31": "-335.00000", "2008-12-31": -422, "2008-09-30": -456, "2008-06-30": -404, "2008-03-31": "-1586.00000", "2007-12-31": -1131, "2007-09-30": -1254, "2007-06-30": -106, "2007-03-31": "-462.00000", "2006-12-31": -1522, "2006-09-30": -328, "2006-06-30": 403, "2006-03-31": "-146.00000", "2005-12-31": -28, "2005-09-30": 296, "2005-06-30": -626, "2005-03-31": "-111.00000"}, "Net Cash Flow": {"2020-12-31": 138, "2020-09-30": -40, "2020-06-30": 79, "2020-03-31": "50.00000", "2019-12-31": -14, "2019-09-30": 92, "2019-06-30": 59, "2019-03-31": "-16.00000", "2018-12-31": 14, "2018-09-30": -56, "2018-06-30": 18, "2018-03-31": "53.00000", "2017-12-31": -35, "2017-09-30": 51, "2017-06-30": 79, "2017-03-31": "-58.00000", "2016-12-31": 38, "2016-09-30": 4, "2016-06-30": -96, "2016-03-31": "-19.00000", "2015-12-31": 36, "2015-09-30": 27, "2015-06-30": 9, "2015-03-31": "-66.00000", "2014-12-31": 7, "2014-09-30": 56, "2014-06-30": 51, "2014-03-31": "-34.00000", "2013-12-31": -1, "2013-09-30": -13, "2013-06-30": 65, "2013-03-31": "-87.00000", "2012-12-31": 110, "2012-09-30": -10, "2012-06-30": -28, "2012-03-31": "44.00000", "2011-12-31": -17, "2011-09-30": -42, "2011-06-30": 34, "2011-03-31": "39.00000", "2010-12-31": -98, "2010-09-30": 32, "2010-06-30": 15, "2010-03-31": "-4.00000", "2009-12-31": -31, "2009-09-30": 4, "2009-06-30": 37, "2009-03-31": "-105.00000", "2008-12-31": -37, "2008-09-30": 58, "2008-06-30": 21, "2008-03-31": "37.00000", "2007-12-31": -120, "2007-09-30": -171, "2007-06-30": 184, "2007-03-31": "-81.00000", "2006-12-31": 102, "2006-09-30": 83, "2006-06-30": -99, "2006-03-31": "36.00000", "2005-12-31": -105, "2005-09-30": -296, "2005-06-30": 197, "2005-03-31": "279.00000"}, "Stock-Based Compensation": {"2020-12-31": 0, "2020-09-30": 0, "2020-06-30": 0, "2020-03-31": "", "2019-12-31": 0, "2019-09-30": 0, "2019-06-30": 0, "2019-03-31": "", "2018-12-31": 0, "2018-09-30": 0, "2018-06-30": 0, "2018-03-31": "", "2017-12-31": 0, "2017-09-30": 0, "2017-06-30": 0, "2017-03-31": "", "2016-12-31": 0, "2016-09-30": 0, "2016-06-30": 0, "2016-03-31": "", "2015-12-31": 0, "2015-09-30": 0, "2015-06-30": 0, "2015-03-31": "", "2014-12-31": 0, "2014-09-30": 0, "2014-06-30": 0, "2014-03-31": "", "2013-12-31": 0, "2013-09-30": 0, "2013-06-30": 0, "2013-03-31": "", "2012-12-31": 0, "2012-09-30": 0, "2012-06-30": 0, "2012-03-31": "", "2011-12-31": 0, "2011-09-30": 0, "2011-06-30": 0, "2011-03-31": "", "2010-12-31": 0, "2010-09-30": 0, "2010-06-30": 0, "2010-03-31": "", "2009-12-31": 0, "2009-09-30": 0, "2009-06-30": 0, "2009-03-31": "", "2008-12-31": 0, "2008-09-30": 0, "2008-06-30": 0, "2008-03-31": "", "2007-12-31": 0, "2007-09-30": 0, "2007-06-30": 0, "2007-03-31": "", "2006-12-31": 0, "2006-09-30": 0, "2006-06-30": 0, "2006-03-31": "", "2005-12-31": 0, "2005-09-30": 0, "2005-06-30": 0, "2005-03-31": ""}, "Common Stock Dividends Paid": {"2020-12-31": -218, "2020-09-30": -217, "2020-06-30": -216, "2020-03-31": "-210.00000", "2019-12-31": -211, "2019-09-30": -214, "2019-06-30": -214, "2019-03-31": "-205.00000", "2018-12-31": -203, "2018-09-30": -207, "2018-06-30": -207, "2018-03-31": "-197.00000", "2017-12-31": -196, "2017-09-30": -200, "2017-06-30": -199, "2017-03-31": "-190.00000", "2016-12-31": -188, "2016-09-30": -194, "2016-06-30": -195, "2016-03-31": "-180.00000", "2015-12-31": -182, "2015-09-30": -188, "2015-06-30": -192, "2015-03-31": "-177.00000", "2014-12-31": -180, "2014-09-30": -184, "2014-06-30": -189, "2014-03-31": "-176.00000", "2013-12-31": -180, "2013-09-30": -183, "2013-06-30": -191, "2013-03-31": "-175.00000", "2012-12-31": -175, "2012-09-30": -178, "2012-06-30": -180, "2012-03-31": "-161.00000", "2011-12-31": -165, "2011-09-30": -171, "2011-06-30": -174, "2011-03-31": "-155.00000", "2010-12-31": -161, "2010-09-30": -169, "2010-06-30": -175, "2010-03-31": "-168.00000", "2009-12-31": -175, "2009-09-30": -168, "2009-06-30": -172, "2009-03-31": "-178.00000", "2008-12-31": -179, "2008-09-30": -177, "2008-06-30": -180, "2008-03-31": "-179.00000", "2007-12-31": -185, "2007-09-30": -189, "2007-06-30": -193, "2007-03-31": "-175.00000", "2006-12-31": -178, "2006-09-30": -181, "2006-06-30": -182, "2006-03-31": "-161.00000", "2005-12-31": -161, "2005-09-30": -160, "2005-06-30": -157, "2005-03-31": "-150.00000"}}, "financial ratios": {"Current Ratio": {"2019-12-31": "", "2018-12-31": "", "2017-12-31": "", "2016-12-31": "", "2015-12-31": "", "2014-12-31": "", "2013-12-31": "", "2012-12-31": "", "2011-12-31": "", "2010-12-31": "", "2009-12-31": "", "2008-12-31": "", "2007-12-31": "", "2006-12-31": "", "2005-12-31": ""}, "Long-term Debt / Capital": {"2019-12-31": "0.20180", "2018-12-31": "0.22280", "2017-12-31": "0.21690", "2016-12-31": "0.21700", "2015-12-31": "0.21190", "2014-12-31": "0.20360", "2013-12-31": "0.20380", "2012-12-31": "0.20000", "2011-12-31": "0.21250", "2010-12-31": "0.20600", "2009-12-31": "0.19230", "2008-12-31": "0.19620", "2007-12-31": "0.19000", "2006-12-31": "0.18640", "2005-12-31": "0.20780"}, "Debt/Equity Ratio": {"2019-12-31": "0.25280", "2018-12-31": "0.28670", "2017-12-31": "0.27690", "2016-12-31": "0.27720", "2015-12-31": "0.26880", "2014-12-31": "0.25560", "2013-12-31": "0.25590", "2012-12-31": "0.25000", "2011-12-31": "0.26980", "2010-12-31": "0.25950", "2009-12-31": "0.23810", "2008-12-31": "0.24410", "2007-12-31": "0.23450", "2006-12-31": "0.22920", "2005-12-31": "0.26230"}, "Gross Margin": {"2019-12-31": "", "2018-12-31": "", "2017-12-31": "", "2016-12-31": "", "2015-12-31": "", "2014-12-31": "", "2013-12-31": "", "2012-12-31": "", "2011-12-31": "", "2010-12-31": "", "2009-12-31": "", "2008-12-31": "", "2007-12-31": "", "2006-12-31": "", "2005-12-31": ""}, "Operating Margin": {"2019-12-31": "11.02560", "2018-12-31": "10.94050", "2017-12-31": "10.72240", "2016-12-31": "15.98550", "2015-12-31": "19.06770", "2014-12-31": "20.08540", "2013-12-31": "20.25890", "2012-12-31": "13.76850", "2011-12-31": "6.83020", "2010-12-31": "18.69230", "2009-12-31": "20.63610", "2008-12-31": "16.69320", "2007-12-31": "25.22200", "2006-12-31": "24.10920", "2005-12-31": "12.13630"}, "EBIT Margin": {"2019-12-31": "11.02560", "2018-12-31": "10.94050", "2017-12-31": "10.72240", "2016-12-31": "15.98550", "2015-12-31": "19.06770", "2014-12-31": "20.08540", "2013-12-31": "20.25890", "2012-12-31": "13.76850", "2011-12-31": "6.83020", "2010-12-31": "18.69230", "2009-12-31": "20.63610", "2008-12-31": "16.69320", "2007-12-31": "25.22200", "2006-12-31": "24.10920", "2005-12-31": "12.13630"}, "EBITDA Margin": {"2019-12-31": "28.01050", "2018-12-31": "28.05960", "2017-12-31": "27.94960", "2016-12-31": "33.40090", "2015-12-31": "36.60640", "2014-12-31": "37.55060", "2013-12-31": "38.15820", "2012-12-31": "32.17170", "2011-12-31": "25.21420", "2010-12-31": "37.06590", "2009-12-31": "39.31520", "2008-12-31": "35.89900", "2007-12-31": "42.58370", "2006-12-31": "40.63770", "2005-12-31": "28.31930"}, "Pre-Tax Profit Margin": {"2019-12-31": "9.93640", "2018-12-31": "9.77810", "2017-12-31": "9.44570", "2016-12-31": "14.67150", "2015-12-31": "17.67670", "2014-12-31": "18.72750", "2013-12-31": "18.88050", "2012-12-31": "12.29990", "2011-12-31": "5.31320", "2010-12-31": "17.14720", "2009-12-31": "19.08830", "2008-12-31": "15.18160", "2007-12-31": "23.89210", "2006-12-31": "22.81790", "2005-12-31": "10.96250"}, "Net Profit Margin": {"2019-12-31": "8.24230", "2018-12-31": "8.26890", "2017-12-31": "7.06180", "2016-12-31": "10.83080", "2015-12-31": "12.73170", "2014-12-31": "13.48720", "2013-12-31": "13.92080", "2012-12-31": "9.53380", "2011-12-31": "5.55690", "2010-12-31": "12.69510", "2009-12-31": "14.67590", "2008-12-31": "11.94590", "2007-12-31": "17.68460", "2006-12-31": "16.77160", "2005-12-31": "6.65710"}, "Asset Turnover": {"2019-12-31": "0.28680", "2018-12-31": "0.29050", "2017-12-31": "0.27930", "2016-12-31": "0.27560", "2015-12-31": "0.26770", "2014-12-31": "0.26360", "2013-12-31": "0.25230", "2012-12-31": "0.24530", "2011-12-31": "0.24330", "2010-12-31": "0.23770", "2009-12-31": "0.22530", "2008-12-31": "0.22330", "2007-12-31": "0.22580", "2006-12-31": "0.21760", "2005-12-31": "0.21530"}, "Inventory Turnover Ratio": {"2019-12-31": "", "2018-12-31": "", "2017-12-31": "", "2016-12-31": "", "2015-12-31": "", "2014-12-31": "", "2013-12-31": "", "2012-12-31": "", "2011-12-31": "", "2010-12-31": "", "2009-12-31": "", "2008-12-31": "", "2007-12-31": "", "2006-12-31": "", "2005-12-31": ""}, "Receiveable Turnover": {"2019-12-31": "", "2018-12-31": "", "2017-12-31": "", "2016-12-31": "", "2015-12-31": "", "2014-12-31": "", "2013-12-31": "", "2012-12-31": "", "2011-12-31": "", "2010-12-31": "", "2009-12-31": "", "2008-12-31": "", "2007-12-31": "", "2006-12-31": "", "2005-12-31": ""}, "Days Sales In Receivables": {"2019-12-31": "", "2018-12-31": "", "2017-12-31": "", "2016-12-31": "", "2015-12-31": "", "2014-12-31": "", "2013-12-31": "", "2012-12-31": "", "2011-12-31": "", "2010-12-31": "", "2009-12-31": "", "2008-12-31": "", "2007-12-31": "", "2006-12-31": "", "2005-12-31": ""}, "ROE - Return On Equity": {"2019-12-31": "10.10680", "2018-12-31": "11.02040", "2017-12-31": "8.66380", "2016-12-31": "12.97960", "2015-12-31": "14.57330", "2014-12-31": "14.86550", "2013-12-31": "14.81290", "2012-12-31": "9.73430", "2011-12-31": "5.82590", "2010-12-31": "12.65790", "2009-12-31": "13.24990", "2008-12-31": "11.58940", "2007-12-31": "17.35960", "2006-12-31": "16.82800", "2005-12-31": "9.30470"}, "Return On Tangible Equity": {"2019-12-31": "12.10970", "2018-12-31": "13.55580", "2017-12-31": "10.57720", "2016-12-31": "15.55770", "2015-12-31": "17.41620", "2014-12-31": "17.64730", "2013-12-31": "17.64930", "2012-12-31": "11.41790", "2011-12-31": "6.89590", "2010-12-31": "14.88340", "2009-12-31": "15.43770", "2008-12-31": "13.75030", "2007-12-31": "20.50720", "2006-12-31": "20.10220", "2005-12-31": "11.48570"}, "ROA - Return On Assets": {"2019-12-31": "2.38100", "2018-12-31": "2.42050", "2017-12-31": "1.98680", "2016-12-31": "3.00660", "2015-12-31": "3.43270", "2014-12-31": "3.58180", "2013-12-31": "3.53810", "2012-12-31": "2.35660", "2011-12-31": "1.36360", "2010-12-31": "3.04380", "2009-12-31": "3.30600", "2008-12-31": "2.66710", "2007-12-31": "3.99310", "2006-12-31": "3.64990", "2005-12-31": "1.82090"}, "ROI - Return On Investment": {"2019-12-31": "8.06740", "2018-12-31": "8.56470", "2017-12-31": "6.78500", "2016-12-31": "10.16250", "2015-12-31": "11.48550", "2014-12-31": "11.83900", "2013-12-31": "11.79440", "2012-12-31": "7.78780", "2011-12-31": "4.58790", "2010-12-31": "10.02310", "2009-12-31": "10.67110", "2008-12-31": "9.28250", "2007-12-31": "14.00270", "2006-12-31": "13.62030", "2005-12-31": "7.32070"}, "Book Value Per Share": {"2019-12-31": "101.53820", "2018-12-31": "86.85130", "2017-12-31": "87.43920", "2016-12-31": "83.05080", "2015-12-31": "79.74990", "2014-12-31": "77.08260", "2013-12-31": "70.14430", "2012-12-31": "67.31590", "2011-12-31": "62.31420", "2010-12-31": "58.61710", "2009-12-31": "52.69080", "2008-12-31": "43.27300", "2007-12-31": "42.44300", "2006-12-31": "37.05590", "2005-12-31": "32.16470"}, "Operating Cash Flow Per Share": {"2019-12-31": 3.6094, "2018-12-31": 1.3456, "2017-12-31": -0.4687, "2016-12-31": 4.4176, "2015-12-31": 0.1573, "2014-12-31": 0.5875, "2013-12-31": 1.9087, "2012-12-31": 3.1282, "2011-12-31": -1.1714, "2010-12-31": -1.1116, "2009-12-31": 2.2483, "2008-12-31": -2.7133, "2007-12-31": 1.245, "2006-12-31": 1.5924, "2005-12-31": 5.0687}, "Free Cash Flow Per Share": {"2019-12-31": 3.4758, "2018-12-31": 1.283, "2017-12-31": -0.5154, "2016-12-31": 4.6444, "2015-12-31": -0.1381, "2014-12-31": 0.7769, "2013-12-31": 1.8666, "2012-12-31": 3.0414, "2011-12-31": -1.2848, "2010-12-31": -1.1287, "2009-12-31": 2.2434, "2008-12-31": -2.6405, "2007-12-31": 1.2554, "2006-12-31": 1.5045, "2005-12-31": 5.0519}}, "financial ratios, quarterly": {"Current Ratio": {"2020-09-30": "", "2020-06-30": "", "2020-03-31": "", "2019-12-31": "", "2019-09-30": "", "2019-06-30": "", "2019-03-31": "", "2018-12-31": "", "2018-09-30": "", "2018-06-30": "", "2018-03-31": "", "2017-12-31": "", "2017-09-30": "", "2017-06-30": "", "2017-03-31": "", "2016-12-31": "", "2016-09-30": "", "2016-06-30": "", "2016-03-31": "", "2015-12-31": "", "2015-09-30": "", "2015-06-30": "", "2015-03-31": "", "2014-12-31": "", "2014-09-30": "", "2014-06-30": "", "2014-03-31": "", "2013-12-31": "", "2013-09-30": "", "2013-06-30": "", "2013-03-31": "", "2012-12-31": "", "2012-09-30": "", "2012-06-30": "", "2012-03-31": "", "2011-12-31": "", "2011-09-30": "", "2011-06-30": "", "2011-03-31": "", "2010-12-31": "", "2010-09-30": "", "2010-06-30": "", "2010-03-31": "", "2009-12-31": "", "2009-09-30": "", "2009-06-30": "", "2009-03-31": "", "2008-12-31": "", "2008-09-30": "", "2008-06-30": "", "2008-03-31": "", "2007-12-31": "", "2007-09-30": "", "2007-06-30": "", "2007-03-31": "", "2006-12-31": "", "2006-09-30": "", "2006-06-30": "", "2006-03-31": "", "2005-12-31": "", "2005-09-30": "", "2005-06-30": "", "2005-03-31": ""}, "Long-term Debt / Capital": {"2020-09-30": "0.20200", "2020-06-30": "0.20740", "2020-03-31": "0.20650", "2019-12-31": "0.20180", "2019-09-30": "0.20390", "2019-06-30": "0.20570", "2019-03-31": "0.22480", "2018-12-31": "0.22280", "2018-09-30": "0.22620", "2018-06-30": "0.22220", "2018-03-31": "0.23250", "2017-12-31": "0.21690", "2017-09-30": "0.22570", "2017-06-30": "0.22480", "2017-03-31": "0.21420", "2016-12-31": "0.21700", "2016-09-30": "0.20850", "2016-06-30": "0.20660", "2016-03-31": "0.20790", "2015-12-31": "0.21190", "2015-09-30": "0.21910", "2015-06-30": "0.20840", "2015-03-31": "0.20350", "2014-12-31": "0.20360", "2014-09-30": "0.20040", "2014-06-30": "0.19910", "2014-03-31": "0.20000", "2013-12-31": "0.20380", "2013-09-30": "0.20370", "2013-06-30": "0.19040", "2013-03-31": "0.18610", "2012-12-31": "0.20000", "2012-09-30": "0.19690", "2012-06-30": "0.20220", "2012-03-31": "0.20990", "2011-12-31": "0.21250", "2011-09-30": "0.20780", "2011-06-30": "0.20890", "2011-03-31": "0.20750", "2010-12-31": "0.20600", "2010-09-30": "0.18640", "2010-06-30": "0.19270", "2010-03-31": "0.19660", "2009-12-31": "0.19230", "2009-09-30": "0.18820", "2009-06-30": "0.19530", "2009-03-31": "0.18560", "2008-12-31": "0.19620", "2008-09-30": "0.20390", "2008-06-30": "0.19640", "2008-03-31": "0.18120", "2007-12-31": "0.19000", "2007-09-30": "0.19180", "2007-06-30": "0.21000", "2007-03-31": "0.19450", "2006-12-31": "0.18640", "2006-09-30": "0.20980", "2006-06-30": "0.22310", "2006-03-31": "0.20360", "2005-12-31": "0.20780", "2005-09-30": "0.20430", "2005-06-30": "0.20600", "2005-03-31": "0.23290"}, "Debt/Equity Ratio": {"2020-09-30": "0.25320", "2020-06-30": "0.26160", "2020-03-31": "0.26020", "2019-12-31": "0.25280", "2019-09-30": "0.25610", "2019-06-30": "0.25900", "2019-03-31": "0.28990", "2018-12-31": "0.28670", "2018-09-30": "0.29230", "2018-06-30": "0.28570", "2018-03-31": "0.30300", "2017-12-31": "0.27690", "2017-09-30": "0.29160", "2017-06-30": "0.29000", "2017-03-31": "0.27270", "2016-12-31": "0.27720", "2016-09-30": "0.26330", "2016-06-30": "0.26040", "2016-03-31": "0.26250", "2015-12-31": "0.26880", "2015-09-30": "0.28060", "2015-06-30": "0.26330", "2015-03-31": "0.25550", "2014-12-31": "0.25560", "2014-09-30": "0.25070", "2014-06-30": "0.24860", "2014-03-31": "0.25000", "2013-12-31": "0.25590", "2013-09-30": "0.25580", "2013-06-30": "0.23510", "2013-03-31": "0.22860", "2012-12-31": "0.25000", "2012-09-30": "0.24510", "2012-06-30": "0.25350", "2012-03-31": "0.26560", "2011-12-31": "0.26980", "2011-09-30": "0.26240", "2011-06-30": "0.26410", "2011-03-31": "0.26190", "2010-12-31": "0.25950", "2010-09-30": "0.22910", "2010-06-30": "0.23880", "2010-03-31": "0.24460", "2009-12-31": "0.23810", "2009-09-30": "0.23180", "2009-06-30": "0.24260", "2009-03-31": "0.22790", "2008-12-31": "0.24410", "2008-09-30": "0.25610", "2008-06-30": "0.24440", "2008-03-31": "0.22140", "2007-12-31": "0.23450", "2007-09-30": "0.23730", "2007-06-30": "0.26590", "2007-03-31": "0.24150", "2006-12-31": "0.22920", "2006-09-30": "0.26540", "2006-06-30": "0.28710", "2006-03-31": "0.25570", "2005-12-31": "0.26230", "2005-09-30": "0.25670", "2005-06-30": "0.25940", "2005-03-31": "0.30360"}, "Gross Margin": {"2020-09-30": "", "2020-06-30": "", "2020-03-31": "", "2019-12-31": "", "2019-09-30": "", "2019-06-30": "", "2019-03-31": "", "2018-12-31": "", "2018-09-30": "", "2018-06-30": "", "2018-03-31": "", "2017-12-31": "", "2017-09-30": "", "2017-06-30": "", "2017-03-31": "", "2016-12-31": "", "2016-09-30": "", "2016-06-30": "", "2016-03-31": "", "2015-12-31": "", "2015-09-30": "", "2015-06-30": "", "2015-03-31": "", "2014-12-31": "", "2014-09-30": "", "2014-06-30": "", "2014-03-31": "", "2013-12-31": "", "2013-09-30": "", "2013-06-30": "", "2013-03-31": "", "2012-12-31": "", "2012-09-30": "", "2012-06-30": "", "2012-03-31": "", "2011-12-31": "", "2011-09-30": "", "2011-06-30": "", "2011-03-31": "", "2010-12-31": "", "2010-09-30": "", "2010-06-30": "", "2010-03-31": "", "2009-12-31": "", "2009-09-30": "", "2009-06-30": "", "2009-03-31": "", "2008-12-31": "", "2008-09-30": "", "2008-06-30": "", "2008-03-31": "", "2007-12-31": "", "2007-09-30": "", "2007-06-30": "", "2007-03-31": "", "2006-12-31": "", "2006-09-30": "", "2006-06-30": "", "2006-03-31": "", "2005-12-31": "", "2005-09-30": "", "2005-06-30": "", "2005-03-31": ""}, "Operating Margin": {"2020-09-30": "12.96680", "2020-06-30": "", "2020-03-31": "10.16690", "2019-12-31": "14.34950", "2019-09-30": "6.43950", "2019-06-30": "9.62470", "2019-03-31": "13.75310", "2018-12-31": "10.68500", "2018-09-30": "11.54990", "2018-06-30": "9.64290", "2018-03-31": "11.89950", "2017-12-31": "12.79020", "2017-09-30": "5.66550", "2017-06-30": "12.27730", "2017-03-31": "12.22990", "2016-12-31": "19.35220", "2016-09-30": "14.88290", "2016-06-30": "14.44360", "2016-03-31": "15.07630", "2015-12-31": "19.52680", "2015-09-30": "20.60900", "2015-06-30": "17.40690", "2015-03-31": "18.70570", "2014-12-31": "22.84030", "2014-09-30": "19.61950", "2014-06-30": "14.63520", "2014-03-31": "23.28560", "2013-12-31": "21.71590", "2013-09-30": "19.65280", "2013-06-30": "18.92420", "2013-03-31": "20.73330", "2012-12-31": "6.23750", "2012-09-30": "19.39500", "2012-06-30": "11.07090", "2012-03-31": "18.35110", "2011-12-31": "13.71410", "2011-09-30": "6.69580", "2011-06-30": "-9.86220", "2011-03-31": "16.96400", "2010-12-31": "20.45170", "2010-09-30": "22.61650", "2010-06-30": "15.82780", "2010-03-31": "15.60710", "2009-12-31": "29.29060", "2009-09-30": "21.30550", "2009-06-30": "16.79650", "2009-03-31": "14.28070", "2008-12-31": "17.58830", "2008-09-30": "4.60540", "2008-06-30": "21.89040", "2008-03-31": "22.52890", "2007-12-31": "23.60190", "2007-09-30": "27.09160", "2007-06-30": "26.25890", "2007-03-31": "23.89920", "2006-12-31": "25.83090", "2006-09-30": "24.41420", "2006-06-30": "22.73380", "2006-03-31": "23.37190", "2005-12-31": "4.40060", "2005-09-30": "1.02620", "2005-06-30": "22.59400", "2005-03-31": "20.62240"}, "EBIT Margin": {"2020-09-30": "12.96680", "2020-06-30": "", "2020-03-31": "10.16690", "2019-12-31": "14.34950", "2019-09-30": "6.43950", "2019-06-30": "9.62470", "2019-03-31": "13.75310", "2018-12-31": "10.68500", "2018-09-30": "11.54990", "2018-06-30": "9.64290", "2018-03-31": "11.89950", "2017-12-31": "12.79020", "2017-09-30": "5.66550", "2017-06-30": "12.27730", "2017-03-31": "12.22990", "2016-12-31": "19.35220", "2016-09-30": "14.88290", "2016-06-30": "14.44360", "2016-03-31": "15.07630", "2015-12-31": "19.52680", "2015-09-30": "20.60900", "2015-06-30": "17.40690", "2015-03-31": "18.70570", "2014-12-31": "22.84030", "2014-09-30": "19.61950", "2014-06-30": "14.63520", "2014-03-31": "23.28560", "2013-12-31": "21.71590", "2013-09-30": "19.65280", "2013-06-30": "18.92420", "2013-03-31": "20.73330", "2012-12-31": "6.23750", "2012-09-30": "19.39500", "2012-06-30": "11.07090", "2012-03-31": "18.35110", "2011-12-31": "13.71410", "2011-09-30": "6.69580", "2011-06-30": "-9.86220", "2011-03-31": "16.96400", "2010-12-31": "20.45170", "2010-09-30": "22.61650", "2010-06-30": "15.82780", "2010-03-31": "15.60710", "2009-12-31": "29.29060", "2009-09-30": "21.30550", "2009-06-30": "16.79650", "2009-03-31": "14.28070", "2008-12-31": "17.58830", "2008-09-30": "4.60540", "2008-06-30": "21.89040", "2008-03-31": "22.52890", "2007-12-31": "23.60190", "2007-09-30": "27.09160", "2007-06-30": "26.25890", "2007-03-31": "23.89920", "2006-12-31": "25.83090", "2006-09-30": "24.41420", "2006-06-30": "22.73380", "2006-03-31": "23.37190", "2005-12-31": "4.40060", "2005-09-30": "1.02620", "2005-06-30": "22.59400", "2005-03-31": "20.62240"}, "EBITDA Margin": {"2020-09-30": "", "2020-06-30": "", "2020-03-31": "", "2019-12-31": "", "2019-09-30": "", "2019-06-30": "", "2019-03-31": "", "2018-12-31": "", "2018-09-30": "", "2018-06-30": "", "2018-03-31": "", "2017-12-31": "", "2017-09-30": "", "2017-06-30": "", "2017-03-31": "", "2016-12-31": "", "2016-09-30": "", "2016-06-30": "", "2016-03-31": "", "2015-12-31": "", "2015-09-30": "", "2015-06-30": "", "2015-03-31": "", "2014-12-31": "", "2014-09-30": "", "2014-06-30": "", "2014-03-31": "", "2013-12-31": "", "2013-09-30": "", "2013-06-30": "", "2013-03-31": "", "2012-12-31": "", "2012-09-30": "", "2012-06-30": "", "2012-03-31": "", "2011-12-31": "", "2011-09-30": "", "2011-06-30": "", "2011-03-31": "", "2010-12-31": "", "2010-09-30": "", "2010-06-30": "", "2010-03-31": "", "2009-12-31": "", "2009-09-30": "", "2009-06-30": "", "2009-03-31": "", "2008-12-31": "", "2008-09-30": "", "2008-06-30": "", "2008-03-31": "", "2007-12-31": "", "2007-09-30": "", "2007-06-30": "", "2007-03-31": "", "2006-12-31": "", "2006-09-30": "", "2006-06-30": "", "2006-03-31": "", "2005-12-31": "", "2005-09-30": "", "2005-06-30": "", "2005-03-31": ""}, "Pre-Tax Profit Margin": {"2020-09-30": "11.91540", "2020-06-30": "-1.14850", "2020-03-31": "9.10470", "2019-12-31": "13.32010", "2019-09-30": "5.39120", "2019-06-30": "8.48860", "2019-03-31": "12.60590", "2018-12-31": "9.56900", "2018-09-30": "10.43640", "2018-06-30": "8.43920", "2018-03-31": "10.67800", "2017-12-31": "11.54210", "2017-09-30": "4.36860", "2017-06-30": "10.99670", "2017-03-31": "10.94790", "2016-12-31": "18.10090", "2016-09-30": "13.60440", "2016-06-30": "13.07300", "2016-03-31": "13.71520", "2015-12-31": "18.10420", "2015-09-30": "19.22620", "2015-06-30": "16.03580", "2015-03-31": "17.31790", "2014-12-31": "21.48640", "2014-09-30": "18.26900", "2014-06-30": "13.27930", "2014-03-31": "21.91410", "2013-12-31": "20.35030", "2013-09-30": "18.24240", "2013-06-30": "17.63560", "2013-03-31": "19.27940", "2012-12-31": "4.80160", "2012-09-30": "17.96680", "2012-06-30": "9.56130", "2012-03-31": "16.84920", "2011-12-31": "12.20780", "2011-09-30": "5.18180", "2011-06-30": "-11.38070", "2011-03-31": "15.43490", "2010-12-31": "18.90400", "2010-09-30": "21.15090", "2010-06-30": "14.25800", "2010-03-31": "14.00560", "2009-12-31": "27.77260", "2009-09-30": "19.75660", "2009-06-30": "15.27100", "2009-03-31": "12.67660", "2008-12-31": "15.96900", "2008-09-30": "3.05940", "2008-06-30": "20.44480", "2008-03-31": "21.08470", "2007-12-31": "22.20000", "2007-09-30": "25.65120", "2007-06-30": "24.96580", "2007-03-31": "22.71670", "2006-12-31": "24.56330", "2006-09-30": "23.02090", "2006-06-30": "21.48680", "2006-03-31": "22.11570", "2005-12-31": "3.18720", "2005-09-30": "-0.13240", "2005-06-30": "21.43450", "2005-03-31": "19.45950"}, "Net Profit Margin": {"2020-09-30": "9.92150", "2020-06-30": "-0.55400", "2020-03-31": "7.52400", "2019-12-31": "10.74040", "2019-09-30": "4.90450", "2019-06-30": "7.05900", "2019-03-31": "10.31160", "2018-12-31": "7.90150", "2018-09-30": "9.11560", "2018-06-30": "6.95470", "2018-03-31": "9.11340", "2017-12-31": "7.34130", "2017-09-30": "3.97270", "2017-06-30": "8.21270", "2017-03-31": "8.83030", "2016-12-31": "13.02660", "2016-09-30": "10.19970", "2016-06-30": "9.71260", "2016-03-31": "10.26030", "2015-12-31": "12.86310", "2015-09-30": "13.56280", "2015-06-30": "12.01190", "2015-03-31": "12.47550", "2014-12-31": "15.15820", "2014-09-30": "13.24430", "2014-06-30": "9.99260", "2014-03-31": "15.57840", "2013-12-31": "14.54650", "2013-09-30": "13.29820", "2013-06-30": "13.75490", "2013-03-31": "14.06450", "2012-12-31": "4.64720", "2012-09-30": "13.17570", "2012-06-30": "7.78420", "2012-03-31": "12.51570", "2011-12-31": "9.69720", "2011-09-30": "5.16620", "2011-06-30": "-5.72950", "2011-03-31": "13.23670", "2010-12-31": "13.67660", "2010-09-30": "15.50450", "2010-06-30": "10.84320", "2010-03-31": "10.57360", "2009-12-31": "19.90400", "2009-09-30": "14.77790", "2009-06-30": "12.00910", "2009-03-31": "11.54320", "2008-12-31": "13.79850", "2008-09-30": "3.48250", "2008-06-30": "14.96430", "2008-03-31": "15.51670", "2007-12-31": "16.37650", "2007-09-30": "18.35730", "2007-06-30": "19.07810", "2007-03-31": "16.89750", "2006-12-31": "18.38000", "2006-09-30": "16.51360", "2006-06-30": "15.50760", "2006-03-31": "16.62810", "2005-12-31": "2.89600", "2005-09-30": "2.68120", "2005-06-30": "17.70750", "2005-03-31": "3.47260"}, "Asset Turnover": {"2020-09-30": "0.07110", "2020-06-30": "0.06530", "2020-03-31": "0.07230", "2019-12-31": "0.07320", "2019-09-30": "0.07270", "2019-06-30": "0.07220", "2019-03-31": "0.07150", "2018-12-31": "0.07480", "2018-09-30": "0.07400", "2018-06-30": "0.07220", "2018-03-31": "0.07030", "2017-12-31": "0.07200", "2017-09-30": "0.07020", "2017-06-30": "0.07000", "2017-03-31": "0.06860", "2016-12-31": "0.07180", "2016-09-30": "0.06770", "2016-06-30": "0.06620", "2016-03-31": "0.06580", "2015-12-31": "0.06670", "2015-09-30": "0.06660", "2015-06-30": "0.06600", "2015-03-31": "0.06460", "2014-12-31": "0.06590", "2014-09-30": "0.06590", "2014-06-30": "0.06470", "2014-03-31": "0.06440", "2013-12-31": "0.06490", "2013-09-30": "0.06280", "2013-06-30": "0.06550", "2013-03-31": "0.06090", "2012-12-31": "0.06170", "2012-09-30": "0.06180", "2012-06-30": "0.06100", "2012-03-31": "0.06100", "2011-12-31": "0.06090", "2011-09-30": "0.05990", "2011-06-30": "0.06000", "2011-03-31": "0.05960", "2010-12-31": "0.05990", "2010-09-30": "0.05990", "2010-06-30": "0.05770", "2010-03-31": "0.05630", "2009-12-31": "0.05890", "2009-09-30": "0.05620", "2009-06-30": "0.05540", "2009-03-31": "0.05190", "2008-12-31": "0.05290", "2008-09-30": "0.05450", "2008-06-30": "0.05540", "2008-03-31": "0.05460", "2007-12-31": "0.05630", "2007-09-30": "0.05640", "2007-06-30": "0.05700", "2007-03-31": "0.05630", "2006-12-31": "0.05610", "2006-09-30": "0.05470", "2006-06-30": "0.05490", "2006-03-31": "0.05340", "2005-12-31": "0.05460", "2005-09-30": "0.05330", "2005-06-30": "0.05400", "2005-03-31": "0.05470"}, "Inventory Turnover Ratio": {"2020-09-30": "", "2020-06-30": "", "2020-03-31": "", "2019-12-31": "", "2019-09-30": "", "2019-06-30": "", "2019-03-31": "", "2018-12-31": "", "2018-09-30": "", "2018-06-30": "", "2018-03-31": "", "2017-12-31": "", "2017-09-30": "", "2017-06-30": "", "2017-03-31": "", "2016-12-31": "", "2016-09-30": "", "2016-06-30": "", "2016-03-31": "", "2015-12-31": "", "2015-09-30": "", "2015-06-30": "", "2015-03-31": "", "2014-12-31": "", "2014-09-30": "", "2014-06-30": "", "2014-03-31": "", "2013-12-31": "", "2013-09-30": "", "2013-06-30": "", "2013-03-31": "", "2012-12-31": "", "2012-09-30": "", "2012-06-30": "", "2012-03-31": "", "2011-12-31": "", "2011-09-30": "", "2011-06-30": "", "2011-03-31": "", "2010-12-31": "", "2010-09-30": "", "2010-06-30": "", "2010-03-31": "", "2009-12-31": "", "2009-09-30": "", "2009-06-30": "", "2009-03-31": "", "2008-12-31": "", "2008-09-30": "", "2008-06-30": "", "2008-03-31": "", "2007-12-31": "", "2007-09-30": "", "2007-06-30": "", "2007-03-31": "", "2006-12-31": "", "2006-09-30": "", "2006-06-30": "", "2006-03-31": "", "2005-12-31": "", "2005-09-30": "", "2005-06-30": "", "2005-03-31": ""}, "Receiveable Turnover": {"2020-09-30": "", "2020-06-30": "", "2020-03-31": "", "2019-12-31": "", "2019-09-30": "", "2019-06-30": "", "2019-03-31": "", "2018-12-31": "", "2018-09-30": "", "2018-06-30": "", "2018-03-31": "", "2017-12-31": "", "2017-09-30": "", "2017-06-30": "", "2017-03-31": "", "2016-12-31": "", "2016-09-30": "", "2016-06-30": "", "2016-03-31": "", "2015-12-31": "", "2015-09-30": "", "2015-06-30": "", "2015-03-31": "", "2014-12-31": "", "2014-09-30": "", "2014-06-30": "", "2014-03-31": "", "2013-12-31": "", "2013-09-30": "", "2013-06-30": "", "2013-03-31": "", "2012-12-31": "", "2012-09-30": "", "2012-06-30": "", "2012-03-31": "", "2011-12-31": "", "2011-09-30": "", "2011-06-30": "", "2011-03-31": "", "2010-12-31": "", "2010-09-30": "", "2010-06-30": "", "2010-03-31": "", "2009-12-31": "", "2009-09-30": "", "2009-06-30": "", "2009-03-31": "", "2008-12-31": "", "2008-09-30": "", "2008-06-30": "", "2008-03-31": "", "2007-12-31": "", "2007-09-30": "", "2007-06-30": "", "2007-03-31": "", "2006-12-31": "", "2006-09-30": "", "2006-06-30": "", "2006-03-31": "", "2005-12-31": "", "2005-09-30": "", "2005-06-30": "", "2005-03-31": ""}, "Days Sales In Receivables": {"2020-09-30": "", "2020-06-30": "", "2020-03-31": "", "2019-12-31": "", "2019-09-30": "", "2019-06-30": "", "2019-03-31": "", "2018-12-31": "", "2018-09-30": "", "2018-06-30": "", "2018-03-31": "", "2017-12-31": "", "2017-09-30": "", "2017-06-30": "", "2017-03-31": "", "2016-12-31": "", "2016-09-30": "", "2016-06-30": "", "2016-03-31": "", "2015-12-31": "", "2015-09-30": "", "2015-06-30": "", "2015-03-31": "", "2014-12-31": "", "2014-09-30": "", "2014-06-30": "", "2014-03-31": "", "2013-12-31": "", "2013-09-30": "", "2013-06-30": "", "2013-03-31": "", "2012-12-31": "", "2012-09-30": "", "2012-06-30": "", "2012-03-31": "", "2011-12-31": "", "2011-09-30": "", "2011-06-30": "", "2011-03-31": "", "2010-12-31": "", "2010-09-30": "", "2010-06-30": "", "2010-03-31": "", "2009-12-31": "", "2009-09-30": "", "2009-06-30": "", "2009-03-31": "", "2008-12-31": "", "2008-09-30": "", "2008-06-30": "", "2008-03-31": "", "2007-12-31": "", "2007-09-30": "", "2007-06-30": "", "2007-03-31": "", "2006-12-31": "", "2006-09-30": "", "2006-06-30": "", "2006-03-31": "", "2005-12-31": "", "2005-09-30": "", "2005-06-30": "", "2005-03-31": ""}, "ROE - Return On Equity": {"2020-09-30": "2.96960", "2020-06-30": "-0.14850", "2020-03-31": "2.38060", "2019-12-31": "3.36510", "2019-09-30": "1.54650", "2019-06-30": "2.19980", "2019-03-31": "3.27030", "2018-12-31": "2.71250", "2018-09-30": "3.15670", "2018-06-30": "2.31620", "2018-03-31": "2.91140", "2017-12-31": "2.32190", "2017-09-30": "1.23430", "2017-06-30": "2.49390", "2017-03-31": "2.61310", "2016-12-31": "4.06100", "2016-09-30": "2.92970", "2016-06-30": "2.68670", "2016-03-31": "2.85940", "2015-12-31": "3.66980", "2015-09-30": "3.86140", "2015-06-30": "3.36640", "2015-03-31": "3.35250", "2014-12-31": "4.17940", "2014-09-30": "3.62940", "2014-06-30": "2.67510", "2014-03-31": "4.14390", "2013-12-31": "3.98450", "2013-09-30": "3.48230", "2013-06-30": "3.71640", "2013-03-31": "3.50050", "2012-12-31": "1.19660", "2012-09-30": "3.33530", "2012-06-30": "1.99210", "2012-03-31": "3.24060", "2011-12-31": "2.52480", "2011-09-30": "1.32290", "2011-06-30": "-1.45550", "2011-03-31": "3.33240", "2010-12-31": "3.51870", "2010-09-30": "3.69150", "2010-06-30": "2.55590", "2010-03-31": "2.43290", "2009-12-31": "4.70080", "2009-09-30": "3.32990", "2009-06-30": "2.75740", "2009-03-31": "2.50660", "2008-12-31": "3.17480", "2008-09-30": "0.86890", "2008-06-30": "3.64830", "2008-03-31": "3.67960", "2007-12-31": "4.01070", "2007-09-30": "4.57390", "2007-06-30": "4.97560", "2007-03-31": "4.30390", "2006-12-31": "4.75490", "2006-09-30": "4.23790", "2006-06-30": "4.23360", "2006-03-31": "4.43350", "2005-12-31": "0.80360", "2005-09-30": "0.33710", "2005-06-30": "4.19440", "2005-03-31": "4.26700"}, "Return On Tangible Equity": {"2020-09-30": "3.50630", "2020-06-30": "-0.17620", "2020-03-31": "2.86160", "2019-12-31": "4.03200", "2019-09-30": "1.85490", "2019-06-30": "2.64700", "2019-03-31": "3.97010", "2018-12-31": "3.33660", "2018-09-30": "3.90610", "2018-06-30": "2.85780", "2018-03-31": "3.58160", "2017-12-31": "2.83470", "2017-09-30": "1.50670", "2017-06-30": "2.97430", "2017-03-31": "3.12220", "2016-12-31": "4.86760", "2016-09-30": "3.47860", "2016-06-30": "3.18430", "2016-03-31": "3.40340", "2015-12-31": "4.38570", "2015-09-30": "4.60000", "2015-06-30": "4.01130", "2015-03-31": "3.97330", "2014-12-31": "4.96150", "2014-09-30": "4.29760", "2014-06-30": "3.16640", "2014-03-31": "4.91040", "2013-12-31": "4.74750", "2013-09-30": "4.09500", "2013-06-30": "4.37000", "2013-03-31": "4.09860", "2012-12-31": "1.40360", "2012-09-30": "3.90120", "2012-06-30": "2.34500", "2012-03-31": "3.82170", "2011-12-31": "2.98850", "2011-09-30": "1.55910", "2011-06-30": "-1.71880", "2011-03-31": "3.92130", "2010-12-31": "4.13740", "2010-09-30": "4.29340", "2010-06-30": "2.99400", "2010-03-31": "2.84500", "2009-12-31": "5.47690", "2009-09-30": "3.86640", "2009-06-30": "3.22880", "2009-03-31": "2.94580", "2008-12-31": "3.76680", "2008-09-30": "1.03690", "2008-06-30": "4.31890", "2008-03-31": "4.34720", "2007-12-31": "4.73790", "2007-09-30": "5.42250", "2007-06-30": "5.95100", "2007-03-31": "5.17140", "2006-12-31": "5.68000", "2006-09-30": "5.08680", "2006-06-30": "5.16730", "2006-03-31": "5.43520", "2005-12-31": "0.99200", "2005-09-30": "0.41670", "2005-06-30": "5.20550", "2005-03-31": "5.43240"}, "ROA - Return On Assets": {"2020-09-30": "0.71060", "2020-06-30": "-0.03530", "2020-03-31": "0.54830", "2019-12-31": "0.79280", "2019-09-30": "0.35920", "2019-06-30": "0.51300", "2019-03-31": "0.74220", "2018-12-31": "0.59580", "2018-09-30": "0.67920", "2018-06-30": "0.50620", "2018-03-31": "0.64530", "2017-12-31": "0.53250", "2017-09-30": "0.28090", "2017-06-30": "0.57950", "2017-03-31": "0.60940", "2016-12-31": "0.94070", "2016-09-30": "0.69660", "2016-06-30": "0.64810", "2016-03-31": "0.67960", "2015-12-31": "0.86440", "2015-09-30": "0.90880", "2015-06-30": "0.79870", "2015-03-31": "0.81120", "2014-12-31": "1.00700", "2014-09-30": "0.87920", "2014-06-30": "0.65160", "2014-03-31": "1.01020", "2013-12-31": "0.95170", "2013-09-30": "0.84140", "2013-06-30": "0.90780", "2013-03-31": "0.86240", "2012-12-31": "0.28970", "2012-09-30": "0.81940", "2012-06-30": "0.47830", "2012-03-31": "0.76860", "2011-12-31": "0.59100", "2011-09-30": "0.31140", "2011-06-30": "-0.34190", "2011-03-31": "0.79710", "2010-12-31": "0.84610", "2010-09-30": "0.92920", "2010-06-30": "0.62600", "2010-03-31": "0.59520", "2009-12-31": "1.17290", "2009-09-30": "0.83020", "2009-06-30": "0.66470", "2009-03-31": "0.59930", "2008-12-31": "0.73060", "2008-09-30": "0.18990", "2008-06-30": "0.82900", "2008-03-31": "0.84720", "2007-12-31": "0.92260", "2007-09-30": "1.03590", "2007-06-30": "1.08700", "2007-03-31": "0.95160", "2006-12-31": "1.03130", "2006-09-30": "0.90300", "2006-06-30": "0.85170", "2006-03-31": "0.88730", "2005-12-31": "0.15730", "2005-09-30": "0.06610", "2005-06-30": "0.83270", "2005-03-31": "0.78630"}, "ROI - Return On Investment": {"2020-09-30": "2.36970", "2020-06-30": "-0.11770", "2020-03-31": "1.88900", "2019-12-31": "2.68610", "2019-09-30": "1.23120", "2019-06-30": "1.74720", "2019-03-31": "2.53530", "2018-12-31": "2.10810", "2018-09-30": "2.44280", "2018-06-30": "1.80150", "2018-03-31": "2.23430", "2017-12-31": "1.81840", "2017-09-30": "0.95570", "2017-06-30": "1.93320", "2017-03-31": "2.05320", "2016-12-31": "3.17960", "2016-09-30": "2.31900", "2016-06-30": "2.13160", "2016-03-31": "2.26480", "2015-12-31": "2.89230", "2015-09-30": "3.01530", "2015-06-30": "2.66480", "2015-03-31": "2.67020", "2014-12-31": "3.32850", "2014-09-30": "2.90190", "2014-06-30": "2.14250", "2014-03-31": "3.31510", "2013-12-31": "3.17260", "2013-09-30": "2.77310", "2013-06-30": "3.00890", "2013-03-31": "2.84920", "2012-12-31": "0.95730", "2012-09-30": "2.67870", "2012-06-30": "1.58930", "2012-03-31": "2.56050", "2011-12-31": "1.98830", "2011-09-30": "1.04800", "2011-06-30": "-1.15150", "2011-03-31": "2.63390", "2010-12-31": "2.78630", "2010-09-30": "2.99580", "2010-06-30": "2.05760", "2010-03-31": "1.94900", "2009-12-31": "3.78590", "2009-09-30": "2.69550", "2009-06-30": "2.21210", "2009-03-31": "2.03470", "2008-12-31": "2.54290", "2008-09-30": "0.68920", "2008-06-30": "2.92010", "2008-03-31": "3.00040", "2007-12-31": "3.23510", "2007-09-30": "3.68050", "2007-06-30": "3.91200", "2007-03-31": "3.44980", "2006-12-31": "3.84850", "2006-09-30": "3.33060", "2006-06-30": "3.26930", "2006-03-31": "3.50820", "2005-12-31": "0.63230", "2005-09-30": "0.26630", "2005-06-30": "3.30480", "2005-03-31": "3.24490"}, "Book Value Per Share": {"2020-09-30": "109.94470", "2020-06-30": "106.41000", "2020-03-31": "99.69940", "2019-12-31": "101.53820", "2019-09-30": "99.21350", "2019-06-30": "97.27620", "2019-03-31": "92.93620", "2018-12-31": "86.85130", "2018-09-30": "84.81870", "2018-06-30": "84.50880", "2018-03-31": "85.04440", "2017-12-31": "87.43920", "2017-09-30": "86.73000", "2017-06-30": "86.47340", "2017-03-31": "84.50970", "2016-12-31": "83.05080", "2016-09-30": "86.02250", "2016-06-30": "85.72320", "2016-03-31": "82.64710", "2015-12-31": "79.74990", "2015-09-30": "79.00390", "2015-06-30": "77.50960", "2015-03-31": "77.96360", "2014-12-31": "77.08260", "2014-09-30": "76.40620", "2014-06-30": "75.31560", "2014-03-31": "73.05610", "2013-12-31": "70.14430", "2013-09-30": "68.14340", "2013-06-30": "66.63990", "2013-03-31": "68.00210", "2012-12-31": "67.31590", "2012-09-30": "67.81410", "2012-06-30": "64.89380", "2012-03-31": "63.80710", "2011-12-31": "62.31420", "2011-09-30": "60.97870", "2011-06-30": "59.61380", "2011-03-31": "60.05950", "2010-12-31": "58.61710", "2010-09-30": "59.27250", "2010-06-30": "55.83260", "2010-03-31": "53.66400", "2009-12-31": "52.69080", "2009-09-30": "51.39620", "2009-06-30": "47.43610", "2009-03-31": "45.27080", "2008-12-31": "43.27300", "2008-09-30": "42.09980", "2008-06-30": "43.72980", "2008-03-31": "43.48000", "2007-12-31": "42.44300", "2007-09-30": "40.71660", "2007-06-30": "38.54190", "2007-03-31": "38.11360", "2006-12-31": "37.05590", "2006-09-30": "35.89120", "2006-06-30": "33.34110", "2006-03-31": "32.80240", "2005-12-31": "32.16470", "2005-09-30": "32.37220", "2005-06-30": "33.15890", "2005-03-31": "30.77790"}, "Operating Cash Flow Per Share": {"2020-09-30": 9.05, "2020-06-30": 6.6556, "2020-03-31": "2.45410", "2019-12-31": 5.3555, "2019-09-30": 7.6926, "2019-06-30": 4.3825, "2019-03-31": "2.41310", "2018-12-31": 3.4474, "2018-09-30": 6.5235, "2018-06-30": 4.2408, "2018-03-31": "2.02260", "2017-12-31": 2.2893, "2017-09-30": 6.3351, "2017-06-30": 3.2615, "2017-03-31": "3.00280", "2016-12-31": 4.788, "2016-09-30": 6.1654, "2016-06-30": 1.5507, "2016-03-31": "2.85330", "2015-12-31": 2.3417, "2015-09-30": 5.8465, "2015-06-30": 2.1383, "2015-03-31": "0.61330", "2014-12-31": 1.4346, "2014-09-30": 5.5175, "2014-06-30": 1.8479, "2014-03-31": "1.98250", "2013-12-31": 2.4476, "2013-09-30": 4.4518, "2013-06-30": 1.9078, "2013-03-31": "1.38780", "2012-12-31": 1.1556, "2012-09-30": 3.9004, "2012-06-30": 1.1737, "2012-03-31": "2.05660", "2011-12-31": 0.814, "2011-09-30": 2.1917, "2011-06-30": 0.6952, "2011-03-31": "1.45720", "2010-12-31": 1.2617, "2010-09-30": 2.9264, "2010-06-30": 1.1105, "2010-03-31": "1.03090", "2009-12-31": 1.7613, "2009-09-30": 2.5943, "2009-06-30": 1.7085, "2009-03-31": "1.37700", "2008-12-31": 0.8662, "2008-09-30": 1.6436, "2008-06-30": 1.1993, "2008-03-31": "1.48370", "2007-12-31": 1.955, "2007-09-30": 3.1049, "2007-06-30": 1.6097, "2007-03-31": "1.23650", "2006-12-31": 2.2978, "2006-09-30": 2.4047, "2006-06-30": 1.1789, "2006-03-31": "0.77970", "2005-12-31": 0.4826, "2005-09-30": 2.1153, "2005-06-30": 0.9872, "2005-03-31": "1.48360"}, "Free Cash Flow Per Share": {"2020-09-30": 9.0156, "2020-06-30": 6.6227, "2020-03-31": "2.39160", "2019-12-31": 5.3105, "2019-09-30": 7.652, "2019-06-30": 4.3509, "2019-03-31": "2.12240", "2018-12-31": 3.3855, "2018-09-30": 6.4734, "2018-06-30": 4.1989, "2018-03-31": "1.90220", "2017-12-31": 2.2222, "2017-09-30": 6.2834, "2017-06-30": 3.2252, "2017-03-31": "2.94620", "2016-12-31": 4.7266, "2016-09-30": 6.13, "2016-06-30": 1.506, "2016-03-31": "2.82980", "2015-12-31": 2.3229, "2015-09-30": 5.6905, "2015-06-30": 1.9398, "2015-03-31": "0.59480", "2014-12-31": 1.4592, "2014-09-30": 5.5003, "2014-06-30": 1.7695, "2014-03-31": "1.95710", "2013-12-31": 2.3361, "2013-09-30": 4.4328, "2013-06-30": 1.7682, "2013-03-31": "1.37210", "2012-12-31": 1.0717, "2012-09-30": 3.8887, "2012-06-30": 1.0382, "2012-03-31": "2.04400", "2011-12-31": 0.7551, "2011-09-30": 2.1773, "2011-06-30": 0.6807, "2011-03-31": "1.38810", "2010-12-31": 1.2288, "2010-09-30": 2.9117, "2010-06-30": 1.103, "2010-03-31": "1.04250", "2009-12-31": 1.7561, "2009-09-30": 2.5886, "2009-06-30": 1.7014, "2009-03-31": "1.36860", "2008-12-31": 0.8548, "2008-09-30": 1.6335, "2008-06-30": 1.2137, "2008-03-31": "1.46930", "2007-12-31": 1.9499, "2007-09-30": 3.0941, "2007-06-30": 1.5684, "2007-03-31": "1.19940", "2006-12-31": 2.2253, "2006-09-30": 2.3919, "2006-06-30": 1.1706, "2006-03-31": "0.76860", "2005-12-31": 0.4511, "2005-09-30": 2.161, "2005-06-30": 0.9675, "2005-03-31": "1.47230"}}, "revenue": {"Travelers Annual Revenue (Millions of US $)": {"2020": "$31,981", "2019": "$31,581", "2018": "$30,282", "2017": "$28,902", "2016": "$27,625", "2015": "$26,815", "2014": "$27,174", "2013": "$26,191", "2012": "$25,740", "2011": "$25,446", "2010": "$25,112", "2009": "$24,680", "2008": "$24,477", "2007": "$26,017", "2006": "$25,090", "2005": "$24,365"}, "Travelers Quarterly Revenue (Millions of US $)": {"2020-12-31": "$8,397", "2020-09-30": "$8,275", "2020-06-30": "$7,401", "2020-03-31": "$7,908", "2019-12-31": "$8,063", "2019-09-30": "$8,013", "2019-06-30": "$7,834", "2019-03-31": "$7,671", "2018-12-31": "$7,796", "2018-09-30": "$7,723", "2018-06-30": "$7,477", "2018-03-31": "$7,286", "2017-12-31": "$7,451", "2017-09-30": "$7,325", "2017-06-30": "$7,184", "2017-03-31": "$6,942", "2016-12-31": "$7,193", "2016-09-30": "$6,961", "2016-06-30": "$6,785", "2016-03-31": "$6,686", "2015-12-31": "$6,678", "2015-09-30": "$6,798", "2015-06-30": "$6,710", "2015-03-31": "$6,629", "2014-12-31": "$6,795", "2014-09-30": "$6,886", "2014-06-30": "$6,785", "2014-03-31": "$6,708", "2013-12-31": "$6,737", "2013-09-30": "$6,452", "2013-06-30": "$6,674", "2013-03-31": "$6,328", "2012-12-31": "$6,477", "2012-09-30": "$6,512", "2012-06-30": "$6,359", "2012-03-31": "$6,392", "2011-12-31": "$6,373", "2011-09-30": "$6,407", "2011-06-30": "$6,388", "2011-03-31": "$6,278", "2010-12-31": "$6,332", "2010-09-30": "$6,482", "2010-06-30": "$6,179", "2010-03-31": "$6,119", "2009-12-31": "$6,456", "2009-09-30": "$6,327", "2009-06-30": "$6,162", "2009-03-31": "$5,735", "2008-12-31": "$5,805", "2008-09-30": "$6,145", "2008-06-30": "$6,295", "2008-03-31": "$6,232", "2007-12-31": "$6,491", "2007-09-30": "$6,526", "2007-06-30": "$6,573", "2007-03-31": "$6,427", "2006-12-31": "$6,469", "2006-09-30": "$6,316", "2006-06-30": "$6,255", "2006-03-31": "$6,050", "2005-12-31": "$6,181", "2005-09-30": "$6,042", "2005-06-30": "$6,037", "2005-03-31": "$6,105"}}, "gross-profit": {"Travelers Annual Gross Profit (Millions of US $)": {"2020": "$12,858", "2019": "$12,448", "2018": "$11,991", "2017": "$11,435", "2016": "$12,555", "2015": "$13,092", "2014": "$13,304", "2013": "$12,884", "2012": "$11,064", "2011": "$9,170", "2010": "$11,902", "2009": "$12,272", "2008": "$11,484", "2007": "$13,620", "2006": "$12,846", "2005": "$9,438"}, "Travelers Quarterly Gross Profit (Millions of US $)": {"2020-12-31": "$4,056", "2020-09-30": "$3,389", "2020-06-30": "$2,294", "2020-03-31": "$3,119", "2019-12-31": "$3,423", "2019-09-30": "$2,783", "2019-06-30": "$3,013", "2019-03-31": "$3,229", "2018-12-31": "$3,018", "2018-09-30": "$3,068", "2018-06-30": "$2,915", "2018-03-31": "$2,990", "2017-12-31": "$3,109", "2017-09-30": "$2,519", "2017-06-30": "$2,959", "2017-03-31": "$2,848", "2016-12-31": "$3,453", "2016-09-30": "$3,105", "2016-06-30": "$3,023", "2016-03-31": "$2,974", "2015-12-31": "$3,315", "2015-09-30": "$3,416", "2015-06-30": "$3,163", "2015-03-31": "$3,198", "2014-12-31": "$3,586", "2014-09-30": "$3,366", "2014-06-30": "$2,959", "2014-03-31": "$3,393", "2013-12-31": "$3,410", "2013-09-30": "$3,155", "2013-06-30": "$3,144", "2013-03-31": "$3,175", "2012-12-31": "$2,310", "2012-09-30": "$3,153", "2012-06-30": "$2,573", "2012-03-31": "$3,028", "2011-12-31": "$2,756", "2011-09-30": "$2,271", "2011-06-30": "$1,247", "2011-03-31": "$2,896", "2010-12-31": "$3,142", "2010-09-30": "$3,269", "2010-06-30": "$2,760", "2010-03-31": "$2,731", "2009-12-31": "$3,696", "2009-09-30": "$3,204", "2009-06-30": "$2,827", "2009-03-31": "$2,545", "2008-12-31": "$2,796", "2008-09-30": "$2,274", "2008-06-30": "$3,203", "2008-03-31": "$3,211", "2007-12-31": "$3,364", "2007-09-30": "$3,541", "2007-06-30": "$3,477", "2007-03-31": "$3,238", "2006-12-31": "$3,467", "2006-09-30": "$3,269", "2006-06-30": "$3,102", "2006-03-31": "$3,008", "2005-12-31": "$1,939", "2005-09-30": "$1,681", "2005-06-30": "$2,936", "2005-03-31": "$2,882"}}, "operating-income": {"Travelers Annual Operating Income (Millions of US $)": {"2020": "$3,576", "2019": "$3,482", "2018": "$3,313", "2017": "$3,099", "2016": "$4,416", "2015": "$5,113", "2014": "$5,458", "2013": "$5,306", "2012": "$3,544", "2011": "$1,738", "2010": "$4,694", "2009": "$5,093", "2008": "$4,086", "2007": "$6,562", "2006": "$6,049", "2005": "$2,957"}, "Travelers Quarterly Operating Income (Millions of US $)": {"2020-12-31": "$1,699", "2020-09-30": "$1,073", "2020-06-30": "", "2020-03-31": "$804", "2019-12-31": "$1,157", "2019-09-30": "$516", "2019-06-30": "$754", "2019-03-31": "$1,055", "2018-12-31": "$833", "2018-09-30": "$892", "2018-06-30": "$721", "2018-03-31": "$867", "2017-12-31": "$953", "2017-09-30": "$415", "2017-06-30": "$882", "2017-03-31": "$849", "2016-12-31": "$1,392", "2016-09-30": "$1,036", "2016-06-30": "$980", "2016-03-31": "$1,008", "2015-12-31": "$1,304", "2015-09-30": "$1,401", "2015-06-30": "$1,168", "2015-03-31": "$1,240", "2014-12-31": "$1,552", "2014-09-30": "$1,351", "2014-06-30": "$993", "2014-03-31": "$1,562", "2013-12-31": "$1,463", "2013-09-30": "$1,268", "2013-06-30": "$1,263", "2013-03-31": "$1,312", "2012-12-31": "$404", "2012-09-30": "$1,263", "2012-06-30": "$704", "2012-03-31": "$1,173", "2011-12-31": "$874", "2011-09-30": "$429", "2011-06-30": "$-630", "2011-03-31": "$1,065", "2010-12-31": "$1,295", "2010-09-30": "$1,466", "2010-06-30": "$978", "2010-03-31": "$955", "2009-12-31": "$1,891", "2009-09-30": "$1,348", "2009-06-30": "$1,035", "2009-03-31": "$819", "2008-12-31": "$1,021", "2008-09-30": "$283", "2008-06-30": "$1,378", "2008-03-31": "$1,404", "2007-12-31": "$1,532", "2007-09-30": "$1,768", "2007-06-30": "$1,726", "2007-03-31": "$1,536", "2006-12-31": "$1,671", "2006-09-30": "$1,542", "2006-06-30": "$1,422", "2006-03-31": "$1,414", "2005-12-31": "$272", "2005-09-30": "$62", "2005-06-30": "$1,364", "2005-03-31": "$1,259"}}, "ebitda": {"Travelers Annual EBITDA (Millions of US $)": {"2019": "$8,846", "2018": "$8,497", "2017": "$8,078", "2016": "$9,227", "2015": "$9,816", "2014": "$10,204", "2013": "$9,994", "2012": "$8,281", "2011": "$6,416", "2010": "$9,308", "2009": "$9,703", "2008": "$8,787", "2007": "$11,079", "2006": "$10,196", "2005": "$6,900"}, "Travelers Quarterly EBITDA (Millions of US $)": {"2020-09-30": "$2,466", "2020-06-30": "$1,361", "2020-03-31": "$2,185", "2019-12-31": "$2,520", "2019-09-30": "$1,865", "2019-06-30": "$2,078", "2019-03-31": "$2,383", "2018-12-31": "$2,149", "2018-09-30": "$2,207", "2018-06-30": "$2,001", "2018-03-31": "$2,140", "2017-12-31": "$2,227", "2017-09-30": "$1,676", "2017-06-30": "$2,112", "2017-03-31": "$2,063", "2016-12-31": "$2,607", "2016-09-30": "$2,259", "2016-06-30": "$2,169", "2016-03-31": "$2,192", "2015-12-31": "$2,474", "2015-09-30": "$2,579", "2015-06-30": "$2,335", "2015-03-31": "$2,428", "2014-12-31": "$2,746", "2014-09-30": "$2,546", "2014-06-30": "$2,173", "2014-03-31": "$2,739", "2013-12-31": "$2,658", "2013-09-30": "$2,428", "2013-06-30": "$2,429", "2013-03-31": "$2,479", "2012-12-31": "$1,590", "2012-09-30": "$2,455", "2012-06-30": "$1,876", "2012-03-31": "$2,360", "2011-12-31": "$2,053", "2011-09-30": "$1,605", "2011-06-30": "$537", "2011-03-31": "$2,221", "2010-12-31": "$2,456", "2010-09-30": "$2,629", "2010-06-30": "$2,123", "2010-03-31": "$2,100", "2009-12-31": "$3,035", "2009-09-30": "$2,502", "2009-06-30": "$2,197", "2009-03-31": "$1,969", "2008-12-31": "$2,190", "2008-09-30": "$1,486", "2008-06-30": "$2,540", "2008-03-31": "$2,571", "2007-12-31": "$2,704", "2007-09-30": "$2,921", "2007-06-30": "$2,844", "2007-03-31": "$2,610", "2006-12-31": "$2,739", "2006-09-30": "$2,613", "2006-06-30": "$2,433", "2006-03-31": "$2,411", "2005-12-31": "$1,293", "2005-09-30": "$1,005", "2005-06-30": "$2,383", "2005-03-31": "$2,219"}}, "net-income": {"Travelers Annual Net Income (Millions of US $)": {"2020": "$2,678", "2019": "$2,603", "2018": "$2,504", "2017": "$2,041", "2016": "$2,992", "2015": "$3,414", "2014": "$3,665", "2013": "$3,646", "2012": "$2,454", "2011": "$1,414", "2010": "$3,188", "2009": "$3,622", "2008": "$2,924", "2007": "$4,601", "2006": "$4,208", "2005": "$1,622"}, "Travelers Quarterly Net Income (Millions of US $)": {"2020-12-31": "$1,300", "2020-09-30": "$821", "2020-06-30": "$-41", "2020-03-31": "$595", "2019-12-31": "$866", "2019-09-30": "$393", "2019-06-30": "$553", "2019-03-31": "$791", "2018-12-31": "$616", "2018-09-30": "$704", "2018-06-30": "$520", "2018-03-31": "$664", "2017-12-31": "$547", "2017-09-30": "$291", "2017-06-30": "$590", "2017-03-31": "$613", "2016-12-31": "$937", "2016-09-30": "$710", "2016-06-30": "$659", "2016-03-31": "$686", "2015-12-31": "$859", "2015-09-30": "$922", "2015-06-30": "$806", "2015-03-31": "$827", "2014-12-31": "$1,030", "2014-09-30": "$912", "2014-06-30": "$678", "2014-03-31": "$1,045", "2013-12-31": "$980", "2013-09-30": "$858", "2013-06-30": "$918", "2013-03-31": "$890", "2012-12-31": "$301", "2012-09-30": "$858", "2012-06-30": "$495", "2012-03-31": "$800", "2011-12-31": "$618", "2011-09-30": "$331", "2011-06-30": "$-366", "2011-03-31": "$831", "2010-12-31": "$866", "2010-09-30": "$1,005", "2010-06-30": "$670", "2010-03-31": "$647", "2009-12-31": "$1,285", "2009-09-30": "$935", "2009-06-30": "$740", "2009-03-31": "$662", "2008-12-31": "$801", "2008-09-30": "$214", "2008-06-30": "$942", "2008-03-31": "$967", "2007-12-31": "$1,063", "2007-09-30": "$1,198", "2007-06-30": "$1,254", "2007-03-31": "$1,086", "2006-12-31": "$1,189", "2006-09-30": "$1,043", "2006-06-30": "$970", "2006-03-31": "$1,006", "2005-12-31": "$179", "2005-09-30": "$162", "2005-06-30": "$1,069", "2005-03-31": "$212"}}, "eps-earnings-per-share-diluted": {"Travelers Annual EPS": {"2020": "$10.52", "2019": "$9.92", "2018": "$9.28", "2017": "$7.33", "2016": "$10.28", "2015": "$10.88", "2014": "$10.70", "2013": "$9.74", "2012": "$6.30", "2011": "$3.36", "2010": "$6.62", "2009": "$6.33", "2008": "$4.81", "2007": "$6.85", "2006": "$5.91", "2005": "$2.33"}, "Travelers Quarterly EPS": {"2020-12-31": "$5.10", "2020-09-30": "$3.23", "2020-06-30": "$-0.16", "2020-03-31": "$2.33", "2019-12-31": "$3.33", "2019-09-30": "$1.50", "2019-06-30": "$2.10", "2019-03-31": "$2.99", "2018-12-31": "$2.32", "2018-09-30": "$2.62", "2018-06-30": "$1.92", "2018-03-31": "$2.42", "2017-12-31": "$2.00", "2017-09-30": "$1.05", "2017-06-30": "$2.11", "2017-03-31": "$2.17", "2016-12-31": "$3.29", "2016-09-30": "$2.45", "2016-06-30": "$2.24", "2016-03-31": "$2.30", "2015-12-31": "$2.83", "2015-09-30": "$2.97", "2015-06-30": "$2.53", "2015-03-31": "$2.55", "2014-12-31": "$3.11", "2014-09-30": "$2.69", "2014-06-30": "$1.95", "2014-03-31": "$2.95", "2013-12-31": "$2.70", "2013-09-30": "$2.30", "2013-06-30": "$2.41", "2013-03-31": "$2.33", "2012-12-31": "$0.81", "2012-09-30": "$2.21", "2012-06-30": "$1.26", "2012-03-31": "$2.02", "2011-12-31": "$1.53", "2011-09-30": "$0.79", "2011-06-30": "$-0.88", "2011-03-31": "$1.92", "2010-12-31": "$1.91", "2010-09-30": "$2.11", "2010-06-30": "$1.35", "2010-03-31": "$1.25", "2009-12-31": "$2.30", "2009-09-30": "$1.65", "2009-06-30": "$1.27", "2009-03-31": "$1.11", "2008-12-31": "$1.37", "2008-09-30": "$0.36", "2008-06-30": "$1.54", "2008-03-31": "$1.54", "2007-12-31": "$1.62", "2007-09-30": "$1.81", "2007-06-30": "$1.86", "2007-03-31": "$1.56", "2006-12-31": "$1.67", "2006-09-30": "$1.47", "2006-06-30": "$1.36", "2006-03-31": "$1.41", "2005-12-31": "$0.27", "2005-09-30": "$0.23", "2005-06-30": "$1.52", "2005-03-31": "$0.31"}}, "shares-outstanding": {"Travelers Annual Shares Outstanding (Millions of Shares)": {"2020": "255", "2019": "262", "2018": "270", "2017": "279", "2016": "291", "2015": "314", "2014": "343", "2013": "374", "2012": "390", "2011": "421", "2010": "483", "2009": "569", "2008": "604", "2007": "669", "2006": "717", "2005": "713"}, "Travelers Quarterly Shares Outstanding (Millions of Shares)": {"2020-12-31": "255", "2020-09-30": "254", "2020-06-30": "252", "2020-03-31": "256", "2019-12-31": "262", "2019-09-30": "262", "2019-06-30": "264", "2019-03-31": "265", "2018-12-31": "270", "2018-09-30": "268", "2018-06-30": "271", "2018-03-31": "274", "2017-12-31": "279", "2017-09-30": "277", "2017-06-30": "280", "2017-03-31": "282", "2016-12-31": "291", "2016-09-30": "290", "2016-06-30": "294", "2016-03-31": "298", "2015-12-31": "314", "2015-09-30": "311", "2015-06-30": "318", "2015-03-31": "325", "2014-12-31": "343", "2014-09-30": "339", "2014-06-30": "347", "2014-03-31": "355", "2013-12-31": "374", "2013-09-30": "373", "2013-06-30": "380", "2013-03-31": "382", "2012-12-31": "390", "2012-09-30": "388", "2012-06-30": "392", "2012-03-31": "396", "2011-12-31": "421", "2011-09-30": "419", "2011-06-30": "419", "2011-03-31": "434", "2010-12-31": "483", "2010-09-30": "472", "2010-06-30": "491", "2010-03-31": "515", "2009-12-31": "569", "2009-09-30": "564", "2009-06-30": "580", "2009-03-31": "590", "2008-12-31": "604", "2008-09-30": "595", "2008-06-30": "608", "2008-03-31": "625", "2007-12-31": "669", "2007-09-30": "662", "2007-06-30": "676", "2007-03-31": "701", "2006-12-31": "717", "2006-09-30": "715", "2006-06-30": "720", "2006-03-31": "721", "2005-12-31": "713", "2005-09-30": "684", "2005-06-30": "710", "2005-03-31": "709"}}, "total-assets": {"Travelers Annual Total Assets (Millions of US $)": {"2019": "$110,122", "2018": "$104,233", "2017": "$103,483", "2016": "$100,245", "2015": "$100,184", "2014": "$103,078", "2013": "$103,812", "2012": "$104,938", "2011": "$104,575", "2010": "$105,656", "2009": "$109,560", "2008": "$109,632", "2007": "$115,224", "2006": "$115,292", "2005": "$113,187"}, "Travelers Quarterly Total Assets (Millions of US $)": {"2020-09-30": "$116,384", "2020-06-30": "$113,337", "2020-03-31": "$109,436", "2019-12-31": "$110,122", "2019-09-30": "$110,241", "2019-06-30": "$108,572", "2019-03-31": "$107,246", "2018-12-31": "$104,233", "2018-09-30": "$104,390", "2018-06-30": "$103,523", "2018-03-31": "$103,676", "2017-12-31": "$103,483", "2017-09-30": "$104,311", "2017-06-30": "$102,669", "2017-03-31": "$101,246", "2016-12-31": "$100,245", "2016-09-30": "$102,787", "2016-06-30": "$102,446", "2016-03-31": "$101,680", "2015-12-31": "$100,184", "2015-09-30": "$102,110", "2015-06-30": "$101,664", "2015-03-31": "$102,691", "2014-12-31": "$103,078", "2014-09-30": "$104,522", "2014-06-30": "$104,811", "2014-03-31": "$104,134", "2013-12-31": "$103,812", "2013-09-30": "$102,685", "2013-06-30": "$101,900", "2013-03-31": "$103,897", "2012-12-31": "$104,938", "2012-09-30": "$105,445", "2012-06-30": "$104,330", "2012-03-31": "$104,866", "2011-12-31": "$104,575", "2011-09-30": "$106,933", "2011-06-30": "$106,468", "2011-03-31": "$105,252", "2010-12-31": "$105,656", "2010-09-30": "$108,154", "2010-06-30": "$107,023", "2010-03-31": "$108,696", "2009-12-31": "$109,560", "2009-09-30": "$112,617", "2009-06-30": "$111,326", "2009-03-31": "$110,467", "2008-12-31": "$109,632", "2008-09-30": "$112,695", "2008-06-30": "$113,625", "2008-03-31": "$114,144", "2007-12-31": "$115,224", "2007-09-30": "$115,644", "2007-06-30": "$115,361", "2007-03-31": "$114,121", "2006-12-31": "$115,292", "2006-09-30": "$115,498", "2006-06-30": "$113,886", "2006-03-31": "$113,376", "2005-12-31": "$113,187", "2005-09-30": "$113,442", "2005-06-30": "$111,804", "2005-03-31": "$111,534"}}, "cash-on-hand": {"Travelers Annual Cash on Hand (Millions of US $)": {"2019": "$494", "2018": "$373", "2017": "$344", "2016": "$307", "2015": "$380", "2014": "$374", "2013": "$294", "2012": "$330", "2011": "$214", "2010": "$200", "2009": "$255", "2008": "$350", "2007": "$271", "2006": "$459", "2005": "$337"}, "Travelers Quarterly Cash on Hand (Millions of US $)": {"2020-09-30": "$583", "2020-06-30": "$623", "2020-03-31": "$544", "2019-12-31": "$494", "2019-09-30": "$508", "2019-06-30": "$416", "2019-03-31": "$357", "2018-12-31": "$373", "2018-09-30": "$359", "2018-06-30": "$415", "2018-03-31": "$397", "2017-12-31": "$344", "2017-09-30": "$379", "2017-06-30": "$328", "2017-03-31": "$249", "2016-12-31": "$307", "2016-09-30": "$269", "2016-06-30": "$265", "2016-03-31": "$361", "2015-12-31": "$380", "2015-09-30": "$344", "2015-06-30": "$317", "2015-03-31": "$308", "2014-12-31": "$374", "2014-09-30": "$367", "2014-06-30": "$311", "2014-03-31": "$260", "2013-12-31": "$294", "2013-09-30": "$295", "2013-06-30": "$308", "2013-03-31": "$243", "2012-12-31": "$330", "2012-09-30": "$220", "2012-06-30": "$230", "2012-03-31": "$258", "2011-12-31": "$214", "2011-09-30": "$231", "2011-06-30": "$273", "2011-03-31": "$239", "2010-12-31": "$200", "2010-09-30": "$298", "2010-06-30": "$266", "2010-03-31": "$251", "2009-12-31": "$255", "2009-09-30": "$286", "2009-06-30": "$282", "2009-03-31": "$245", "2008-12-31": "$350", "2008-09-30": "$387", "2008-06-30": "$329", "2008-03-31": "$308", "2007-12-31": "$271", "2007-09-30": "$391", "2007-06-30": "$562", "2007-03-31": "$378", "2006-12-31": "$459", "2006-09-30": "$357", "2006-06-30": "$274", "2006-03-31": "$373", "2005-12-31": "$337", "2005-09-30": "$442", "2005-06-30": "$738", "2005-03-31": "$541"}}, "long-term-debt": {"Travelers Annual Long Term Debt (Millions of US $)": {"2019": "$6,558", "2018": "$6,564", "2017": "$6,571", "2016": "$6,437", "2015": "$6,344", "2014": "$6,349", "2013": "$6,346", "2012": "$6,350", "2011": "$6,605", "2010": "$6,611", "2009": "$6,527", "2008": "$6,181", "2007": "$6,242", "2006": "$5,760", "2005": "$5,850"}, "Travelers Quarterly Long Term Debt (Millions of US $)": {"2020-09-30": "$7,050", "2020-06-30": "$7,049", "2020-03-31": "$6,559", "2019-12-31": "$6,558", "2019-09-30": "$6,558", "2019-06-30": "$6,558", "2019-03-31": "$7,057", "2018-12-31": "$6,564", "2018-09-30": "$6,564", "2018-06-30": "$6,464", "2018-03-31": "$6,963", "2017-12-31": "$6,571", "2017-09-30": "$6,921", "2017-06-30": "$6,920", "2017-03-31": "$6,438", "2016-12-31": "$6,437", "2016-09-30": "$6,436", "2016-06-30": "$6,436", "2016-03-31": "$6,344", "2015-12-31": "$6,344", "2015-09-30": "$6,743", "2015-06-30": "$6,350", "2015-03-31": "$6,349", "2014-12-31": "$6,349", "2014-09-30": "$6,348", "2014-06-30": "$6,347", "2014-03-31": "$6,347", "2013-12-31": "$6,346", "2013-09-30": "$6,346", "2013-06-30": "$5,852", "2013-03-31": "$5,851", "2012-12-31": "$6,350", "2012-09-30": "$6,350", "2012-06-30": "$6,349", "2012-03-31": "$6,606", "2011-12-31": "$6,605", "2011-09-30": "$6,604", "2011-06-30": "$6,604", "2011-03-31": "$6,611", "2010-12-31": "$6,611", "2010-09-30": "$6,252", "2010-06-30": "$6,276", "2010-03-31": "$6,525", "2009-12-31": "$6,527", "2009-09-30": "$6,528", "2009-06-30": "$6,532", "2009-03-31": "$6,039", "2008-12-31": "$6,181", "2008-09-30": "$6,331", "2008-06-30": "$6,336", "2008-03-31": "$5,841", "2007-12-31": "$6,242", "2007-09-30": "$6,243", "2007-06-30": "$6,733", "2007-03-31": "$6,123", "2006-12-31": "$5,760", "2006-09-30": "$6,569", "2006-06-30": "$6,618", "2006-03-31": "$5,839", "2005-12-31": "$5,850", "2005-09-30": "$5,753", "2005-06-30": "$5,802", "2005-03-31": "$6,295"}}, "total-liabilities": {"Travelers Annual Total Liabilities (Millions of US $)": {"2019": "$84,179", "2018": "$81,339", "2017": "$79,752", "2016": "$77,024", "2015": "$76,586", "2014": "$78,242", "2013": "$79,016", "2012": "$79,533", "2011": "$80,098", "2010": "$80,181", "2009": "$82,145", "2008": "$84,313", "2007": "$88,608", "2006": "$90,157", "2005": "$90,884"}, "Travelers Quarterly Total Liabilities (Millions of US $)": {"2020-09-30": "$88,535", "2020-06-30": "$86,394", "2020-03-31": "$84,232", "2019-12-31": "$84,179", "2019-09-30": "$84,634", "2019-06-30": "$83,251", "2019-03-31": "$82,906", "2018-12-31": "$81,339", "2018-09-30": "$81,930", "2018-06-30": "$80,900", "2018-03-31": "$80,697", "2017-12-31": "$79,752", "2017-09-30": "$80,573", "2017-06-30": "$78,811", "2017-03-31": "$77,634", "2016-12-31": "$77,024", "2016-09-30": "$78,348", "2016-06-30": "$77,732", "2016-03-31": "$77,514", "2015-12-31": "$76,586", "2015-09-30": "$78,077", "2015-06-30": "$77,543", "2015-03-31": "$77,844", "2014-12-31": "$78,242", "2014-09-30": "$79,201", "2014-06-30": "$79,279", "2014-03-31": "$78,747", "2013-12-31": "$79,016", "2013-09-30": "$77,874", "2013-06-30": "$77,010", "2013-03-31": "$78,301", "2012-12-31": "$79,533", "2012-09-30": "$79,540", "2012-06-30": "$79,281", "2012-03-31": "$79,994", "2011-12-31": "$80,098", "2011-09-30": "$81,761", "2011-06-30": "$81,460", "2011-03-31": "$80,009", "2010-12-31": "$80,181", "2010-09-30": "$80,859", "2010-06-30": "$80,737", "2010-03-31": "$82,025", "2009-12-31": "$82,145", "2009-09-30": "$84,457", "2009-06-30": "$84,406", "2009-03-31": "$83,970", "2008-12-31": "$84,313", "2008-09-30": "$87,974", "2008-06-30": "$87,702", "2008-03-31": "$87,756", "2007-12-31": "$88,608", "2007-09-30": "$89,337", "2007-06-30": "$90,039", "2007-03-31": "$88,764", "2006-12-31": "$90,157", "2006-09-30": "$90,751", "2006-06-30": "$90,834", "2006-03-31": "$90,539", "2005-12-31": "$90,884", "2005-09-30": "$91,034", "2005-06-30": "$89,435", "2005-03-31": "$90,802"}}, "total-share-holder-equity": {"Travelers Annual Share Holder Equity (Millions of US $)": {"2019": "$25,943", "2018": "$22,894", "2017": "$23,731", "2016": "$23,221", "2015": "$23,598", "2014": "$24,836", "2013": "$24,796", "2012": "$25,405", "2011": "$24,477", "2010": "$25,475", "2009": "$27,415", "2008": "$25,319", "2007": "$26,616", "2006": "$25,135", "2005": "$22,303"}, "Travelers Quarterly Share Holder Equity (Millions of US $)": {"2020-09-30": "$27,849", "2020-06-30": "$26,943", "2020-03-31": "$25,204", "2019-12-31": "$25,943", "2019-09-30": "$25,607", "2019-06-30": "$25,321", "2019-03-31": "$24,340", "2018-12-31": "$22,894", "2018-09-30": "$22,460", "2018-06-30": "$22,623", "2018-03-31": "$22,979", "2017-12-31": "$23,731", "2017-09-30": "$23,738", "2017-06-30": "$23,858", "2017-03-31": "$23,612", "2016-12-31": "$23,221", "2016-09-30": "$24,439", "2016-06-30": "$24,714", "2016-03-31": "$24,166", "2015-12-31": "$23,598", "2015-09-30": "$24,033", "2015-06-30": "$24,121", "2015-03-31": "$24,847", "2014-12-31": "$24,836", "2014-09-30": "$25,321", "2014-06-30": "$25,532", "2014-03-31": "$25,387", "2013-12-31": "$24,796", "2013-09-30": "$24,811", "2013-06-30": "$24,890", "2013-03-31": "$25,596", "2012-12-31": "$25,405", "2012-09-30": "$25,905", "2012-06-30": "$25,049", "2012-03-31": "$24,872", "2011-12-31": "$24,477", "2011-09-30": "$25,172", "2011-06-30": "$25,008", "2011-03-31": "$25,243", "2010-12-31": "$25,475", "2010-09-30": "$27,295", "2010-06-30": "$26,286", "2010-03-31": "$26,671", "2009-12-31": "$27,415", "2009-09-30": "$28,160", "2009-06-30": "$26,920", "2009-03-31": "$26,497", "2008-12-31": "$25,319", "2008-09-30": "$24,721", "2008-06-30": "$25,923", "2008-03-31": "$26,388", "2007-12-31": "$26,616", "2007-09-30": "$26,307", "2007-06-30": "$25,322", "2007-03-31": "$25,357", "2006-12-31": "$25,135", "2006-09-30": "$24,747", "2006-06-30": "$23,052", "2006-03-31": "$22,837", "2005-12-31": "$22,303", "2005-09-30": "$22,408", "2005-06-30": "$22,369", "2005-03-31": "$20,732"}}, "profit-margins": {"current": "8.42%"}, "gross margin": {"2020-12-31": "40.21%", "2020-09-30": "38.63%", "2020-06-30": "37.02%", "2020-03-31": "38.78%", "2019-12-31": "39.42%", "2019-09-30": "38.46%", "2019-06-30": "39.74%", "2019-03-31": "39.88%", "2018-12-31": "39.60%", "2018-09-30": "40.36%", "2018-06-30": "39.04%", "2018-03-31": "39.58%", "2017-12-31": "39.56%", "2017-09-30": "41.12%", "2017-06-30": "43.72%", "2017-03-31": "44.58%", "2016-12-31": "45.45%", "2016-09-30": "45.80%", "2016-06-30": "47.23%", "2016-03-31": "47.89%", "2015-12-31": "48.82%", "2015-09-30": "49.62%", "2015-06-30": "49.27%", "2015-03-31": "48.38%", "2014-12-31": "48.96%", "2014-09-30": "48.41%", "2014-06-30": "48.41%", "2014-03-31": "49.31%", "2013-12-31": "49.19%", "2013-09-30": "45.44%", "2013-06-30": "45.33%", "2013-03-31": "43.66%", "2012-12-31": "42.98%", "2012-09-30": "44.90%", "2012-06-30": "41.63%", "2012-03-31": "36.39%", "2011-12-31": "36.04%", "2011-09-30": "37.61%", "2011-06-30": "41.42%", "2011-03-31": "47.75%", "2010-12-31": "47.40%", "2010-09-30": "49.36%", "2010-06-30": "49.40%", "2010-03-31": "49.70%", "2009-12-31": "49.72%", "2009-09-30": "47.33%", "2009-06-30": "43.79%", "2009-03-31": "45.11%", "2008-12-31": "46.92%", "2008-09-30": "47.90%", "2008-06-30": "52.14%", "2008-03-31": "52.64%", "2007-12-31": "52.35%", "2007-09-30": "52.79%", "2007-06-30": "52.17%", "2007-03-31": "51.34%", "2006-12-31": "51.20%", "2006-09-30": "45.63%", "2006-06-30": "39.67%", "2006-03-31": "39.34%", "2005-12-31": "38.74%"}, "operating margin": {"2020-12-31": "11.18%", "2020-09-30": "9.59%", "2020-06-30": "7.89%", "2020-03-31": "10.15%", "2019-12-31": "11.03%", "2019-09-30": "10.08%", "2019-06-30": "11.39%", "2019-03-31": "11.42%", "2018-12-31": "10.94%", "2018-09-30": "11.47%", "2018-06-30": "10.01%", "2018-03-31": "10.66%", "2017-12-31": "10.72%", "2017-09-30": "12.35%", "2017-06-30": "14.71%", "2017-03-31": "15.27%", "2016-12-31": "15.99%", "2016-09-30": "15.96%", "2016-06-30": "17.42%", "2016-03-31": "18.16%", "2015-12-31": "19.07%", "2015-09-30": "19.91%", "2015-06-30": "19.66%", "2015-03-31": "18.96%", "2014-12-31": "20.09%", "2014-09-30": "19.80%", "2014-06-30": "19.81%", "2014-03-31": "20.91%", "2013-12-31": "20.26%", "2013-09-30": "16.38%", "2013-06-30": "16.32%", "2013-03-31": "14.34%", "2012-12-31": "13.77%", "2012-09-30": "15.66%", "2012-06-30": "12.46%", "2012-03-31": "7.22%", "2011-12-31": "6.83%", "2011-09-30": "8.50%", "2011-06-30": "12.54%", "2011-03-31": "19.01%", "2010-12-31": "18.69%", "2010-09-30": "20.96%", "2010-06-30": "20.62%", "2010-03-31": "20.86%", "2009-12-31": "20.64%", "2009-09-30": "17.57%", "2009-06-30": "13.24%", "2009-03-31": "14.60%", "2008-12-31": "16.69%", "2008-09-30": "18.27%", "2008-06-30": "23.81%", "2008-03-31": "24.90%", "2007-12-31": "25.22%", "2007-09-30": "25.78%", "2007-06-30": "25.11%", "2007-03-31": "24.23%", "2006-12-31": "24.11%", "2006-09-30": "18.75%", "2006-06-30": "12.92%", "2006-03-31": "12.80%", "2005-12-31": "12.14%"}, "ebitda margin": {"2020-09-30": "26.96%", "2020-06-30": "25.27%", "2020-03-31": "27.18%", "2019-12-31": "28.01%", "2019-09-30": "27.06%", "2019-06-30": "28.42%", "2019-03-31": "28.50%", "2018-12-31": "28.06%", "2018-09-30": "28.64%", "2018-06-30": "27.23%", "2018-03-31": "27.88%", "2017-12-31": "27.95%", "2017-09-30": "29.53%", "2017-06-30": "31.97%", "2017-03-31": "32.63%", "2016-12-31": "33.40%", "2016-09-30": "33.54%", "2016-06-30": "34.94%", "2016-03-31": "35.65%", "2015-12-31": "36.61%", "2015-09-30": "37.46%", "2015-06-30": "37.21%", "2015-03-31": "36.51%", "2014-12-31": "37.55%", "2014-09-30": "37.31%", "2014-06-30": "37.47%", "2014-03-31": "38.59%", "2013-12-31": "38.16%", "2013-09-30": "34.42%", "2013-06-30": "34.45%", "2013-03-31": "32.72%", "2012-12-31": "32.17%", "2012-09-30": "34.11%", "2012-06-30": "30.92%", "2012-03-31": "25.65%", "2011-12-31": "25.21%", "2011-09-30": "26.84%", "2011-06-30": "30.78%", "2011-03-31": "37.31%", "2010-12-31": "37.07%", "2010-09-30": "39.18%", "2010-06-30": "38.91%", "2010-03-31": "39.24%", "2009-12-31": "39.32%", "2009-09-30": "36.86%", "2009-06-30": "32.88%", "2009-03-31": "34.13%", "2008-12-31": "35.90%", "2008-09-30": "36.96%", "2008-06-30": "42.03%", "2008-03-31": "42.75%", "2007-12-31": "42.58%", "2007-09-30": "42.75%", "2007-06-30": "41.91%", "2007-03-31": "40.82%", "2006-12-31": "40.64%", "2006-09-30": "35.28%", "2006-06-30": "29.12%", "2006-03-31": "29.17%", "2005-12-31": "28.32%"}, "pre tax profit margin": {"2020-12-31": "10.12%", "2020-09-30": "8.52%", "2020-06-30": "6.82%", "2020-03-31": "9.09%", "2019-12-31": "9.94%", "2019-09-30": "8.97%", "2019-06-30": "10.26%", "2019-03-31": "10.27%", "2018-12-31": "9.78%", "2018-09-30": "10.27%", "2018-06-30": "8.76%", "2018-03-31": "9.40%", "2017-12-31": "9.45%", "2017-09-30": "11.07%", "2017-06-30": "13.43%", "2017-03-31": "13.97%", "2016-12-31": "14.67%", "2016-09-30": "14.61%", "2016-06-30": "16.03%", "2016-03-31": "16.78%", "2015-12-31": "17.68%", "2015-09-30": "18.53%", "2015-06-30": "18.29%", "2015-03-31": "17.59%", "2014-12-31": "18.73%", "2014-09-30": "18.44%", "2014-06-30": "18.44%", "2014-03-31": "19.55%", "2013-12-31": "18.88%", "2013-09-30": "14.98%", "2013-06-30": "14.92%", "2013-03-31": "12.89%", "2012-12-31": "12.30%", "2012-09-30": "14.17%", "2012-06-30": "10.95%", "2012-03-31": "5.71%", "2011-12-31": "5.31%", "2011-09-30": "6.97%", "2011-06-30": "11.03%", "2011-03-31": "17.48%", "2010-12-31": "17.15%", "2010-09-30": "19.42%", "2010-06-30": "19.06%", "2010-03-31": "19.31%", "2009-12-31": "19.09%", "2009-09-30": "16.00%", "2009-06-30": "11.67%", "2009-03-31": "13.05%", "2008-12-31": "15.18%", "2008-09-30": "16.81%", "2008-06-30": "22.38%", "2008-03-31": "23.51%", "2007-12-31": "23.89%", "2007-09-30": "24.48%", "2007-06-30": "23.83%", "2007-03-31": "22.96%", "2006-12-31": "22.82%", "2006-09-30": "17.47%", "2006-06-30": "11.70%", "2006-03-31": "11.60%", "2005-12-31": "10.96%"}, "net profit margin": {"2020-12-31": "8.36%", "2020-09-30": "7.08%", "2020-06-30": "5.78%", "2020-03-31": "7.56%", "2019-12-31": "8.24%", "2019-09-30": "7.51%", "2019-06-30": "8.59%", "2019-03-31": "8.58%", "2018-12-31": "8.27%", "2018-09-30": "8.13%", "2018-06-30": "6.85%", "2018-03-31": "7.15%", "2017-12-31": "7.06%", "2017-09-30": "8.49%", "2017-06-30": "10.08%", "2017-03-31": "10.47%", "2016-12-31": "10.83%", "2016-09-30": "10.75%", "2016-06-30": "11.60%", "2016-03-31": "12.18%", "2015-12-31": "12.73%", "2015-09-30": "13.31%", "2015-06-30": "13.23%", "2015-03-31": "12.72%", "2014-12-31": "13.49%", "2014-09-30": "13.33%", "2014-06-30": "13.35%", "2014-03-31": "14.31%", "2013-12-31": "13.92%", "2013-09-30": "11.44%", "2013-06-30": "11.42%", "2013-03-31": "9.91%", "2012-12-31": "9.53%", "2012-09-30": "10.81%", "2012-06-30": "8.79%", "2012-03-31": "5.41%", "2011-12-31": "5.56%", "2011-09-30": "6.54%", "2011-06-30": "9.17%", "2011-03-31": "13.34%", "2010-12-31": "12.70%", "2010-09-30": "14.29%", "2010-06-30": "14.10%", "2010-03-31": "14.39%", "2009-12-31": "14.68%", "2009-09-30": "13.06%", "2009-06-30": "10.14%", "2009-03-31": "10.92%", "2008-12-31": "11.95%", "2008-09-30": "12.66%", "2008-06-30": "16.32%", "2008-03-31": "17.36%", "2007-12-31": "17.68%", "2007-09-30": "18.18%", "2007-06-30": "17.73%", "2007-03-31": "16.84%", "2006-12-31": "16.77%", "2006-09-30": "12.89%", "2006-06-30": "9.45%", "2006-03-31": "9.94%", "2005-12-31": "6.66%"}, "pe ratio": {"current": "13.86", "2021-02-05": "26.82", "2020-12-31": "25.99", "2020-09-30": "12.29", "2020-06-30": "16.02", "2020-03-31": "10.49", "2019-12-31": "13.40", "2019-09-30": "16.14", "2019-06-30": "14.34", "2019-03-31": "13.32", "2018-12-31": "12.27", "2018-09-30": "13.71", "2018-06-30": "15.59", "2018-03-31": "17.15", "2017-12-31": "17.24", "2017-09-30": "13.15", "2017-06-30": "11.61", "2017-03-31": "10.85", "2016-12-31": "10.82", "2016-09-30": "10.53", "2016-06-30": "10.34", "2016-03-31": "9.80", "2015-12-31": "9.21", "2015-09-30": "7.88", "2015-06-30": "7.80", "2015-03-31": "9.16", "2014-12-31": "8.58", "2014-09-30": "7.87", "2014-06-30": "8.15", "2014-03-31": "7.01", "2013-12-31": "7.88", "2013-09-30": "9.14", "2013-06-30": "8.67", "2013-03-31": "10.66", "2012-12-31": "9.49", "2012-09-30": "8.03", "2012-06-30": "9.35", "2012-03-31": "13.92", "2011-12-31": "14.23", "2011-09-30": "10.20", "2011-06-30": "8.97", "2011-03-31": "6.33", "2010-12-31": "6.47", "2010-09-30": "5.68", "2010-06-30": "5.70", "2010-03-31": "6.30", "2009-12-31": "5.92", "2009-09-30": "6.92", "2009-06-30": "7.55", "2009-03-31": "6.97", "2008-12-31": "6.99", "2008-09-30": "6.55", "2008-06-30": "4.86", "2008-03-31": "5.07", "2007-12-31": "5.65", "2007-09-30": "5.23", "2007-06-30": "5.81", "2007-03-31": "6.06", "2006-12-31": "6.41"}, "price sales": {"2021-02-05": "1.15", "2020-12-31": "1.12", "2020-09-30": "0.87", "2020-06-30": "0.92", "2020-03-31": "0.80", "2019-12-31": "1.11", "2019-09-30": "1.22", "2019-06-30": "1.24", "2019-03-31": "1.15", "2018-12-31": "1.02", "2018-09-30": "1.12", "2018-06-30": "1.07", "2018-03-31": "1.23", "2017-12-31": "1.22", "2017-09-30": "1.12", "2017-06-30": "1.17", "2017-03-31": "1.14", "2016-12-31": "1.18", "2016-09-30": "1.14", "2016-06-30": "1.21", "2016-03-31": "1.20", "2015-12-31": "1.18", "2015-09-30": "1.06", "2015-06-30": "1.04", "2015-03-31": "1.18", "2014-12-31": "1.17", "2014-09-30": "1.06", "2014-06-30": "1.09", "2014-03-31": "1.01", "2013-12-31": "1.11", "2013-09-30": "1.05", "2013-06-30": "0.99", "2013-03-31": "1.06", "2012-12-31": "0.90", "2012-09-30": "0.87", "2012-06-30": "0.83", "2012-03-31": "0.78", "2011-12-31": "0.79", "2011-09-30": "0.67", "2011-06-30": "0.82", "2011-03-31": "0.87", "2010-12-31": "0.85", "2010-09-30": "0.82", "2010-06-30": "0.81", "2010-03-31": "0.92", "2009-12-31": "0.89", "2009-09-30": "0.91", "2009-06-30": "0.77", "2009-03-31": "0.76", "2008-12-31": "0.83", "2008-09-30": "0.82", "2008-06-30": "0.80", "2008-03-31": "0.89", "2007-12-31": "1.01", "2007-09-30": "0.96", "2007-06-30": "1.04", "2007-03-31": "1.03", "2006-12-31": "1.09"}, "price book": {"current": "1.26", "2021-02-05": "1.32", "2020-09-30": "0.98", "2020-06-30": "1.06", "2020-03-31": "0.98", "2019-12-31": "1.31", "2019-09-30": "1.45", "2019-06-30": "1.48", "2019-03-31": "1.41", "2018-12-31": "1.31", "2018-09-30": "1.45", "2018-06-30": "1.36", "2018-03-31": "1.52", "2017-12-31": "1.44", "2017-09-30": "1.31", "2017-06-30": "1.34", "2017-03-31": "1.30", "2016-12-31": "1.34", "2016-09-30": "1.20", "2016-06-30": "1.25", "2016-03-31": "1.26", "2015-12-31": "1.26", "2015-09-30": "1.11", "2015-06-30": "1.09", "2015-03-31": "1.21", "2014-12-31": "1.19", "2014-09-30": "1.06", "2014-06-30": "1.07", "2014-03-31": "0.99", "2013-12-31": "1.09", "2013-09-30": "1.05", "2013-06-30": "1.01", "2013-03-31": "1.03", "2012-12-31": "0.88", "2012-09-30": "0.83", "2012-06-30": "0.80", "2012-03-31": "0.75", "2011-12-31": "0.76", "2011-09-30": "0.64", "2011-06-30": "0.78", "2011-03-31": "0.78", "2010-12-31": "0.74", "2010-09-30": "0.68", "2010-06-30": "0.68", "2010-03-31": "0.77", "2009-12-31": "0.72", "2009-09-30": "0.73", "2009-06-30": "0.65", "2009-03-31": "0.67", "2008-12-31": "0.77", "2008-09-30": "0.79", "2008-06-30": "0.73", "2008-03-31": "0.80", "2007-12-31": "0.92", "2007-09-30": "0.89", "2007-06-30": "0.99", "2007-03-31": "0.96", "2006-12-31": "1.02", "2006-09-30": "0.92", "2006-06-30": "0.93", "2006-03-31": "0.89"}, "price fcf": {"2021-02-05": "", "2020-09-30": "$23.34", "2020-06-30": "$21.98", "2020-03-31": "$19.71", "2019-12-31": "$19.44", "2019-09-30": "$17.51", "2019-06-30": "$16.33", "2019-03-31": "$16.18", "2018-12-31": "$15.96", "2018-09-30": "$14.80", "2018-06-30": "$14.61", "2018-03-31": "$13.63", "2017-12-31": "$14.68", "2017-09-30": "$17.18", "2017-06-30": "$17.03", "2017-03-31": "$15.31", "2016-12-31": "$15.19", "2016-09-30": "$12.79", "2016-06-30": "$12.35", "2016-03-31": "$12.78", "2015-12-31": "$10.55", "2015-09-30": "$9.68", "2015-06-30": "$9.49", "2015-03-31": "$9.32", "2014-12-31": "$10.69", "2014-09-30": "$11.56", "2014-06-30": "$10.50", "2014-03-31": "$10.49", "2013-12-31": "$9.91", "2013-09-30": "$8.64", "2013-06-30": "$8.10", "2013-03-31": "$7.37", "2012-12-31": "$8.04", "2012-09-30": "$7.73", "2012-06-30": "$6.01", "2012-03-31": "$5.66", "2011-12-31": "$5.00", "2011-09-30": "$5.47", "2011-06-30": "$6.21", "2011-03-31": "$6.63", "2010-12-31": "$6.29", "2010-09-30": "$6.81", "2010-06-30": "$6.49", "2010-03-31": "$7.09", "2009-12-31": "$7.41", "2009-09-30": "$6.51", "2009-06-30": "$5.56", "2009-03-31": "$5.07", "2008-12-31": "$5.17", "2008-09-30": "$6.27", "2008-06-30": "$7.73", "2008-03-31": "$8.08", "2007-12-31": "$7.81", "2007-09-30": "$8.09", "2007-06-30": "$7.39", "2007-03-31": "$6.99", "2006-12-31": "$6.56"}, "net worth": {"value": "$36.69B"}, "current ratio": {"2020-12-31": "0.30", "2020-09-30": "0.30", "2020-06-30": "0.31", "2020-03-31": "0.31", "2019-12-31": "0.31", "2019-09-30": "0.31", "2019-06-30": "0.32", "2019-03-31": "0.32", "2018-12-31": "0.31", "2018-09-30": "0.31", "2018-06-30": "0.32", "2018-03-31": "0.32", "2017-12-31": "0.31", "2017-09-30": "0.31", "2017-06-30": "0.32", "2017-03-31": "0.32", "2016-12-31": "0.32", "2016-09-30": "0.32", "2016-06-30": "0.32", "2016-03-31": "0.32", "2015-12-31": "0.32", "2015-09-30": "0.32", "2015-06-30": "0.32", "2015-03-31": "0.32", "2014-12-31": "0.32", "2014-09-30": "0.32", "2014-06-30": "0.32", "2014-03-31": "0.32", "2013-12-31": "0.32", "2013-09-30": "0.33", "2013-06-30": "0.33", "2013-03-31": "0.33", "2012-12-31": "0.34", "2012-09-30": "0.33", "2012-06-30": "0.34", "2012-03-31": "0.34", "2011-12-31": "0.34", "2011-09-30": "0.35", "2011-06-30": "0.35", "2011-03-31": "0.35", "2010-12-31": "0.35", "2010-09-30": "0.35", "2010-06-30": "0.36", "2010-03-31": "0.36", "2009-12-31": "0.36", "2009-09-30": "0.38", "2009-06-30": "0.38", "2009-03-31": "0.39", "2008-12-31": "0.38", "2008-09-30": "0.39", "2008-06-30": "0.39", "2008-03-31": "0.39", "2007-12-31": "0.39", "2007-09-30": "0.40", "2007-06-30": "0.41", "2007-03-31": "0.40", "2006-12-31": "0.42", "2006-09-30": "0.41", "2006-06-30": "0.42", "2006-03-31": "0.42", "2005-12-31": "0.42", "2005-09-30": "0.43", "2005-06-30": "0.43", "2005-03-31": "0.43"}, "quick ratio": {"2020-12-31": "0.00", "2020-09-30": "0.00", "2020-06-30": "0.00", "2020-03-31": "0.00", "2019-12-31": "0.00", "2019-09-30": "0.00", "2019-06-30": "0.00", "2019-03-31": "0.00", "2018-12-31": "0.00", "2018-09-30": "0.00", "2018-06-30": "0.00", "2018-03-31": "0.00", "2017-12-31": "0.00", "2017-09-30": "0.00", "2017-06-30": "0.00", "2017-03-31": "0.00", "2016-12-31": "0.00", "2016-09-30": "0.00", "2016-06-30": "0.00", "2016-03-31": "0.00", "2015-12-31": "0.00", "2015-09-30": "0.00", "2015-06-30": "0.00", "2015-03-31": "0.00", "2014-12-31": "0.00", "2014-09-30": "0.00", "2014-06-30": "0.00", "2014-03-31": "0.00", "2013-12-31": "0.00", "2013-09-30": "0.00", "2013-06-30": "0.00", "2013-03-31": "0.00", "2012-12-31": "0.00", "2012-09-30": "0.00", "2012-06-30": "0.00", "2012-03-31": "0.00", "2011-12-31": "0.00", "2011-09-30": "0.00", "2011-06-30": "0.00", "2011-03-31": "0.00", "2010-12-31": "0.00", "2010-09-30": "0.00", "2010-06-30": "0.00", "2010-03-31": "0.00", "2009-12-31": "0.00", "2009-09-30": "0.00", "2009-06-30": "0.00", "2009-03-31": "0.00", "2008-12-31": "0.00", "2008-09-30": "0.00", "2008-06-30": "0.00", "2008-03-31": "0.00", "2007-12-31": "0.00", "2007-09-30": "0.00", "2007-06-30": "0.00", "2007-03-31": "0.00", "2006-12-31": "0.00", "2006-09-30": "0.00", "2006-06-30": "0.00", "2006-03-31": "0.00", "2005-12-31": "0.00", "2005-09-30": "0.00", "2005-06-30": "0.00", "2005-03-31": "0.00"}, "debt equity ratio": {"current": "0.22", "2020-12-31": "3.00", "2020-09-30": "3.18", "2020-06-30": "3.21", "2020-03-31": "3.34", "2019-12-31": "3.25", "2019-09-30": "3.31", "2019-06-30": "3.29", "2019-03-31": "3.41", "2018-12-31": "3.55", "2018-09-30": "3.65", "2018-06-30": "3.58", "2018-03-31": "3.51", "2017-12-31": "3.36", "2017-09-30": "3.39", "2017-06-30": "3.30", "2017-03-31": "3.29", "2016-12-31": "3.32", "2016-09-30": "3.21", "2016-06-30": "3.15", "2016-03-31": "3.21", "2015-12-31": "3.25", "2015-09-30": "3.25", "2015-06-30": "3.22", "2015-03-31": "3.13", "2014-12-31": "3.15", "2014-09-30": "3.13", "2014-06-30": "3.11", "2014-03-31": "3.10", "2013-12-31": "3.19", "2013-09-30": "3.14", "2013-06-30": "3.09", "2013-03-31": "3.06", "2012-12-31": "3.13", "2012-09-30": "3.07", "2012-06-30": "3.17", "2012-03-31": "3.22", "2011-12-31": "3.27", "2011-09-30": "3.25", "2011-06-30": "3.26", "2011-03-31": "3.17", "2010-12-31": "3.15", "2010-09-30": "2.96", "2010-06-30": "3.07", "2010-03-31": "3.08", "2009-12-31": "3.00", "2009-09-30": "3.00", "2009-06-30": "3.14", "2009-03-31": "3.17", "2008-12-31": "3.33", "2008-09-30": "3.56", "2008-06-30": "3.38", "2008-03-31": "3.33", "2007-12-31": "3.33", "2007-09-30": "3.40", "2007-06-30": "3.56", "2007-03-31": "3.50", "2006-12-31": "3.59", "2006-09-30": "3.67", "2006-06-30": "3.94", "2006-03-31": "3.97", "2005-12-31": "4.08", "2005-09-30": "4.06", "2005-06-30": "4.00", "2005-03-31": "4.38"}, "return on equity": {"2020-12-31": "9.80%", "2020-09-30": "8.46%", "2020-06-30": "6.99%", "2020-03-31": "9.43%", "2019-12-31": "10.29%", "2019-09-30": "9.59%", "2019-06-30": "11.22%", "2019-03-31": "11.40%", "2018-12-31": "11.01%", "2018-09-30": "10.61%", "2018-06-30": "8.69%", "2018-03-31": "8.87%", "2017-12-31": "8.60%", "2017-09-30": "10.30%", "2017-06-30": "11.98%", "2017-03-31": "12.16%", "2016-12-31": "12.40%", "2016-09-30": "12.03%", "2016-06-30": "12.96%", "2016-03-31": "13.65%", "2015-12-31": "14.14%", "2015-09-30": "14.66%", "2015-06-30": "14.43%", "2015-03-31": "13.71%", "2014-12-31": "14.50%", "2014-09-30": "14.31%", "2014-06-30": "14.17%", "2014-03-31": "15.22%", "2013-12-31": "14.57%", "2013-09-30": "11.79%", "2013-06-30": "11.66%", "2013-03-31": "9.98%", "2012-12-31": "9.70%", "2012-09-30": "11.05%", "2012-06-30": "9.01%", "2012-03-31": "5.56%", "2011-12-31": "5.66%", "2011-09-30": "6.59%", "2011-06-30": "9.07%", "2011-03-31": "12.93%", "2010-12-31": "12.06%", "2010-09-30": "13.40%", "2010-06-30": "13.04%", "2010-03-31": "13.22%", "2009-12-31": "13.29%", "2009-09-30": "11.74%", "2009-06-30": "9.34%", "2009-03-31": "10.22%", "2008-12-31": "11.43%", "2008-09-30": "12.30%", "2008-06-30": "15.85%", "2008-03-31": "17.13%", "2007-12-31": "17.76%", "2007-09-30": "18.52%", "2007-06-30": "18.19%", "2007-03-31": "17.45%", "2006-12-31": "17.58%", "2006-09-30": "13.76%", "2006-06-30": "10.23%", "2006-03-31": "10.75%", "2005-12-31": "7.39%"}, "return on assets": {"2020-12-31": "2.35%", "2020-09-30": "2.00%", "2020-06-30": "1.64%", "2020-03-31": "2.20%", "2019-12-31": "2.39%", "2019-09-30": "2.19%", "2019-06-30": "2.51%", "2019-03-31": "2.51%", "2018-12-31": "2.41%", "2018-09-30": "2.35%", "2018-06-30": "1.95%", "2018-03-31": "2.02%", "2017-12-31": "1.98%", "2017-09-30": "2.38%", "2017-06-30": "2.80%", "2017-03-31": "2.87%", "2016-12-31": "2.94%", "2016-09-30": "2.86%", "2016-06-30": "3.08%", "2016-03-31": "3.23%", "2015-12-31": "3.36%", "2015-09-30": "3.50%", "2015-06-30": "3.47%", "2015-03-31": "3.32%", "2014-12-31": "3.52%", "2014-09-30": "3.47%", "2014-06-30": "3.43%", "2014-03-31": "3.69%", "2013-12-31": "3.54%", "2013-09-30": "2.87%", "2013-06-30": "2.85%", "2013-03-31": "2.43%", "2012-12-31": "2.34%", "2012-09-30": "2.64%", "2012-06-30": "2.13%", "2012-03-31": "1.31%", "2011-12-31": "1.34%", "2011-09-30": "1.57%", "2011-06-30": "2.20%", "2011-03-31": "3.17%", "2010-12-31": "2.97%", "2010-09-30": "3.33%", "2010-06-30": "3.23%", "2010-03-31": "3.26%", "2009-12-31": "3.26%", "2009-09-30": "2.83%", "2009-06-30": "2.18%", "2009-03-31": "2.35%", "2008-12-31": "2.60%", "2008-09-30": "2.80%", "2008-06-30": "3.64%", "2008-03-31": "3.89%", "2007-12-31": "4.00%", "2007-09-30": "4.11%", "2007-06-30": "3.97%", "2007-03-31": "3.74%", "2006-12-31": "3.67%", "2006-09-30": "2.81%", "2006-06-30": "2.04%", "2006-03-31": "2.14%", "2005-12-31": "1.44%"}, "return on investments": {"2020-12-31": "10.49%", "2020-09-30": "9.11%", "2020-03-31": "10.07%", "2019-12-31": "10.89%", "2019-09-30": "10.11%", "2019-06-30": "11.61%", "2019-03-31": "11.77%", "2018-12-31": "11.28%", "2018-09-30": "11.60%", "2018-06-30": "9.85%", "2018-03-31": "10.25%", "2017-12-31": "10.18%", "2017-09-30": "11.68%", "2017-06-30": "13.71%", "2017-03-31": "13.99%", "2016-12-31": "14.46%", "2016-09-30": "14.13%", "2016-06-30": "15.34%", "2016-03-31": "16.04%", "2015-12-31": "16.71%", "2015-09-30": "17.35%", "2015-06-30": "17.06%", "2015-03-31": "16.31%", "2014-12-31": "17.26%", "2014-09-30": "16.99%", "2014-06-30": "16.79%", "2014-03-31": "17.81%", "2013-12-31": "17.05%", "2013-09-30": "13.58%", "2013-06-30": "13.45%", "2013-03-31": "11.61%", "2012-12-31": "11.17%", "2012-09-30": "12.72%", "2012-06-30": "10.12%", "2012-03-31": "5.86%", "2011-12-31": "5.50%", "2011-09-30": "6.78%", "2011-06-30": "9.90%", "2011-03-31": "14.78%", "2010-12-31": "14.29%", "2010-09-30": "15.88%", "2010-06-30": "15.39%", "2010-03-31": "15.46%", "2009-12-31": "15.13%", "2009-09-30": "12.78%", "2009-06-30": "9.83%", "2009-03-31": "11.00%", "2008-12-31": "12.87%", "2008-09-30": "14.32%", "2008-06-30": "18.73%", "2008-03-31": "19.83%", "2007-12-31": "20.36%", "2007-09-30": "21.11%", "2007-06-30": "20.60%", "2007-03-31": "20.01%", "2006-12-31": "20.07%", "2006-09-30": "15.79%", "2006-06-30": "11.06%", "2006-03-31": "11.00%", "2005-12-31": "10.61%"}, "return on tangible equity": {"2020-09-30": "10.08%", "2020-06-30": "8.37%", "2020-03-31": "11.33%", "2019-12-31": "12.38%", "2019-09-30": "11.61%", "2019-06-30": "13.69%", "2019-03-31": "14.00%", "2018-12-31": "13.58%", "2018-09-30": "13.06%", "2018-06-30": "10.66%", "2018-03-31": "10.79%", "2017-12-31": "10.38%", "2017-09-30": "12.37%", "2017-06-30": "14.30%", "2017-03-31": "14.49%", "2016-12-31": "14.76%", "2016-09-30": "14.30%", "2016-06-30": "15.42%", "2016-03-31": "16.27%", "2015-12-31": "16.83%", "2015-09-30": "17.42%", "2015-06-30": "17.12%", "2015-03-31": "16.25%", "2014-12-31": "17.19%", "2014-09-30": "16.97%", "2014-06-30": "16.78%", "2014-03-31": "17.99%", "2013-12-31": "17.17%", "2013-09-30": "13.83%", "2013-06-30": "13.67%", "2013-03-31": "11.70%", "2012-12-31": "11.39%", "2012-09-30": "13.01%", "2012-06-30": "10.63%", "2012-03-31": "6.56%", "2011-12-31": "6.68%", "2011-09-30": "7.77%", "2011-06-30": "10.67%", "2011-03-31": "15.19%", "2010-12-31": "14.15%", "2010-09-30": "15.68%", "2010-06-30": "15.25%", "2010-03-31": "15.46%", "2009-12-31": "15.57%", "2009-09-30": "13.82%", "2009-06-30": "11.07%", "2009-03-31": "12.15%", "2008-12-31": "13.61%", "2008-09-30": "14.63%", "2008-06-30": "18.83%", "2008-03-31": "20.41%", "2007-12-31": "21.25%", "2007-09-30": "22.22%", "2007-06-30": "21.90%", "2007-03-31": "21.12%", "2006-12-31": "21.38%", "2006-09-30": "16.89%", "2006-06-30": "12.66%", "2006-03-31": "13.36%", "2005-12-31": "9.27%"}, "dividend yield history": {"last payout": "$3.40", "last yield": "2.35%"}}