{"ticker": "COO", "price": {"title": "Cooper Historical Annual Stock Price Data", "value": 386.97, "historical": {"2021": {"Average Stock Price": "372.1304", "Year Open": "357.2600", "Year High": "387.4200", "Year Low": "357.2600", "Year Close": "386.9700", "Annual % Change": "6.51%"}, "2020": {"Average Stock Price": "318.0812", "Year Open": "323.3200", "Year High": "363.3200", "Year Low": "243.4400", "Year Close": "363.3200", "Annual % Change": "13.08%"}, "2019": {"Average Stock Price": "301.2561", "Year Open": "250.6300", "Year High": "341.4900", "Year Low": "246.1800", "Year Close": "321.2900", "Annual % Change": "26.24%"}, "2018": {"Average Stock Price": "244.4497", "Year Open": "220.6200", "Year High": "281.6600", "Year Low": "217.9800", "Year Close": "254.5000", "Annual % Change": "16.81%"}, "2017": {"Average Stock Price": "221.5399", "Year Open": "175.1500", "Year High": "254.9000", "Year Low": "175.1500", "Year Close": "217.8800", "Annual % Change": "24.55%"}, "2016": {"Average Stock Price": "163.9974", "Year Open": "131.8600", "Year High": "189.9000", "Year Low": "121.0100", "Year Close": "174.9300", "Annual % Change": "30.35%"}, "2015": {"Average Stock Price": "164.4416", "Year Open": "160.6100", "Year High": "189.0900", "Year Low": "130.3400", "Year Close": "134.2000", "Annual % Change": "-17.21%"}, "2014": {"Average Stock Price": "144.8386", "Year Open": "123.0500", "Year High": "170.1500", "Year Low": "117.3000", "Year Close": "162.0900", "Annual % Change": "30.89%"}, "2013": {"Average Stock Price": "118.0643", "Year Open": "95.1600", "Year High": "134.9700", "Year Low": "94.9300", "Year Close": "123.8400", "Annual % Change": "33.91%"}, "2012": {"Average Stock Price": "84.2576", "Year Open": "70.7700", "Year High": "100.6700", "Year Low": "68.7400", "Year Close": "92.4800", "Annual % Change": "31.14%"}, "2011": {"Average Stock Price": "69.7491", "Year Open": "56.8500", "Year High": "83.0000", "Year Low": "56.0600", "Year Close": "70.5200", "Annual % Change": "25.17%"}, "2010": {"Average Stock Price": "42.6053", "Year Open": "37.7500", "Year High": "58.5300", "Year Low": "34.8500", "Year Close": "56.3400", "Annual % Change": "47.80%"}, "2009": {"Average Stock Price": "27.2492", "Year Open": "18.6700", "Year High": "38.6000", "Year Low": "18.3300", "Year Close": "38.1200", "Annual % Change": "132.44%"}, "2008": {"Average Stock Price": "31.6496", "Year Open": "38.0000", "Year High": "41.3400", "Year Low": "10.9400", "Year Close": "16.4000", "Annual % Change": "-56.84%"}, "2007": {"Average Stock Price": "48.7903", "Year Open": "43.7900", "Year High": "55.5700", "Year Low": "37.0000", "Year Close": "38.0000", "Annual % Change": "-14.61%"}, "2006": {"Average Stock Price": "51.1973", "Year Open": "51.3000", "Year High": "58.7100", "Year Low": "42.5700", "Year Close": "44.5000", "Annual % Change": "-13.26%"}, "2005": {"Average Stock Price": "68.6096", "Year Open": "70.4800", "Year High": "83.9000", "Year Low": "46.0000", "Year Close": "51.3000", "Annual % Change": "-27.33%"}, "2004": {"Average Stock Price": "58.9750", "Year Open": "47.2300", "Year High": "74.4000", "Year Low": "46.4000", "Year Close": "70.5900", "Annual % Change": "49.78%"}, "2003": {"Average Stock Price": "35.0268", "Year Open": "25.6800", "Year High": "48.1500", "Year Low": "23.7300", "Year Close": "47.1300", "Annual % Change": "88.37%"}, "2002": {"Average Stock Price": "24.7026", "Year Open": "24.3950", "Year High": "30.6500", "Year Low": "19.5250", "Year Close": "25.0200", "Annual % Change": "0.12%"}, "2001": {"Average Stock Price": "22.8184", "Year Open": "19.9700", "Year High": "27.5250", "Year Low": "17.6400", "Year Close": "24.9900", "Annual % Change": "25.33%"}, "2000": {"Average Stock Price": "16.6449", "Year Open": "14.7500", "Year High": "19.9400", "Year Low": "12.6900", "Year Close": "19.9400", "Annual % Change": "32.40%"}, "1999": {"Average Stock Price": "10.8602", "Year Open": "9.6550", "Year High": "15.6550", "Year Low": "5.8750", "Year Close": "15.0600", "Annual % Change": "45.58%"}, "1998": {"Average Stock Price": "16.3184", "Year Open": "20.1900", "Year High": "25.5600", "Year Low": "7.2500", "Year Close": "10.3450", "Annual % Change": "-49.39%"}, "1997": {"Average Stock Price": "13.4972", "Year Open": "8.5000", "Year High": "20.5600", "Year Low": "8.0000", "Year Close": "20.4400", "Annual % Change": "136.99%"}, "1996": {"Average Stock Price": "5.6602", "Year Open": "3.7500", "Year High": "8.6250", "Year Low": "3.1900", "Year Close": "8.6250", "Annual % Change": "130.00%"}, "1995": {"Average Stock Price": "3.5359", "Year Open": "3.1953", "Year High": "5.2505", "Year Low": "2.6253", "Year Close": "3.7500", "Annual % Change": "11.10%"}, "1994": {"Average Stock Price": "2.4728", "Year Open": "1.0351", "Year High": "5.2505", "Year Low": "0.7051", "Year Close": "3.3753", "Annual % Change": "226.08%"}, "1993": {"Average Stock Price": "0.8936", "Year Open": "1.8752", "Year High": "1.8752", "Year Low": "0.4650", "Year Close": "1.0351", "Annual % Change": "-44.80%"}, "1992": {"Average Stock Price": "3.9424", "Year Open": "4.8755", "Year High": "6.5707", "Year Low": "1.5002", "Year Close": "1.8752", "Annual % Change": "-63.02%"}, "1991": {"Average Stock Price": "6.5875", "Year Open": "6.0006", "Year High": "8.6259", "Year Low": "4.5005", "Year Close": "5.0705", "Annual % Change": "-6.89%"}, "1990": {"Average Stock Price": "5.6438", "Year Open": "5.0705", "Year High": "7.1257", "Year Low": "3.7504", "Year Close": "5.4455", "Annual % Change": "11.69%"}, "1989": {"Average Stock Price": "5.3044", "Year Open": "7.8758", "Year High": "7.8758", "Year Low": "3.3753", "Year Close": "4.8755", "Annual % Change": "-39.59%"}, "1988": {"Average Stock Price": "14.6578", "Year Open": "13.8764", "Year High": "22.1272", "Year Low": "7.3207", "Year Close": "8.0708", "Annual % Change": "-36.71%"}, "1987": {"Average Stock Price": "22.1209", "Year Open": "26.4476", "Year High": "29.2529", "Year Low": "9.9460", "Year Close": "12.7513", "Annual % Change": "-51.43%"}, "1986": {"Average Stock Price": "34.2390", "Year Open": "41.0741", "Year High": "42.3792", "Year Low": "22.5023", "Year Close": "26.2526", "Annual % Change": "-35.78%"}, "1985": {"Average Stock Price": "35.3917", "Year Open": "24.7525", "Year High": "42.9493", "Year Low": "24.5725", "Year Close": "40.8791", "Annual % Change": "65.15%"}, "1984": {"Average Stock Price": "27.8784", "Year Open": "22.5023", "Year High": "36.5737", "Year Low": "18.7519", "Year Close": "24.7525", "Annual % Change": "8.20%"}}}, "market cap": {"value": "$19.02B"}, "income statement": {"Revenue": {"2020-10-31": "2430.90000", "2019-10-31": "2653.40000", "2018-10-31": "2532.80000", "2017-10-31": "2139.00000", "2016-10-31": "1966.80000", "2015-10-31": "1797.10000", "2014-10-31": "1717.77600", "2013-10-31": "1587.72500", "2012-10-31": "1445.13600", "2011-10-31": "1330.83500", "2010-10-31": "1158.51700", "2009-10-31": "1080.42100", "2008-10-31": "1047.37500", "2007-10-31": "945.24000", "2006-10-31": "858.96000", "2005-10-31": "806.61700"}, "Cost Of Goods Sold": {"2020-10-31": "896.10000", "2019-10-31": "896.60000", "2018-10-31": "900.50000", "2017-10-31": "773.20000", "2016-10-31": "793.70000", "2015-10-31": "726.80000", "2014-10-31": "626.20600", "2013-10-31": "560.91700", "2012-10-31": "521.12600", "2011-10-31": "526.03100", "2010-10-31": "481.79400", "2009-10-31": "483.92700", "2008-10-31": "437.34500", "2007-10-31": "425.70900", "2006-10-31": "332.98300", "2005-10-31": "309.78500"}, "Gross Profit": {"2020-10-31": "1534.80000", "2019-10-31": "1756.80000", "2018-10-31": "1632.30000", "2017-10-31": "1365.80000", "2016-10-31": "1173.10000", "2015-10-31": "1070.30000", "2014-10-31": "1091.57000", "2013-10-31": "1026.80800", "2012-10-31": "924.01000", "2011-10-31": "804.80400", "2010-10-31": "676.72300", "2009-10-31": "596.49400", "2008-10-31": "610.03000", "2007-10-31": "519.53100", "2006-10-31": "525.97710", "2005-10-31": "496.83200"}, "Research And Development Expenses": {"2020-10-31": "93.30000", "2019-10-31": "86.70000", "2018-10-31": "84.80000", "2017-10-31": "69.20000", "2016-10-31": "65.40000", "2015-10-31": "69.60000", "2014-10-31": "66.25900", "2013-10-31": "58.82700", "2012-10-31": "51.73000", "2011-10-31": "43.58100", "2010-10-31": "35.27400", "2009-10-31": "33.29800", "2008-10-31": "35.46800", "2007-10-31": "39.85800", "2006-10-31": "34.54700", "2005-10-31": "42.87900"}, "SG&A Expenses": {"2020-10-31": "992.50000", "2019-10-31": "996.20000", "2018-10-31": "973.30000", "2017-10-31": "799.10000", "2016-10-31": "722.80000", "2015-10-31": "712.50000", "2014-10-31": "683.11500", "2013-10-31": "610.73500", "2012-10-31": "564.90300", "2011-10-31": "513.13800", "2010-10-31": "433.05700", "2009-10-31": "391.59300", "2008-10-31": "429.30400", "2007-10-31": "407.95100", "2006-10-31": "357.84200", "2005-10-31": "297.95300"}, "Other Operating Income Or Expenses": {"2020-10-31": "", "2019-10-31": "18.60000", "2018-10-31": "-24.40000", "2017-10-31": "", "2016-10-31": "0.00000", "2015-10-31": "", "2014-10-31": "", "2013-10-31": "-21.06200", "2012-10-31": "", "2011-10-31": "", "2010-10-31": "", "2009-10-31": "", "2008-10-31": "", "2007-10-31": "", "2006-10-31": "", "2005-10-31": ""}, "Operating Expenses": {"2020-10-31": "2119.10000", "2019-10-31": "2106.70000", "2018-10-31": "2129.70000", "2017-10-31": "1709.90000", "2016-10-31": "1642.70000", "2015-10-31": "1560.40000", "2014-10-31": "1411.29000", "2013-10-31": "1281.78000", "2012-10-31": "1161.73800", "2011-10-31": "1103.27900", "2010-10-31": "968.60500", "2009-10-31": "930.56500", "2008-10-31": "920.41200", "2007-10-31": "899.38600", "2006-10-31": "746.06010", "2005-10-31": "670.78300"}, "Operating Income": {"2020-10-31": "311.79980", "2019-10-31": "546.70000", "2018-10-31": "403.10010", "2017-10-31": "429.10000", "2016-10-31": "324.10010", "2015-10-31": "236.70010", "2014-10-31": "306.48600", "2013-10-31": "305.94490", "2012-10-31": "283.39790", "2011-10-31": "227.55590", "2010-10-31": "189.91190", "2009-10-31": "149.85600", "2008-10-31": "126.96300", "2007-10-31": "45.85390", "2006-10-31": "112.90000", "2005-10-31": "135.83400"}, "Total Non-Operating Income/Expense": {"2020-10-31": "-45.30000", "2019-10-31": "-69.30000", "2018-10-31": "-71.20000", "2017-10-31": "-35.10000", "2016-10-31": "-28.50000", "2015-10-31": "-21.20000", "2014-10-31": "-9.95200", "2013-10-31": "6.32600", "2012-10-31": "-7.94600", "2011-10-31": "-34.79200", "2010-10-31": "-65.48600", "2009-10-31": "-35.02800", "2008-10-31": "-53.00100", "2007-10-31": "-45.18200", "2006-10-31": "-39.56300", "2005-10-31": "-27.37700"}, "Pre-Tax Income": {"2020-10-31": "266.50000", "2019-10-31": "477.40000", "2018-10-31": "331.90000", "2017-10-31": "394.00000", "2016-10-31": "295.60000", "2015-10-31": "215.50000", "2014-10-31": "296.53400", "2013-10-31": "312.27100", "2012-10-31": "275.45200", "2011-10-31": "192.76400", "2010-10-31": "124.42600", "2009-10-31": "114.82800", "2008-10-31": "73.96200", "2007-10-31": "0.67200", "2006-10-31": "73.33700", "2005-10-31": "108.45700"}, "Income Taxes": {"2020-10-31": "28.10000", "2019-10-31": "10.70000", "2018-10-31": "192.00000", "2017-10-31": "21.10000", "2016-10-31": "20.70000", "2015-10-31": "10.40000", "2014-10-31": "24.70500", "2013-10-31": "15.36500", "2012-10-31": "26.80800", "2011-10-31": "17.33400", "2010-10-31": "11.62300", "2009-10-31": "14.28000", "2008-10-31": "10.00600", "2007-10-31": "11.86400", "2006-10-31": "7.10300", "2005-10-31": "16.73500"}, "Income After Taxes": {"2020-10-31": "238.40000", "2019-10-31": "466.70000", "2018-10-31": "139.90000", "2017-10-31": "372.90000", "2016-10-31": "274.90000", "2015-10-31": "205.10000", "2014-10-31": "271.82900", "2013-10-31": "296.90600", "2012-10-31": "248.64400", "2011-10-31": "175.43000", "2010-10-31": "112.80300", "2009-10-31": "100.54800", "2008-10-31": "63.95600", "2007-10-31": "-11.19200", "2006-10-31": "66.23400", "2005-10-31": "91.72200"}, "Other Income": {"2020-10-31": "", "2019-10-31": "", "2018-10-31": "", "2017-10-31": "", "2016-10-31": "", "2015-10-31": "", "2014-10-31": "", "2013-10-31": "", "2012-10-31": "", "2011-10-31": "", "2010-10-31": "", "2009-10-31": "", "2008-10-31": "", "2007-10-31": "", "2006-10-31": "", "2005-10-31": ""}, "Income From Continuous Operations": {"2020-10-31": "238.40000", "2019-10-31": "466.70000", "2018-10-31": "139.90000", "2017-10-31": "372.90000", "2016-10-31": "274.90000", "2015-10-31": "205.10000", "2014-10-31": "271.82900", "2013-10-31": "296.90600", "2012-10-31": "248.64400", "2011-10-31": "175.43000", "2010-10-31": "112.80300", "2009-10-31": "100.54800", "2008-10-31": "63.95600", "2007-10-31": "-11.19200", "2006-10-31": "66.23400", "2005-10-31": "91.72200"}, "Income From Discontinued Operations": {"2020-10-31": "", "2019-10-31": "", "2018-10-31": "", "2017-10-31": "", "2016-10-31": "", "2015-10-31": "", "2014-10-31": "", "2013-10-31": "", "2012-10-31": "", "2011-10-31": "", "2010-10-31": "", "2009-10-31": "", "2008-10-31": "", "2007-10-31": "", "2006-10-31": "", "2005-10-31": ""}, "Net Income": {"2020-10-31": "238.40000", "2019-10-31": "466.70000", "2018-10-31": "139.90000", "2017-10-31": "372.90000", "2016-10-31": "273.90000", "2015-10-31": "203.50000", "2014-10-31": "269.85600", "2013-10-31": "296.15100", "2012-10-31": "248.33900", "2011-10-31": "175.43000", "2010-10-31": "112.80300", "2009-10-31": "100.54800", "2008-10-31": "63.95600", "2007-10-31": "-11.19200", "2006-10-31": "66.23400", "2005-10-31": "91.72200"}, "EBITDA": {"2020-10-31": "599.39980", "2019-10-31": "827.49990", "2018-10-31": "678.20010", "2017-10-31": "617.50000", "2016-10-31": "522.40010", "2015-10-31": "428.10010", "2014-10-31": "444.68700", "2013-10-31": "431.29390", "2012-10-31": "394.61190", "2011-10-31": "325.70490", "2010-10-31": "283.91290", "2009-10-31": "242.45800", "2008-10-31": "209.14800", "2007-10-31": "130.36490", "2006-10-31": "174.54700", "2005-10-31": "184.47200"}, "EBIT": {"2020-10-31": "311.79980", "2019-10-31": "546.70000", "2018-10-31": "403.10010", "2017-10-31": "429.10000", "2016-10-31": "324.10010", "2015-10-31": "236.70010", "2014-10-31": "306.48600", "2013-10-31": "305.94490", "2012-10-31": "283.39790", "2011-10-31": "227.55590", "2010-10-31": "189.91190", "2009-10-31": "149.85600", "2008-10-31": "126.96300", "2007-10-31": "45.85390", "2006-10-31": "112.90000", "2005-10-31": "135.83400"}, "Basic Shares Outstanding": {"2020-10-31": "49.10000", "2019-10-31": "49.40000", "2018-10-31": "49.10000", "2017-10-31": "48.90000", "2016-10-31": "48.50000", "2015-10-31": "48.50000", "2014-10-31": "48.06100", "2013-10-31": "48.61500", "2012-10-31": "47.91300", "2011-10-31": "46.90400", "2010-10-31": "45.53000", "2009-10-31": "45.17300", "2008-10-31": "44.99500", "2007-10-31": "44.70700", "2006-10-31": "44.52200", "2005-10-31": "42.02100"}, "Shares Outstanding": {"2020-10-31": "49.60000", "2019-10-31": "50.00000", "2018-10-31": "49.70000", "2017-10-31": "49.60000", "2016-10-31": "49.00000", "2015-10-31": "49.20000", "2014-10-31": "48.96000", "2013-10-31": "49.68500", "2012-10-31": "49.15200", "2011-10-31": "48.30900", "2010-10-31": "46.50500", "2009-10-31": "45.47800", "2008-10-31": "45.11700", "2007-10-31": "44.70700", "2006-10-31": "47.56900", "2005-10-31": "45.98300"}, "Basic EPS": {"2020-10-31": "4.85000", "2019-10-31": "9.44000", "2018-10-31": "2.85000", "2017-10-31": "7.63000", "2016-10-31": "5.65000", "2015-10-31": "4.20000", "2014-10-31": "5.61000", "2013-10-31": "6.09000", "2012-10-31": "5.18000", "2011-10-31": "3.74000", "2010-10-31": "2.48000", "2009-10-31": "2.23000", "2008-10-31": "1.42000", "2007-10-31": "-0.25000", "2006-10-31": "1.49000", "2005-10-31": "2.18000"}, "EPS - Earnings Per Share": {"2020-10-31": "4.81000", "2019-10-31": "9.33000", "2018-10-31": "2.81000", "2017-10-31": "7.52000", "2016-10-31": "5.59000", "2015-10-31": "4.14000", "2014-10-31": "5.51000", "2013-10-31": "5.96000", "2012-10-31": "5.05000", "2011-10-31": "3.63000", "2010-10-31": "2.43000", "2009-10-31": "2.21000", "2008-10-31": "1.42000", "2007-10-31": "-0.25000", "2006-10-31": "1.44000", "2005-10-31": "2.04000"}}, "income statement, quarterly": {"Revenue": {"2020-10-31": "681.59990", "2020-07-31": "578.20000", "2020-04-30": "524.90000", "2020-01-31": "646.20000", "2019-10-31": "691.60000", "2019-07-31": "679.40000", "2019-04-30": "654.30000", "2019-01-31": "628.10000", "2018-10-31": "651.50000", "2018-07-31": "660.00000", "2018-04-30": "631.30000", "2018-01-31": "590.00000", "2017-10-31": "561.50000", "2017-07-31": "556.00000", "2017-04-30": "522.40000", "2017-01-31": "499.10000", "2016-10-31": "518.70010", "2016-07-31": "514.70000", "2016-04-30": "483.80000", "2016-01-31": "449.60000", "2015-10-31": "455.57500", "2015-07-31": "461.67800", "2015-04-30": "434.67600", "2015-01-31": "445.17100", "2014-10-31": "467.99690", "2014-07-31": "432.48200", "2014-04-30": "412.31700", "2014-01-31": "404.98000", "2013-10-31": "411.85190", "2013-07-31": "411.99300", "2013-04-30": "384.04100", "2013-01-31": "379.83900", "2012-10-31": "396.30100", "2012-07-31": "378.18600", "2012-04-30": "344.58900", "2012-01-31": "326.06000", "2011-10-31": "360.90890", "2011-07-31": "351.39600", "2011-04-30": "325.30100", "2011-01-31": "293.22900", "2010-10-31": "313.35300", "2010-07-31": "295.63500", "2010-04-30": "289.27100", "2010-01-31": "260.25800", "2009-10-31": "283.45500", "2009-07-31": "285.23000", "2009-04-30": "260.59400", "2009-01-31": "251.14200", "2008-10-31": "266.84200", "2008-07-31": "278.51300", "2008-04-30": "259.24800", "2008-01-31": "242.77200", "2007-10-31": "248.42300", "2007-07-31": "251.86200", "2007-04-30": "225.53500", "2007-01-31": "219.42000", "2006-10-31": "216.02600", "2006-07-31": "225.79800", "2006-04-30": "211.39700", "2006-01-31": "205.73900", "2005-10-31": "220.64100", "2005-07-31": "222.93200", "2005-04-30": "215.49400", "2005-01-31": "147.55000"}, "Cost Of Goods Sold": {"2020-10-31": "257.60000", "2020-07-31": "217.40000", "2020-04-30": "201.40000", "2020-01-31": "219.70000", "2019-10-31": "236.59990", "2019-07-31": "228.70000", "2019-04-30": "221.70000", "2019-01-31": "209.60000", "2018-10-31": "221.40000", "2018-07-31": "233.20000", "2018-04-30": "226.80000", "2018-01-31": "219.10000", "2017-10-31": "208.20000", "2017-07-31": "199.80000", "2017-04-30": "178.50000", "2017-01-31": "186.70000", "2016-10-31": "222.70000", "2016-07-31": "198.10000", "2016-04-30": "185.30000", "2016-01-31": "187.60000", "2015-10-31": "202.22890", "2015-07-31": "188.79100", "2015-04-30": "166.96000", "2015-01-31": "168.82000", "2014-10-31": "188.44500", "2014-07-31": "151.89200", "2014-04-30": "143.81800", "2014-01-31": "142.05100", "2013-10-31": "147.99500", "2013-07-31": "143.71900", "2013-04-30": "129.86200", "2013-01-31": "139.34100", "2012-10-31": "143.53700", "2012-07-31": "138.08900", "2012-04-30": "123.89300", "2012-01-31": "115.60700", "2011-10-31": "137.27500", "2011-07-31": "148.59400", "2011-04-30": "123.53900", "2011-01-31": "116.62300", "2010-10-31": "125.87200", "2010-07-31": "119.64900", "2010-04-30": "125.77800", "2010-01-31": "110.49500", "2009-10-31": "124.54800", "2009-07-31": "138.83500", "2009-04-30": "111.53700", "2009-01-31": "109.00700", "2008-10-31": "104.79900", "2008-07-31": "123.41600", "2008-04-30": "109.24000", "2008-01-31": "99.89000", "2007-10-31": "131.18400", "2007-07-31": "105.93800", "2007-04-30": "99.07900", "2007-01-31": "89.50800", "2006-10-31": "88.33400", "2006-07-31": "88.03700", "2006-04-30": "80.03400", "2006-01-31": "76.57800", "2005-10-31": "85.46500", "2005-07-31": "84.10300", "2005-04-30": "84.78500", "2005-01-31": "55.43200"}, "Gross Profit": {"2020-10-31": "423.99990", "2020-07-31": "360.80000", "2020-04-30": "323.50000", "2020-01-31": "426.50000", "2019-10-31": "455.00000", "2019-07-31": "450.70000", "2019-04-30": "432.60000", "2019-01-31": "418.50000", "2018-10-31": "430.10000", "2018-07-31": "426.80000", "2018-04-30": "404.50000", "2018-01-31": "370.90000", "2017-10-31": "353.30000", "2017-07-31": "356.20000", "2017-04-30": "343.90000", "2017-01-31": "312.40000", "2016-10-31": "296.00010", "2016-07-31": "316.60000", "2016-04-30": "298.50000", "2016-01-31": "262.00000", "2015-10-31": "253.34600", "2015-07-31": "272.88700", "2015-04-30": "267.71600", "2015-01-31": "276.35100", "2014-10-31": "279.55190", "2014-07-31": "280.59000", "2014-04-30": "268.49900", "2014-01-31": "262.92900", "2013-10-31": "263.85690", "2013-07-31": "268.27400", "2013-04-30": "254.17900", "2013-01-31": "240.49800", "2012-10-31": "252.76400", "2012-07-31": "240.09700", "2012-04-30": "220.69600", "2012-01-31": "210.45300", "2011-10-31": "223.63390", "2011-07-31": "202.80200", "2011-04-30": "201.76200", "2011-01-31": "176.60600", "2010-10-31": "187.48100", "2010-07-31": "175.98600", "2010-04-30": "163.49300", "2010-01-31": "149.76300", "2009-10-31": "158.90710", "2009-07-31": "146.39500", "2009-04-30": "149.05700", "2009-01-31": "142.13500", "2008-10-31": "162.04300", "2008-07-31": "155.09700", "2008-04-30": "150.00800", "2008-01-31": "142.88200", "2007-10-31": "117.23900", "2007-07-31": "145.92400", "2007-04-30": "126.45600", "2007-01-31": "129.91200", "2006-10-31": "127.69200", "2006-07-31": "137.76100", "2006-04-30": "131.36300", "2006-01-31": "129.16100", "2005-10-31": "135.17600", "2005-07-31": "138.82900", "2005-04-30": "130.70900", "2005-01-31": "92.11800"}, "Research And Development Expenses": {"2020-10-31": "25.50000", "2020-07-31": "21.80000", "2020-04-30": "23.80000", "2020-01-31": "22.20000", "2019-10-31": "23.20000", "2019-07-31": "21.50000", "2019-04-30": "21.00000", "2019-01-31": "21.00000", "2018-10-31": "22.70000", "2018-07-31": "22.50000", "2018-04-30": "20.80000", "2018-01-31": "18.80000", "2017-10-31": "18.60000", "2017-07-31": "17.50000", "2017-04-30": "16.80000", "2017-01-31": "16.30000", "2016-10-31": "18.00000", "2016-07-31": "15.90000", "2016-04-30": "16.70000", "2016-01-31": "14.80000", "2015-10-31": "18.37000", "2015-07-31": "18.29800", "2015-04-30": "16.81900", "2015-01-31": "16.11300", "2014-10-31": "18.18200", "2014-07-31": "16.07000", "2014-04-30": "16.29500", "2014-01-31": "15.71200", "2013-10-31": "15.81900", "2013-07-31": "14.86500", "2013-04-30": "14.49000", "2013-01-31": "13.65300", "2012-10-31": "14.11800", "2012-07-31": "13.15600", "2012-04-30": "13.03100", "2012-01-31": "11.42500", "2011-10-31": "11.73900", "2011-07-31": "11.72500", "2011-04-30": "10.39000", "2011-01-31": "9.72700", "2010-10-31": "10.48700", "2010-07-31": "8.58800", "2010-04-30": "8.57300", "2010-01-31": "7.62600", "2009-10-31": "8.26400", "2009-07-31": "7.73700", "2009-04-30": "10.06500", "2009-01-31": "7.23200", "2008-10-31": "9.19100", "2008-07-31": "9.03000", "2008-04-30": "9.11600", "2008-01-31": "8.13100", "2007-10-31": "9.27700", "2007-07-31": "11.51300", "2007-04-30": "7.95700", "2007-01-31": "11.11100", "2006-10-31": "8.43700", "2006-07-31": "6.26400", "2006-04-30": "13.91400", "2006-01-31": "5.93200", "2005-10-31": "27.56900", "2005-07-31": "7.12400", "2005-04-30": "5.35600", "2005-01-31": "2.83000"}, "SG&A Expenses": {"2020-10-31": "264.20000", "2020-07-31": "232.80000", "2020-04-30": "237.20000", "2020-01-31": "258.30000", "2019-10-31": "249.60000", "2019-07-31": "249.80000", "2019-04-30": "246.80000", "2019-01-31": "250.00000", "2018-10-31": "248.50000", "2018-07-31": "251.00000", "2018-04-30": "247.90000", "2018-01-31": "225.90000", "2017-10-31": "208.50000", "2017-07-31": "208.70000", "2017-04-30": "193.30000", "2017-01-31": "188.60000", "2016-10-31": "189.10000", "2016-07-31": "182.40000", "2016-04-30": "177.70000", "2016-01-31": "173.60000", "2015-10-31": "179.59900", "2015-07-31": "191.78300", "2015-04-30": "167.58300", "2015-01-31": "173.53500", "2014-10-31": "208.02000", "2014-07-31": "161.20300", "2014-04-30": "155.80400", "2014-01-31": "158.08800", "2013-10-31": "157.24800", "2013-07-31": "152.14100", "2013-04-30": "150.69300", "2013-01-31": "150.65300", "2012-10-31": "152.36300", "2012-07-31": "143.83000", "2012-04-30": "136.96200", "2012-01-31": "131.74800", "2011-10-31": "139.68600", "2011-07-31": "133.61700", "2011-04-30": "126.38200", "2011-01-31": "113.45300", "2010-10-31": "109.87400", "2010-07-31": "111.26500", "2010-04-30": "111.34000", "2010-01-31": "100.57800", "2009-10-31": "102.85800", "2009-07-31": "100.03800", "2009-04-30": "93.70500", "2009-01-31": "94.99200", "2008-10-31": "101.25600", "2008-07-31": "110.63900", "2008-04-30": "107.52900", "2008-01-31": "109.88000", "2007-10-31": "104.97300", "2007-07-31": "104.52100", "2007-04-30": "100.93400", "2007-01-31": "97.52300", "2006-10-31": "94.75700", "2006-07-31": "90.03900", "2006-04-30": "88.60000", "2006-01-31": "84.44600", "2005-10-31": "77.32900", "2005-07-31": "80.75500", "2005-04-30": "79.47400", "2005-01-31": "60.39500"}, "Other Operating Income Or Expenses": {"2020-10-31": "", "2020-07-31": "", "2020-04-30": "", "2020-01-31": "", "2019-10-31": "-0.40000", "2019-07-31": "", "2019-04-30": "19.00000", "2019-01-31": "", "2018-10-31": "", "2018-07-31": "", "2018-04-30": "-24.40000", "2018-01-31": "", "2017-10-31": "", "2017-07-31": "", "2017-04-30": "", "2017-01-31": "", "2016-10-31": "", "2016-07-31": "", "2016-04-30": "", "2016-01-31": "", "2015-10-31": "", "2015-07-31": "", "2015-04-30": "", "2015-01-31": "", "2014-10-31": "", "2014-07-31": "", "2014-04-30": "", "2014-01-31": "", "2013-10-31": "", "2013-07-31": "", "2013-04-30": "", "2013-01-31": "", "2012-10-31": "", "2012-07-31": "", "2012-04-30": "", "2012-01-31": "", "2011-10-31": "", "2011-07-31": "", "2011-04-30": "", "2011-01-31": "", "2010-10-31": "", "2010-07-31": "0.00000", "2010-04-30": "", "2010-01-31": "", "2009-10-31": "", "2009-07-31": "", "2009-04-30": "", "2009-01-31": "", "2008-10-31": "", "2008-07-31": "", "2008-04-30": "", "2008-01-31": "", "2007-10-31": "", "2007-07-31": "", "2007-04-30": "", "2007-01-31": "", "2006-10-31": "", "2006-07-31": "", "2006-04-30": "", "2006-01-31": "", "2005-10-31": "", "2005-07-31": "", "2005-04-30": "", "2005-01-31": ""}, "Operating Expenses": {"2020-10-31": "581.50010", "2020-07-31": "506.20000", "2020-04-30": "496.30000", "2020-01-31": "535.10000", "2019-10-31": "544.90000", "2019-07-31": "537.20000", "2019-04-30": "507.40000", "2019-01-31": "517.20000", "2018-10-31": "528.90000", "2018-07-31": "544.40000", "2018-04-30": "556.60000", "2018-01-31": "499.80000", "2017-10-31": "452.99990", "2017-07-31": "443.20000", "2017-04-30": "405.30000", "2017-01-31": "408.40000", "2016-10-31": "444.49990", "2016-07-31": "412.00000", "2016-04-30": "394.00000", "2016-01-31": "392.20000", "2015-10-31": "413.29200", "2015-07-31": "411.36700", "2015-04-30": "363.67800", "2015-01-31": "372.06300", "2014-10-31": "428.62200", "2014-07-31": "335.91700", "2014-04-30": "323.39300", "2014-01-31": "323.35800", "2013-10-31": "349.80900", "2013-07-31": "318.38500", "2013-04-30": "302.56800", "2013-01-31": "311.01800", "2012-10-31": "317.32100", "2012-07-31": "300.93600", "2012-04-30": "279.14900", "2012-01-31": "264.33200", "2011-10-31": "294.28910", "2011-07-31": "299.42900", "2011-04-30": "265.04500", "2011-01-31": "244.51600", "2010-10-31": "250.85000", "2010-07-31": "244.23900", "2010-04-30": "250.23700", "2010-01-31": "223.27900", "2009-10-31": "241.51100", "2009-07-31": "251.30500", "2009-04-30": "219.38700", "2009-01-31": "218.36200", "2008-10-31": "219.34000", "2008-07-31": "247.46900", "2008-04-30": "230.78200", "2008-01-31": "222.82100", "2007-10-31": "252.52000", "2007-07-31": "228.20400", "2007-04-30": "215.00400", "2007-01-31": "203.65800", "2006-10-31": "193.62010", "2006-07-31": "193.49800", "2006-04-30": "186.91700", "2006-01-31": "172.02500", "2005-10-31": "198.10500", "2005-07-31": "176.99800", "2005-04-30": "174.74700", "2005-01-31": "120.93300"}, "Operating Income": {"2020-10-31": "100.09980", "2020-07-31": "72.00000", "2020-04-30": "28.60000", "2020-01-31": "111.10000", "2019-10-31": "146.70000", "2019-07-31": "142.20000", "2019-04-30": "146.90000", "2019-01-31": "110.90000", "2018-10-31": "122.60000", "2018-07-31": "115.60000", "2018-04-30": "74.70000", "2018-01-31": "90.20000", "2017-10-31": "108.50010", "2017-07-31": "112.80000", "2017-04-30": "117.10000", "2017-01-31": "90.70000", "2016-10-31": "74.20010", "2016-07-31": "102.70000", "2016-04-30": "89.80000", "2016-01-31": "57.40000", "2015-10-31": "42.28300", "2015-07-31": "50.31100", "2015-04-30": "70.99800", "2015-01-31": "73.10800", "2014-10-31": "39.37490", "2014-07-31": "96.56500", "2014-04-30": "88.92400", "2014-01-31": "81.62200", "2013-10-31": "62.04290", "2013-07-31": "93.60800", "2013-04-30": "81.47300", "2013-01-31": "68.82100", "2012-10-31": "78.98000", "2012-07-31": "77.25000", "2012-04-30": "65.44000", "2012-01-31": "61.72800", "2011-10-31": "66.61990", "2011-07-31": "51.96700", "2011-04-30": "60.25600", "2011-01-31": "48.71300", "2010-10-31": "62.50300", "2010-07-31": "51.39600", "2010-04-30": "39.03400", "2010-01-31": "36.97900", "2009-10-31": "41.94410", "2009-07-31": "33.92500", "2009-04-30": "41.20700", "2009-01-31": "32.78000", "2008-10-31": "47.50200", "2008-07-31": "31.04400", "2008-04-30": "28.46600", "2008-01-31": "19.95100", "2007-10-31": "-4.09700", "2007-07-31": "23.65800", "2007-04-30": "10.53100", "2007-01-31": "15.76200", "2006-10-31": "22.40590", "2006-07-31": "32.30000", "2006-04-30": "24.48000", "2006-01-31": "33.71400", "2005-10-31": "22.53600", "2005-07-31": "45.93400", "2005-04-30": "40.74700", "2005-01-31": "26.61700"}, "Total Non-Operating Income/Expense": {"2020-10-31": "-6.40000", "2020-07-31": "-5.60000", "2020-04-30": "-19.60000", "2020-01-31": "-13.70000", "2019-10-31": "-18.20000", "2019-07-31": "-15.20000", "2019-04-30": "-18.80000", "2019-01-31": "-17.10000", "2018-10-31": "-9.90000", "2018-07-31": "-25.20000", "2018-04-30": "-20.70000", "2018-01-31": "-15.40000", "2017-10-31": "-11.80000", "2017-07-31": "-5.10000", "2017-04-30": "-7.60000", "2017-01-31": "-10.60000", "2016-10-31": "-5.30000", "2016-07-31": "-9.30000", "2016-04-30": "-7.20000", "2016-01-31": "-6.70000", "2015-10-31": "-5.84100", "2015-07-31": "-5.71000", "2015-04-30": "-4.00600", "2015-01-31": "-5.64300", "2014-10-31": "-4.50100", "2014-07-31": "-2.18200", "2014-04-30": "-1.10300", "2014-01-31": "-2.16600", "2013-10-31": "-0.95200", "2013-07-31": "-2.34400", "2013-04-30": "-2.53300", "2013-01-31": "12.15500", "2012-10-31": "3.65900", "2012-07-31": "-5.86300", "2012-04-30": "-2.76100", "2012-01-31": "-2.98100", "2011-10-31": "-3.74000", "2011-07-31": "-2.83100", "2011-04-30": "-20.53600", "2011-01-31": "-7.68500", "2010-10-31": "-8.62700", "2010-07-31": "-7.74400", "2010-04-30": "-36.56200", "2010-01-31": "-12.55300", "2009-10-31": "-9.90600", "2009-07-31": "-11.24000", "2009-04-30": "-10.57000", "2009-01-31": "-3.31200", "2008-10-31": "-16.48900", "2008-07-31": "-13.52800", "2008-04-30": "-12.52000", "2008-01-31": "-10.46400", "2007-10-31": "-14.72700", "2007-07-31": "-10.57300", "2007-04-30": "-10.90900", "2007-01-31": "-8.97300", "2006-10-31": "-9.07400", "2006-07-31": "-8.01100", "2006-04-30": "-8.88700", "2006-01-31": "-13.59100", "2005-10-31": "-8.67200", "2005-07-31": "-8.89700", "2005-04-30": "-5.54600", "2005-01-31": "-4.26200"}, "Pre-Tax Income": {"2020-10-31": "93.70000", "2020-07-31": "66.40000", "2020-04-30": "9.00000", "2020-01-31": "97.40000", "2019-10-31": "128.50000", "2019-07-31": "127.00000", "2019-04-30": "128.10000", "2019-01-31": "93.80000", "2018-10-31": "112.70000", "2018-07-31": "90.40000", "2018-04-30": "54.00000", "2018-01-31": "74.80000", "2017-10-31": "96.70000", "2017-07-31": "107.70000", "2017-04-30": "109.50000", "2017-01-31": "80.10000", "2016-10-31": "68.90000", "2016-07-31": "93.40000", "2016-04-30": "82.60000", "2016-01-31": "50.70000", "2015-10-31": "36.44200", "2015-07-31": "44.60100", "2015-04-30": "66.99200", "2015-01-31": "67.46500", "2014-10-31": "34.87400", "2014-07-31": "94.38300", "2014-04-30": "87.82100", "2014-01-31": "79.45600", "2013-10-31": "61.09100", "2013-07-31": "91.26400", "2013-04-30": "78.94000", "2013-01-31": "80.97600", "2012-10-31": "82.63900", "2012-07-31": "71.38700", "2012-04-30": "62.67900", "2012-01-31": "58.74700", "2011-10-31": "62.88000", "2011-07-31": "49.13600", "2011-04-30": "39.72000", "2011-01-31": "41.02800", "2010-10-31": "53.87600", "2010-07-31": "43.65200", "2010-04-30": "2.47200", "2010-01-31": "24.42600", "2009-10-31": "32.03800", "2009-07-31": "22.68500", "2009-04-30": "30.63700", "2009-01-31": "29.46800", "2008-10-31": "31.01300", "2008-07-31": "17.51600", "2008-04-30": "15.94600", "2008-01-31": "9.48700", "2007-10-31": "-18.82400", "2007-07-31": "13.08500", "2007-04-30": "-0.37800", "2007-01-31": "6.78900", "2006-10-31": "13.33200", "2006-07-31": "24.28900", "2006-04-30": "15.59300", "2006-01-31": "20.12300", "2005-10-31": "13.86400", "2005-07-31": "37.03700", "2005-04-30": "35.20100", "2005-01-31": "22.35500"}, "Income Taxes": {"2020-10-31": "12.50000", "2020-07-31": "11.20000", "2020-04-30": "-2.50000", "2020-01-31": "6.90000", "2019-10-31": "7.50000", "2019-07-31": "6.90000", "2019-04-30": "5.70000", "2019-01-31": "-9.40000", "2018-10-31": "12.00000", "2018-07-31": "-10.40000", "2018-04-30": "-6.90000", "2018-01-31": "197.30000", "2017-10-31": "8.10000", "2017-07-31": "4.10000", "2017-04-30": "4.60000", "2017-01-31": "4.30000", "2016-10-31": "8.30000", "2016-07-31": "5.20000", "2016-04-30": "8.20000", "2016-01-31": "-1.00000", "2015-10-31": "-0.52900", "2015-07-31": "-0.64200", "2015-04-30": "5.85500", "2015-01-31": "5.71600", "2014-10-31": "3.61800", "2014-07-31": "5.71100", "2014-04-30": "8.18500", "2014-01-31": "7.19100", "2013-10-31": "3.77900", "2013-07-31": "2.07200", "2013-04-30": "3.47300", "2013-01-31": "6.04100", "2012-10-31": "10.49300", "2012-07-31": "4.43300", "2012-04-30": "7.75800", "2012-01-31": "4.12400", "2011-10-31": "6.24200", "2011-07-31": "4.91900", "2011-04-30": "4.36000", "2011-01-31": "1.81300", "2010-10-31": "5.67900", "2010-07-31": "3.92500", "2010-04-30": "-1.98400", "2010-01-31": "4.00300", "2009-10-31": "1.92000", "2009-07-31": "0.77700", "2009-04-30": "5.98800", "2009-01-31": "5.59500", "2008-10-31": "3.05400", "2008-07-31": "-0.36300", "2008-04-30": "4.70500", "2008-01-31": "2.61000", "2007-10-31": "5.36900", "2007-07-31": "4.90500", "2007-04-30": "0.14900", "2007-01-31": "1.44100", "2006-10-31": "-0.27000", "2006-07-31": "3.31200", "2006-04-30": "1.89200", "2006-01-31": "2.16900", "2005-10-31": "5.29700", "2005-07-31": "-0.58200", "2005-04-30": "7.37400", "2005-01-31": "4.64600"}, "Income After Taxes": {"2020-10-31": "81.20000", "2020-07-31": "55.20000", "2020-04-30": "11.50000", "2020-01-31": "90.50000", "2019-10-31": "121.00000", "2019-07-31": "120.10000", "2019-04-30": "122.40000", "2019-01-31": "103.20000", "2018-10-31": "100.70000", "2018-07-31": "100.80000", "2018-04-30": "60.90000", "2018-01-31": "-122.50000", "2017-10-31": "88.60000", "2017-07-31": "103.60000", "2017-04-30": "104.90000", "2017-01-31": "75.80000", "2016-10-31": "60.60000", "2016-07-31": "88.20000", "2016-04-30": "74.40000", "2016-01-31": "51.70000", "2015-10-31": "36.97100", "2015-07-31": "45.24300", "2015-04-30": "61.13700", "2015-01-31": "61.74900", "2014-10-31": "31.25600", "2014-07-31": "88.67200", "2014-04-30": "79.63600", "2014-01-31": "72.26500", "2013-10-31": "57.31200", "2013-07-31": "89.19200", "2013-04-30": "75.46700", "2013-01-31": "74.93500", "2012-10-31": "72.14600", "2012-07-31": "66.95400", "2012-04-30": "54.92100", "2012-01-31": "54.62300", "2011-10-31": "56.63800", "2011-07-31": "44.21700", "2011-04-30": "35.36000", "2011-01-31": "39.21500", "2010-10-31": "48.19700", "2010-07-31": "39.72700", "2010-04-30": "4.45600", "2010-01-31": "20.42300", "2009-10-31": "30.11800", "2009-07-31": "21.90800", "2009-04-30": "24.64900", "2009-01-31": "23.87300", "2008-10-31": "27.95900", "2008-07-31": "17.87900", "2008-04-30": "11.24100", "2008-01-31": "6.87700", "2007-10-31": "-24.19300", "2007-07-31": "8.18000", "2007-04-30": "-0.52700", "2007-01-31": "5.34800", "2006-10-31": "13.60200", "2006-07-31": "20.97700", "2006-04-30": "13.70100", "2006-01-31": "17.95400", "2005-10-31": "8.56700", "2005-07-31": "37.61900", "2005-04-30": "27.82700", "2005-01-31": "17.70900"}, "Other Income": {"2020-10-31": "", "2020-07-31": "", "2020-04-30": "", "2020-01-31": "", "2019-10-31": "", "2019-07-31": "", "2019-04-30": "", "2019-01-31": "", "2018-10-31": "", "2018-07-31": "", "2018-04-30": "", "2018-01-31": "", "2017-10-31": "", "2017-07-31": "", "2017-04-30": "", "2017-01-31": "", "2016-10-31": "", "2016-07-31": "", "2016-04-30": "", "2016-01-31": "", "2015-10-31": "", "2015-07-31": "", "2015-04-30": "", "2015-01-31": "", "2014-10-31": "", "2014-07-31": "", "2014-04-30": "", "2014-01-31": "", "2013-10-31": "", "2013-07-31": "", "2013-04-30": "", "2013-01-31": "", "2012-10-31": "", "2012-07-31": "", "2012-04-30": "", "2012-01-31": "", "2011-10-31": "", "2011-07-31": "", "2011-04-30": "", "2011-01-31": "", "2010-10-31": "", "2010-07-31": "", "2010-04-30": "", "2010-01-31": "", "2009-10-31": "", "2009-07-31": "", "2009-04-30": "", "2009-01-31": "", "2008-10-31": "", "2008-07-31": "", "2008-04-30": "", "2008-01-31": "", "2007-10-31": "", "2007-07-31": "", "2007-04-30": "", "2007-01-31": "", "2006-10-31": "", "2006-07-31": "", "2006-04-30": "", "2006-01-31": "", "2005-10-31": "", "2005-07-31": "", "2005-04-30": "", "2005-01-31": ""}, "Income From Continuous Operations": {"2020-10-31": "81.20000", "2020-07-31": "55.20000", "2020-04-30": "11.50000", "2020-01-31": "90.50000", "2019-10-31": "121.00000", "2019-07-31": "120.10000", "2019-04-30": "122.40000", "2019-01-31": "103.20000", "2018-10-31": "100.70000", "2018-07-31": "100.80000", "2018-04-30": "60.90000", "2018-01-31": "-122.50000", "2017-10-31": "88.60000", "2017-07-31": "103.60000", "2017-04-30": "104.90000", "2017-01-31": "75.80000", "2016-10-31": "60.60000", "2016-07-31": "88.20000", "2016-04-30": "74.40000", "2016-01-31": "51.70000", "2015-10-31": "36.97100", "2015-07-31": "45.24300", "2015-04-30": "61.13700", "2015-01-31": "61.74900", "2014-10-31": "31.25600", "2014-07-31": "88.67200", "2014-04-30": "79.63600", "2014-01-31": "72.26500", "2013-10-31": "57.31200", "2013-07-31": "89.19200", "2013-04-30": "75.46700", "2013-01-31": "74.93500", "2012-10-31": "72.14600", "2012-07-31": "66.95400", "2012-04-30": "54.92100", "2012-01-31": "54.62300", "2011-10-31": "56.63800", "2011-07-31": "44.21700", "2011-04-30": "35.36000", "2011-01-31": "39.21500", "2010-10-31": "48.19700", "2010-07-31": "39.72700", "2010-04-30": "4.45600", "2010-01-31": "20.42300", "2009-10-31": "30.11800", "2009-07-31": "21.90800", "2009-04-30": "24.64900", "2009-01-31": "23.87300", "2008-10-31": "27.95900", "2008-07-31": "17.87900", "2008-04-30": "11.24100", "2008-01-31": "6.87700", "2007-10-31": "-24.19300", "2007-07-31": "8.18000", "2007-04-30": "-0.52700", "2007-01-31": "5.34800", "2006-10-31": "13.60200", "2006-07-31": "20.97700", "2006-04-30": "13.70100", "2006-01-31": "17.95400", "2005-10-31": "8.56700", "2005-07-31": "37.61900", "2005-04-30": "27.82700", "2005-01-31": "17.70900"}, "Income From Discontinued Operations": {"2020-10-31": "", "2020-07-31": "", "2020-04-30": "", "2020-01-31": "", "2019-10-31": "", "2019-07-31": "", "2019-04-30": "", "2019-01-31": "", "2018-10-31": "", "2018-07-31": "", "2018-04-30": "", "2018-01-31": "", "2017-10-31": "", "2017-07-31": "", "2017-04-30": "", "2017-01-31": "", "2016-10-31": "", "2016-07-31": "", "2016-04-30": "", "2016-01-31": "", "2015-10-31": "", "2015-07-31": "", "2015-04-30": "", "2015-01-31": "", "2014-10-31": "", "2014-07-31": "", "2014-04-30": "", "2014-01-31": "", "2013-10-31": "", "2013-07-31": "", "2013-04-30": "", "2013-01-31": "", "2012-10-31": "", "2012-07-31": "", "2012-04-30": "", "2012-01-31": "", "2011-10-31": "", "2011-07-31": "", "2011-04-30": "", "2011-01-31": "", "2010-10-31": "", "2010-07-31": "", "2010-04-30": "", "2010-01-31": "", "2009-10-31": "", "2009-07-31": "", "2009-04-30": "", "2009-01-31": "", "2008-10-31": "", "2008-07-31": "", "2008-04-30": "", "2008-01-31": "", "2007-10-31": "", "2007-07-31": "", "2007-04-30": "", "2007-01-31": "", "2006-10-31": "", "2006-07-31": "", "2006-04-30": "", "2006-01-31": "", "2005-10-31": "", "2005-07-31": "", "2005-04-30": "", "2005-01-31": ""}, "Net Income": {"2020-10-31": "81.20000", "2020-07-31": "55.20000", "2020-04-30": "11.50000", "2020-01-31": "90.50000", "2019-10-31": "121.00000", "2019-07-31": "120.10000", "2019-04-30": "122.40000", "2019-01-31": "103.20000", "2018-10-31": "100.70000", "2018-07-31": "100.80000", "2018-04-30": "60.90000", "2018-01-31": "-122.50000", "2017-10-31": "88.60000", "2017-07-31": "103.60000", "2017-04-30": "104.90000", "2017-01-31": "75.80000", "2016-10-31": "60.50000", "2016-07-31": "87.90000", "2016-04-30": "74.10000", "2016-01-31": "51.40000", "2015-10-31": "36.65700", "2015-07-31": "44.95100", "2015-04-30": "60.71300", "2015-01-31": "61.17900", "2014-10-31": "30.78600", "2014-07-31": "88.06700", "2014-04-30": "79.16000", "2014-01-31": "71.84300", "2013-10-31": "57.39700", "2013-07-31": "88.95100", "2013-04-30": "75.13600", "2013-01-31": "74.66700", "2012-10-31": "71.92000", "2012-07-31": "66.87500", "2012-04-30": "54.92100", "2012-01-31": "54.62300", "2011-10-31": "56.63800", "2011-07-31": "44.21700", "2011-04-30": "35.36000", "2011-01-31": "39.21500", "2010-10-31": "48.19700", "2010-07-31": "39.72700", "2010-04-30": "4.45600", "2010-01-31": "20.42300", "2009-10-31": "30.11800", "2009-07-31": "21.90800", "2009-04-30": "24.64900", "2009-01-31": "23.87300", "2008-10-31": "27.95900", "2008-07-31": "17.87900", "2008-04-30": "11.24100", "2008-01-31": "6.87700", "2007-10-31": "-24.19300", "2007-07-31": "8.18000", "2007-04-30": "-0.52700", "2007-01-31": "5.34800", "2006-10-31": "13.60200", "2006-07-31": "20.97700", "2006-04-30": "13.70100", "2006-01-31": "17.95400", "2005-10-31": "8.56700", "2005-07-31": "37.61900", "2005-04-30": "27.82700", "2005-01-31": "17.70900"}, "EBITDA": {"2020-10-31": "177.69980", "2020-07-31": "142.60000", "2020-04-30": "97.40000", "2020-01-31": "181.70000", "2019-10-31": "217.30000", "2019-07-31": "212.90000", "2019-04-30": "217.60000", "2019-01-31": "179.70000", "2018-10-31": "193.10000", "2018-07-31": "184.60000", "2018-04-30": "143.70000", "2018-01-31": "156.80000", "2017-10-31": "155.70010", "2017-07-31": "160.00000", "2017-04-30": "163.30000", "2017-01-31": "138.50000", "2016-10-31": "121.60010", "2016-07-31": "152.20000", "2016-04-30": "137.70000", "2016-01-31": "110.90000", "2015-10-31": "92.38500", "2015-07-31": "104.22000", "2015-04-30": "115.50300", "2015-01-31": "115.99200", "2014-10-31": "81.92890", "2014-07-31": "129.06700", "2014-04-30": "120.67400", "2014-01-31": "113.01700", "2013-10-31": "93.80590", "2013-07-31": "124.72500", "2013-04-30": "112.41700", "2013-01-31": "100.34600", "2012-10-31": "109.79900", "2012-07-31": "105.07500", "2012-04-30": "92.19400", "2012-01-31": "87.54400", "2011-10-31": "92.95890", "2011-07-31": "77.37200", "2011-04-30": "83.76700", "2011-01-31": "71.60700", "2010-10-31": "85.71900", "2010-07-31": "75.28400", "2010-04-30": "63.02600", "2010-01-31": "59.88400", "2009-10-31": "66.55310", "2009-07-31": "55.91200", "2009-04-30": "62.21300", "2009-01-31": "57.78000", "2008-10-31": "67.29600", "2008-07-31": "52.30700", "2008-04-30": "49.48200", "2008-01-31": "40.06300", "2007-10-31": "24.76300", "2007-07-31": "46.37000", "2007-04-30": "27.40400", "2007-01-31": "31.82800", "2006-10-31": "39.03290", "2006-07-31": "48.04700", "2006-04-30": "39.57700", "2006-01-31": "47.89000", "2005-10-31": "36.44800", "2005-07-31": "59.60000", "2005-04-30": "53.62500", "2005-01-31": "34.79900"}, "EBIT": {"2020-10-31": "100.09970", "2020-07-31": "72.00000", "2020-04-30": "28.60000", "2020-01-31": "111.10000", "2019-10-31": "146.70000", "2019-07-31": "142.20000", "2019-04-30": "146.90000", "2019-01-31": "110.90000", "2018-10-31": "122.60010", "2018-07-31": "115.60000", "2018-04-30": "74.70000", "2018-01-31": "90.20000", "2017-10-31": "108.50000", "2017-07-31": "112.80000", "2017-04-30": "117.10000", "2017-01-31": "90.70000", "2016-10-31": "74.20010", "2016-07-31": "102.70000", "2016-04-30": "89.80000", "2016-01-31": "57.40000", "2015-10-31": "42.28310", "2015-07-31": "50.31100", "2015-04-30": "70.99800", "2015-01-31": "73.10800", "2014-10-31": "39.37500", "2014-07-31": "96.56500", "2014-04-30": "88.92400", "2014-01-31": "81.62200", "2013-10-31": "62.04300", "2013-07-31": "93.60800", "2013-04-30": "81.47300", "2013-01-31": "68.82100", "2012-10-31": "78.98000", "2012-07-31": "77.25000", "2012-04-30": "65.44000", "2012-01-31": "61.72800", "2011-10-31": "66.61990", "2011-07-31": "51.96700", "2011-04-30": "60.25600", "2011-01-31": "48.71300", "2010-10-31": "62.50290", "2010-07-31": "51.39600", "2010-04-30": "39.03400", "2010-01-31": "36.97900", "2009-10-31": "41.94410", "2009-07-31": "33.92500", "2009-04-30": "41.20700", "2009-01-31": "32.78000", "2008-10-31": "47.50200", "2008-07-31": "31.04400", "2008-04-30": "28.46600", "2008-01-31": "19.95100", "2007-10-31": "-4.09700", "2007-07-31": "23.65800", "2007-04-30": "10.53100", "2007-01-31": "15.76200", "2006-10-31": "22.40590", "2006-07-31": "32.30000", "2006-04-30": "24.48000", "2006-01-31": "33.71400", "2005-10-31": "22.53600", "2005-07-31": "45.93400", "2005-04-30": "40.74700", "2005-01-31": "26.61700"}, "Basic Shares Outstanding": {"2020-10-31": "49.10000", "2020-07-31": "49.10000", "2020-04-30": "49.20000", "2020-01-31": "49.10000", "2019-10-31": "49.40000", "2019-07-31": "49.50000", "2019-04-30": "49.40000", "2019-01-31": "49.30000", "2018-10-31": "49.10000", "2018-07-31": "49.10000", "2018-04-30": "49.10000", "2018-01-31": "48.90000", "2017-10-31": "48.90000", "2017-07-31": "48.90000", "2017-04-30": "49.00000", "2017-01-31": "48.80000", "2016-10-31": "48.50000", "2016-07-31": "48.60000", "2016-04-30": "48.40000", "2016-01-31": "48.30000", "2015-10-31": "48.50000", "2015-07-31": "48.60000", "2015-04-30": "48.46300", "2015-01-31": "48.20200", "2014-10-31": "48.06100", "2014-07-31": "48.04200", "2014-04-30": "47.91900", "2014-01-31": "48.00600", "2013-10-31": "48.61500", "2013-07-31": "48.79100", "2013-04-30": "48.49400", "2013-01-31": "48.47600", "2012-10-31": "47.91300", "2012-07-31": "48.11000", "2012-04-30": "47.70800", "2012-01-31": "47.67400", "2011-10-31": "46.90400", "2011-07-31": "47.32200", "2011-04-30": "46.50600", "2011-01-31": "45.98600", "2010-10-31": "45.53000", "2010-07-31": "45.60500", "2010-04-30": "45.48100", "2010-01-31": "45.29300", "2009-10-31": "45.17300", "2009-07-31": "45.18000", "2009-04-30": "45.17000", "2009-01-31": "45.14100", "2008-10-31": "44.99500", "2008-07-31": "44.99300", "2008-04-30": "44.98900", "2008-01-31": "44.94100", "2007-10-31": "44.70700", "2007-07-31": "44.77800", "2007-04-30": "44.64500", "2007-01-31": "44.56800", "2006-10-31": "44.52200", "2006-07-31": "44.53100", "2006-04-30": "44.52000", "2006-01-31": "44.49700", "2005-10-31": "42.02100", "2005-07-31": "44.12200", "2005-04-30": "43.98000", "2005-01-31": "35.20900"}, "Shares Outstanding": {"2020-10-31": "49.60000", "2020-07-31": "49.50000", "2020-04-30": "49.60000", "2020-01-31": "49.70000", "2019-10-31": "50.00000", "2019-07-31": "50.10000", "2019-04-30": "50.00000", "2019-01-31": "49.90000", "2018-10-31": "49.70000", "2018-07-31": "49.70000", "2018-04-30": "49.60000", "2018-01-31": "48.90000", "2017-10-31": "49.60000", "2017-07-31": "49.60000", "2017-04-30": "49.50000", "2017-01-31": "49.40000", "2016-10-31": "49.00000", "2016-07-31": "49.00000", "2016-04-30": "48.90000", "2016-01-31": "48.80000", "2015-10-31": "49.20000", "2015-07-31": "49.24400", "2015-04-30": "49.16300", "2015-01-31": "49.08200", "2014-10-31": "48.96000", "2014-07-31": "48.92200", "2014-04-30": "48.75400", "2014-01-31": "49.00600", "2013-10-31": "49.68500", "2013-07-31": "49.75400", "2013-04-30": "49.47800", "2013-01-31": "49.63300", "2012-10-31": "49.15200", "2012-07-31": "49.30200", "2012-04-30": "49.00700", "2012-01-31": "48.79200", "2011-10-31": "48.30900", "2011-07-31": "49.00900", "2011-04-30": "48.23900", "2011-01-31": "47.39100", "2010-10-31": "46.50500", "2010-07-31": "46.40200", "2010-04-30": "46.36700", "2010-01-31": "46.12300", "2009-10-31": "45.47800", "2009-07-31": "45.69400", "2009-04-30": "45.52300", "2009-01-31": "45.14100", "2008-10-31": "45.11700", "2008-07-31": "46.93400", "2008-04-30": "47.74000", "2008-01-31": "45.12900", "2007-10-31": "44.70700", "2007-07-31": "47.78500", "2007-04-30": "44.64500", "2007-01-31": "44.98400", "2006-10-31": "47.56900", "2006-07-31": "47.48200", "2006-04-30": "47.57700", "2006-01-31": "47.61400", "2005-10-31": "45.98300", "2005-07-31": "47.85400", "2005-04-30": "48.10400", "2005-01-31": "39.47900"}, "Basic EPS": {"2020-10-31": "1.65000", "2020-07-31": "1.13000", "2020-04-30": "0.23000", "2020-01-31": "1.84000", "2019-10-31": "2.44000", "2019-07-31": "2.43000", "2019-04-30": "2.48000", "2019-01-31": "2.09000", "2018-10-31": "2.06000", "2018-07-31": "2.05000", "2018-04-30": "1.24000", "2018-01-31": "-2.50000", "2017-10-31": "1.82000", "2017-07-31": "2.12000", "2017-04-30": "2.14000", "2017-01-31": "1.55000", "2016-10-31": "1.25000", "2016-07-31": "1.81000", "2016-04-30": "1.53000", "2016-01-31": "1.06000", "2015-10-31": "0.76000", "2015-07-31": "0.92000", "2015-04-30": "1.25000", "2015-01-31": "1.27000", "2014-10-31": "0.63000", "2014-07-31": "1.83000", "2014-04-30": "1.65000", "2014-01-31": "1.50000", "2013-10-31": "1.18000", "2013-07-31": "1.82000", "2013-04-30": "1.55000", "2013-01-31": "1.54000", "2012-10-31": "1.49000", "2012-07-31": "1.39000", "2012-04-30": "1.15000", "2012-01-31": "1.15000", "2011-10-31": "1.20000", "2011-07-31": "0.93000", "2011-04-30": "0.76000", "2011-01-31": "0.85000", "2010-10-31": "1.06000", "2010-07-31": "0.87000", "2010-04-30": "0.10000", "2010-01-31": "0.45000", "2009-10-31": "0.67000", "2009-07-31": "0.48000", "2009-04-30": "0.55000", "2009-01-31": "0.53000", "2008-10-31": "0.62000", "2008-07-31": "0.40000", "2008-04-30": "0.25000", "2008-01-31": "0.15000", "2007-10-31": "-0.54000", "2007-07-31": "0.18000", "2007-04-30": "-0.01000", "2007-01-31": "0.12000", "2006-10-31": "0.31000", "2006-07-31": "0.47000", "2006-04-30": "0.31000", "2006-01-31": "0.40000", "2005-10-31": "0.20000", "2005-07-31": "0.85000", "2005-04-30": "0.63000", "2005-01-31": "0.50000"}, "EPS - Earnings Per Share": {"2020-10-31": "1.64000", "2020-07-31": "1.12000", "2020-04-30": "0.23000", "2020-01-31": "1.82000", "2019-10-31": "2.41000", "2019-07-31": "2.40000", "2019-04-30": "2.45000", "2019-01-31": "2.07000", "2018-10-31": "2.05000", "2018-07-31": "2.03000", "2018-04-30": "1.23000", "2018-01-31": "-2.50000", "2017-10-31": "1.78000", "2017-07-31": "2.09000", "2017-04-30": "2.12000", "2017-01-31": "1.53000", "2016-10-31": "1.23000", "2016-07-31": "1.79000", "2016-04-30": "1.52000", "2016-01-31": "1.05000", "2015-10-31": "0.75000", "2015-07-31": "0.91000", "2015-04-30": "1.23000", "2015-01-31": "1.25000", "2014-10-31": "0.62000", "2014-07-31": "1.80000", "2014-04-30": "1.62000", "2014-01-31": "1.47000", "2013-10-31": "1.15000", "2013-07-31": "1.79000", "2013-04-30": "1.52000", "2013-01-31": "1.50000", "2012-10-31": "1.45000", "2012-07-31": "1.36000", "2012-04-30": "1.12000", "2012-01-31": "1.12000", "2011-10-31": "1.17000", "2011-07-31": "0.90000", "2011-04-30": "0.73000", "2011-01-31": "0.83000", "2010-10-31": "1.03000", "2010-07-31": "0.86000", "2010-04-30": "0.10000", "2010-01-31": "0.44000", "2009-10-31": "0.66000", "2009-07-31": "0.48000", "2009-04-30": "0.54000", "2009-01-31": "0.53000", "2008-10-31": "0.63000", "2008-07-31": "0.39000", "2008-04-30": "0.25000", "2008-01-31": "0.15000", "2007-10-31": "-0.54000", "2007-07-31": "0.18000", "2007-04-30": "-0.01000", "2007-01-31": "0.12000", "2006-10-31": "0.30000", "2006-07-31": "0.45000", "2006-04-30": "0.30000", "2006-01-31": "0.39000", "2005-10-31": "0.19000", "2005-07-31": "0.80000", "2005-04-30": "0.59000", "2005-01-31": "0.46000"}}, "balance sheet": {"Cash On Hand": {"2020-10-31": "115.90000", "2019-10-31": "89.00000", "2018-10-31": "77.70000", "2017-10-31": "88.80000", "2016-10-31": "100.80000", "2015-10-31": "16.42600", "2014-10-31": "25.22200", "2013-10-31": "77.39300", "2012-10-31": "12.84000", "2011-10-31": "5.17500", "2010-10-31": "3.57300", "2009-10-31": "3.93200", "2008-10-31": "1.94400", "2007-10-31": "3.22600", "2006-10-31": "8.22400", "2005-10-31": "30.82600"}, "Receivables": {"2020-10-31": "435.40000", "2019-10-31": "435.30000", "2018-10-31": "374.70000", "2017-10-31": "316.60000", "2016-10-31": "291.40000", "2015-10-31": "282.91800", "2014-10-31": "276.28000", "2013-10-31": "229.53700", "2012-10-31": "234.29700", "2011-10-31": "214.77900", "2010-10-31": "197.49000", "2009-10-31": "170.94100", "2008-10-31": "159.15800", "2007-10-31": "164.49300", "2006-10-31": "146.58400", "2005-10-31": "152.61000"}, "Inventory": {"2020-10-31": "570.40000", "2019-10-31": "506.90000", "2018-10-31": "468.80000", "2017-10-31": "454.10000", "2016-10-31": "417.70000", "2015-10-31": "419.69200", "2014-10-31": "381.47400", "2013-10-31": "338.91700", "2012-10-31": "320.19900", "2011-10-31": "253.58400", "2010-10-31": "227.90200", "2009-10-31": "260.84600", "2008-10-31": "283.45400", "2007-10-31": "267.91400", "2006-10-31": "236.51200", "2005-10-31": "185.69300"}, "Pre-Paid Expenses": {"2020-10-31": "152.50000", "2019-10-31": "132.20000", "2018-10-31": "169.70000", "2017-10-31": "93.70000", "2016-10-31": "77.50000", "2015-10-31": "80.66100", "2014-10-31": "68.41700", "2013-10-31": "60.21500", "2012-10-31": "51.10700", "2011-10-31": "33.12500", "2010-10-31": "33.54700", "2009-10-31": "44.79900", "2008-10-31": "55.13900", "2007-10-31": "58.49400", "2006-10-31": "45.97200", "2005-10-31": "51.13600"}, "Other Current Assets": {"2020-10-31": "", "2019-10-31": "", "2018-10-31": "", "2017-10-31": "", "2016-10-31": "", "2015-10-31": "", "2014-10-31": "", "2013-10-31": "", "2012-10-31": "", "2011-10-31": "", "2010-10-31": "", "2009-10-31": "", "2008-10-31": "", "2007-10-31": "", "2006-10-31": "", "2005-10-31": ""}, "Total Current Assets": {"2020-10-31": "1274.20000", "2019-10-31": "1163.40000", "2018-10-31": "1090.90000", "2017-10-31": "953.20000", "2016-10-31": "937.10000", "2015-10-31": "841.42800", "2014-10-31": "791.61700", "2013-10-31": "747.24100", "2012-10-31": "657.86000", "2011-10-31": "540.34700", "2010-10-31": "491.34000", "2009-10-31": "503.87800", "2008-10-31": "526.03200", "2007-10-31": "517.52200", "2006-10-31": "456.95100", "2005-10-31": "443.71400"}, "Property, Plant, And Equipment": {"2020-10-31": "1281.90000", "2019-10-31": "1132.10000", "2018-10-31": "976.00000", "2017-10-31": "910.10000", "2016-10-31": "877.70000", "2015-10-31": "967.09700", "2014-10-31": "937.32500", "2013-10-31": "739.86700", "2012-10-31": "640.25500", "2011-10-31": "609.20500", "2010-10-31": "593.88700", "2009-10-31": "602.56800", "2008-10-31": "602.65400", "2007-10-31": "604.53000", "2006-10-31": "496.35700", "2005-10-31": "379.78500"}, "Long-Term Investments": {"2020-10-31": "", "2019-10-31": "", "2018-10-31": "", "2017-10-31": "", "2016-10-31": "", "2015-10-31": "", "2014-10-31": "", "2013-10-31": "", "2012-10-31": "", "2011-10-31": "", "2010-10-31": "", "2009-10-31": "", "2008-10-31": "", "2007-10-31": "", "2006-10-31": "", "2005-10-31": ""}, "Goodwill And Intangible Assets": {"2020-10-31": "3736.30000", "2019-10-31": "3834.20000", "2018-10-31": "3913.40000", "2017-10-31": "2859.50000", "2016-10-31": "2605.80000", "2015-10-31": "2608.16700", "2014-10-31": "2674.52600", "2013-10-31": "1586.38000", "2012-10-31": "1585.03000", "2011-10-31": "1404.90800", "2010-10-31": "1376.15300", "2009-10-31": "1371.72900", "2008-10-31": "1382.28600", "2007-10-31": "1435.41700", "2006-10-31": "1364.24400", "2005-10-31": "1320.46200"}, "Other Long-Term Assets": {"2020-10-31": "104.80000", "2019-10-31": "66.80000", "2018-10-31": "74.10000", "2017-10-31": "75.60000", "2016-10-31": "51.90000", "2015-10-31": "38.66200", "2014-10-31": "39.14000", "2013-10-31": "47.49400", "2012-10-31": "43.80500", "2011-10-31": "48.23000", "2010-10-31": "40.56600", "2009-10-31": "45.95100", "2008-10-31": "50.99900", "2007-10-31": "18.68500", "2006-10-31": "13.57000", "2005-10-31": "16.15300"}, "Total Long-Term Assets": {"2020-10-31": "5463.30000", "2019-10-31": "5111.10000", "2018-10-31": "5021.90000", "2017-10-31": "3905.50000", "2016-10-31": "3541.50000", "2015-10-31": "3618.43600", "2014-10-31": "3666.72300", "2013-10-31": "2390.02000", "2012-10-31": "2283.52400", "2011-10-31": "2084.17100", "2010-10-31": "2033.67800", "2009-10-31": "2048.02900", "2008-10-31": "2061.58400", "2007-10-31": "2078.64700", "2006-10-31": "1895.65000", "2005-10-31": "1736.11600"}, "Total Assets": {"2020-10-31": "6737.50000", "2019-10-31": "6274.50000", "2018-10-31": "6112.80000", "2017-10-31": "4858.70000", "2016-10-31": "4478.60000", "2015-10-31": "4459.86400", "2014-10-31": "4458.34000", "2013-10-31": "3137.26100", "2012-10-31": "2941.38400", "2011-10-31": "2624.51800", "2010-10-31": "2525.01800", "2009-10-31": "2551.90700", "2008-10-31": "2587.61600", "2007-10-31": "2596.16900", "2006-10-31": "2352.60100", "2005-10-31": "2179.83000"}, "Total Current Liabilities": {"2020-10-31": "1004.40000", "2019-10-31": "1110.60000", "2018-10-31": "536.50000", "2017-10-31": "396.10000", "2016-10-31": "543.20000", "2015-10-31": "568.78200", "2014-10-31": "442.18200", "2013-10-31": "321.25300", "2012-10-31": "262.55200", "2011-10-31": "267.20600", "2010-10-31": "199.52000", "2009-10-31": "175.41400", "2008-10-31": "255.40700", "2007-10-31": "286.48000", "2006-10-31": "276.63000", "2005-10-31": "257.62200"}, "Long Term Debt": {"2020-10-31": "1383.90000", "2019-10-31": "1262.60000", "2018-10-31": "1985.70000", "2017-10-31": "1149.30000", "2016-10-31": "1107.40000", "2015-10-31": "1105.40800", "2014-10-31": "1280.83300", "2013-10-31": "301.67000", "2012-10-31": "348.42200", "2011-10-31": "327.45300", "2010-10-31": "591.97700", "2009-10-31": "771.63000", "2008-10-31": "861.78100", "2007-10-31": "830.11600", "2006-10-31": "681.28600", "2005-10-31": "632.65200"}, "Other Non-Current Liabilities": {"2020-10-31": "162.00000", "2019-10-31": "124.80000", "2018-10-31": "141.50000", "2017-10-31": "", "2016-10-31": "", "2015-10-31": "", "2014-10-31": "", "2013-10-31": "", "2012-10-31": "", "2011-10-31": "", "2010-10-31": "", "2009-10-31": "", "2008-10-31": "", "2007-10-31": "", "2006-10-31": "", "2005-10-31": ""}, "Total Long Term Liabilities": {"2020-10-31": "1908.30000", "2019-10-31": "1535.30000", "2018-10-31": "2268.50000", "2017-10-31": "1286.80000", "2016-10-31": "1239.50000", "2015-10-31": "1217.17800", "2014-10-31": "1427.71800", "2013-10-31": "392.51400", "2012-10-31": "465.67400", "2011-10-31": "419.82400", "2010-10-31": "658.72200", "2009-10-31": "836.15100", "2008-10-31": "915.13300", "2007-10-31": "850.20200", "2006-10-31": "697.46200", "2005-10-31": "648.98300"}, "Total Liabilities": {"2020-10-31": "2912.70000", "2019-10-31": "2645.90000", "2018-10-31": "2805.00000", "2017-10-31": "1682.90000", "2016-10-31": "1782.70000", "2015-10-31": "1785.96000", "2014-10-31": "1869.90000", "2013-10-31": "713.76700", "2012-10-31": "728.22600", "2011-10-31": "687.03000", "2010-10-31": "858.24200", "2009-10-31": "1011.56500", "2008-10-31": "1170.54000", "2007-10-31": "1136.68200", "2006-10-31": "974.09200", "2005-10-31": "906.60500"}, "Common Stock Net": {"2020-10-31": "5.30000", "2019-10-31": "5.30000", "2018-10-31": "5.30000", "2017-10-31": "5.20000", "2016-10-31": "5.20000", "2015-10-31": "5.15600", "2014-10-31": "5.09900", "2013-10-31": "5.03400", "2012-10-31": "4.94500", "2011-10-31": "4.80200", "2010-10-31": "4.61400", "2009-10-31": "4.55700", "2008-10-31": "4.54800", "2007-10-31": "4.52500", "2006-10-31": "4.49700", "2005-10-31": "4.49000"}, "Retained Earnings (Accumulated Deficit)": {"2020-10-31": "3261.80000", "2019-10-31": "3026.40000", "2018-10-31": "2576.00000", "2017-10-31": "2434.20000", "2016-10-31": "2046.30000", "2015-10-31": "1779.44000", "2014-10-31": "1578.82300", "2013-10-31": "1311.85100", "2012-10-31": "1018.61800", "2011-10-31": "773.13600", "2010-10-31": "600.52200", "2009-10-31": "490.45100", "2008-10-31": "402.24200", "2007-10-31": "334.12700", "2006-10-31": "348.00000", "2005-10-31": "284.43700"}, "Comprehensive Income": {"2020-10-31": "-472.00000", "2019-10-31": "-447.10000", "2018-10-31": "-430.70000", "2017-10-31": "-375.30000", "2016-10-31": "-489.60000", "2015-10-31": "-191.64300", "2014-10-31": "-106.18200", "2013-10-31": "-15.76200", "2012-10-31": "-31.26100", "2011-10-31": "-18.11000", "2010-10-31": "-17.33400", "2009-10-31": "-12.92000", "2008-10-31": "-25.24000", "2007-10-31": "107.78000", "2006-10-31": "38.71100", "2005-10-31": "14.11400"}, "Other Share Holders Equity": {"2020-10-31": "", "2019-10-31": "", "2018-10-31": "", "2017-10-31": "", "2016-10-31": "", "2015-10-31": "", "2014-10-31": "", "2013-10-31": "", "2012-10-31": "", "2011-10-31": "", "2010-10-31": "", "2009-10-31": "", "2008-10-31": "", "2007-10-31": "", "2006-10-31": "", "2005-10-31": ""}, "Share Holder Equity": {"2020-10-31": "3824.80000", "2019-10-31": "3628.60000", "2018-10-31": "3307.80000", "2017-10-31": "3175.80000", "2016-10-31": "2695.90000", "2015-10-31": "2673.90400", "2014-10-31": "2588.44000", "2013-10-31": "2423.49400", "2012-10-31": "2213.15800", "2011-10-31": "1937.48800", "2010-10-31": "1666.77600", "2009-10-31": "1540.34200", "2008-10-31": "1417.07600", "2007-10-31": "1459.48700", "2006-10-31": "1378.50900", "2005-10-31": "1273.22500"}, "Total Liabilities And Share Holders Equity": {"2020-10-31": "6737.50000", "2019-10-31": "6274.50000", "2018-10-31": "6112.80000", "2017-10-31": "4858.70000", "2016-10-31": "4478.60000", "2015-10-31": "4459.86400", "2014-10-31": "4458.34000", "2013-10-31": "3137.26100", "2012-10-31": "2941.38400", "2011-10-31": "2624.51800", "2010-10-31": "2525.01800", "2009-10-31": "2551.90700", "2008-10-31": "2587.61600", "2007-10-31": "2596.16900", "2006-10-31": "2352.60100", "2005-10-31": "2179.83000"}}, "balance sheet, quarterly": {"Cash On Hand": {"2020-10-31": "115.90000", "2020-07-31": "127.40000", "2020-04-30": "79.80000", "2020-01-31": "76.80000", "2019-10-31": "89.00000", "2019-07-31": "112.70000", "2019-04-30": "104.60000", "2019-01-31": "146.60000", "2018-10-31": "77.70000", "2018-07-31": "155.60000", "2018-04-30": "164.90000", "2018-01-31": "91.70000", "2017-10-31": "88.80000", "2017-07-31": "46.00000", "2017-04-30": "121.30000", "2017-01-31": "91.10000", "2016-10-31": "100.80000", "2016-07-31": "62.61300", "2016-04-30": "44.46400", "2016-01-31": "16.04700", "2015-10-31": "16.42600", "2015-07-31": "17.00500", "2015-04-30": "17.91100", "2015-01-31": "16.42800", "2014-10-31": "25.22200", "2014-07-31": "173.78600", "2014-04-30": "82.65900", "2014-01-31": "28.82800", "2013-10-31": "77.39300", "2013-07-31": "25.48200", "2013-04-30": "14.44100", "2013-01-31": "14.44500", "2012-10-31": "12.84000", "2012-07-31": "12.73200", "2012-04-30": "7.74500", "2012-01-31": "7.68100", "2011-10-31": "5.17500", "2011-07-31": "7.87200", "2011-04-30": "8.43000", "2011-01-31": "3.32000", "2010-10-31": "3.57300", "2010-07-31": "3.24000", "2010-04-30": "9.82900", "2010-01-31": "1.82200", "2009-10-31": "3.93200", "2009-07-31": "3.79000", "2009-04-30": "4.47200", "2009-01-31": "1.88500", "2008-10-31": "1.94400", "2008-07-31": "3.43800", "2008-04-30": "1.91100", "2008-01-31": "2.58600", "2007-10-31": "3.22600", "2007-07-31": "8.06100", "2007-04-30": "12.03300", "2007-01-31": "23.54400", "2006-10-31": "8.22400", "2006-07-31": "12.72400", "2006-04-30": "16.55500", "2006-01-31": "24.59700", "2005-10-31": "30.82600", "2005-07-31": "18.04900", "2005-04-30": "17.11900", "2005-01-31": "28.49400"}, "Receivables": {"2020-10-31": "435.40000", "2020-07-31": "450.50000", "2020-04-30": "368.80000", "2020-01-31": "408.00000", "2019-10-31": "435.30000", "2019-07-31": "404.70000", "2019-04-30": "396.20000", "2019-01-31": "389.70000", "2018-10-31": "374.70000", "2018-07-31": "375.60000", "2018-04-30": "432.60000", "2018-01-31": "413.80000", "2017-10-31": "316.60000", "2017-07-31": "335.90000", "2017-04-30": "311.20000", "2017-01-31": "290.90000", "2016-10-31": "291.40000", "2016-07-31": "307.34100", "2016-04-30": "298.82500", "2016-01-31": "278.89100", "2015-10-31": "282.91800", "2015-07-31": "280.16000", "2015-04-30": "267.18300", "2015-01-31": "275.89900", "2014-10-31": "276.28000", "2014-07-31": "261.96400", "2014-04-30": "239.76900", "2014-01-31": "235.28800", "2013-10-31": "229.53700", "2013-07-31": "247.29600", "2013-04-30": "224.48900", "2013-01-31": "241.16800", "2012-10-31": "234.29700", "2012-07-31": "228.59300", "2012-04-30": "202.88200", "2012-01-31": "200.16000", "2011-10-31": "214.77900", "2011-07-31": "218.41600", "2011-04-30": "203.76400", "2011-01-31": "189.46200", "2010-10-31": "197.49000", "2010-07-31": "190.05500", "2010-04-30": "174.29100", "2010-01-31": "174.94500", "2009-10-31": "170.94100", "2009-07-31": "170.27600", "2009-04-30": "156.40900", "2009-01-31": "158.76400", "2008-10-31": "159.15800", "2008-07-31": "180.49200", "2008-04-30": "176.26800", "2008-01-31": "164.16700", "2007-10-31": "164.49300", "2007-07-31": "164.33200", "2007-04-30": "156.77200", "2007-01-31": "156.81500", "2006-10-31": "146.58400", "2006-07-31": "149.92300", "2006-04-30": "148.23000", "2006-01-31": "155.00100", "2005-10-31": "152.61000", "2005-07-31": "164.71000", "2005-04-30": "155.18100", "2005-01-31": "145.30800"}, "Inventory": {"2020-10-31": "570.40000", "2020-07-31": "594.90000", "2020-04-30": "568.20000", "2020-01-31": "526.50000", "2019-10-31": "506.90000", "2019-07-31": "502.10000", "2019-04-30": "493.10000", "2019-01-31": "486.20000", "2018-10-31": "468.80000", "2018-07-31": "479.60000", "2018-04-30": "504.80000", "2018-01-31": "506.30000", "2017-10-31": "454.10000", "2017-07-31": "453.90000", "2017-04-30": "437.60000", "2017-01-31": "421.40000", "2016-10-31": "417.70000", "2016-07-31": "430.25900", "2016-04-30": "433.59600", "2016-01-31": "430.89800", "2015-10-31": "419.69200", "2015-07-31": "405.96600", "2015-04-30": "402.53700", "2015-01-31": "390.10100", "2014-10-31": "381.47400", "2014-07-31": "353.38400", "2014-04-30": "345.81600", "2014-01-31": "339.49600", "2013-10-31": "338.91700", "2013-07-31": "339.90800", "2013-04-30": "339.32300", "2013-01-31": "325.39400", "2012-10-31": "320.19900", "2012-07-31": "301.68600", "2012-04-30": "286.06900", "2012-01-31": "272.77400", "2011-10-31": "253.58400", "2011-07-31": "243.37000", "2011-04-30": "249.38200", "2011-01-31": "239.99600", "2010-10-31": "227.90200", "2010-07-31": "234.31500", "2010-04-30": "238.75600", "2010-01-31": "251.84200", "2009-10-31": "260.84600", "2009-07-31": "276.84700", "2009-04-30": "288.19600", "2009-01-31": "286.58700", "2008-10-31": "283.45400", "2008-07-31": "295.86200", "2008-04-30": "293.39700", "2008-01-31": "279.00700", "2007-10-31": "267.91400", "2007-07-31": "265.38100", "2007-04-30": "261.61200", "2007-01-31": "248.02100", "2006-10-31": "236.51200", "2006-07-31": "226.36000", "2006-04-30": "214.66600", "2006-01-31": "198.48000", "2005-10-31": "185.69300", "2005-07-31": "183.55500", "2005-04-30": "190.50400", "2005-01-31": "196.88800"}, "Pre-Paid Expenses": {"2020-10-31": "152.50000", "2020-07-31": "148.50000", "2020-04-30": "149.40000", "2020-01-31": "138.60000", "2019-10-31": "132.20000", "2019-07-31": "131.30000", "2019-04-30": "142.70000", "2019-01-31": "170.50000", "2018-10-31": "169.70000", "2018-07-31": "178.00000", "2018-04-30": "170.10000", "2018-01-31": "163.70000", "2017-10-31": "93.70000", "2017-07-31": "96.30000", "2017-04-30": "88.20000", "2017-01-31": "80.50000", "2016-10-31": "77.50000", "2016-07-31": "86.83600", "2016-04-30": "96.97400", "2016-01-31": "78.95100", "2015-10-31": "80.66100", "2015-07-31": "72.56800", "2015-04-30": "76.56100", "2015-01-31": "68.35200", "2014-10-31": "68.41700", "2014-07-31": "67.23400", "2014-04-30": "59.17900", "2014-01-31": "61.98300", "2013-10-31": "60.21500", "2013-07-31": "53.31300", "2013-04-30": "60.17100", "2013-01-31": "65.86900", "2012-10-31": "51.10700", "2012-07-31": "47.95500", "2012-04-30": "46.36100", "2012-01-31": "45.53500", "2011-10-31": "33.12500", "2011-07-31": "40.91700", "2011-04-30": "47.87000", "2011-01-31": "43.56300", "2010-10-31": "33.54700", "2010-07-31": "33.75400", "2010-04-30": "42.54300", "2010-01-31": "42.46000", "2009-10-31": "44.79900", "2009-07-31": "46.15800", "2009-04-30": "49.81500", "2009-01-31": "62.34600", "2008-10-31": "55.13900", "2008-07-31": "62.59200", "2008-04-30": "59.81000", "2008-01-31": "60.13500", "2007-10-31": "58.49400", "2007-07-31": "51.12300", "2007-04-30": "49.42300", "2007-01-31": "47.37000", "2006-10-31": "45.97200", "2006-07-31": "47.51000", "2006-04-30": "43.17200", "2006-01-31": "50.11800", "2005-10-31": "51.13600", "2005-07-31": "46.99600", "2005-04-30": "46.00500", "2005-01-31": "37.41600"}, "Other Current Assets": {"2020-10-31": "", "2020-07-31": "", "2020-04-30": "", "2020-01-31": "", "2019-10-31": "", "2019-07-31": "", "2019-04-30": "", "2019-01-31": "", "2018-10-31": "", "2018-07-31": "", "2018-04-30": "", "2018-01-31": "", "2017-10-31": "", "2017-07-31": "", "2017-04-30": "", "2017-01-31": "", "2016-10-31": "", "2016-07-31": "", "2016-04-30": "", "2016-01-31": "", "2015-10-31": "", "2015-07-31": "", "2015-04-30": "", "2015-01-31": "", "2014-10-31": "", "2014-07-31": "", "2014-04-30": "", "2014-01-31": "", "2013-10-31": "", "2013-07-31": "", "2013-04-30": "", "2013-01-31": "", "2012-10-31": "", "2012-07-31": "", "2012-04-30": "", "2012-01-31": "", "2011-10-31": "", "2011-07-31": "", "2011-04-30": "", "2011-01-31": "", "2010-10-31": "", "2010-07-31": "", "2010-04-30": "", "2010-01-31": "", "2009-10-31": "", "2009-07-31": "", "2009-04-30": "", "2009-01-31": "", "2008-10-31": "", "2008-07-31": "", "2008-04-30": "", "2008-01-31": "", "2007-10-31": "", "2007-07-31": "", "2007-04-30": "", "2007-01-31": "", "2006-10-31": "", "2006-07-31": "", "2006-04-30": "", "2006-01-31": "", "2005-10-31": "", "2005-07-31": "", "2005-04-30": "", "2005-01-31": ""}, "Total Current Assets": {"2020-10-31": "1274.20000", "2020-07-31": "1321.30000", "2020-04-30": "1166.20000", "2020-01-31": "1149.90000", "2019-10-31": "1163.40000", "2019-07-31": "1150.80000", "2019-04-30": "1136.60000", "2019-01-31": "1193.00000", "2018-10-31": "1090.90000", "2018-07-31": "1188.80000", "2018-04-30": "1272.40000", "2018-01-31": "1175.50000", "2017-10-31": "953.20000", "2017-07-31": "932.10000", "2017-04-30": "958.30000", "2017-01-31": "883.90000", "2016-10-31": "937.10000", "2016-07-31": "929.63900", "2016-04-30": "915.11500", "2016-01-31": "844.50400", "2015-10-31": "841.42800", "2015-07-31": "814.69200", "2015-04-30": "799.96600", "2015-01-31": "787.10900", "2014-10-31": "791.61700", "2014-07-31": "895.81300", "2014-04-30": "764.68000", "2014-01-31": "701.09400", "2013-10-31": "747.24100", "2013-07-31": "706.00700", "2013-04-30": "675.78800", "2013-01-31": "680.84800", "2012-10-31": "657.86000", "2012-07-31": "628.10600", "2012-04-30": "576.28300", "2012-01-31": "555.26300", "2011-10-31": "540.34700", "2011-07-31": "543.63600", "2011-04-30": "538.43500", "2011-01-31": "503.34300", "2010-10-31": "491.34000", "2010-07-31": "491.27000", "2010-04-30": "493.44900", "2010-01-31": "496.40800", "2009-10-31": "503.87800", "2009-07-31": "518.01500", "2009-04-30": "524.53200", "2009-01-31": "536.53000", "2008-10-31": "526.03200", "2008-07-31": "568.66800", "2008-04-30": "556.66600", "2008-01-31": "526.34000", "2007-10-31": "517.52200", "2007-07-31": "511.09700", "2007-04-30": "498.54300", "2007-01-31": "494.19900", "2006-10-31": "456.95100", "2006-07-31": "456.23200", "2006-04-30": "440.50100", "2006-01-31": "449.34300", "2005-10-31": "443.71400", "2005-07-31": "438.31200", "2005-04-30": "434.40700", "2005-01-31": "438.97000"}, "Property, Plant, And Equipment": {"2020-10-31": "1281.90000", "2020-07-31": "1237.70000", "2020-04-30": "1196.10000", "2020-01-31": "1168.50000", "2019-10-31": "1132.10000", "2019-07-31": "1065.40000", "2019-04-30": "1032.70000", "2019-01-31": "1023.80000", "2018-10-31": "976.00000", "2018-07-31": "967.40000", "2018-04-30": "966.50000", "2018-01-31": "952.00000", "2017-10-31": "910.10000", "2017-07-31": "894.90000", "2017-04-30": "886.50000", "2017-01-31": "879.10000", "2016-10-31": "877.70000", "2016-07-31": "922.21100", "2016-04-30": "964.35900", "2016-01-31": "948.17400", "2015-10-31": "967.09700", "2015-07-31": "974.87600", "2015-04-30": "961.76200", "2015-01-31": "928.62700", "2014-10-31": "937.32500", "2014-07-31": "843.41300", "2014-04-30": "817.44200", "2014-01-31": "769.39700", "2013-10-31": "739.86700", "2013-07-31": "654.10000", "2013-04-30": "636.88200", "2013-01-31": "636.99900", "2012-10-31": "640.25500", "2012-07-31": "617.61500", "2012-04-30": "593.60300", "2012-01-31": "583.23900", "2011-10-31": "609.20500", "2011-07-31": "601.09400", "2011-04-30": "606.00500", "2011-01-31": "595.82500", "2010-10-31": "593.88700", "2010-07-31": "569.74800", "2010-04-30": "569.48600", "2010-01-31": "586.71600", "2009-10-31": "602.56800", "2009-07-31": "608.34200", "2009-04-30": "588.39000", "2009-01-31": "581.22500", "2008-10-31": "602.65400", "2008-07-31": "645.92100", "2008-04-30": "638.14300", "2008-01-31": "619.28000", "2007-10-31": "604.53000", "2007-07-31": "578.71700", "2007-04-30": "556.10300", "2007-01-31": "536.18300", "2006-10-31": "496.35700", "2006-07-31": "480.54700", "2006-04-30": "447.43100", "2006-01-31": "414.11300", "2005-10-31": "379.78500", "2005-07-31": "358.07700", "2005-04-30": "344.51500", "2005-01-31": "319.69200"}, "Long-Term Investments": {"2020-10-31": "", "2020-07-31": "", "2020-04-30": "", "2020-01-31": "", "2019-10-31": "", "2019-07-31": "", "2019-04-30": "", "2019-01-31": "", "2018-10-31": "", "2018-07-31": "", "2018-04-30": "", "2018-01-31": "", "2017-10-31": "", "2017-07-31": "", "2017-04-30": "", "2017-01-31": "", "2016-10-31": "", "2016-07-31": "", "2016-04-30": "", "2016-01-31": "", "2015-10-31": "", "2015-07-31": "", "2015-04-30": "", "2015-01-31": "", "2014-10-31": "", "2014-07-31": "", "2014-04-30": "", "2014-01-31": "", "2013-10-31": "", "2013-07-31": "", "2013-04-30": "", "2013-01-31": "", "2012-10-31": "", "2012-07-31": "", "2012-04-30": "", "2012-01-31": "", "2011-10-31": "", "2011-07-31": "", "2011-04-30": "", "2011-01-31": "", "2010-10-31": "", "2010-07-31": "", "2010-04-30": "", "2010-01-31": "", "2009-10-31": "", "2009-07-31": "", "2009-04-30": "", "2009-01-31": "", "2008-10-31": "", "2008-07-31": "", "2008-04-30": "", "2008-01-31": "", "2007-10-31": "", "2007-07-31": "", "2007-04-30": "", "2007-01-31": "", "2006-10-31": "", "2006-07-31": "", "2006-04-30": "", "2006-01-31": "", "2005-10-31": "", "2005-07-31": "", "2005-04-30": "", "2005-01-31": ""}, "Goodwill And Intangible Assets": {"2020-10-31": "3736.30000", "2020-07-31": "3756.40000", "2020-04-30": "3737.70000", "2020-01-31": "3820.30000", "2019-10-31": "3834.20000", "2019-07-31": "3830.00000", "2019-04-30": "3912.60000", "2019-01-31": "3963.40000", "2018-10-31": "3913.40000", "2018-07-31": "3980.10000", "2018-04-30": "4063.10000", "2018-01-31": "4042.20000", "2017-10-31": "2859.50000", "2017-07-31": "2821.50000", "2017-04-30": "2787.70000", "2017-01-31": "2778.30000", "2016-10-31": "2605.80000", "2016-07-31": "2682.56900", "2016-04-30": "2670.25600", "2016-01-31": "2564.09200", "2015-10-31": "2608.16700", "2015-07-31": "2591.43900", "2015-04-30": "2588.78300", "2015-01-31": "2575.62000", "2014-10-31": "2674.52600", "2014-07-31": "1567.20300", "2014-04-30": "1578.91000", "2014-01-31": "1578.79500", "2013-10-31": "1586.38000", "2013-07-31": "1582.07700", "2013-04-30": "1592.40000", "2013-01-31": "1589.06800", "2012-10-31": "1585.03000", "2012-07-31": "1580.85100", "2012-04-30": "1393.52100", "2012-01-31": "1394.90300", "2011-10-31": "1404.90800", "2011-07-31": "1396.14000", "2011-04-30": "1405.85300", "2011-01-31": "1399.11400", "2010-10-31": "1376.15300", "2010-07-31": "1375.01600", "2010-04-30": "1376.04100", "2010-01-31": "1369.73000", "2009-10-31": "1371.72900", "2009-07-31": "1380.60200", "2009-04-30": "1368.72500", "2009-01-31": "1369.07400", "2008-10-31": "1382.28600", "2008-07-31": "1421.05500", "2008-04-30": "1394.97800", "2008-01-31": "1395.84200", "2007-10-31": "1435.41700", "2007-07-31": "1406.02200", "2007-04-30": "1407.98200", "2007-01-31": "1387.20400", "2006-10-31": "1364.24400", "2006-07-31": "1355.56100", "2006-04-30": "1362.89500", "2006-01-31": "1370.93000", "2005-10-31": "1320.46200", "2005-07-31": "1335.83300", "2005-04-30": "1351.00800", "2005-01-31": "1356.91600"}, "Other Long-Term Assets": {"2020-10-31": "104.80000", "2020-07-31": "94.00000", "2020-04-30": "77.50000", "2020-01-31": "69.90000", "2019-10-31": "66.80000", "2019-07-31": "63.50000", "2019-04-30": "61.40000", "2019-01-31": "63.20000", "2018-10-31": "74.10000", "2018-07-31": "74.90000", "2018-04-30": "75.70000", "2018-01-31": "76.40000", "2017-10-31": "75.60000", "2017-07-31": "68.20000", "2017-04-30": "57.60000", "2017-01-31": "57.60000", "2016-10-31": "51.90000", "2016-07-31": "51.56000", "2016-04-30": "45.55400", "2016-01-31": "38.72500", "2015-10-31": "38.66200", "2015-07-31": "33.07300", "2015-04-30": "33.59500", "2015-01-31": "36.15800", "2014-10-31": "39.14000", "2014-07-31": "42.31200", "2014-04-30": "45.21200", "2014-01-31": "46.58400", "2013-10-31": "47.49400", "2013-07-31": "47.70300", "2013-04-30": "47.71800", "2013-01-31": "45.55500", "2012-10-31": "43.80500", "2012-07-31": "44.90300", "2012-04-30": "44.91700", "2012-01-31": "44.64900", "2011-10-31": "48.23000", "2011-07-31": "47.25600", "2011-04-30": "45.16900", "2011-01-31": "48.16700", "2010-10-31": "40.56600", "2010-07-31": "41.28100", "2010-04-30": "41.77900", "2010-01-31": "43.51900", "2009-10-31": "45.95100", "2009-07-31": "45.62100", "2009-04-30": "38.24200", "2009-01-31": "35.74600", "2008-10-31": "50.99900", "2008-07-31": "17.78400", "2008-04-30": "14.62100", "2008-01-31": "13.90500", "2007-10-31": "18.68500", "2007-07-31": "21.90700", "2007-04-30": "23.70900", "2007-01-31": "24.92000", "2006-10-31": "13.57000", "2006-07-31": "16.54400", "2006-04-30": "17.11600", "2006-01-31": "13.17300", "2005-10-31": "16.15300", "2005-07-31": "14.08500", "2005-04-30": "15.20200", "2005-01-31": "12.99000"}, "Total Long-Term Assets": {"2020-10-31": "5463.30000", "2020-07-31": "5427.10000", "2020-04-30": "5343.80000", "2020-01-31": "5398.60000", "2019-10-31": "5111.10000", "2019-07-31": "5022.00000", "2019-04-30": "5066.80000", "2019-01-31": "5105.60000", "2018-10-31": "5021.90000", "2018-07-31": "5068.10000", "2018-04-30": "5142.00000", "2018-01-31": "5093.10000", "2017-10-31": "3905.50000", "2017-07-31": "3850.70000", "2017-04-30": "3791.50000", "2017-01-31": "3772.80000", "2016-10-31": "3541.50000", "2016-07-31": "3663.03600", "2016-04-30": "3686.13800", "2016-01-31": "3557.29800", "2015-10-31": "3618.43600", "2015-07-31": "3607.99000", "2015-04-30": "3592.69400", "2015-01-31": "3548.63500", "2014-10-31": "3666.72300", "2014-07-31": "2471.56100", "2014-04-30": "2457.30200", "2014-01-31": "2413.66100", "2013-10-31": "2390.02000", "2013-07-31": "2300.90100", "2013-04-30": "2290.94400", "2013-01-31": "2288.69600", "2012-10-31": "2283.52400", "2012-07-31": "2255.81200", "2012-04-30": "2052.27800", "2012-01-31": "2044.00400", "2011-10-31": "2084.17100", "2011-07-31": "2071.69800", "2011-04-30": "2086.75700", "2011-01-31": "2068.59500", "2010-10-31": "2033.67800", "2010-07-31": "2011.77000", "2010-04-30": "2015.77600", "2010-01-31": "2024.99200", "2009-10-31": "2048.02900", "2009-07-31": "2063.42000", "2009-04-30": "2021.79900", "2009-01-31": "2014.49000", "2008-10-31": "2061.58400", "2008-07-31": "2106.85800", "2008-04-30": "2072.99200", "2008-01-31": "2058.60200", "2007-10-31": "2078.64700", "2007-07-31": "2029.96800", "2007-04-30": "2011.20600", "2007-01-31": "1974.79700", "2006-10-31": "1895.65000", "2006-07-31": "1872.27200", "2006-04-30": "1850.32400", "2006-01-31": "1818.91500", "2005-10-31": "1736.11600", "2005-07-31": "1738.33300", "2005-04-30": "1726.88000", "2005-01-31": "1706.54500"}, "Total Assets": {"2020-10-31": "6737.50000", "2020-07-31": "6748.40000", "2020-04-30": "6510.00000", "2020-01-31": "6548.50000", "2019-10-31": "6274.50000", "2019-07-31": "6172.80000", "2019-04-30": "6203.40000", "2019-01-31": "6298.60000", "2018-10-31": "6112.80000", "2018-07-31": "6256.90000", "2018-04-30": "6414.40000", "2018-01-31": "6268.60000", "2017-10-31": "4858.70000", "2017-07-31": "4782.80000", "2017-04-30": "4749.80000", "2017-01-31": "4656.70000", "2016-10-31": "4478.60000", "2016-07-31": "4592.67500", "2016-04-30": "4601.25300", "2016-01-31": "4401.80200", "2015-10-31": "4459.86400", "2015-07-31": "4422.68200", "2015-04-30": "4392.66000", "2015-01-31": "4335.74400", "2014-10-31": "4458.34000", "2014-07-31": "3367.37400", "2014-04-30": "3221.98200", "2014-01-31": "3114.75500", "2013-10-31": "3137.26100", "2013-07-31": "3006.90800", "2013-04-30": "2966.73200", "2013-01-31": "2969.54400", "2012-10-31": "2941.38400", "2012-07-31": "2883.91800", "2012-04-30": "2628.56100", "2012-01-31": "2599.26700", "2011-10-31": "2624.51800", "2011-07-31": "2615.33400", "2011-04-30": "2625.19200", "2011-01-31": "2571.93800", "2010-10-31": "2525.01800", "2010-07-31": "2503.04000", "2010-04-30": "2509.22500", "2010-01-31": "2521.40000", "2009-10-31": "2551.90700", "2009-07-31": "2581.43500", "2009-04-30": "2546.33100", "2009-01-31": "2551.02000", "2008-10-31": "2587.61600", "2008-07-31": "2675.52600", "2008-04-30": "2629.65800", "2008-01-31": "2584.94200", "2007-10-31": "2596.16900", "2007-07-31": "2541.06500", "2007-04-30": "2509.74900", "2007-01-31": "2468.99600", "2006-10-31": "2352.60100", "2006-07-31": "2328.50400", "2006-04-30": "2290.82500", "2006-01-31": "2268.25800", "2005-10-31": "2179.83000", "2005-07-31": "2176.64500", "2005-04-30": "2161.28700", "2005-01-31": "2145.51500"}, "Total Current Liabilities": {"2020-10-31": "1004.40000", "2020-07-31": "1128.70000", "2020-04-30": "1025.30000", "2020-01-31": "1068.50000", "2019-10-31": "1110.60000", "2019-07-31": "889.40000", "2019-04-30": "940.90000", "2019-01-31": "938.60000", "2018-10-31": "536.50000", "2018-07-31": "461.40000", "2018-04-30": "460.40000", "2018-01-31": "415.70000", "2017-10-31": "396.10000", "2017-07-31": "371.20000", "2017-04-30": "343.20000", "2017-01-31": "517.90000", "2016-10-31": "543.20000", "2016-07-31": "320.24100", "2016-04-30": "322.21700", "2016-01-31": "347.96900", "2015-10-31": "568.78200", "2015-07-31": "529.58700", "2015-04-30": "535.64200", "2015-01-31": "382.57900", "2014-10-31": "442.18200", "2014-07-31": "297.68700", "2014-04-30": "264.66600", "2014-01-31": "268.30700", "2013-10-31": "321.25300", "2013-07-31": "249.28600", "2013-04-30": "228.91900", "2013-01-31": "226.13200", "2012-10-31": "262.55200", "2012-07-31": "232.07500", "2012-04-30": "228.12500", "2012-01-31": "206.39200", "2011-10-31": "267.20600", "2011-07-31": "237.69300", "2011-04-30": "206.15000", "2011-01-31": "186.07400", "2010-10-31": "199.52000", "2010-07-31": "224.17600", "2010-04-30": "208.25600", "2010-01-31": "178.80700", "2009-10-31": "175.41400", "2009-07-31": "212.13300", "2009-04-30": "212.04000", "2009-01-31": "253.82700", "2008-10-31": "255.40700", "2008-07-31": "239.86800", "2008-04-30": "240.78800", "2008-01-31": "240.07600", "2007-10-31": "286.48000", "2007-07-31": "284.42200", "2007-04-30": "256.58500", "2007-01-31": "230.40100", "2006-10-31": "276.63000", "2006-07-31": "253.06300", "2006-04-30": "243.81000", "2006-01-31": "224.93500", "2005-10-31": "257.62200", "2005-07-31": "217.44400", "2005-04-30": "220.19800", "2005-01-31": "202.05000"}, "Long Term Debt": {"2020-10-31": "1383.90000", "2020-07-31": "1327.80000", "2020-04-30": "1344.80000", "2020-01-31": "1233.70000", "2019-10-31": "1262.60000", "2019-07-31": "1422.60000", "2019-04-30": "1472.30000", "2019-01-31": "1686.90000", "2018-10-31": "1985.70000", "2018-07-31": "2248.90000", "2018-04-30": "2442.40000", "2018-01-31": "2372.90000", "2017-10-31": "1149.30000", "2017-07-31": "1180.00000", "2017-04-30": "1345.60000", "2017-01-31": "1201.00000", "2016-10-31": "1107.40000", "2016-07-31": "1412.37400", "2016-04-30": "1411.18200", "2016-01-31": "1330.62700", "2015-10-31": "1105.40800", "2015-07-31": "1070.29900", "2015-04-30": "1105.54400", "2015-01-31": "1302.54200", "2014-10-31": "1280.83300", "2014-07-31": "301.44900", "2014-04-30": "301.50800", "2014-01-31": "301.58900", "2013-10-31": "301.67000", "2013-07-31": "215.29100", "2013-04-30": "291.54900", "2013-01-31": "377.51200", "2012-10-31": "348.42200", "2012-07-31": "454.22500", "2012-04-30": "275.09200", "2012-01-31": "371.11400", "2011-10-31": "327.45300", "2011-07-31": "406.48500", "2011-04-30": "524.11800", "2011-01-31": "586.72400", "2010-10-31": "591.97700", "2010-07-31": "624.37300", "2010-04-30": "699.38100", "2010-01-31": "724.17800", "2009-10-31": "771.63000", "2009-07-31": "800.52500", "2009-04-30": "848.37900", "2009-01-31": "871.36700", "2008-10-31": "861.78100", "2008-07-31": "890.86600", "2008-04-30": "901.78700", "2008-01-31": "878.25100", "2007-10-31": "830.11600", "2007-07-31": "807.58000", "2007-04-30": "817.44600", "2007-01-31": "817.51900", "2006-10-31": "681.28600", "2006-07-31": "698.44300", "2006-04-30": "698.18700", "2006-01-31": "727.23400", "2005-10-31": "632.65200", "2005-07-31": "680.82700", "2005-04-30": "689.45300", "2005-01-31": "723.03700"}, "Other Non-Current Liabilities": {"2020-10-31": "162.00000", "2020-07-31": "162.10000", "2020-04-30": "158.90000", "2020-01-31": "176.20000", "2019-10-31": "124.80000", "2019-07-31": "124.80000", "2019-04-30": "124.80000", "2019-01-31": "124.80000", "2018-10-31": "141.50000", "2018-07-31": "171.00000", "2018-04-30": "176.40000", "2018-01-31": "176.40000", "2017-10-31": "", "2017-07-31": "", "2017-04-30": "", "2017-01-31": "", "2016-10-31": "", "2016-07-31": "", "2016-04-30": "", "2016-01-31": "", "2015-10-31": "", "2015-07-31": "", "2015-04-30": "", "2015-01-31": "", "2014-10-31": "", "2014-07-31": "", "2014-04-30": "", "2014-01-31": "", "2013-10-31": "", "2013-07-31": "", "2013-04-30": "", "2013-01-31": "", "2012-10-31": "", "2012-07-31": "", "2012-04-30": "", "2012-01-31": "", "2011-10-31": "", "2011-07-31": "", "2011-04-30": "", "2011-01-31": "", "2010-10-31": "", "2010-07-31": "", "2010-04-30": "", "2010-01-31": "", "2009-10-31": "", "2009-07-31": "", "2009-04-30": "", "2009-01-31": "", "2008-10-31": "", "2008-07-31": "", "2008-04-30": "", "2008-01-31": "", "2007-10-31": "", "2007-07-31": "", "2007-04-30": "", "2007-01-31": "", "2006-10-31": "", "2006-07-31": "", "2006-04-30": "", "2006-01-31": "", "2005-10-31": "", "2005-07-31": "", "2005-04-30": "6.15400", "2005-01-31": "9.85800"}, "Total Long Term Liabilities": {"2020-10-31": "1908.30000", "2020-07-31": "1859.30000", "2020-04-30": "1857.20000", "2020-01-31": "1749.10000", "2019-10-31": "1535.30000", "2019-07-31": "1667.90000", "2019-04-30": "1720.30000", "2019-01-31": "1934.50000", "2018-10-31": "2268.50000", "2018-07-31": "2568.90000", "2018-04-30": "2766.00000", "2018-01-31": "2696.50000", "2017-10-31": "1286.80000", "2017-07-31": "1318.30000", "2017-04-30": "1466.80000", "2017-01-31": "1319.40000", "2016-10-31": "1239.50000", "2016-07-31": "1535.03200", "2016-04-30": "1534.25500", "2016-01-31": "1447.10700", "2015-10-31": "1217.17800", "2015-07-31": "1199.16000", "2015-04-30": "1241.28100", "2015-01-31": "1436.18000", "2014-10-31": "1427.71800", "2014-07-31": "393.41000", "2014-04-30": "395.23600", "2014-01-31": "392.53900", "2013-10-31": "392.51400", "2013-07-31": "319.98000", "2013-04-30": "401.31700", "2013-01-31": "493.86400", "2012-10-31": "465.67400", "2012-07-31": "555.19700", "2012-04-30": "362.48000", "2012-01-31": "455.51800", "2011-10-31": "419.82400", "2011-07-31": "489.96300", "2011-04-30": "608.71600", "2011-01-31": "663.56500", "2010-10-31": "658.72200", "2010-07-31": "684.75300", "2010-04-30": "758.24100", "2010-01-31": "790.53700", "2009-10-31": "836.15100", "2009-07-31": "854.92500", "2009-04-30": "905.73000", "2009-01-31": "918.07200", "2008-10-31": "915.13300", "2008-07-31": "939.05400", "2008-04-30": "955.16400", "2008-01-31": "931.33200", "2007-10-31": "850.20200", "2007-07-31": "821.28110", "2007-04-30": "835.42400", "2007-01-31": "835.95200", "2006-10-31": "697.46200", "2006-07-31": "718.74700", "2006-04-30": "716.68900", "2006-01-31": "742.65900", "2005-10-31": "648.98300", "2005-07-31": "703.19700", "2005-04-30": "702.00600", "2005-01-31": "738.92100"}, "Total Liabilities": {"2020-10-31": "2912.70000", "2020-07-31": "2988.00000", "2020-04-30": "2882.50000", "2020-01-31": "2817.60000", "2019-10-31": "2645.90000", "2019-07-31": "2557.30000", "2019-04-30": "2661.20000", "2019-01-31": "2873.10000", "2018-10-31": "2805.00000", "2018-07-31": "3030.30000", "2018-04-30": "3226.40000", "2018-01-31": "3112.20000", "2017-10-31": "1682.90000", "2017-07-31": "1689.50000", "2017-04-30": "1810.00000", "2017-01-31": "1837.30000", "2016-10-31": "1782.70000", "2016-07-31": "1855.27300", "2016-04-30": "1856.47200", "2016-01-31": "1795.07600", "2015-10-31": "1785.96000", "2015-07-31": "1728.74700", "2015-04-30": "1776.92300", "2015-01-31": "1818.75900", "2014-10-31": "1869.90000", "2014-07-31": "691.09700", "2014-04-30": "659.90200", "2014-01-31": "660.84600", "2013-10-31": "713.76700", "2013-07-31": "569.26600", "2013-04-30": "630.23600", "2013-01-31": "719.99600", "2012-10-31": "728.22600", "2012-07-31": "787.27200", "2012-04-30": "590.60500", "2012-01-31": "661.91000", "2011-10-31": "687.03000", "2011-07-31": "727.65600", "2011-04-30": "814.86600", "2011-01-31": "849.63900", "2010-10-31": "858.24200", "2010-07-31": "908.92900", "2010-04-30": "966.49700", "2010-01-31": "969.34400", "2009-10-31": "1011.56500", "2009-07-31": "1067.05800", "2009-04-30": "1117.77000", "2009-01-31": "1171.89900", "2008-10-31": "1170.54000", "2008-07-31": "1178.92200", "2008-04-30": "1195.95200", "2008-01-31": "1171.40800", "2007-10-31": "1136.68200", "2007-07-31": "1105.70300", "2007-04-30": "1092.00900", "2007-01-31": "1066.35300", "2006-10-31": "974.09200", "2006-07-31": "971.81000", "2006-04-30": "960.49900", "2006-01-31": "967.59400", "2005-10-31": "906.60500", "2005-07-31": "920.64100", "2005-04-30": "922.20400", "2005-01-31": "940.97100"}, "Common Stock Net": {"2020-10-31": "5.30000", "2020-07-31": "5.30000", "2020-04-30": "5.30000", "2020-01-31": "5.30000", "2019-10-31": "5.30000", "2019-07-31": "5.30000", "2019-04-30": "5.30000", "2019-01-31": "5.30000", "2018-10-31": "5.30000", "2018-07-31": "5.30000", "2018-04-30": "5.30000", "2018-01-31": "5.30000", "2017-10-31": "5.20000", "2017-07-31": "5.20000", "2017-04-30": "5.20000", "2017-01-31": "5.20000", "2016-10-31": "5.20000", "2016-07-31": "5.20300", "2016-04-30": "5.17400", "2016-01-31": "5.16800", "2015-10-31": "5.15600", "2015-07-31": "5.15400", "2015-04-30": "5.15100", "2015-01-31": "5.12100", "2014-10-31": "5.09900", "2014-07-31": "5.09700", "2014-04-30": "5.06400", "2014-01-31": "5.05600", "2013-10-31": "5.03400", "2013-07-31": "5.03300", "2013-04-30": "5.00700", "2013-01-31": "4.97500", "2012-10-31": "4.94500", "2012-07-31": "4.89700", "2012-04-30": "4.89200", "2012-01-31": "4.81900", "2011-10-31": "4.80200", "2011-07-31": "4.79100", "2011-04-30": "4.71100", "2011-01-31": "4.64800", "2010-10-31": "4.61400", "2010-07-31": "4.59800", "2010-04-30": "4.58900", "2010-01-31": "4.57300", "2009-10-31": "4.55700", "2009-07-31": "4.55200", "2009-04-30": "4.55200", "2009-01-31": "4.55200", "2008-10-31": "4.54800", "2008-07-31": "4.53600", "2008-04-30": "4.53400", "2008-01-31": "4.53400", "2007-10-31": "4.52500", "2007-07-31": "4.51800", "2007-04-30": "4.51100", "2007-01-31": "4.50000", "2006-10-31": "4.49700", "2006-07-31": "4.49500", "2006-04-30": "4.49500", "2006-01-31": "4.49400", "2005-10-31": "4.49000", "2005-07-31": "4.46400", "2005-04-30": "4.45900", "2005-01-31": "4.44000"}, "Retained Earnings (Accumulated Deficit)": {"2020-10-31": "3261.80000", "2020-07-31": "3180.60000", "2020-04-30": "3126.90000", "2020-01-31": "3115.40000", "2019-10-31": "3026.40000", "2019-07-31": "2905.40000", "2019-04-30": "2786.80000", "2019-01-31": "2664.40000", "2018-10-31": "2576.00000", "2018-07-31": "2470.50000", "2018-04-30": "2371.20000", "2018-01-31": "2310.30000", "2017-10-31": "2434.20000", "2017-07-31": "2345.60000", "2017-04-30": "2243.40000", "2017-01-31": "2138.60000", "2016-10-31": "2046.30000", "2016-07-31": "1989.90600", "2016-04-30": "1903.46900", "2016-01-31": "1829.34400", "2015-10-31": "1779.44000", "2015-07-31": "1742.76100", "2015-04-30": "1699.26800", "2015-01-31": "1638.55500", "2014-10-31": "1578.82300", "2014-07-31": "1548.03700", "2014-04-30": "1461.41900", "2014-01-31": "1382.25800", "2013-10-31": "1311.85100", "2013-07-31": "1254.45500", "2013-04-30": "1166.97200", "2013-01-31": "1091.83600", "2012-10-31": "1018.61800", "2012-07-31": "946.69800", "2012-04-30": "881.25900", "2012-01-31": "826.33800", "2011-10-31": "773.13600", "2011-07-31": "716.49800", "2011-04-30": "679.79300", "2011-01-31": "644.43200", "2010-10-31": "600.52200", "2010-07-31": "552.32400", "2010-04-30": "513.96700", "2010-01-31": "509.51200", "2009-10-31": "490.45100", "2009-07-31": "469.96100", "2009-04-30": "449.40700", "2009-01-31": "424.75800", "2008-10-31": "402.24200", "2008-07-31": "372.76200", "2008-04-30": "356.23300", "2008-01-31": "344.99200", "2007-10-31": "334.12700", "2007-07-31": "358.32000", "2007-04-30": "351.48400", "2007-01-31": "352.01100", "2006-10-31": "348.00000", "2006-07-31": "334.39800", "2006-04-30": "314.75700", "2006-01-31": "301.05600", "2005-10-31": "284.43700", "2005-07-31": "278.06700", "2005-04-30": "242.03400", "2005-01-31": "212.52400"}, "Comprehensive Income": {"2020-10-31": "-472.00000", "2020-07-31": "-444.70000", "2020-04-30": "-512.80000", "2020-01-31": "-430.40000", "2019-10-31": "-447.10000", "2019-07-31": "-481.80000", "2019-04-30": "-416.60000", "2019-01-31": "-398.00000", "2018-10-31": "-430.70000", "2018-07-31": "-385.60000", "2018-04-30": "-316.00000", "2018-01-31": "-273.00000", "2017-10-31": "-375.30000", "2017-07-31": "-384.80000", "2017-04-30": "-423.10000", "2017-01-31": "-461.40000", "2016-10-31": "-489.60000", "2016-07-31": "-380.03200", "2016-04-30": "-253.15300", "2016-01-31": "-305.43300", "2015-10-31": "-191.64300", "2015-07-31": "-168.14000", "2015-04-30": "-185.37200", "2015-01-31": "-219.74700", "2014-10-31": "-106.18200", "2014-07-31": "-0.72600", "2014-04-30": "8.03100", "2014-01-31": "-12.21200", "2013-10-31": "-15.76200", "2013-07-31": "-56.38700", "2013-04-30": "-44.00300", "2013-01-31": "-29.49600", "2012-10-31": "-31.26100", "2012-07-31": "-38.63100", "2012-04-30": "-21.06800", "2012-01-31": "-29.98000", "2011-10-31": "-18.11000", "2011-07-31": "-4.54000", "2011-04-30": "2.07500", "2011-01-31": "-17.01100", "2010-10-31": "-17.33400", "2010-07-31": "-33.52800", "2010-04-30": "-41.70100", "2010-01-31": "-24.03900", "2009-10-31": "-12.92000", "2009-07-31": "-5.94700", "2009-04-30": "-68.84700", "2009-01-31": "-89.01200", "2008-10-31": "-25.24000", "2008-07-31": "90.15300", "2008-04-30": "47.25500", "2008-01-31": "43.38800", "2007-10-31": "107.78000", "2007-07-31": "61.78800", "2007-04-30": "57.75900", "2007-01-31": "50.43100", "2006-10-31": "38.71100", "2006-07-31": "32.21000", "2006-04-30": "27.28400", "2006-01-31": "16.64200", "2005-10-31": "14.11400", "2005-07-31": "10.99100", "2005-04-30": "31.62100", "2005-01-31": "32.20300"}, "Other Share Holders Equity": {"2020-10-31": "", "2020-07-31": "", "2020-04-30": "", "2020-01-31": "", "2019-10-31": "", "2019-07-31": "", "2019-04-30": "", "2019-01-31": "", "2018-10-31": "", "2018-07-31": "", "2018-04-30": "", "2018-01-31": "", "2017-10-31": "", "2017-07-31": "", "2017-04-30": "", "2017-01-31": "", "2016-10-31": "", "2016-07-31": "", "2016-04-30": "", "2016-01-31": "", "2015-10-31": "", "2015-07-31": "", "2015-04-30": "", "2015-01-31": "", "2014-10-31": "", "2014-07-31": "", "2014-04-30": "", "2014-01-31": "", "2013-10-31": "", "2013-07-31": "", "2013-04-30": "", "2013-01-31": "", "2012-10-31": "", "2012-07-31": "", "2012-04-30": "", "2012-01-31": "", "2011-10-31": "", "2011-07-31": "", "2011-04-30": "", "2011-01-31": "", "2010-10-31": "", "2010-07-31": "", "2010-04-30": "", "2010-01-31": "", "2009-10-31": "", "2009-07-31": "", "2009-04-30": "", "2009-01-31": "", "2008-10-31": "", "2008-07-31": "", "2008-04-30": "", "2008-01-31": "", "2007-10-31": "", "2007-07-31": "", "2007-04-30": "", "2007-01-31": "", "2006-10-31": "", "2006-07-31": "", "2006-04-30": "", "2006-01-31": "", "2005-10-31": "", "2005-07-31": "", "2005-04-30": "", "2005-01-31": ""}, "Share Holder Equity": {"2020-10-31": "3824.80000", "2020-07-31": "3760.40000", "2020-04-30": "3627.50000", "2020-01-31": "3730.90000", "2019-10-31": "3628.60000", "2019-07-31": "3615.50000", "2019-04-30": "3542.20000", "2019-01-31": "3425.50000", "2018-10-31": "3307.80000", "2018-07-31": "3226.60000", "2018-04-30": "3188.00000", "2018-01-31": "3156.40000", "2017-10-31": "3175.80000", "2017-07-31": "3093.30000", "2017-04-30": "2939.80000", "2017-01-31": "2819.40000", "2016-10-31": "2695.90000", "2016-07-31": "2737.40200", "2016-04-30": "2744.78100", "2016-01-31": "2606.72600", "2015-10-31": "2673.90400", "2015-07-31": "2693.93500", "2015-04-30": "2615.73700", "2015-01-31": "2516.98500", "2014-10-31": "2588.44000", "2014-07-31": "2676.27700", "2014-04-30": "2562.08000", "2014-01-31": "2453.90900", "2013-10-31": "2423.49400", "2013-07-31": "2437.64200", "2013-04-30": "2336.49600", "2013-01-31": "2249.54800", "2012-10-31": "2213.15800", "2012-07-31": "2096.64600", "2012-04-30": "2037.95600", "2012-01-31": "1937.35700", "2011-10-31": "1937.48800", "2011-07-31": "1887.67800", "2011-04-30": "1810.32600", "2011-01-31": "1722.29900", "2010-10-31": "1666.77600", "2010-07-31": "1594.11100", "2010-04-30": "1542.72800", "2010-01-31": "1552.05600", "2009-10-31": "1540.34200", "2009-07-31": "1514.37700", "2009-04-30": "1428.56100", "2009-01-31": "1379.12100", "2008-10-31": "1417.07600", "2008-07-31": "1496.60400", "2008-04-30": "1433.70600", "2008-01-31": "1413.53400", "2007-10-31": "1459.48700", "2007-07-31": "1435.36200", "2007-04-30": "1417.74000", "2007-01-31": "1402.64300", "2006-10-31": "1378.50900", "2006-07-31": "1356.69400", "2006-04-30": "1330.32600", "2006-01-31": "1300.66400", "2005-10-31": "1273.22500", "2005-07-31": "1256.00400", "2005-04-30": "1239.08300", "2005-01-31": "1204.54400"}, "Total Liabilities And Share Holders Equity": {"2020-10-31": "6737.50000", "2020-07-31": "6748.40000", "2020-04-30": "6510.00000", "2020-01-31": "6548.50000", "2019-10-31": "6274.50000", "2019-07-31": "6172.80000", "2019-04-30": "6203.40000", "2019-01-31": "6298.60000", "2018-10-31": "6112.80000", "2018-07-31": "6256.90000", "2018-04-30": "6414.40000", "2018-01-31": "6268.60000", "2017-10-31": "4858.70000", "2017-07-31": "4782.80000", "2017-04-30": "4749.80000", "2017-01-31": "4656.70000", "2016-10-31": "4478.60000", "2016-07-31": "4592.67500", "2016-04-30": "4601.25300", "2016-01-31": "4401.80200", "2015-10-31": "4459.86400", "2015-07-31": "4422.68200", "2015-04-30": "4392.66000", "2015-01-31": "4335.74400", "2014-10-31": "4458.34000", "2014-07-31": "3367.37400", "2014-04-30": "3221.98200", "2014-01-31": "3114.75500", "2013-10-31": "3137.26100", "2013-07-31": "3006.90800", "2013-04-30": "2966.73200", "2013-01-31": "2969.54400", "2012-10-31": "2941.38400", "2012-07-31": "2883.91800", "2012-04-30": "2628.56100", "2012-01-31": "2599.26700", "2011-10-31": "2624.51800", "2011-07-31": "2615.33400", "2011-04-30": "2625.19200", "2011-01-31": "2571.93800", "2010-10-31": "2525.01800", "2010-07-31": "2503.04000", "2010-04-30": "2509.22500", "2010-01-31": "2521.40000", "2009-10-31": "2551.90700", "2009-07-31": "2581.43500", "2009-04-30": "2546.33100", "2009-01-31": "2551.02000", "2008-10-31": "2587.61600", "2008-07-31": "2675.52600", "2008-04-30": "2629.65800", "2008-01-31": "2584.94200", "2007-10-31": "2596.16900", "2007-07-31": "2541.06500", "2007-04-30": "2509.74900", "2007-01-31": "2468.99600", "2006-10-31": "2352.60100", "2006-07-31": "2328.50400", "2006-04-30": "2290.82500", "2006-01-31": "2268.25800", "2005-10-31": "2179.83000", "2005-07-31": "2176.64500", "2005-04-30": "2161.28700", "2005-01-31": "2145.51500"}}, "cash flow statement": {"Net Income/Loss": {"2020-10-31": "238.40000", "2019-10-31": "466.70000", "2018-10-31": "139.90000", "2017-10-31": "372.90000", "2016-10-31": "274.90000", "2015-10-31": "205.10000", "2014-10-31": "271.82900", "2013-10-31": "296.90600", "2012-10-31": "248.64400", "2011-10-31": "175.43000", "2010-10-31": "112.80300", "2009-10-31": "100.54800", "2008-10-31": "63.95600", "2007-10-31": "-11.19200", "2006-10-31": "66.23400", "2005-10-31": "91.72200"}, "Total Depreciation And Amortization - Cash Flow": {"2020-10-31": "287.60000", "2019-10-31": "280.80000", "2018-10-31": "275.10000", "2017-10-31": "188.40000", "2016-10-31": "198.30000", "2015-10-31": "191.40000", "2014-10-31": "138.20100", "2013-10-31": "125.34900", "2012-10-31": "111.21400", "2011-10-31": "98.14900", "2010-10-31": "94.00100", "2009-10-31": "92.60200", "2008-10-31": "82.18500", "2007-10-31": "84.51100", "2006-10-31": "61.64700", "2005-10-31": "48.63800"}, "Other Non-Cash Items": {"2020-10-31": "86.40000", "2019-10-31": "5.80000", "2018-10-31": "134.30000", "2017-10-31": "38.50000", "2016-10-31": "32.60000", "2015-10-31": "63.50000", "2014-10-31": "11.78800", "2013-10-31": "21.93200", "2012-10-31": "8.65000", "2011-10-31": "35.64300", "2010-10-31": "14.89000", "2009-10-31": "32.78100", "2008-10-31": "31.78300", "2007-10-31": "42.95700", "2006-10-31": "25.25200", "2005-10-31": "27.83700"}, "Total Non-Cash Items": {"2020-10-31": "374.00000", "2019-10-31": "286.60000", "2018-10-31": "409.40000", "2017-10-31": "226.90000", "2016-10-31": "230.90000", "2015-10-31": "254.90000", "2014-10-31": "149.98900", "2013-10-31": "147.28100", "2012-10-31": "119.86400", "2011-10-31": "133.79200", "2010-10-31": "108.89100", "2009-10-31": "125.38300", "2008-10-31": "113.96800", "2007-10-31": "127.46800", "2006-10-31": "86.89900", "2005-10-31": "76.47500"}, "Change In Accounts Receivable": {"2020-10-31": "8.50000", "2019-10-31": "-55.60000", "2018-10-31": "-59.50000", "2017-10-31": "-25.10000", "2016-10-31": "1.60000", "2015-10-31": "-4.50000", "2014-10-31": "-5.16700", "2013-10-31": "0.05500", "2012-10-31": "-4.95600", "2011-10-31": "-2.68400", "2010-10-31": "-24.78900", "2009-10-31": "-13.09000", "2008-10-31": "4.52800", "2007-10-31": "-17.04900", "2006-10-31": "5.64300", "2005-10-31": "-2.88200"}, "Change In Inventories": {"2020-10-31": "-62.30000", "2019-10-31": "-37.30000", "2018-10-31": "-5.00000", "2017-10-31": "-30.90000", "2016-10-31": "12.20000", "2015-10-31": "-37.40000", "2014-10-31": "-7.58200", "2013-10-31": "-22.57400", "2012-10-31": "-58.09400", "2011-10-31": "-17.20500", "2010-10-31": "34.97800", "2009-10-31": "22.60100", "2008-10-31": "-15.54000", "2007-10-31": "-27.67600", "2006-10-31": "-49.37400", "2005-10-31": "-13.59600"}, "Change In Accounts Payable": {"2020-10-31": "23.20000", "2019-10-31": "3.60000", "2018-10-31": "2.90000", "2017-10-31": "25.00000", "2016-10-31": "-10.50000", "2015-10-31": "10.10000", "2014-10-31": "1.28800", "2013-10-31": "-6.29400", "2012-10-31": "13.57500", "2011-10-31": "5.18500", "2010-10-31": "8.64400", "2009-10-31": "-13.51700", "2008-10-31": "-11.91700", "2007-10-31": "13.75800", "2006-10-31": "17.53400", "2005-10-31": "10.55400"}, "Change In Assets/Liabilities": {"2020-10-31": "-73.50000", "2019-10-31": "7.40000", "2018-10-31": "95.60000", "2017-10-31": "-4.00000", "2016-10-31": "0.30000", "2015-10-31": "-22.30000", "2014-10-31": "-7.64900", "2013-10-31": "-26.18300", "2012-10-31": "-2.88400", "2011-10-31": "13.09400", "2010-10-31": "24.19400", "2009-10-31": "22.16200", "2008-10-31": "-54.37300", "2007-10-31": "0.43500", "2006-10-31": "17.34600", "2005-10-31": "0.74200"}, "Total Change In Assets/Liabilities": {"2020-10-31": "-125.80000", "2019-10-31": "-40.10000", "2018-10-31": "119.60000", "2017-10-31": "-6.20000", "2016-10-31": "3.80000", "2015-10-31": "-69.10000", "2014-10-31": "33.00500", "2013-10-31": "-28.26200", "2012-10-31": "-55.11100", "2011-10-31": "17.05900", "2010-10-31": "45.96900", "2009-10-31": "-2.80300", "2008-10-31": "-81.39600", "2007-10-31": "17.70800", "2006-10-31": "-2.62400", "2005-10-31": "15.64600"}, "Cash Flow From Operating Activities": {"2020-10-31": "486.60000", "2019-10-31": "713.20000", "2018-10-31": "668.90000", "2017-10-31": "593.60000", "2016-10-31": "509.60000", "2015-10-31": "390.90000", "2014-10-31": "454.82300", "2013-10-31": "415.92500", "2012-10-31": "315.12100", "2011-10-31": "336.28100", "2010-10-31": "267.66300", "2009-10-31": "223.12800", "2008-10-31": "96.52800", "2007-10-31": "133.98400", "2006-10-31": "150.50900", "2005-10-31": "183.84300"}, "Net Change In Property, Plant, And Equipment": {"2020-10-31": "-310.40000", "2019-10-31": "-292.10000", "2018-10-31": "-193.60000", "2017-10-31": "-127.20000", "2016-10-31": "-152.60000", "2015-10-31": "-243.00000", "2014-10-31": "-238.06500", "2013-10-31": "-178.12700", "2012-10-31": "-99.77900", "2011-10-31": "-103.66500", "2010-10-31": "-73.75700", "2009-10-31": "-93.90600", "2008-10-31": "-124.88500", "2007-10-31": "-183.62500", "2006-10-31": "-142.65700", "2005-10-31": "-117.09300"}, "Net Change In Intangible Assets": {"2020-10-31": "", "2019-10-31": "", "2018-10-31": "", "2017-10-31": "", "2016-10-31": "", "2015-10-31": "", "2014-10-31": "", "2013-10-31": "", "2012-10-31": "", "2011-10-31": "", "2010-10-31": "", "2009-10-31": "", "2008-10-31": "", "2007-10-31": "", "2006-10-31": "", "2005-10-31": ""}, "Net Acquisitions/Divestitures": {"2020-10-31": "-54.10000", "2019-10-31": "-59.20000", "2018-10-31": "-1323.90000", "2017-10-31": "-254.10000", "2016-10-31": "-266.10000", "2015-10-31": "-44.90000", "2014-10-31": "-1109.70200", "2013-10-31": "-13.04500", "2012-10-31": "-145.31900", "2011-10-31": "-58.01000", "2010-10-31": "-32.84700", "2009-10-31": "-4.73100", "2008-10-31": "-3.87200", "2007-10-31": "-80.96900", "2006-10-31": "-67.95300", "2005-10-31": "-627.00600"}, "Net Change In Short-term Investments": {"2020-10-31": "", "2019-10-31": "", "2018-10-31": "", "2017-10-31": "", "2016-10-31": "", "2015-10-31": "", "2014-10-31": "", "2013-10-31": "", "2012-10-31": "", "2011-10-31": "", "2010-10-31": "", "2009-10-31": "", "2008-10-31": "", "2007-10-31": "", "2006-10-31": "", "2005-10-31": ""}, "Net Change In Long-Term Investments": {"2020-10-31": "", "2019-10-31": "", "2018-10-31": "", "2017-10-31": "", "2016-10-31": "", "2015-10-31": "", "2014-10-31": "1.35900", "2013-10-31": "1.25400", "2012-10-31": "6.62400", "2011-10-31": "", "2010-10-31": "", "2009-10-31": "", "2008-10-31": "", "2007-10-31": "", "2006-10-31": "", "2005-10-31": "1.77900"}, "Net Change In Investments - Total": {"2020-10-31": "", "2019-10-31": "", "2018-10-31": "", "2017-10-31": "", "2016-10-31": "", "2015-10-31": "", "2014-10-31": "1.35900", "2013-10-31": "1.25400", "2012-10-31": "6.62400", "2011-10-31": "", "2010-10-31": "", "2009-10-31": "", "2008-10-31": "", "2007-10-31": "", "2006-10-31": "", "2005-10-31": "1.77900"}, "Investing Activities - Other": {"2020-10-31": "", "2019-10-31": "", "2018-10-31": "", "2017-10-31": "", "2016-10-31": "", "2015-10-31": "", "2014-10-31": "", "2013-10-31": "", "2012-10-31": "", "2011-10-31": "", "2010-10-31": "", "2009-10-31": "", "2008-10-31": "", "2007-10-31": "", "2006-10-31": "", "2005-10-31": ""}, "Cash Flow From Investing Activities": {"2020-10-31": "-364.50000", "2019-10-31": "-351.30000", "2018-10-31": "-1517.50000", "2017-10-31": "-381.30000", "2016-10-31": "-418.70000", "2015-10-31": "-287.90000", "2014-10-31": "-1346.40800", "2013-10-31": "-189.91800", "2012-10-31": "-238.47400", "2011-10-31": "-161.67500", "2010-10-31": "-106.60400", "2009-10-31": "-98.63700", "2008-10-31": "-128.75700", "2007-10-31": "-264.59400", "2006-10-31": "-210.61000", "2005-10-31": "-742.32000"}, "Net Long-Term Debt": {"2020-10-31": "-30.50000", "2019-10-31": "-725.00000", "2018-10-31": "836.00010", "2017-10-31": "49.20010", "2016-10-31": "116.90000", "2015-10-31": "-170.79990", "2014-10-31": "895.25890", "2013-10-31": "-46.66300", "2012-10-31": "8.20200", "2011-10-31": "-264.10210", "2010-10-31": "-182.44600", "2009-10-31": "-85.31800", "2008-10-31": "29.40000", "2007-10-31": "110.83400", "2006-10-31": "48.05900", "2005-10-31": "505.20200"}, "Net Current Debt": {"2020-10-31": "-6.60000", "2019-10-31": "525.30000", "2018-10-31": "13.60000", "2017-10-31": "-211.70000", "2016-10-31": "-131.90000", "2015-10-31": "133.50000", "2014-10-31": "-7.33100", "2013-10-31": "21.03600", "2012-10-31": "-63.63100", "2011-10-31": "21.31900", "2010-10-31": "12.10800", "2009-10-31": "-35.96000", "2008-10-31": "-3.50500", "2007-10-31": "20.82000", "2006-10-31": "-10.46500", "2005-10-31": "31.42700"}, "Debt Issuance/Retirement Net - Total": {"2020-10-31": "-37.10000", "2019-10-31": "-199.70000", "2018-10-31": "849.60010", "2017-10-31": "-162.49990", "2016-10-31": "-15.00000", "2015-10-31": "-37.29990", "2014-10-31": "887.92790", "2013-10-31": "-25.62700", "2012-10-31": "-55.42900", "2011-10-31": "-242.78310", "2010-10-31": "-170.33800", "2009-10-31": "-121.27800", "2008-10-31": "25.89500", "2007-10-31": "131.65400", "2006-10-31": "37.59400", "2005-10-31": "536.62900"}, "Net Common Equity Issued/Repurchased": {"2020-10-31": "-31.60000", "2019-10-31": "-126.20000", "2018-10-31": "22.30000", "2017-10-31": "-44.30000", "2016-10-31": "20.40000", "2015-10-31": "-47.50000", "2014-10-31": "-67.19300", "2013-10-31": "-148.04700", "2012-10-31": "-16.09700", "2011-10-31": "82.03500", "2010-10-31": "11.09600", "2009-10-31": "1.11600", "2008-10-31": "6.25000", "2007-10-31": "9.25800", "2006-10-31": "3.02000", "2005-10-31": "25.16300"}, "Net Total Equity Issued/Repurchased": {"2020-10-31": "-31.60000", "2019-10-31": "-126.20000", "2018-10-31": "22.30000", "2017-10-31": "-44.30000", "2016-10-31": "20.40000", "2015-10-31": "-47.50000", "2014-10-31": "-67.19300", "2013-10-31": "-148.04700", "2012-10-31": "-16.09700", "2011-10-31": "82.03500", "2010-10-31": "11.09600", "2009-10-31": "1.11600", "2008-10-31": "6.25000", "2007-10-31": "9.25800", "2006-10-31": "3.02000", "2005-10-31": "25.16300"}, "Total Common And Preferred Stock Dividends Paid": {"2020-10-31": "-3.00000", "2019-10-31": "-3.00000", "2018-10-31": "-2.90000", "2017-10-31": "-2.90000", "2016-10-31": "-3.60000", "2015-10-31": "-4.00000", "2014-10-31": "-5.32200", "2013-10-31": "-3.92500", "2012-10-31": "-2.85700", "2011-10-31": "-2.81600", "2010-10-31": "-2.73200", "2009-10-31": "-2.71200", "2008-10-31": "-2.69900", "2007-10-31": "-2.68100", "2006-10-31": "-2.67100", "2005-10-31": "-2.30600"}, "Financial Activities - Other": {"2020-10-31": "-23.80000", "2019-10-31": "-22.50000", "2018-10-31": "-24.60000", "2017-10-31": "-18.20000", "2016-10-31": "-3.20000", "2015-10-31": "-17.90000", "2014-10-31": "26.75200", "2013-10-31": "16.00200", "2012-10-31": "5.94000", "2011-10-31": "-9.30900", "2010-10-31": "0.40700", "2009-10-31": "0.13500", "2008-10-31": "1.75800", "2007-10-31": "-13.08300", "2006-10-31": "-0.62500", "2005-10-31": "-7.69700"}, "Cash Flow From Financial Activities": {"2020-10-31": "-95.50000", "2019-10-31": "-351.40000", "2018-10-31": "844.40000", "2017-10-31": "-227.90000", "2016-10-31": "-1.40000", "2015-10-31": "-106.70000", "2014-10-31": "842.16500", "2013-10-31": "-161.59700", "2012-10-31": "-68.44300", "2011-10-31": "-172.87300", "2010-10-31": "-161.56700", "2009-10-31": "-122.73900", "2008-10-31": "31.20400", "2007-10-31": "125.14800", "2006-10-31": "37.31800", "2005-10-31": "551.78900"}, "Net Cash Flow": {"2020-10-31": "27.30000", "2019-10-31": "9.30000", "2018-10-31": "-8.60000", "2017-10-31": "-12.00000", "2016-10-31": "84.40000", "2015-10-31": "-8.80000", "2014-10-31": "-52.17100", "2013-10-31": "64.55300", "2012-10-31": "7.66500", "2011-10-31": "1.60200", "2010-10-31": "-0.35900", "2009-10-31": "1.98800", "2008-10-31": "-1.28200", "2007-10-31": "-4.99800", "2006-10-31": "-22.60200", "2005-10-31": "-8.54200"}, "Stock-Based Compensation": {"2020-10-31": "37.60000", "2019-10-31": "35.10000", "2018-10-31": "43.20000", "2017-10-31": "37.20000", "2016-10-31": "29.90000", "2015-10-31": "32.90000", "2014-10-31": "36.51500", "2013-10-31": "28.53800", "2012-10-31": "21.54000", "2011-10-31": "13.87600", "2010-10-31": "9.63800", "2009-10-31": "12.03700", "2008-10-31": "13.56700", "2007-10-31": "16.27400", "2006-10-31": "14.24300", "2005-10-31": ""}, "Common Stock Dividends Paid": {"2020-10-31": "-3.00000", "2019-10-31": "-3.00000", "2018-10-31": "-2.90000", "2017-10-31": "-2.90000", "2016-10-31": "-3.60000", "2015-10-31": "-4.00000", "2014-10-31": "-5.32200", "2013-10-31": "-3.92500", "2012-10-31": "-2.85700", "2011-10-31": "-2.81600", "2010-10-31": "-2.73200", "2009-10-31": "-2.71200", "2008-10-31": "-2.69900", "2007-10-31": "-2.68100", "2006-10-31": "-2.67100", "2005-10-31": "-2.30600"}}, "cash flow statement, quarterly": {"Net Income/Loss": {"2020-10-31": 81.2, "2020-07-31": 55.2, "2020-04-30": 11.5, "2020-01-31": "90.50000", "2019-10-31": 121, "2019-07-31": 120.2, "2019-04-30": 122.3, "2019-01-31": "103.20000", "2018-10-31": 100.7, "2018-07-31": 100.8, "2018-04-30": 60.9, "2018-01-31": "-122.50000", "2017-10-31": 88.6, "2017-07-31": 103.6, "2017-04-30": 104.9, "2017-01-31": "75.80000", "2016-10-31": 60.5, "2016-07-31": 88.2, "2016-04-30": 74.5, "2016-01-31": "51.70000", "2015-10-31": 36.971, "2015-07-31": 45.243, "2015-04-30": 61.137, "2015-01-31": "61.74900", "2014-10-31": 31.257, "2014-07-31": 88.671, "2014-04-30": 79.636, "2014-01-31": "72.26500", "2013-10-31": 57.312, "2013-07-31": 89.193, "2013-04-30": 75.466, "2013-01-31": "74.93500", "2012-10-31": 72.146, "2012-07-31": 66.954, "2012-04-30": 54.921, "2012-01-31": "54.62300", "2011-10-31": 56.638, "2011-07-31": 44.217, "2011-04-30": 35.36, "2011-01-31": "39.21500", "2010-10-31": 48.198, "2010-07-31": 39.727, "2010-04-30": 4.455, "2010-01-31": "20.42300", "2009-10-31": 30.118, "2009-07-31": 21.908, "2009-04-30": 24.649, "2009-01-31": "23.87300", "2008-10-31": 27.959, "2008-07-31": 17.879, "2008-04-30": 11.241, "2008-01-31": "6.87700", "2007-10-31": -24.193, "2007-07-31": 8.18, "2007-04-30": -0.527, "2007-01-31": "5.34800", "2006-10-31": 13.602, "2006-07-31": 20.977, "2006-04-30": 13.701, "2006-01-31": "17.95400", "2005-10-31": 8.567, "2005-07-31": 37.619, "2005-04-30": 27.827, "2005-01-31": "17.70900"}, "Total Depreciation And Amortization - Cash Flow": {"2020-10-31": 77.6, "2020-07-31": 70.6, "2020-04-30": 68.8, "2020-01-31": "70.60000", "2019-10-31": 70.6, "2019-07-31": 70.7, "2019-04-30": 70.7, "2019-01-31": "68.80000", "2018-10-31": 70.5, "2018-07-31": 69, "2018-04-30": 69, "2018-01-31": "66.60000", "2017-10-31": 47.2, "2017-07-31": 47.2, "2017-04-30": 46.2, "2017-01-31": "47.80000", "2016-10-31": 47.4, "2016-07-31": 49.5, "2016-04-30": 47.9, "2016-01-31": "53.50000", "2015-10-31": 50.102, "2015-07-31": 53.909, "2015-04-30": 44.505, "2015-01-31": "42.88400", "2014-10-31": 42.554, "2014-07-31": 32.502, "2014-04-30": 31.75, "2014-01-31": "31.39500", "2013-10-31": 31.763, "2013-07-31": 31.117, "2013-04-30": 30.944, "2013-01-31": "31.52500", "2012-10-31": 30.819, "2012-07-31": 27.825, "2012-04-30": 26.754, "2012-01-31": "25.81600", "2011-10-31": 26.339, "2011-07-31": 25.405, "2011-04-30": 23.511, "2011-01-31": "22.89400", "2010-10-31": 23.216, "2010-07-31": 23.888, "2010-04-30": 23.992, "2010-01-31": "22.90500", "2009-10-31": 24.609, "2009-07-31": 21.987, "2009-04-30": 21.006, "2009-01-31": "25.00000", "2008-10-31": 19.794, "2008-07-31": 21.263, "2008-04-30": 21.016, "2008-01-31": "20.11200", "2007-10-31": 28.86, "2007-07-31": 22.712, "2007-04-30": 16.873, "2007-01-31": "16.06600", "2006-10-31": 16.627, "2006-07-31": 15.747, "2006-04-30": 15.097, "2006-01-31": "14.17600", "2005-10-31": 13.912, "2005-07-31": 13.666, "2005-04-30": 12.878, "2005-01-31": "8.18200"}, "Other Non-Cash Items": {"2020-10-31": 29.4, "2020-07-31": 23.1, "2020-04-30": 14.7, "2020-01-31": "19.20000", "2019-10-31": 26.3, "2019-07-31": 8.2, "2019-04-30": -11.8, "2019-01-31": "-16.90000", "2018-10-31": -195.3, "2018-07-31": 18.9, "2018-04-30": 51.6, "2018-01-31": "259.10000", "2017-10-31": 10.7, "2017-07-31": 2.9, "2017-04-30": 9.8, "2017-01-31": "15.10000", "2016-10-31": 27, "2016-07-31": -15.8, "2016-04-30": 6.7, "2016-01-31": "14.70000", "2015-10-31": 26.608, "2015-07-31": -8.672, "2015-04-30": 14.199, "2015-01-31": "31.36500", "2014-10-31": -15.698, "2014-07-31": -4.878, "2014-04-30": 7.883, "2014-01-31": "24.48100", "2013-10-31": 8.626, "2013-07-31": -9.882, "2013-04-30": 22.399, "2013-01-31": "0.78900", "2012-10-31": -16.461, "2012-07-31": 5.187, "2012-04-30": 10.53, "2012-01-31": "9.39400", "2011-10-31": 0.53, "2011-07-31": 3.36, "2011-04-30": 21.645, "2011-01-31": "10.10800", "2010-10-31": -1.922, "2010-07-31": 8.327, "2010-04-30": -3.684, "2010-01-31": "12.16900", "2009-10-31": 10.425, "2009-07-31": 8.286, "2009-04-30": 30.814, "2009-01-31": "-16.74400", "2008-10-31": 8.84, "2008-07-31": 16.629, "2008-04-30": 4.046, "2008-01-31": "2.26800", "2007-10-31": 27.53, "2007-07-31": -3.758, "2007-04-30": 4.739, "2007-01-31": "14.44600", "2006-10-31": -16.293, "2006-07-31": 8.266, "2006-04-30": 24.409, "2006-01-31": "8.87000", "2005-10-31": 16.04, "2005-07-31": -1.943, "2005-04-30": 6.113, "2005-01-31": "7.62700"}, "Total Non-Cash Items": {"2020-10-31": 107, "2020-07-31": 93.7, "2020-04-30": 83.5, "2020-01-31": "89.80000", "2019-10-31": 96.9, "2019-07-31": 78.9, "2019-04-30": 58.9, "2019-01-31": "51.90000", "2018-10-31": -124.8, "2018-07-31": 87.9, "2018-04-30": 120.6, "2018-01-31": "325.70000", "2017-10-31": 57.9, "2017-07-31": 50.1, "2017-04-30": 56, "2017-01-31": "62.90000", "2016-10-31": 74.4, "2016-07-31": 33.7, "2016-04-30": 54.6, "2016-01-31": "68.20000", "2015-10-31": 76.71, "2015-07-31": 45.237, "2015-04-30": 58.704, "2015-01-31": "74.24900", "2014-10-31": 26.856, "2014-07-31": 27.624, "2014-04-30": 39.633, "2014-01-31": "55.87600", "2013-10-31": 40.389, "2013-07-31": 21.235, "2013-04-30": 53.343, "2013-01-31": "32.31400", "2012-10-31": 14.358, "2012-07-31": 33.012, "2012-04-30": 37.284, "2012-01-31": "35.21000", "2011-10-31": 26.869, "2011-07-31": 28.765, "2011-04-30": 45.156, "2011-01-31": "33.00200", "2010-10-31": 21.294, "2010-07-31": 32.215, "2010-04-30": 20.308, "2010-01-31": "35.07400", "2009-10-31": 35.034, "2009-07-31": 30.273, "2009-04-30": 51.82, "2009-01-31": "8.25600", "2008-10-31": 28.634, "2008-07-31": 37.892, "2008-04-30": 25.062, "2008-01-31": "22.38000", "2007-10-31": 56.39, "2007-07-31": 18.954, "2007-04-30": 21.612, "2007-01-31": "30.51200", "2006-10-31": 0.334, "2006-07-31": 24.013, "2006-04-30": 39.506, "2006-01-31": "23.04600", "2005-10-31": 29.952, "2005-07-31": 11.723, "2005-04-30": 18.991, "2005-01-31": "15.80900"}, "Change In Accounts Receivable": {"2020-10-31": 8.5, "2020-07-31": 0, "2020-04-30": 0, "2020-01-31": "", "2019-10-31": -55.6, "2019-07-31": 0, "2019-04-30": 0, "2019-01-31": "", "2018-10-31": -59.5, "2018-07-31": 0, "2018-04-30": 0, "2018-01-31": "", "2017-10-31": -25.1, "2017-07-31": 0, "2017-04-30": 0, "2017-01-31": "", "2016-10-31": 1.6, "2016-07-31": 0, "2016-04-30": 0, "2016-01-31": "", "2015-10-31": -4.5, "2015-07-31": 0, "2015-04-30": 0, "2015-01-31": "", "2014-10-31": -5.167, "2014-07-31": 0, "2014-04-30": 0, "2014-01-31": "", "2013-10-31": 0.055, "2013-07-31": 0, "2013-04-30": 0, "2013-01-31": "", "2012-10-31": -4.956, "2012-07-31": 0, "2012-04-30": 0, "2012-01-31": "", "2011-10-31": -2.684, "2011-07-31": 0, "2011-04-30": 0, "2011-01-31": "", "2010-10-31": -24.789, "2010-07-31": 0, "2010-04-30": 0, "2010-01-31": "", "2009-10-31": -13.09, "2009-07-31": 0, "2009-04-30": 0, "2009-01-31": "", "2008-10-31": 4.528, "2008-07-31": 0, "2008-04-30": 0, "2008-01-31": "", "2007-10-31": -17.049, "2007-07-31": 0, "2007-04-30": 0, "2007-01-31": "", "2006-10-31": 5.643, "2006-07-31": 0, "2006-04-30": 0, "2006-01-31": "", "2005-10-31": -2.882, "2005-07-31": 0, "2005-04-30": 0, "2005-01-31": ""}, "Change In Inventories": {"2020-10-31": -62.3, "2020-07-31": 0, "2020-04-30": 0, "2020-01-31": "", "2019-10-31": -37.3, "2019-07-31": 0, "2019-04-30": 0, "2019-01-31": "", "2018-10-31": -5, "2018-07-31": 0, "2018-04-30": 0, "2018-01-31": "", "2017-10-31": -30.9, "2017-07-31": 0, "2017-04-30": 0, "2017-01-31": "", "2016-10-31": 12.2, "2016-07-31": 0, "2016-04-30": 0, "2016-01-31": "", "2015-10-31": -37.4, "2015-07-31": 0, "2015-04-30": 0, "2015-01-31": "", "2014-10-31": -7.582, "2014-07-31": 0, "2014-04-30": 0, "2014-01-31": "", "2013-10-31": -22.574, "2013-07-31": 0, "2013-04-30": 0, "2013-01-31": "", "2012-10-31": -58.094, "2012-07-31": 0, "2012-04-30": 0, "2012-01-31": "", "2011-10-31": -17.205, "2011-07-31": 0, "2011-04-30": 0, "2011-01-31": "", "2010-10-31": 34.978, "2010-07-31": 0, "2010-04-30": 0, "2010-01-31": "", "2009-10-31": 22.601, "2009-07-31": 0, "2009-04-30": 0, "2009-01-31": "", "2008-10-31": -15.54, "2008-07-31": 0, "2008-04-30": 0, "2008-01-31": "", "2007-10-31": -27.676, "2007-07-31": 0, "2007-04-30": 0, "2007-01-31": "", "2006-10-31": -49.374, "2006-07-31": 0, "2006-04-30": 0, "2006-01-31": "", "2005-10-31": -13.596, "2005-07-31": 0, "2005-04-30": 0, "2005-01-31": ""}, "Change In Accounts Payable": {"2020-10-31": 23.2, "2020-07-31": 0, "2020-04-30": 0, "2020-01-31": "", "2019-10-31": 3.6, "2019-07-31": 0, "2019-04-30": 0, "2019-01-31": "", "2018-10-31": 2.9, "2018-07-31": 0, "2018-04-30": 0, "2018-01-31": "", "2017-10-31": 25, "2017-07-31": 0, "2017-04-30": 0, "2017-01-31": "", "2016-10-31": -10.5, "2016-07-31": 0, "2016-04-30": 0, "2016-01-31": "", "2015-10-31": 10.1, "2015-07-31": 0, "2015-04-30": 0, "2015-01-31": "", "2014-10-31": 1.288, "2014-07-31": 0, "2014-04-30": 0, "2014-01-31": "", "2013-10-31": -6.294, "2013-07-31": 0, "2013-04-30": 0, "2013-01-31": "", "2012-10-31": 13.575, "2012-07-31": 0, "2012-04-30": 0, "2012-01-31": "", "2011-10-31": 5.185, "2011-07-31": 0, "2011-04-30": 0, "2011-01-31": "", "2010-10-31": 8.644, "2010-07-31": 0, "2010-04-30": 0, "2010-01-31": "", "2009-10-31": -13.517, "2009-07-31": 0, "2009-04-30": 0, "2009-01-31": "", "2008-10-31": -11.917, "2008-07-31": 0, "2008-04-30": 0, "2008-01-31": "", "2007-10-31": 13.758, "2007-07-31": 0, "2007-04-30": 0, "2007-01-31": "", "2006-10-31": 17.534, "2006-07-31": 0, "2006-04-30": 0, "2006-01-31": "", "2005-10-31": 10.554, "2005-07-31": 0, "2005-04-30": 0, "2005-01-31": ""}, "Change In Assets/Liabilities": {"2020-10-31": 82.4, "2020-07-31": -36.1, "2020-04-30": -69.2, "2020-01-31": "-50.60000", "2019-10-31": 29.5, "2019-07-31": -2.4, "2019-04-30": 33.6, "2019-01-31": "-53.30000", "2018-10-31": 236.7, "2018-07-31": 46.5, "2018-04-30": -10.6, "2018-01-31": "-177.00000", "2017-10-31": 54.7, "2017-07-31": 0.8, "2017-04-30": -29.2, "2017-01-31": "-30.30000", "2016-10-31": 54.9, "2016-07-31": 7, "2016-04-30": -31.2, "2016-01-31": "-30.40000", "2015-10-31": 37.57, "2015-07-31": 5.488, "2015-04-30": -9.201, "2015-01-31": "-56.15700", "2014-10-31": 53.289, "2014-07-31": -8.434, "2014-04-30": 7.063, "2014-01-31": "-59.56700", "2013-10-31": 54.719, "2013-07-31": -7.37, "2013-04-30": -13.906, "2013-01-31": "-59.62600", "2012-10-31": 78.816, "2012-07-31": -21.853, "2012-04-30": -11.564, "2012-01-31": "-48.28300", "2011-10-31": 13.518, "2011-07-31": 14.487, "2011-04-30": -15.625, "2011-01-31": "0.71400", "2010-10-31": 0.343, "2010-07-31": 3.351, "2010-04-30": 19.855, "2010-01-31": "0.64500", "2009-10-31": 38.289, "2009-07-31": 23.732, "2009-04-30": -32.634, "2009-01-31": "-7.22500", "2008-10-31": 11.437, "2008-07-31": -11.742, "2008-04-30": -19.219, "2008-01-31": "-34.84900", "2007-10-31": -11.348, "2007-07-31": 20.294, "2007-04-30": 26.588, "2007-01-31": "-35.09900", "2006-10-31": 41.684, "2006-07-31": -6.495, "2006-04-30": -6.139, "2006-01-31": "-11.70400", "2005-10-31": 11.121, "2005-07-31": -8.726, "2005-04-30": -3.942, "2005-01-31": "2.28900"}, "Total Change In Assets/Liabilities": {"2020-10-31": 30.1, "2020-07-31": -36.1, "2020-04-30": -69.2, "2020-01-31": "-50.60000", "2019-10-31": -18, "2019-07-31": -2.4, "2019-04-30": 33.6, "2019-01-31": "-53.30000", "2018-10-31": 260.7, "2018-07-31": 46.5, "2018-04-30": -10.6, "2018-01-31": "-177.00000", "2017-10-31": 52.5, "2017-07-31": 0.8, "2017-04-30": -29.2, "2017-01-31": "-30.30000", "2016-10-31": 58.4, "2016-07-31": 7, "2016-04-30": -31.2, "2016-01-31": "-30.40000", "2015-10-31": -9.23, "2015-07-31": 5.488, "2015-04-30": -9.201, "2015-01-31": "-56.15700", "2014-10-31": 93.943, "2014-07-31": -8.434, "2014-04-30": 7.063, "2014-01-31": "-59.56700", "2013-10-31": 52.64, "2013-07-31": -7.37, "2013-04-30": -13.906, "2013-01-31": "-59.62600", "2012-10-31": 26.589, "2012-07-31": -21.853, "2012-04-30": -11.564, "2012-01-31": "-48.28300", "2011-10-31": 17.483, "2011-07-31": 14.487, "2011-04-30": -15.625, "2011-01-31": "0.71400", "2010-10-31": 22.118, "2010-07-31": 3.351, "2010-04-30": 19.855, "2010-01-31": "0.64500", "2009-10-31": 13.324, "2009-07-31": 23.732, "2009-04-30": -32.634, "2009-01-31": "-7.22500", "2008-10-31": -15.586, "2008-07-31": -11.742, "2008-04-30": -19.219, "2008-01-31": "-34.84900", "2007-10-31": 5.925, "2007-07-31": 20.294, "2007-04-30": 26.588, "2007-01-31": "-35.09900", "2006-10-31": 21.714, "2006-07-31": -6.495, "2006-04-30": -6.139, "2006-01-31": "-11.70400", "2005-10-31": 26.025, "2005-07-31": -8.726, "2005-04-30": -3.942, "2005-01-31": "2.28900"}, "Cash Flow From Operating Activities": {"2020-10-31": 218.3, "2020-07-31": 112.8, "2020-04-30": 25.8, "2020-01-31": "129.70000", "2019-10-31": 199.9, "2019-07-31": 196.7, "2019-04-30": 214.8, "2019-01-31": "101.80000", "2018-10-31": 236.6, "2018-07-31": 235.2, "2018-04-30": 170.9, "2018-01-31": "26.20000", "2017-10-31": 199, "2017-07-31": 154.5, "2017-04-30": 131.7, "2017-01-31": "108.40000", "2016-10-31": 193.3, "2016-07-31": 128.9, "2016-04-30": 97.9, "2016-01-31": "89.50000", "2015-10-31": 104.451, "2015-07-31": 95.968, "2015-04-30": 110.64, "2015-01-31": "79.84100", "2014-10-31": 152.056, "2014-07-31": 107.861, "2014-04-30": 126.332, "2014-01-31": "68.57400", "2013-10-31": 150.341, "2013-07-31": 103.058, "2013-04-30": 114.903, "2013-01-31": "47.62300", "2012-10-31": 114.817, "2012-07-31": 78.113, "2012-04-30": 80.641, "2012-01-31": "41.55000", "2011-10-31": 110.99, "2011-07-31": 87.469, "2011-04-30": 64.891, "2011-01-31": "72.93100", "2010-10-31": 64.61, "2010-07-31": 75.293, "2010-04-30": 71.618, "2010-01-31": "56.14200", "2009-10-31": 78.476, "2009-07-31": 75.913, "2009-04-30": 43.835, "2009-01-31": "24.90400", "2008-10-31": 41.007, "2008-07-31": 44.029, "2008-04-30": 17.084, "2008-01-31": "-5.59200", "2007-10-31": 38.122, "2007-07-31": 47.428, "2007-04-30": 47.673, "2007-01-31": "0.76100", "2006-10-31": 35.65, "2006-07-31": 38.495, "2006-04-30": 47.068, "2006-01-31": "29.29600", "2005-10-31": 64.544, "2005-07-31": 40.616, "2005-04-30": 42.876, "2005-01-31": "35.80700"}, "Net Change In Property, Plant, And Equipment": {"2020-10-31": -107, "2020-07-31": -45.1, "2020-04-30": -89.3, "2020-01-31": "-69.00000", "2019-10-31": -84.8, "2019-07-31": -75.4, "2019-04-30": -52.7, "2019-01-31": "-79.20000", "2018-10-31": -43.4, "2018-07-31": -52.3, "2018-04-30": -46.5, "2018-01-31": "-51.40000", "2017-10-31": -31.8, "2017-07-31": -38.1, "2017-04-30": -28.6, "2017-01-31": "-28.70000", "2016-10-31": -35.2, "2016-07-31": -31.1, "2016-04-30": -41.2, "2016-01-31": "-45.10000", "2015-10-31": -58.287, "2015-07-31": -66.348, "2015-04-30": -53.37, "2015-01-31": "-64.99500", "2014-10-31": -60.129, "2014-07-31": -55.76, "2014-04-30": -61.197, "2014-01-31": "-60.97900", "2013-10-31": -72.065, "2013-07-31": -38.572, "2013-04-30": -38.175, "2013-01-31": "-29.31500", "2012-10-31": -32.638, "2012-07-31": -24.084, "2012-04-30": -23.104, "2012-01-31": "-19.95300", "2011-10-31": -32.509, "2011-07-31": -19.14, "2011-04-30": -23.231, "2011-01-31": "-28.78500", "2010-10-31": -32.769, "2010-07-31": -16.869, "2010-04-30": -11.208, "2010-01-31": "-12.91100", "2009-10-31": -19.964, "2009-07-31": -19.881, "2009-04-30": -19.966, "2009-01-31": "-34.09500", "2008-10-31": -22.603, "2008-07-31": -25.408, "2008-04-30": -34.146, "2008-01-31": "-42.72800", "2007-10-31": -54.937, "2007-07-31": -38.598, "2007-04-30": -40.047, "2007-01-31": "-50.04300", "2006-10-31": -18.123, "2006-07-31": -41.055, "2006-04-30": -41.277, "2006-01-31": "-42.20200", "2005-10-31": -41.236, "2005-07-31": -37.037, "2005-04-30": -27.19, "2005-01-31": "-11.63000"}, "Net Change In Intangible Assets": {"2020-10-31": 0, "2020-07-31": 0, "2020-04-30": 0, "2020-01-31": "", "2019-10-31": 0, "2019-07-31": 0, "2019-04-30": 0, "2019-01-31": "", "2018-10-31": 0, "2018-07-31": 0, "2018-04-30": 0, "2018-01-31": "", "2017-10-31": 0, "2017-07-31": 0, "2017-04-30": 0, "2017-01-31": "", "2016-10-31": 0, "2016-07-31": 0, "2016-04-30": 0, "2016-01-31": "", "2015-10-31": 0, "2015-07-31": 0, "2015-04-30": 0, "2015-01-31": "", "2014-10-31": 0, "2014-07-31": 0, "2014-04-30": 0, "2014-01-31": "", "2013-10-31": 0, "2013-07-31": 0, "2013-04-30": 0, "2013-01-31": "", "2012-10-31": 0, "2012-07-31": 0, "2012-04-30": 0, "2012-01-31": "", "2011-10-31": 0, "2011-07-31": 0, "2011-04-30": 0, "2011-01-31": "", "2010-10-31": 0, "2010-07-31": 0, "2010-04-30": 0, "2010-01-31": "", "2009-10-31": 0, "2009-07-31": 0, "2009-04-30": 0, "2009-01-31": "", "2008-10-31": 0, "2008-07-31": 0, "2008-04-30": 0, "2008-01-31": "", "2007-10-31": 0, "2007-07-31": 0, "2007-04-30": 0, "2007-01-31": "", "2006-10-31": 0, "2006-07-31": 0, "2006-04-30": 0, "2006-01-31": "", "2005-10-31": 0, "2005-07-31": 0, "2005-04-30": 0, "2005-01-31": ""}, "Net Acquisitions/Divestitures": {"2020-10-31": -36.2, "2020-07-31": -6.7, "2020-04-30": -1.8, "2020-01-31": "-9.40000", "2019-10-31": -0.1, "2019-07-31": -8.3, "2019-04-30": -0.8, "2019-01-31": "-50.00000", "2018-10-31": -3.1, "2018-07-31": -0.1, "2018-04-30": -127.5, "2018-01-31": "-1193.20000", "2017-10-31": -57.1, "2017-07-31": -23.2, "2017-04-30": -0.4, "2017-01-31": "-173.40000", "2016-10-31": -14.8, "2016-07-31": -105.8, "2016-04-30": -84.6, "2016-01-31": "-60.90000", "2015-10-31": -43.722, "2015-07-31": -0.426, "2015-04-30": -0.548, "2015-01-31": "-0.20400", "2014-10-31": -1109.702, "2014-07-31": 0, "2014-04-30": -1.489, "2014-01-31": "1.48900", "2013-10-31": -4.048, "2013-07-31": -0.867, "2013-04-30": -4.44, "2013-01-31": "-3.69000", "2012-10-31": -0.35, "2012-07-31": -144.322, "2012-04-30": -0.249, "2012-01-31": "-0.39800", "2011-10-31": -17.044, "2011-07-31": -4.367, "2011-04-30": -4.15, "2011-01-31": "-32.44900", "2010-10-31": -0.405, "2010-07-31": -1.471, "2010-04-30": -22.464, "2010-01-31": "-8.50700", "2009-10-31": -0.675, "2009-07-31": -0.351, "2009-04-30": -2.451, "2009-01-31": "-1.25400", "2008-10-31": -0.161, "2008-07-31": -0.649, "2008-04-30": -1.348, "2008-01-31": "-1.71400", "2007-10-31": -3.333, "2007-07-31": -8.843, "2007-04-30": -34.853, "2007-01-31": "-33.94000", "2006-10-31": -4.902, "2006-07-31": -1.816, "2006-04-30": -6.505, "2006-01-31": "-54.73000", "2005-10-31": -1.983, "2005-07-31": -2.042, "2005-04-30": -7.323, "2005-01-31": "-615.65800"}, "Net Change In Short-term Investments": {"2020-10-31": 0, "2020-07-31": 0, "2020-04-30": 0, "2020-01-31": "", "2019-10-31": 0, "2019-07-31": 0, "2019-04-30": 0, "2019-01-31": "", "2018-10-31": 0, "2018-07-31": 0, "2018-04-30": 0, "2018-01-31": "", "2017-10-31": 0, "2017-07-31": 0, "2017-04-30": 0, "2017-01-31": "", "2016-10-31": 0, "2016-07-31": 0, "2016-04-30": 0, "2016-01-31": "", "2015-10-31": 0, "2015-07-31": 0, "2015-04-30": 0, "2015-01-31": "", "2014-10-31": 0, "2014-07-31": 0, "2014-04-30": 0, "2014-01-31": "", "2013-10-31": 0, "2013-07-31": 0, "2013-04-30": 0, "2013-01-31": "", "2012-10-31": 0, "2012-07-31": 0, "2012-04-30": 0, "2012-01-31": "", "2011-10-31": 0, "2011-07-31": 0, "2011-04-30": 0, "2011-01-31": "", "2010-10-31": 0, "2010-07-31": 0, "2010-04-30": 0, "2010-01-31": "", "2009-10-31": 0, "2009-07-31": 0, "2009-04-30": 0, "2009-01-31": "", "2008-10-31": 0, "2008-07-31": 0, "2008-04-30": 0, "2008-01-31": "", "2007-10-31": 0, "2007-07-31": 0, "2007-04-30": 0, "2007-01-31": "", "2006-10-31": 0, "2006-07-31": 0, "2006-04-30": 0, "2006-01-31": "", "2005-10-31": 0, "2005-07-31": 0, "2005-04-30": 0, "2005-01-31": ""}, "Net Change In Long-Term Investments": {"2020-10-31": 0, "2020-07-31": 0, "2020-04-30": 0, "2020-01-31": "", "2019-10-31": 0, "2019-07-31": 0, "2019-04-30": 0, "2019-01-31": "", "2018-10-31": 0, "2018-07-31": 0, "2018-04-30": 0, "2018-01-31": "", "2017-10-31": 0, "2017-07-31": 0, "2017-04-30": 0, "2017-01-31": "", "2016-10-31": 0, "2016-07-31": 0, "2016-04-30": 0, "2016-01-31": "", "2015-10-31": 0, "2015-07-31": 0, "2015-04-30": 0, "2015-01-31": "", "2014-10-31": 0, "2014-07-31": 0, "2014-04-30": 0, "2014-01-31": "1.35900", "2013-10-31": 0, "2013-07-31": 0, "2013-04-30": 0.694, "2013-01-31": "0.56000", "2012-10-31": 0, "2012-07-31": 1.884, "2012-04-30": 3.174, "2012-01-31": "1.56600", "2011-10-31": 0, "2011-07-31": 0, "2011-04-30": 0, "2011-01-31": "", "2010-10-31": 0, "2010-07-31": 0, "2010-04-30": 0, "2010-01-31": "", "2009-10-31": 0, "2009-07-31": 0, "2009-04-30": 0, "2009-01-31": "", "2008-10-31": 0, "2008-07-31": 0, "2008-04-30": 0, "2008-01-31": "", "2007-10-31": 0, "2007-07-31": 0, "2007-04-30": 0, "2007-01-31": "", "2006-10-31": 0, "2006-07-31": 0, "2006-04-30": 0, "2006-01-31": "", "2005-10-31": 0, "2005-07-31": 0, "2005-04-30": 0, "2005-01-31": "1.77900"}, "Net Change In Investments - Total": {"2020-10-31": 0, "2020-07-31": 0, "2020-04-30": 0, "2020-01-31": "", "2019-10-31": 0, "2019-07-31": 0, "2019-04-30": 0, "2019-01-31": "", "2018-10-31": 0, "2018-07-31": 0, "2018-04-30": 0, "2018-01-31": "", "2017-10-31": 0, "2017-07-31": 0, "2017-04-30": 0, "2017-01-31": "", "2016-10-31": 0, "2016-07-31": 0, "2016-04-30": 0, "2016-01-31": "", "2015-10-31": 0, "2015-07-31": 0, "2015-04-30": 0, "2015-01-31": "", "2014-10-31": 0, "2014-07-31": 0, "2014-04-30": 0, "2014-01-31": "1.35900", "2013-10-31": 0, "2013-07-31": 0, "2013-04-30": 0.694, "2013-01-31": "0.56000", "2012-10-31": 0, "2012-07-31": 1.884, "2012-04-30": 3.174, "2012-01-31": "1.56600", "2011-10-31": 0, "2011-07-31": 0, "2011-04-30": 0, "2011-01-31": "", "2010-10-31": 0, "2010-07-31": 0, "2010-04-30": 0, "2010-01-31": "", "2009-10-31": 0, "2009-07-31": 0, "2009-04-30": 0, "2009-01-31": "", "2008-10-31": 0, "2008-07-31": 0, "2008-04-30": 0, "2008-01-31": "", "2007-10-31": 0, "2007-07-31": 0, "2007-04-30": 0, "2007-01-31": "", "2006-10-31": 0, "2006-07-31": 0, "2006-04-30": 0, "2006-01-31": "", "2005-10-31": 0, "2005-07-31": 0, "2005-04-30": 0, "2005-01-31": "1.77900"}, "Investing Activities - Other": {"2020-10-31": 0, "2020-07-31": 0, "2020-04-30": 0, "2020-01-31": "", "2019-10-31": 0, "2019-07-31": 0, "2019-04-30": 0, "2019-01-31": "", "2018-10-31": 0, "2018-07-31": 0, "2018-04-30": 0, "2018-01-31": "", "2017-10-31": 0, "2017-07-31": 0, "2017-04-30": 0, "2017-01-31": "", "2016-10-31": 0, "2016-07-31": 0, "2016-04-30": 0, "2016-01-31": "", "2015-10-31": 0, "2015-07-31": 0, "2015-04-30": 0, "2015-01-31": "", "2014-10-31": -0.754, "2014-07-31": -0.306, "2014-04-30": 1.06, "2014-01-31": "", "2013-10-31": 0, "2013-07-31": 0, "2013-04-30": 0, "2013-01-31": "", "2012-10-31": 0, "2012-07-31": 0, "2012-04-30": 0, "2012-01-31": "", "2011-10-31": 0, "2011-07-31": 0, "2011-04-30": 0, "2011-01-31": "", "2010-10-31": 0, "2010-07-31": 0, "2010-04-30": 0, "2010-01-31": "", "2009-10-31": 0, "2009-07-31": 0, "2009-04-30": 0, "2009-01-31": "", "2008-10-31": 0, "2008-07-31": 0, "2008-04-30": 0, "2008-01-31": "", "2007-10-31": 0, "2007-07-31": 0, "2007-04-30": 0, "2007-01-31": "", "2006-10-31": 0, "2006-07-31": 0, "2006-04-30": 0, "2006-01-31": "", "2005-10-31": 0, "2005-07-31": 0, "2005-04-30": 0, "2005-01-31": ""}, "Cash Flow From Investing Activities": {"2020-10-31": -143.2, "2020-07-31": -51.8, "2020-04-30": -91.1, "2020-01-31": "-78.40000", "2019-10-31": -84.9, "2019-07-31": -83.7, "2019-04-30": -53.5, "2019-01-31": "-129.20000", "2018-10-31": -46.5, "2018-07-31": -52.4, "2018-04-30": -174, "2018-01-31": "-1244.60000", "2017-10-31": -88.9, "2017-07-31": -61.3, "2017-04-30": -29, "2017-01-31": "-202.10000", "2016-10-31": -50, "2016-07-31": -136.9, "2016-04-30": -125.8, "2016-01-31": "-106.00000", "2015-10-31": -102.009, "2015-07-31": -66.774, "2015-04-30": -53.918, "2015-01-31": "-65.19900", "2014-10-31": -1170.585, "2014-07-31": -56.066, "2014-04-30": -61.626, "2014-01-31": "-58.13100", "2013-10-31": -76.113, "2013-07-31": -39.439, "2013-04-30": -41.921, "2013-01-31": "-32.44500", "2012-10-31": -32.988, "2012-07-31": -166.522, "2012-04-30": -20.179, "2012-01-31": "-18.78500", "2011-10-31": -49.553, "2011-07-31": -23.507, "2011-04-30": -27.381, "2011-01-31": "-61.23400", "2010-10-31": -33.174, "2010-07-31": -18.34, "2010-04-30": -33.672, "2010-01-31": "-21.41800", "2009-10-31": -20.639, "2009-07-31": -20.232, "2009-04-30": -22.417, "2009-01-31": "-35.34900", "2008-10-31": -22.764, "2008-07-31": -26.057, "2008-04-30": -35.494, "2008-01-31": "-44.44200", "2007-10-31": -58.27, "2007-07-31": -47.441, "2007-04-30": -74.9, "2007-01-31": "-83.98300", "2006-10-31": -23.025, "2006-07-31": -42.871, "2006-04-30": -47.782, "2006-01-31": "-96.93200", "2005-10-31": -43.219, "2005-07-31": -39.079, "2005-04-30": -34.513, "2005-01-31": "-625.50900"}, "Net Long-Term Debt": {"2020-10-31": -94.0999, "2020-07-31": -17.1001, "2020-04-30": 109.8, "2020-01-31": "-29.10000", "2019-10-31": -160.9999, "2019-07-31": -50.0001, "2019-04-30": -215, "2019-01-31": "-299.00000", "2018-10-31": -265.9999, "2018-07-31": -194, "2018-04-30": 69, "2018-01-31": "1227.00000", "2017-10-31": -31, "2017-07-31": -164.7999, "2017-04-30": 148, "2017-01-31": "97.00000", "2016-10-31": 0, "2016-07-31": 0, "2016-04-30": 88.1, "2016-01-31": "28.80000", "2015-10-31": 39.2291, "2015-07-31": -35.2, "2015-04-30": -196.629, "2015-01-31": "21.80000", "2014-10-31": 895.4199, "2014-07-31": -0.04, "2014-04-30": -0.121, "2014-01-31": "", "2013-10-31": 86.3711, "2013-07-31": -76.2331, "2013-04-30": -86.032, "2013-01-31": "29.23100", "2012-10-31": -105.9459, "2012-07-31": 166.5099, "2012-04-30": -96.023, "2012-01-31": "43.66100", "2011-10-31": -79.0322, "2011-07-31": -117.6298, "2011-04-30": -62.1871, "2011-01-31": "-5.25300", "2010-10-31": -32.396, "2010-07-31": -75.008, "2010-04-30": -28.818, "2010-01-31": "-46.22400", "2009-10-31": -27.686, "2009-07-31": -46.27, "2009-04-30": -22.988, "2009-01-31": "11.62600", "2008-10-31": -29.1, "2008-07-31": -13.1, "2008-04-30": 23.5, "2008-01-31": "48.10000", "2007-10-31": 22.4981, "2007-07-31": -9.9001, "2007-04-30": -0.127, "2007-01-31": "98.36300", "2006-10-31": -4.713, "2006-07-31": 12.722, "2006-04-30": -16.59, "2006-01-31": "56.64000", "2005-10-31": -44.528, "2005-07-31": -2.036, "2005-04-30": -24.809, "2005-01-31": "576.57500"}, "Net Current Debt": {"2020-10-31": 6.4, "2020-07-31": -3, "2020-04-30": 10.8, "2020-01-31": "-20.80000", "2019-10-31": 173.5, "2019-07-31": -65.6, "2019-04-30": 9.9, "2019-01-31": "407.50000", "2018-10-31": -7.4, "2018-07-31": 4.6, "2018-04-30": 11.6, "2018-01-31": "4.80000", "2017-10-31": -9.4, "2017-07-31": -9.9, "2017-04-30": -186.5, "2017-01-31": "-5.90000", "2016-10-31": -108.9, "2016-07-31": 0.6, "2016-04-30": -22.9, "2016-01-31": "-0.70000", "2015-10-31": 1.952, "2015-07-31": -3.966, "2015-04-30": 146.198, "2015-01-31": "-10.68400", "2014-10-31": -3.596, "2014-07-31": 9.392, "2014-04-30": -12.593, "2014-01-31": "-0.53400", "2013-10-31": 12.656, "2013-07-31": -0.17, "2013-04-30": 0.067, "2013-01-31": "8.48300", "2012-10-31": -0.574, "2012-07-31": -54.295, "2012-04-30": 5.026, "2012-01-31": "-13.78800", "2011-10-31": 14.244, "2011-07-31": 9.637, "2011-04-30": 1.111, "2011-01-31": "-3.67300", "2010-10-31": -3.139, "2010-07-31": 8.731, "2010-04-30": -1.552, "2010-01-31": "8.06800", "2009-10-31": -29.813, "2009-07-31": -10.35, "2009-04-30": 5.427, "2009-01-31": "-1.22400", "2008-10-31": 6.119, "2008-07-31": -2.364, "2008-04-30": -7.6, "2008-01-31": "0.34000", "2007-10-31": -7.192, "2007-07-31": 5.291, "2007-04-30": 12.291, "2007-01-31": "10.43000", "2006-10-31": -11.689, "2006-07-31": -10.548, "2006-04-30": 7.589, "2006-01-31": "4.18300", "2005-10-31": 28.359, "2005-07-31": 3.468, "2005-04-30": -0.426, "2005-01-31": "0.02600"}, "Debt Issuance/Retirement Net - Total": {"2020-10-31": -87.6999, "2020-07-31": -20.1001, "2020-04-30": 120.6, "2020-01-31": "-49.90000", "2019-10-31": 12.5001, "2019-07-31": -115.6001, "2019-04-30": -205.1, "2019-01-31": "108.50000", "2018-10-31": -273.3999, "2018-07-31": -189.4, "2018-04-30": 80.6, "2018-01-31": "1231.80000", "2017-10-31": -40.4, "2017-07-31": -174.6999, "2017-04-30": -38.5, "2017-01-31": "91.10000", "2016-10-31": -108.9, "2016-07-31": 0.6, "2016-04-30": 65.2, "2016-01-31": "28.10000", "2015-10-31": 41.1811, "2015-07-31": -39.166, "2015-04-30": -50.431, "2015-01-31": "11.11600", "2014-10-31": 891.8239, "2014-07-31": 9.352, "2014-04-30": -12.714, "2014-01-31": "-0.53400", "2013-10-31": 99.0271, "2013-07-31": -76.4031, "2013-04-30": -85.965, "2013-01-31": "37.71400", "2012-10-31": -106.52, "2012-07-31": 112.215, "2012-04-30": -90.997, "2012-01-31": "29.87300", "2011-10-31": -64.7882, "2011-07-31": -107.9928, "2011-04-30": -61.0761, "2011-01-31": "-8.92600", "2010-10-31": -35.535, "2010-07-31": -66.277, "2010-04-30": -30.37, "2010-01-31": "-38.15600", "2009-10-31": -57.499, "2009-07-31": -56.62, "2009-04-30": -17.561, "2009-01-31": "10.40200", "2008-10-31": -22.981, "2008-07-31": -15.464, "2008-04-30": 15.9, "2008-01-31": "48.44000", "2007-10-31": 15.3061, "2007-07-31": -4.6091, "2007-04-30": 12.164, "2007-01-31": "108.79300", "2006-10-31": -16.402, "2006-07-31": 2.174, "2006-04-30": -9.001, "2006-01-31": "60.82300", "2005-10-31": -16.169, "2005-07-31": 1.432, "2005-04-30": -25.235, "2005-01-31": "576.60100"}, "Net Common Equity Issued/Repurchased": {"2020-10-31": 22.2, "2020-07-31": 1.5, "2020-04-30": -55.3, "2020-01-31": "", "2019-10-31": -127.8, "2019-07-31": 12, "2019-04-30": -4.3, "2019-01-31": "-6.10000", "2018-10-31": 22.3, "2018-07-31": 10.5, "2018-04-30": -10.5, "2018-01-31": "", "2017-10-31": -14.8, "2017-07-31": 0, "2017-04-30": -29.5, "2017-01-31": "", "2016-10-31": 20.4, "2016-07-31": 0, "2016-04-30": 0, "2016-01-31": "", "2015-10-31": -31.504, "2015-07-31": 0, "2015-04-30": 0, "2015-01-31": "-15.99600", "2014-10-31": -24.073, "2014-07-31": 18.167, "2014-04-30": -11.287, "2014-01-31": "-50.00000", "2013-10-31": -122.778, "2013-07-31": 11.556, "2013-04-30": 8.079, "2013-01-31": "-44.90400", "2012-10-31": 27.893, "2012-07-31": -21.704, "2012-04-30": 26.47, "2012-01-31": "-48.75600", "2011-10-31": 5.161, "2011-07-31": 40.709, "2011-04-30": 29.977, "2011-01-31": "6.18800", "2010-10-31": 5.657, "2010-07-31": 2.732, "2010-04-30": 1.788, "2010-01-31": "0.91900", "2009-10-31": 1.147, "2009-07-31": -0.001, "2009-04-30": -0.03, "2009-01-31": "", "2008-10-31": 3.557, "2008-07-31": 0.321, "2008-04-30": 0.046, "2008-01-31": "2.32600", "2007-10-31": 1.68, "2007-07-31": 2.265, "2007-04-30": 3.822, "2007-01-31": "1.49100", "2006-10-31": 0.489, "2006-07-31": 0.031, "2006-04-30": -0.044, "2006-01-31": "2.54400", "2005-10-31": 7.879, "2005-07-31": 0.97, "2005-04-30": 5.611, "2005-01-31": "10.70300"}, "Net Total Equity Issued/Repurchased": {"2020-10-31": 22.2, "2020-07-31": 1.5, "2020-04-30": -55.3, "2020-01-31": "", "2019-10-31": -127.8, "2019-07-31": 12, "2019-04-30": -4.3, "2019-01-31": "-6.10000", "2018-10-31": 22.3, "2018-07-31": 10.5, "2018-04-30": -10.5, "2018-01-31": "", "2017-10-31": -14.8, "2017-07-31": 0, "2017-04-30": -29.5, "2017-01-31": "", "2016-10-31": 20.4, "2016-07-31": 0, "2016-04-30": 0, "2016-01-31": "", "2015-10-31": -31.504, "2015-07-31": 0, "2015-04-30": 0, "2015-01-31": "-15.99600", "2014-10-31": -24.073, "2014-07-31": 18.167, "2014-04-30": -11.287, "2014-01-31": "-50.00000", "2013-10-31": -122.778, "2013-07-31": 11.556, "2013-04-30": 8.079, "2013-01-31": "-44.90400", "2012-10-31": 27.893, "2012-07-31": -21.704, "2012-04-30": 26.47, "2012-01-31": "-48.75600", "2011-10-31": 5.161, "2011-07-31": 40.709, "2011-04-30": 29.977, "2011-01-31": "6.18800", "2010-10-31": 5.657, "2010-07-31": 2.732, "2010-04-30": 1.788, "2010-01-31": "0.91900", "2009-10-31": 1.147, "2009-07-31": -0.001, "2009-04-30": -0.03, "2009-01-31": "", "2008-10-31": 3.557, "2008-07-31": 0.321, "2008-04-30": 0.046, "2008-01-31": "2.32600", "2007-10-31": 1.68, "2007-07-31": 2.265, "2007-04-30": 3.822, "2007-01-31": "1.49100", "2006-10-31": 0.489, "2006-07-31": 0.031, "2006-04-30": -0.044, "2006-01-31": "2.54400", "2005-10-31": 7.879, "2005-07-31": 0.97, "2005-04-30": 5.611, "2005-01-31": "10.70300"}, "Total Common And Preferred Stock Dividends Paid": {"2020-10-31": -1.5, "2020-07-31": 0, "2020-04-30": -1.5, "2020-01-31": "", "2019-10-31": -1.5, "2019-07-31": 0, "2019-04-30": -1.5, "2019-01-31": "", "2018-10-31": -1.4, "2018-07-31": 0, "2018-04-30": -1.5, "2018-01-31": "", "2017-10-31": -1.4, "2017-07-31": 0, "2017-04-30": -1.5, "2017-01-31": "", "2016-10-31": -1.4, "2016-07-31": -0.3, "2016-04-30": -1.9, "2016-01-31": "", "2015-10-31": -1.736, "2015-07-31": 0, "2015-04-30": -1.87, "2015-01-31": "-0.39400", "2014-10-31": -2.208, "2014-07-31": -0.223, "2014-04-30": -2.142, "2014-01-31": "-0.74900", "2013-10-31": -1.469, "2013-07-31": -0.313, "2013-04-30": -1.449, "2013-01-31": "-0.69400", "2012-10-31": -1.436, "2012-07-31": 0, "2012-04-30": -1.421, "2012-01-31": "", "2011-10-31": -1.431, "2011-07-31": 0, "2011-04-30": -1.385, "2011-01-31": "", "2010-10-31": -1.37, "2010-07-31": 0, "2010-04-30": -1.362, "2010-01-31": "", "2009-10-31": -1.357, "2009-07-31": 0, "2009-04-30": -1.355, "2009-01-31": "", "2008-10-31": 0, "2008-07-31": -1.35, "2008-04-30": 0, "2008-01-31": "-1.34900", "2007-10-31": 0, "2007-07-31": -1.344, "2007-04-30": 0, "2007-01-31": "-1.33700", "2006-10-31": 0, "2006-07-31": -1.336, "2006-04-30": 0, "2006-01-31": "-1.33500", "2005-10-31": 0, "2005-07-31": -1.323, "2005-04-30": 0, "2005-01-31": "-0.98300"}, "Financial Activities - Other": {"2020-10-31": -18.3, "2020-07-31": 0, "2020-04-30": 7.8, "2020-01-31": "-13.30000", "2019-10-31": -22.3, "2019-07-31": 0, "2019-04-30": 9, "2019-01-31": "-9.20000", "2018-10-31": -10.8, "2018-07-31": -9.7, "2018-04-30": 10.3, "2018-01-31": "-14.40000", "2017-10-31": -10.4, "2017-07-31": 3.8, "2017-04-30": -4, "2017-01-31": "-7.60000", "2016-10-31": -13, "2016-07-31": 28.7, "2016-04-30": -8.6, "2016-01-31": "-10.30000", "2015-10-31": -10.469, "2015-07-31": 9.484, "2015-04-30": -1.942, "2015-01-31": "-14.97300", "2014-10-31": 6.707, "2014-07-31": 12.748, "2014-04-30": 14.598, "2014-01-31": "-7.30100", "2013-10-31": 1.762, "2013-07-31": 13.347, "2013-04-30": 7.134, "2013-01-31": "-6.24100", "2012-10-31": -2.189, "2012-07-31": 3.867, "2012-04-30": 5.576, "2012-01-31": "-1.31400", "2011-10-31": -2.622, "2011-07-31": 2.837, "2011-04-30": -0.317, "2011-01-31": "-9.20700", "2010-10-31": 0, "2010-07-31": 0, "2010-04-30": 0, "2010-01-31": "0.40700", "2009-10-31": 0, "2009-07-31": 0, "2009-04-30": -0.001, "2009-01-31": "0.13600", "2008-10-31": 0, "2008-07-31": 0, "2008-04-30": 1.758, "2008-01-31": "", "2007-10-31": -1.763, "2007-07-31": -0.27, "2007-04-30": -0.663, "2007-01-31": "-10.38700", "2006-10-31": -1.17, "2006-07-31": -0.34, "2006-04-30": 1.51, "2006-01-31": "-0.62500", "2005-10-31": 0, "2005-07-31": 0, "2005-04-30": 0, "2005-01-31": "-7.69700"}, "Cash Flow From Financial Activities": {"2020-10-31": -85.3, "2020-07-31": -18.6, "2020-04-30": 71.6, "2020-01-31": "-63.20000", "2019-10-31": -139.1, "2019-07-31": -103.6, "2019-04-30": -201.9, "2019-01-31": "93.20000", "2018-10-31": -263.3, "2018-07-31": -188.6, "2018-04-30": 78.9, "2018-01-31": "1217.40000", "2017-10-31": -67, "2017-07-31": -170.9, "2017-04-30": -73.5, "2017-01-31": "83.50000", "2016-10-31": -102.9, "2016-07-31": 29, "2016-04-30": 54.7, "2016-01-31": "17.80000", "2015-10-31": -2.528, "2015-07-31": -29.682, "2015-04-30": -54.243, "2015-01-31": "-20.24700", "2014-10-31": 872.25, "2014-07-31": 40.044, "2014-04-30": -11.545, "2014-01-31": "-58.58400", "2013-10-31": -23.458, "2013-07-31": -51.813, "2013-04-30": -72.201, "2013-01-31": "-14.12500", "2012-10-31": -82.252, "2012-07-31": 94.378, "2012-04-30": -60.372, "2012-01-31": "-20.19700", "2011-10-31": -63.68, "2011-07-31": -64.447, "2011-04-30": -32.801, "2011-01-31": "-11.94500", "2010-10-31": -31.248, "2010-07-31": -63.545, "2010-04-30": -29.944, "2010-01-31": "-36.83000", "2009-10-31": -57.709, "2009-07-31": -56.621, "2009-04-30": -18.947, "2009-01-31": "10.53800", "2008-10-31": -19.424, "2008-07-31": -16.493, "2008-04-30": 17.704, "2008-01-31": "49.41700", "2007-10-31": 15.223, "2007-07-31": -3.958, "2007-04-30": 15.323, "2007-01-31": "98.56000", "2006-10-31": -17.083, "2006-07-31": 0.529, "2006-04-30": -7.535, "2006-01-31": "61.40700", "2005-10-31": -8.29, "2005-07-31": 1.079, "2005-04-30": -19.624, "2005-01-31": "578.62400"}, "Net Cash Flow": {"2020-10-31": -11.5, "2020-07-31": 47.5, "2020-04-30": 3.4, "2020-01-31": "-12.10000", "2019-10-31": -23.7, "2019-07-31": 8.3, "2019-04-30": -42, "2019-01-31": "66.70000", "2018-10-31": -75.4, "2018-07-31": -9.3, "2018-04-30": 73.2, "2018-01-31": "2.90000", "2017-10-31": 42.8, "2017-07-31": -75.3, "2017-04-30": 30.2, "2017-01-31": "-9.70000", "2016-10-31": 38.2, "2016-07-31": 18.1, "2016-04-30": 28.5, "2016-01-31": "-0.40000", "2015-10-31": -0.583, "2015-07-31": -0.906, "2015-04-30": 1.483, "2015-01-31": "-8.79400", "2014-10-31": -148.564, "2014-07-31": 91.127, "2014-04-30": 53.831, "2014-01-31": "-48.56500", "2013-10-31": 51.911, "2013-07-31": 11.041, "2013-04-30": -0.004, "2013-01-31": "1.60500", "2012-10-31": 0.108, "2012-07-31": 4.987, "2012-04-30": 0.064, "2012-01-31": "2.50600", "2011-10-31": -2.697, "2011-07-31": -0.558, "2011-04-30": 5.11, "2011-01-31": "-0.25300", "2010-10-31": 0.333, "2010-07-31": -6.589, "2010-04-30": 8.007, "2010-01-31": "-2.11000", "2009-10-31": 0.142, "2009-07-31": -0.682, "2009-04-30": 2.587, "2009-01-31": "-0.05900", "2008-10-31": -1.494, "2008-07-31": 1.527, "2008-04-30": -0.675, "2008-01-31": "-0.64000", "2007-10-31": -4.835, "2007-07-31": -3.972, "2007-04-30": -11.511, "2007-01-31": "15.32000", "2006-10-31": -4.5, "2006-07-31": -3.831, "2006-04-30": -8.042, "2006-01-31": "-6.22900", "2005-10-31": 12.777, "2005-07-31": 0.93, "2005-04-30": -11.375, "2005-01-31": "-10.87400"}, "Stock-Based Compensation": {"2020-10-31": 37.6, "2020-07-31": 0, "2020-04-30": 0, "2020-01-31": "", "2019-10-31": 35.1, "2019-07-31": 0, "2019-04-30": 0, "2019-01-31": "", "2018-10-31": 43.2, "2018-07-31": 0, "2018-04-30": 0, "2018-01-31": "", "2017-10-31": 37.2, "2017-07-31": 0, "2017-04-30": 0, "2017-01-31": "", "2016-10-31": 29.9, "2016-07-31": 0, "2016-04-30": 0, "2016-01-31": "", "2015-10-31": 32.9, "2015-07-31": 0, "2015-04-30": 0, "2015-01-31": "", "2014-10-31": 36.515, "2014-07-31": 0, "2014-04-30": 0, "2014-01-31": "", "2013-10-31": 28.538, "2013-07-31": 0, "2013-04-30": 0, "2013-01-31": "", "2012-10-31": 21.54, "2012-07-31": 0, "2012-04-30": 0, "2012-01-31": "", "2011-10-31": 13.876, "2011-07-31": 0, "2011-04-30": 0, "2011-01-31": "", "2010-10-31": 9.638, "2010-07-31": 0, "2010-04-30": 0, "2010-01-31": "", "2009-10-31": 12.037, "2009-07-31": 0, "2009-04-30": 0, "2009-01-31": "", "2008-10-31": 13.567, "2008-07-31": 0, "2008-04-30": 0, "2008-01-31": "", "2007-10-31": 16.274, "2007-07-31": 0, "2007-04-30": 0, "2007-01-31": "", "2006-10-31": 14.243, "2006-07-31": 0, "2006-04-30": 0, "2006-01-31": "", "2005-10-31": 0, "2005-07-31": 0, "2005-04-30": 0, "2005-01-31": ""}, "Common Stock Dividends Paid": {"2020-10-31": -1.5, "2020-07-31": 0, "2020-04-30": -1.5, "2020-01-31": "", "2019-10-31": -1.5, "2019-07-31": 0, "2019-04-30": -1.5, "2019-01-31": "", "2018-10-31": -1.4, "2018-07-31": 0, "2018-04-30": -1.5, "2018-01-31": "", "2017-10-31": -1.4, "2017-07-31": 0, "2017-04-30": -1.5, "2017-01-31": "", "2016-10-31": -1.4, "2016-07-31": -0.3, "2016-04-30": -1.9, "2016-01-31": "", "2015-10-31": -1.736, "2015-07-31": 0, "2015-04-30": -1.87, "2015-01-31": "-0.39400", "2014-10-31": -2.208, "2014-07-31": -0.223, "2014-04-30": -2.142, "2014-01-31": "-0.74900", "2013-10-31": -1.469, "2013-07-31": -0.313, "2013-04-30": -1.449, "2013-01-31": "-0.69400", "2012-10-31": -1.436, "2012-07-31": 0, "2012-04-30": -1.421, "2012-01-31": "", "2011-10-31": -1.431, "2011-07-31": 0, "2011-04-30": -1.385, "2011-01-31": "", "2010-10-31": -1.37, "2010-07-31": 0, "2010-04-30": -1.362, "2010-01-31": "", "2009-10-31": -1.357, "2009-07-31": 0, "2009-04-30": -1.355, "2009-01-31": "", "2008-10-31": 0, "2008-07-31": -1.35, "2008-04-30": 0, "2008-01-31": "-1.34900", "2007-10-31": 0, "2007-07-31": -1.344, "2007-04-30": 0, "2007-01-31": "-1.33700", "2006-10-31": 0, "2006-07-31": -1.336, "2006-04-30": 0, "2006-01-31": "-1.33500", "2005-10-31": 0, "2005-07-31": -1.323, "2005-04-30": 0, "2005-01-31": "-0.98300"}}, "financial ratios": {"Current Ratio": {"2020-10-31": "1.26860", "2019-10-31": "1.04750", "2018-10-31": "2.03340", "2017-10-31": "2.40650", "2016-10-31": "1.72510", "2015-10-31": "1.47940", "2014-10-31": "1.79030", "2013-10-31": "2.32600", "2012-10-31": "2.50560", "2011-10-31": "2.02220", "2010-10-31": "2.46260", "2009-10-31": "2.87250", "2008-10-31": "2.05960", "2007-10-31": "1.80650", "2006-10-31": "1.65180", "2005-10-31": "1.72230"}, "Long-term Debt / Capital": {"2020-10-31": "0.26570", "2019-10-31": "0.25810", "2018-10-31": "0.37510", "2017-10-31": "0.26570", "2016-10-31": "0.29120", "2015-10-31": "0.29250", "2014-10-31": "0.33100", "2013-10-31": "0.11070", "2012-10-31": "0.13600", "2011-10-31": "0.14460", "2010-10-31": "0.26210", "2009-10-31": "0.33380", "2008-10-31": "0.37820", "2007-10-31": "0.36260", "2006-10-31": "0.33080", "2005-10-31": "0.33190"}, "Debt/Equity Ratio": {"2020-10-31": "0.46880", "2019-10-31": "0.50330", "2018-10-31": "0.61150", "2017-10-31": "0.36930", "2016-10-31": "0.49470", "2015-10-31": "0.50460", "2014-10-31": "0.53400", "2013-10-31": "0.14220", "2012-10-31": "0.16890", "2011-10-31": "0.19640", "2010-10-31": "0.36670", "2009-10-31": "0.50730", "2008-10-31": "0.63850", "2007-10-31": "0.60060", "2006-10-31": "0.53870", "2005-10-31": "0.55360"}, "Gross Margin": {"2020-10-31": "63.13710", "2019-10-31": "66.20940", "2018-10-31": "64.44650", "2017-10-31": "63.85230", "2016-10-31": "59.64510", "2015-10-31": "59.55710", "2014-10-31": "63.54550", "2013-10-31": "64.67170", "2012-10-31": "63.93930", "2011-10-31": "60.47360", "2010-10-31": "58.41290", "2009-10-31": "55.20940", "2008-10-31": "58.24370", "2007-10-31": "54.96290", "2006-10-31": "61.23420", "2005-10-31": "61.59450"}, "Operating Margin": {"2020-10-31": "12.82650", "2019-10-31": "20.60380", "2018-10-31": "15.91520", "2017-10-31": "20.06080", "2016-10-31": "16.47860", "2015-10-31": "13.17120", "2014-10-31": "17.84200", "2013-10-31": "19.26940", "2012-10-31": "19.61050", "2011-10-31": "17.09870", "2010-10-31": "16.39270", "2009-10-31": "13.87020", "2008-10-31": "12.12200", "2007-10-31": "4.85100", "2006-10-31": "13.14380", "2005-10-31": "16.84000"}, "EBIT Margin": {"2020-10-31": "12.82650", "2019-10-31": "20.60380", "2018-10-31": "15.91520", "2017-10-31": "20.06080", "2016-10-31": "16.47860", "2015-10-31": "13.17120", "2014-10-31": "17.84200", "2013-10-31": "19.26940", "2012-10-31": "19.61050", "2011-10-31": "17.09870", "2010-10-31": "16.39270", "2009-10-31": "13.87020", "2008-10-31": "12.12200", "2007-10-31": "4.85100", "2006-10-31": "13.14380", "2005-10-31": "16.84000"}, "EBITDA Margin": {"2020-10-31": "24.65750", "2019-10-31": "31.18640", "2018-10-31": "26.77670", "2017-10-31": "28.86860", "2016-10-31": "26.56090", "2015-10-31": "23.82170", "2014-10-31": "25.88740", "2013-10-31": "27.16430", "2012-10-31": "27.30620", "2011-10-31": "24.47370", "2010-10-31": "24.50660", "2009-10-31": "22.44110", "2008-10-31": "19.96880", "2007-10-31": "13.79170", "2006-10-31": "20.32070", "2005-10-31": "22.86980"}, "Pre-Tax Profit Margin": {"2020-10-31": "10.96300", "2019-10-31": "17.99200", "2018-10-31": "13.10410", "2017-10-31": "18.41980", "2016-10-31": "15.02950", "2015-10-31": "11.99150", "2014-10-31": "17.26270", "2013-10-31": "19.66780", "2012-10-31": "19.06060", "2011-10-31": "14.48440", "2010-10-31": "10.74010", "2009-10-31": "10.62810", "2008-10-31": "7.06170", "2007-10-31": "0.07110", "2006-10-31": "8.53790", "2005-10-31": "13.44590"}, "Net Profit Margin": {"2020-10-31": "9.80710", "2019-10-31": "17.58880", "2018-10-31": "5.52350", "2017-10-31": "17.43340", "2016-10-31": "13.92620", "2015-10-31": "11.32380", "2014-10-31": "15.70960", "2013-10-31": "18.65250", "2012-10-31": "17.18450", "2011-10-31": "13.18200", "2010-10-31": "9.73680", "2009-10-31": "9.30640", "2008-10-31": "6.10630", "2007-10-31": "-1.18400", "2006-10-31": "7.71100", "2005-10-31": "11.37120"}, "Asset Turnover": {"2020-10-31": "0.36080", "2019-10-31": "0.42290", "2018-10-31": "0.41430", "2017-10-31": "0.44020", "2016-10-31": "0.43920", "2015-10-31": "0.40290", "2014-10-31": "0.38530", "2013-10-31": "0.50610", "2012-10-31": "0.49130", "2011-10-31": "0.50710", "2010-10-31": "0.45880", "2009-10-31": "0.42340", "2008-10-31": "0.40480", "2007-10-31": "0.36410", "2006-10-31": "0.36510", "2005-10-31": "0.37000"}, "Inventory Turnover Ratio": {"2020-10-31": "1.57100", "2019-10-31": "1.76880", "2018-10-31": "1.92090", "2017-10-31": "1.70270", "2016-10-31": "1.90020", "2015-10-31": "1.73170", "2014-10-31": "1.64150", "2013-10-31": "1.65500", "2012-10-31": "1.62750", "2011-10-31": "2.07440", "2010-10-31": "2.11400", "2009-10-31": "1.85520", "2008-10-31": "1.54290", "2007-10-31": "1.58900", "2006-10-31": "1.40790", "2005-10-31": "1.66830"}, "Receiveable Turnover": {"2020-10-31": "5.58310", "2019-10-31": "6.09560", "2018-10-31": "6.75950", "2017-10-31": "6.75620", "2016-10-31": "6.74950", "2015-10-31": "6.35200", "2014-10-31": "6.21750", "2013-10-31": "6.91710", "2012-10-31": "6.16800", "2011-10-31": "6.19630", "2010-10-31": "5.86620", "2009-10-31": "6.32040", "2008-10-31": "6.58070", "2007-10-31": "5.74640", "2006-10-31": "5.85980", "2005-10-31": "5.28550"}, "Days Sales In Receivables": {"2020-10-31": "65.37540", "2019-10-31": "59.87960", "2018-10-31": "53.99780", "2017-10-31": "54.02480", "2016-10-31": "54.07820", "2015-10-31": "57.46210", "2014-10-31": "58.70510", "2013-10-31": "52.76800", "2012-10-31": "59.17670", "2011-10-31": "58.90610", "2010-10-31": "62.22080", "2009-10-31": "57.74920", "2008-10-31": "55.46500", "2007-10-31": "63.51820", "2006-10-31": "62.28830", "2005-10-31": "69.05710"}, "ROE - Return On Equity": {"2020-10-31": "6.23300", "2019-10-31": "12.86170", "2018-10-31": "4.22940", "2017-10-31": "11.74190", "2016-10-31": "10.19700", "2015-10-31": "7.67040", "2014-10-31": "10.50170", "2013-10-31": "12.25120", "2012-10-31": "11.23480", "2011-10-31": "9.05450", "2010-10-31": "6.76770", "2009-10-31": "6.52760", "2008-10-31": "4.51320", "2007-10-31": "-0.76680", "2006-10-31": "4.80480", "2005-10-31": "7.20390"}, "Return On Tangible Equity": {"2020-10-31": "269.37850", "2019-10-31": "-226.99430", "2018-10-31": "-23.10100", "2017-10-31": "117.89430", "2016-10-31": "305.10510", "2015-10-31": "312.00170", "2014-10-31": "-315.76470", "2013-10-31": "35.46780", "2012-10-31": "39.58490", "2011-10-31": "32.93970", "2010-10-31": "38.81420", "2009-10-31": "59.63240", "2008-10-31": "183.83490", "2007-10-31": "-46.49780", "2006-10-31": "464.31080", "2005-10-31": "-194.17480"}, "ROA - Return On Assets": {"2020-10-31": "3.53840", "2019-10-31": "7.43800", "2018-10-31": "2.28860", "2017-10-31": "7.67490", "2016-10-31": "6.13810", "2015-10-31": "4.59880", "2014-10-31": "6.09710", "2013-10-31": "9.46390", "2012-10-31": "8.45330", "2011-10-31": "6.68430", "2010-10-31": "4.46740", "2009-10-31": "3.94010", "2008-10-31": "2.47160", "2007-10-31": "-0.43110", "2006-10-31": "2.81540", "2005-10-31": "4.20780"}, "ROI - Return On Investment": {"2020-10-31": "4.57700", "2019-10-31": "9.54160", "2018-10-31": "2.64290", "2017-10-31": "8.62180", "2016-10-31": "7.22790", "2015-10-31": "5.42690", "2014-10-31": "7.02530", "2013-10-31": "10.89500", "2012-10-31": "9.70670", "2011-10-31": "7.74550", "2010-10-31": "4.99400", "2009-10-31": "4.34900", "2008-10-31": "2.80650", "2007-10-31": "-0.48880", "2006-10-31": "3.21560", "2005-10-31": "4.81260"}, "Book Value Per Share": {"2020-10-31": "77.89820", "2019-10-31": "73.90220", "2018-10-31": "67.23170", "2017-10-31": "65.07790", "2016-10-31": "55.24390", "2015-10-31": "55.39700", "2014-10-31": "53.76570", "2013-10-31": "50.49470", "2012-10-31": "45.68860", "2011-10-31": "40.49430", "2010-10-31": "36.37110", "2009-10-31": "34.04520", "2008-10-31": "31.40060", "2007-10-31": "32.52770", "2006-10-31": "30.94440", "2005-10-31": "28.65620"}, "Operating Cash Flow Per Share": {"2020-10-31": -4.4535, "2019-10-31": 0.8052, "2018-10-31": 1.4911, "2017-10-31": 1.5677, "2016-10-31": 2.4549, "2015-10-31": -1.3446, "2014-10-31": 0.9185, "2013-10-31": 1.96, "2012-10-31": -0.5498, "2011-10-31": 1.2054, "2010-10-31": 0.8493, "2009-10-31": 2.7668, "2008-10-31": -0.8574, "2007-10-31": -0.1671, "2006-10-31": -0.8341, "2005-10-31": 3.9981}, "Free Cash Flow Per Share": {"2020-10-31": -4.8696, "2019-10-31": -1.1414, "2018-10-31": 0.1602, "2017-10-31": 2.1175, "2016-10-31": 4.2796, "2015-10-31": -1.4211, "2014-10-31": -0.3589, "2013-10-31": 0.405, "2012-10-31": -0.4341, "2011-10-31": 0.6456, "2010-10-31": 1.3282, "2009-10-31": 3.4699, "2008-10-31": 0.4819, "2007-10-31": -1.2755, "2006-10-31": -1.2865, "2005-10-31": 1.4516}}, "financial ratios, quarterly": {"Current Ratio": {"2020-10-31": "1.26860", "2020-07-31": "1.17060", "2020-04-30": "1.13740", "2020-01-31": "1.07620", "2019-10-31": "1.04750", "2019-07-31": "1.29390", "2019-04-30": "1.20800", "2019-01-31": "1.27100", "2018-10-31": "2.03340", "2018-07-31": "2.57650", "2018-04-30": "2.76370", "2018-01-31": "2.82780", "2017-10-31": "2.40650", "2017-07-31": "2.51100", "2017-04-30": "2.79220", "2017-01-31": "1.70670", "2016-10-31": "1.72510", "2016-07-31": "2.90290", "2016-04-30": "2.84010", "2016-01-31": "2.42700", "2015-10-31": "1.47940", "2015-07-31": "1.53840", "2015-04-30": "1.49350", "2015-01-31": "2.05740", "2014-10-31": "1.79030", "2014-07-31": "3.00920", "2014-04-30": "2.88920", "2014-01-31": "2.61300", "2013-10-31": "2.32600", "2013-07-31": "2.83210", "2013-04-30": "2.95210", "2013-01-31": "3.01080", "2012-10-31": "2.50560", "2012-07-31": "2.70650", "2012-04-30": "2.52620", "2012-01-31": "2.69030", "2011-10-31": "2.02220", "2011-07-31": "2.28710", "2011-04-30": "2.61190", "2011-01-31": "2.70510", "2010-10-31": "2.46260", "2010-07-31": "2.19140", "2010-04-30": "2.36940", "2010-01-31": "2.77620", "2009-10-31": "2.87250", "2009-07-31": "2.44190", "2009-04-30": "2.47370", "2009-01-31": "2.11380", "2008-10-31": "2.05960", "2008-07-31": "2.37080", "2008-04-30": "2.31190", "2008-01-31": "2.19240", "2007-10-31": "1.80650", "2007-07-31": "1.79700", "2007-04-30": "1.94300", "2007-01-31": "2.14500", "2006-10-31": "1.65180", "2006-07-31": "1.80280", "2006-04-30": "1.80670", "2006-01-31": "1.99770", "2005-10-31": "1.72230", "2005-07-31": "2.01570", "2005-04-30": "1.97280", "2005-01-31": "2.17260"}, "Long-term Debt / Capital": {"2020-10-31": "0.26570", "2020-07-31": "0.26100", "2020-04-30": "0.27050", "2020-01-31": "0.24850", "2019-10-31": "0.25810", "2019-07-31": "0.28240", "2019-04-30": "0.29360", "2019-01-31": "0.33000", "2018-10-31": "0.37510", "2018-07-31": "0.41070", "2018-04-30": "0.43380", "2018-01-31": "0.42920", "2017-10-31": "0.26570", "2017-07-31": "0.27610", "2017-04-30": "0.31400", "2017-01-31": "0.29870", "2016-10-31": "0.29120", "2016-07-31": "0.34030", "2016-04-30": "0.33960", "2016-01-31": "0.33790", "2015-10-31": "0.29250", "2015-07-31": "0.28430", "2015-04-30": "0.29710", "2015-01-31": "0.34100", "2014-10-31": "0.33100", "2014-07-31": "0.10120", "2014-04-30": "0.10530", "2014-01-31": "0.10940", "2013-10-31": "0.11070", "2013-07-31": "0.08120", "2013-04-30": "0.11090", "2013-01-31": "0.14370", "2012-10-31": "0.13600", "2012-07-31": "0.17810", "2012-04-30": "0.11890", "2012-01-31": "0.16080", "2011-10-31": "0.14460", "2011-07-31": "0.17720", "2011-04-30": "0.22450", "2011-01-31": "0.25410", "2010-10-31": "0.26210", "2010-07-31": "0.28140", "2010-04-30": "0.31190", "2010-01-31": "0.31810", "2009-10-31": "0.33380", "2009-07-31": "0.34580", "2009-04-30": "0.37260", "2009-01-31": "0.38720", "2008-10-31": "0.37820", "2008-07-31": "0.37310", "2008-04-30": "0.38610", "2008-01-31": "0.38320", "2007-10-31": "0.36260", "2007-07-31": "0.36010", "2007-04-30": "0.36570", "2007-01-31": "0.36820", "2006-10-31": "0.33080", "2006-07-31": "0.33990", "2006-04-30": "0.34420", "2006-01-31": "0.35860", "2005-10-31": "0.33190", "2005-07-31": "0.35150", "2005-04-30": "0.35750", "2005-01-31": "0.37510"}, "Debt/Equity Ratio": {"2020-10-31": "0.46880", "2020-07-31": "0.50010", "2020-04-30": "0.52360", "2020-01-31": "0.47620", "2019-10-31": "0.50330", "2019-07-31": "0.50130", "2019-04-30": "0.54400", "2019-01-31": "0.62250", "2018-10-31": "0.61150", "2018-07-31": "0.71100", "2018-04-30": "0.77910", "2018-01-31": "0.76120", "2017-10-31": "0.36930", "2017-07-31": "0.39230", "2017-04-30": "0.47180", "2017-01-31": "0.50520", "2016-10-31": "0.49470", "2016-07-31": "0.52750", "2016-04-30": "0.52510", "2016-01-31": "0.52840", "2015-10-31": "0.50460", "2015-07-31": "0.48550", "2015-04-30": "0.51520", "2015-01-31": "0.55440", "2014-10-31": "0.53400", "2014-07-31": "0.13000", "2014-04-30": "0.13090", "2014-01-31": "0.14090", "2013-10-31": "0.14220", "2013-07-31": "0.09990", "2013-04-30": "0.13720", "2013-01-31": "0.18140", "2012-10-31": "0.16890", "2012-07-31": "0.22900", "2012-04-30": "0.15670", "2012-01-31": "0.21180", "2011-10-31": "0.19640", "2011-07-31": "0.23590", "2011-04-30": "0.30560", "2011-01-31": "0.34970", "2010-10-31": "0.36670", "2010-07-31": "0.40570", "2010-04-30": "0.46210", "2010-01-31": "0.47890", "2009-10-31": "0.50730", "2009-07-31": "0.55400", "2009-04-30": "0.62690", "2009-01-31": "0.66210", "2008-10-31": "0.63850", "2008-07-31": "0.61990", "2008-04-30": "0.65640", "2008-01-31": "0.65450", "2007-10-31": "0.60060", "2007-07-31": "0.60000", "2007-04-30": "0.61070", "2007-01-31": "0.60860", "2006-10-31": "0.53870", "2006-07-31": "0.55950", "2006-04-30": "0.56890", "2006-01-31": "0.58880", "2005-10-31": "0.55360", "2005-07-31": "0.57620", "2005-04-30": "0.58080", "2005-01-31": "0.61830"}, "Gross Margin": {"2020-10-31": "62.20660", "2020-07-31": "62.40060", "2020-04-30": "61.63080", "2020-01-31": "66.00120", "2019-10-31": "65.78950", "2019-07-31": "66.33790", "2019-04-30": "66.11650", "2019-01-31": "66.62950", "2018-10-31": "66.01690", "2018-07-31": "64.66670", "2018-04-30": "64.07410", "2018-01-31": "62.86440", "2017-10-31": "62.92080", "2017-07-31": "64.06480", "2017-04-30": "65.83080", "2017-01-31": "62.59270", "2016-10-31": "57.06570", "2016-07-31": "61.51160", "2016-04-30": "61.69910", "2016-01-31": "58.27400", "2015-10-31": "55.61020", "2015-07-31": "59.10760", "2015-04-30": "61.58980", "2015-01-31": "62.07750", "2014-10-31": "59.73370", "2014-07-31": "64.87900", "2014-04-30": "65.11960", "2014-01-31": "64.92390", "2013-10-31": "64.06600", "2013-07-31": "65.11620", "2013-04-30": "66.18540", "2013-01-31": "63.31580", "2012-10-31": "63.78080", "2012-07-31": "63.48650", "2012-04-30": "64.04620", "2012-01-31": "64.54430", "2011-10-31": "61.96410", "2011-07-31": "57.71320", "2011-04-30": "62.02320", "2011-01-31": "60.22800", "2010-10-31": "59.83060", "2010-07-31": "59.52810", "2010-04-30": "56.51900", "2010-01-31": "57.54410", "2009-10-31": "56.06070", "2009-07-31": "51.32520", "2009-04-30": "57.19890", "2009-01-31": "56.59550", "2008-10-31": "60.72620", "2008-07-31": "55.68750", "2008-04-30": "57.86270", "2008-01-31": "58.85440", "2007-10-31": "47.19330", "2007-07-31": "57.93810", "2007-04-30": "56.06930", "2007-01-31": "59.20700", "2006-10-31": "59.10960", "2006-07-31": "61.01070", "2006-04-30": "62.14040", "2006-01-31": "62.77910", "2005-10-31": "61.26510", "2005-07-31": "62.27410", "2005-04-30": "60.65550", "2005-01-31": "62.43170"}, "Operating Margin": {"2020-10-31": "14.68600", "2020-07-31": "12.45240", "2020-04-30": "5.44870", "2020-01-31": "17.19280", "2019-10-31": "21.21170", "2019-07-31": "20.93020", "2019-04-30": "22.45150", "2019-01-31": "17.65640", "2018-10-31": "18.81810", "2018-07-31": "17.51520", "2018-04-30": "11.83270", "2018-01-31": "15.28810", "2017-10-31": "19.32330", "2017-07-31": "20.28780", "2017-04-30": "22.41580", "2017-01-31": "18.17270", "2016-10-31": "14.30500", "2016-07-31": "19.95340", "2016-04-30": "18.56140", "2016-01-31": "12.76690", "2015-10-31": "9.28120", "2015-07-31": "10.89740", "2015-04-30": "16.33360", "2015-01-31": "16.42250", "2014-10-31": "8.41350", "2014-07-31": "22.32810", "2014-04-30": "21.56690", "2014-01-31": "20.15460", "2013-10-31": "15.06440", "2013-07-31": "22.72080", "2013-04-30": "21.21470", "2013-01-31": "18.11850", "2012-10-31": "19.92930", "2012-07-31": "20.42650", "2012-04-30": "18.99070", "2012-01-31": "18.93150", "2011-10-31": "18.45890", "2011-07-31": "14.78870", "2011-04-30": "18.52320", "2011-01-31": "16.61260", "2010-10-31": "19.94650", "2010-07-31": "17.38500", "2010-04-30": "13.49390", "2010-01-31": "14.20860", "2009-10-31": "14.79740", "2009-07-31": "11.89390", "2009-04-30": "15.81270", "2009-01-31": "13.05240", "2008-10-31": "17.80150", "2008-07-31": "11.14630", "2008-04-30": "10.98020", "2008-01-31": "8.21800", "2007-10-31": "-1.64920", "2007-07-31": "9.39320", "2007-04-30": "4.66930", "2007-01-31": "7.18350", "2006-10-31": "10.37190", "2006-07-31": "14.30480", "2006-04-30": "11.58010", "2006-01-31": "16.38680", "2005-10-31": "10.21390", "2005-07-31": "20.60450", "2005-04-30": "18.90860", "2005-01-31": "18.03930"}, "EBIT Margin": {"2020-10-31": "14.68600", "2020-07-31": "12.45240", "2020-04-30": "5.44870", "2020-01-31": "17.19280", "2019-10-31": "21.21170", "2019-07-31": "20.93020", "2019-04-30": "22.45150", "2019-01-31": "17.65640", "2018-10-31": "18.81810", "2018-07-31": "17.51520", "2018-04-30": "11.83270", "2018-01-31": "15.28810", "2017-10-31": "19.32320", "2017-07-31": "20.28780", "2017-04-30": "22.41580", "2017-01-31": "18.17270", "2016-10-31": "14.30500", "2016-07-31": "19.95340", "2016-04-30": "18.56140", "2016-01-31": "12.76690", "2015-10-31": "9.28130", "2015-07-31": "10.89740", "2015-04-30": "16.33360", "2015-01-31": "16.42250", "2014-10-31": "8.41350", "2014-07-31": "22.32810", "2014-04-30": "21.56690", "2014-01-31": "20.15460", "2013-10-31": "15.06440", "2013-07-31": "22.72080", "2013-04-30": "21.21470", "2013-01-31": "18.11850", "2012-10-31": "19.92930", "2012-07-31": "20.42650", "2012-04-30": "18.99070", "2012-01-31": "18.93150", "2011-10-31": "18.45890", "2011-07-31": "14.78870", "2011-04-30": "18.52320", "2011-01-31": "16.61260", "2010-10-31": "19.94650", "2010-07-31": "17.38500", "2010-04-30": "13.49390", "2010-01-31": "14.20860", "2009-10-31": "14.79740", "2009-07-31": "11.89390", "2009-04-30": "15.81270", "2009-01-31": "13.05240", "2008-10-31": "17.80150", "2008-07-31": "11.14630", "2008-04-30": "10.98020", "2008-01-31": "8.21800", "2007-10-31": "-1.64920", "2007-07-31": "9.39320", "2007-04-30": "4.66930", "2007-01-31": "7.18350", "2006-10-31": "10.37190", "2006-07-31": "14.30480", "2006-04-30": "11.58010", "2006-01-31": "16.38680", "2005-10-31": "10.21390", "2005-07-31": "20.60450", "2005-04-30": "18.90860", "2005-01-31": "18.03930"}, "EBITDA Margin": {"2020-10-31": "", "2020-07-31": "", "2020-04-30": "", "2020-01-31": "", "2019-10-31": "", "2019-07-31": "", "2019-04-30": "", "2019-01-31": "", "2018-10-31": "", "2018-07-31": "", "2018-04-30": "", "2018-01-31": "", "2017-10-31": "", "2017-07-31": "", "2017-04-30": "", "2017-01-31": "", "2016-10-31": "", "2016-07-31": "", "2016-04-30": "", "2016-01-31": "", "2015-10-31": "", "2015-07-31": "", "2015-04-30": "", "2015-01-31": "", "2014-10-31": "", "2014-07-31": "", "2014-04-30": "", "2014-01-31": "", "2013-10-31": "", "2013-07-31": "", "2013-04-30": "", "2013-01-31": "", "2012-10-31": "", "2012-07-31": "", "2012-04-30": "", "2012-01-31": "", "2011-10-31": "", "2011-07-31": "", "2011-04-30": "", "2011-01-31": "", "2010-10-31": "", "2010-07-31": "", "2010-04-30": "", "2010-01-31": "", "2009-10-31": "", "2009-07-31": "", "2009-04-30": "", "2009-01-31": "", "2008-10-31": "", "2008-07-31": "", "2008-04-30": "", "2008-01-31": "", "2007-10-31": "", "2007-07-31": "", "2007-04-30": "", "2007-01-31": "", "2006-10-31": "", "2006-07-31": "", "2006-04-30": "", "2006-01-31": "", "2005-10-31": "", "2005-07-31": "", "2005-04-30": "", "2005-01-31": ""}, "Pre-Tax Profit Margin": {"2020-10-31": "13.74710", "2020-07-31": "11.48390", "2020-04-30": "1.71460", "2020-01-31": "15.07270", "2019-10-31": "18.58010", "2019-07-31": "18.69300", "2019-04-30": "19.57820", "2019-01-31": "14.93390", "2018-10-31": "17.29850", "2018-07-31": "13.69700", "2018-04-30": "8.55380", "2018-01-31": "12.67800", "2017-10-31": "17.22170", "2017-07-31": "19.37050", "2017-04-30": "20.96100", "2017-01-31": "16.04890", "2016-10-31": "13.28320", "2016-07-31": "18.14650", "2016-04-30": "17.07320", "2016-01-31": "11.27670", "2015-10-31": "7.99910", "2015-07-31": "9.66060", "2015-04-30": "15.41190", "2015-01-31": "15.15490", "2014-10-31": "7.45180", "2014-07-31": "21.82360", "2014-04-30": "21.29940", "2014-01-31": "19.61970", "2013-10-31": "14.83320", "2013-07-31": "22.15180", "2013-04-30": "20.55510", "2013-01-31": "21.31850", "2012-10-31": "20.85260", "2012-07-31": "18.87620", "2012-04-30": "18.18950", "2012-01-31": "18.01720", "2011-10-31": "17.42270", "2011-07-31": "13.98310", "2011-04-30": "12.21020", "2011-01-31": "13.99180", "2010-10-31": "17.19340", "2010-07-31": "14.76550", "2010-04-30": "0.85460", "2010-01-31": "9.38530", "2009-10-31": "11.30270", "2009-07-31": "7.95320", "2009-04-30": "11.75660", "2009-01-31": "11.73360", "2008-10-31": "11.62220", "2008-07-31": "6.28910", "2008-04-30": "6.15090", "2008-01-31": "3.90780", "2007-10-31": "-7.57740", "2007-07-31": "5.19530", "2007-04-30": "-0.16760", "2007-01-31": "3.09410", "2006-10-31": "6.17150", "2006-07-31": "10.75700", "2006-04-30": "7.37620", "2006-01-31": "9.78080", "2005-10-31": "6.28350", "2005-07-31": "16.61360", "2005-04-30": "16.33500", "2005-01-31": "15.15080"}, "Net Profit Margin": {"2020-10-31": "11.91320", "2020-07-31": "9.54690", "2020-04-30": "2.19090", "2020-01-31": "14.00500", "2019-10-31": "17.49570", "2019-07-31": "17.67740", "2019-04-30": "18.70700", "2019-01-31": "16.43050", "2018-10-31": "15.45660", "2018-07-31": "15.27270", "2018-04-30": "9.64680", "2018-01-31": "-20.76270", "2017-10-31": "15.77920", "2017-07-31": "18.63310", "2017-04-30": "20.08040", "2017-01-31": "15.18730", "2016-10-31": "11.66380", "2016-07-31": "17.07790", "2016-04-30": "15.31630", "2016-01-31": "11.43240", "2015-10-31": "8.04630", "2015-07-31": "9.73640", "2015-04-30": "13.96740", "2015-01-31": "13.74280", "2014-10-31": "6.57820", "2014-07-31": "20.36320", "2014-04-30": "19.19880", "2014-01-31": "17.73990", "2013-10-31": "13.93630", "2013-07-31": "21.59040", "2013-04-30": "19.56460", "2013-01-31": "19.65750", "2012-10-31": "18.14780", "2012-07-31": "17.68310", "2012-04-30": "15.93810", "2012-01-31": "16.75240", "2011-10-31": "15.69320", "2011-07-31": "12.58320", "2011-04-30": "10.86990", "2011-01-31": "13.37350", "2010-10-31": "15.38110", "2010-07-31": "13.43790", "2010-04-30": "1.54040", "2010-01-31": "7.84720", "2009-10-31": "10.62530", "2009-07-31": "7.68080", "2009-04-30": "9.45880", "2009-01-31": "9.50580", "2008-10-31": "10.47770", "2008-07-31": "6.41940", "2008-04-30": "4.33600", "2008-01-31": "2.83270", "2007-10-31": "-9.73860", "2007-07-31": "3.24780", "2007-04-30": "-0.23370", "2007-01-31": "2.43730", "2006-10-31": "6.29650", "2006-07-31": "9.29020", "2006-04-30": "6.48120", "2006-01-31": "8.72660", "2005-10-31": "3.88280", "2005-07-31": "16.87470", "2005-04-30": "12.91310", "2005-01-31": "12.00200"}, "Asset Turnover": {"2020-10-31": "0.10120", "2020-07-31": "0.08570", "2020-04-30": "0.08060", "2020-01-31": "0.09870", "2019-10-31": "0.11020", "2019-07-31": "0.11010", "2019-04-30": "0.10550", "2019-01-31": "0.09970", "2018-10-31": "0.10660", "2018-07-31": "0.10550", "2018-04-30": "0.09840", "2018-01-31": "0.09410", "2017-10-31": "0.11560", "2017-07-31": "0.11620", "2017-04-30": "0.11000", "2017-01-31": "0.10720", "2016-10-31": "0.11580", "2016-07-31": "0.11210", "2016-04-30": "0.10510", "2016-01-31": "0.10210", "2015-10-31": "0.10220", "2015-07-31": "0.10440", "2015-04-30": "0.09900", "2015-01-31": "0.10270", "2014-10-31": "0.10500", "2014-07-31": "0.12840", "2014-04-30": "0.12800", "2014-01-31": "0.13000", "2013-10-31": "0.13130", "2013-07-31": "0.13700", "2013-04-30": "0.12940", "2013-01-31": "0.12790", "2012-10-31": "0.13470", "2012-07-31": "0.13110", "2012-04-30": "0.13110", "2012-01-31": "0.12540", "2011-10-31": "0.13750", "2011-07-31": "0.13440", "2011-04-30": "0.12390", "2011-01-31": "0.11400", "2010-10-31": "0.12410", "2010-07-31": "0.11810", "2010-04-30": "0.11530", "2010-01-31": "0.10320", "2009-10-31": "0.11110", "2009-07-31": "0.11050", "2009-04-30": "0.10230", "2009-01-31": "0.09840", "2008-10-31": "0.10310", "2008-07-31": "0.10410", "2008-04-30": "0.09860", "2008-01-31": "0.09390", "2007-10-31": "0.09570", "2007-07-31": "0.09910", "2007-04-30": "0.08990", "2007-01-31": "0.08890", "2006-10-31": "0.09180", "2006-07-31": "0.09700", "2006-04-30": "0.09230", "2006-01-31": "0.09070", "2005-10-31": "0.10120", "2005-07-31": "0.10240", "2005-04-30": "0.09970", "2005-01-31": "0.06880"}, "Inventory Turnover Ratio": {"2020-10-31": "0.45160", "2020-07-31": "0.36540", "2020-04-30": "0.35450", "2020-01-31": "0.41730", "2019-10-31": "0.46680", "2019-07-31": "0.45550", "2019-04-30": "0.44960", "2019-01-31": "0.43110", "2018-10-31": "0.47230", "2018-07-31": "0.48620", "2018-04-30": "0.44930", "2018-01-31": "0.43270", "2017-10-31": "0.45850", "2017-07-31": "0.44020", "2017-04-30": "0.40790", "2017-01-31": "0.44300", "2016-10-31": "0.53320", "2016-07-31": "0.46040", "2016-04-30": "0.42740", "2016-01-31": "0.43540", "2015-10-31": "0.48190", "2015-07-31": "0.46500", "2015-04-30": "0.41480", "2015-01-31": "0.43280", "2014-10-31": "0.49400", "2014-07-31": "0.42980", "2014-04-30": "0.41590", "2014-01-31": "0.41840", "2013-10-31": "0.43670", "2013-07-31": "0.42280", "2013-04-30": "0.38270", "2013-01-31": "0.42820", "2012-10-31": "0.44830", "2012-07-31": "0.45770", "2012-04-30": "0.43310", "2012-01-31": "0.42380", "2011-10-31": "0.54130", "2011-07-31": "0.61060", "2011-04-30": "0.49540", "2011-01-31": "0.48590", "2010-10-31": "0.55230", "2010-07-31": "0.51060", "2010-04-30": "0.52680", "2010-01-31": "0.43870", "2009-10-31": "0.47750", "2009-07-31": "0.50150", "2009-04-30": "0.38700", "2009-01-31": "0.38040", "2008-10-31": "0.36970", "2008-07-31": "0.41710", "2008-04-30": "0.37230", "2008-01-31": "0.35800", "2007-10-31": "0.48960", "2007-07-31": "0.39920", "2007-04-30": "0.37870", "2007-01-31": "0.36090", "2006-10-31": "0.37350", "2006-07-31": "0.38890", "2006-04-30": "0.37280", "2006-01-31": "0.38580", "2005-10-31": "0.46020", "2005-07-31": "0.45820", "2005-04-30": "0.44510", "2005-01-31": "0.28150"}, "Receiveable Turnover": {"2020-10-31": "1.56550", "2020-07-31": "1.28350", "2020-04-30": "1.42330", "2020-01-31": "1.58380", "2019-10-31": "1.58880", "2019-07-31": "1.67880", "2019-04-30": "1.65140", "2019-01-31": "1.61180", "2018-10-31": "1.73870", "2018-07-31": "1.75720", "2018-04-30": "1.45930", "2018-01-31": "1.42580", "2017-10-31": "1.77350", "2017-07-31": "1.65530", "2017-04-30": "1.67870", "2017-01-31": "1.71570", "2016-10-31": "1.78000", "2016-07-31": "1.67470", "2016-04-30": "1.61900", "2016-01-31": "1.61210", "2015-10-31": "1.61030", "2015-07-31": "1.64790", "2015-04-30": "1.62690", "2015-01-31": "1.61350", "2014-10-31": "1.69390", "2014-07-31": "1.65090", "2014-04-30": "1.71960", "2014-01-31": "1.72120", "2013-10-31": "1.79430", "2013-07-31": "1.66600", "2013-04-30": "1.71070", "2013-01-31": "1.57500", "2012-10-31": "1.69140", "2012-07-31": "1.65440", "2012-04-30": "1.69850", "2012-01-31": "1.62900", "2011-10-31": "1.68040", "2011-07-31": "1.60880", "2011-04-30": "1.59650", "2011-01-31": "1.54770", "2010-10-31": "1.58670", "2010-07-31": "1.55550", "2010-04-30": "1.65970", "2010-01-31": "1.48770", "2009-10-31": "1.65820", "2009-07-31": "1.67510", "2009-04-30": "1.66610", "2009-01-31": "1.58190", "2008-10-31": "1.67660", "2008-07-31": "1.54310", "2008-04-30": "1.47080", "2008-01-31": "1.47880", "2007-10-31": "1.51020", "2007-07-31": "1.53260", "2007-04-30": "1.43860", "2007-01-31": "1.39920", "2006-10-31": "1.47370", "2006-07-31": "1.50610", "2006-04-30": "1.42610", "2006-01-31": "1.32730", "2005-10-31": "1.44580", "2005-07-31": "1.35350", "2005-04-30": "1.38870", "2005-01-31": "1.01540"}, "Days Sales In Receivables": {"2020-10-31": "57.49120", "2020-07-31": "70.12280", "2020-04-30": "63.23490", "2020-01-31": "56.82450", "2019-10-31": "56.64690", "2019-07-31": "53.61050", "2019-04-30": "54.49790", "2019-01-31": "55.83980", "2018-10-31": "51.76210", "2018-07-31": "51.21820", "2018-04-30": "61.67270", "2018-01-31": "63.12200", "2017-10-31": "50.74620", "2017-07-31": "54.37230", "2017-04-30": "53.61410", "2017-01-31": "52.45640", "2016-10-31": "50.56100", "2016-07-31": "53.74140", "2016-04-30": "55.58960", "2016-01-31": "55.82780", "2015-10-31": "55.89120", "2015-07-31": "54.61470", "2015-04-30": "55.32050", "2015-01-31": "55.77840", "2014-10-31": "53.13110", "2014-07-31": "54.51500", "2014-04-30": "52.33650", "2014-01-31": "52.28880", "2013-10-31": "50.15960", "2013-07-31": "54.02190", "2013-04-30": "52.60900", "2013-01-31": "57.14300", "2012-10-31": "53.20890", "2012-07-31": "54.40010", "2012-04-30": "52.98890", "2012-01-31": "55.24870", "2011-10-31": "53.55950", "2011-07-31": "55.94100", "2011-04-30": "56.37480", "2011-01-31": "58.15110", "2010-10-31": "56.72230", "2010-07-31": "57.85830", "2010-04-30": "54.22660", "2010-01-31": "60.49790", "2009-10-31": "54.27560", "2009-07-31": "53.72800", "2009-04-30": "54.01820", "2009-01-31": "56.89520", "2008-10-31": "53.68050", "2008-07-31": "58.32500", "2008-04-30": "61.19280", "2008-01-31": "60.85970", "2007-10-31": "59.59340", "2007-07-31": "58.72220", "2007-04-30": "62.56010", "2007-01-31": "64.32120", "2006-10-31": "61.06930", "2006-07-31": "59.75730", "2006-04-30": "63.10730", "2006-01-31": "67.80480", "2005-10-31": "62.25000", "2005-07-31": "66.49520", "2005-04-30": "64.81060", "2005-01-31": "88.63250"}, "ROE - Return On Equity": {"2020-10-31": "2.12300", "2020-07-31": "1.46790", "2020-04-30": "0.31700", "2020-01-31": "2.42570", "2019-10-31": "3.33460", "2019-07-31": "3.32180", "2019-04-30": "3.45550", "2019-01-31": "3.01270", "2018-10-31": "3.04430", "2018-07-31": "3.12400", "2018-04-30": "1.91030", "2018-01-31": "-3.88100", "2017-10-31": "2.78980", "2017-07-31": "3.34920", "2017-04-30": "3.56830", "2017-01-31": "2.68850", "2016-10-31": "2.24790", "2016-07-31": "3.22200", "2016-04-30": "2.71060", "2016-01-31": "1.98330", "2015-10-31": "1.38270", "2015-07-31": "1.67940", "2015-04-30": "2.33730", "2015-01-31": "2.45330", "2014-10-31": "1.20750", "2014-07-31": "3.31330", "2014-04-30": "3.10830", "2014-01-31": "2.94490", "2013-10-31": "2.36490", "2013-07-31": "3.65890", "2013-04-30": "3.22990", "2013-01-31": "3.33110", "2012-10-31": "3.25990", "2012-07-31": "3.19340", "2012-04-30": "2.69490", "2012-01-31": "2.81950", "2011-10-31": "2.92330", "2011-07-31": "2.34240", "2011-04-30": "1.95320", "2011-01-31": "2.27690", "2010-10-31": "2.89160", "2010-07-31": "2.49210", "2010-04-30": "0.28880", "2010-01-31": "1.31590", "2009-10-31": "1.95530", "2009-07-31": "1.44670", "2009-04-30": "1.72540", "2009-01-31": "1.73100", "2008-10-31": "1.97300", "2008-07-31": "1.19460", "2008-04-30": "0.78410", "2008-01-31": "0.48650", "2007-10-31": "-1.65760", "2007-07-31": "0.56990", "2007-04-30": "-0.03720", "2007-01-31": "0.38130", "2006-10-31": "0.98670", "2006-07-31": "1.54620", "2006-04-30": "1.02990", "2006-01-31": "1.38040", "2005-10-31": "0.67290", "2005-07-31": "2.99510", "2005-04-30": "2.24580", "2005-01-31": "1.47020"}, "Return On Tangible Equity": {"2020-10-31": "91.75140", "2020-07-31": "1380.00000", "2020-04-30": "-10.43560", "2020-01-31": "-101.23050", "2019-10-31": "-58.85220", "2019-07-31": "-55.99060", "2019-04-30": "-33.04540", "2019-01-31": "-19.18570", "2018-10-31": "-16.62810", "2018-07-31": "-13.37760", "2018-04-30": "-6.95920", "2018-01-31": "13.82930", "2017-10-31": "28.01140", "2017-07-31": "38.11630", "2017-04-30": "68.96790", "2017-01-31": "184.42780", "2016-10-31": "67.25850", "2016-07-31": "160.85270", "2016-04-30": "99.83240", "2016-01-31": "121.26600", "2015-10-31": "56.24100", "2015-07-31": "44.14120", "2015-04-30": "226.81680", "2015-01-31": "-105.31120", "2014-10-31": "-36.30790", "2014-07-31": "7.99510", "2014-04-30": "8.09990", "2014-01-31": "8.25780", "2013-10-31": "6.84640", "2013-07-31": "10.42490", "2013-04-30": "10.14210", "2013-01-31": "11.34550", "2012-10-31": "11.48590", "2012-07-31": "12.98070", "2012-04-30": "8.52230", "2012-01-31": "10.06960", "2011-10-31": "10.63470", "2011-07-31": "8.99560", "2011-04-30": "8.74220", "2011-01-31": "12.13390", "2010-10-31": "16.58400", "2010-07-31": "18.13230", "2010-04-30": "2.67330", "2010-01-31": "11.20140", "2009-10-31": "17.86220", "2009-07-31": "16.37670", "2009-04-30": "41.19420", "2009-01-31": "237.61330", "2008-10-31": "80.36520", "2008-07-31": "23.66550", "2008-04-30": "29.02560", "2008-01-31": "38.87090", "2007-10-31": "-100.51120", "2007-07-31": "27.88010", "2007-04-30": "-5.40070", "2007-01-31": "34.63940", "2006-10-31": "95.35220", "2006-07-31": "1851.76300", "2006-04-30": "-42.06750", "2006-01-31": "-25.55150", "2005-10-31": "-18.13630", "2005-07-31": "-47.12450", "2005-04-30": "-24.86220", "2005-01-31": "-11.62220"}, "ROA - Return On Assets": {"2020-10-31": "1.20520", "2020-07-31": "0.81800", "2020-04-30": "0.17670", "2020-01-31": "1.38200", "2019-10-31": "1.92840", "2019-07-31": "1.94560", "2019-04-30": "1.97310", "2019-01-31": "1.63850", "2018-10-31": "1.64740", "2018-07-31": "1.61100", "2018-04-30": "0.94940", "2018-01-31": "-1.95420", "2017-10-31": "1.82350", "2017-07-31": "2.16610", "2017-04-30": "2.20850", "2017-01-31": "1.62780", "2016-10-31": "1.35310", "2016-07-31": "1.92040", "2016-04-30": "1.61700", "2016-01-31": "1.17450", "2015-10-31": "0.82900", "2015-07-31": "1.02300", "2015-04-30": "1.39180", "2015-01-31": "1.42420", "2014-10-31": "0.70110", "2014-07-31": "2.63330", "2014-04-30": "2.47160", "2014-01-31": "2.32010", "2013-10-31": "1.82680", "2013-07-31": "2.96620", "2013-04-30": "2.54380", "2013-01-31": "2.52350", "2012-10-31": "2.45280", "2012-07-31": "2.32160", "2012-04-30": "2.08940", "2012-01-31": "2.10150", "2011-10-31": "2.15800", "2011-07-31": "1.69070", "2011-04-30": "1.34690", "2011-01-31": "1.52470", "2010-10-31": "1.90880", "2010-07-31": "1.58720", "2010-04-30": "0.17760", "2010-01-31": "0.81000", "2009-10-31": "1.18020", "2009-07-31": "0.84870", "2009-04-30": "0.96800", "2009-01-31": "0.93580", "2008-10-31": "1.08050", "2008-07-31": "0.66820", "2008-04-30": "0.42750", "2008-01-31": "0.26600", "2007-10-31": "-0.93190", "2007-07-31": "0.32190", "2007-04-30": "-0.02100", "2007-01-31": "0.21660", "2006-10-31": "0.57820", "2006-07-31": "0.90090", "2006-04-30": "0.59810", "2006-01-31": "0.79150", "2005-10-31": "0.39300", "2005-07-31": "1.72830", "2005-04-30": "1.28750", "2005-01-31": "0.82540"}, "ROI - Return On Investment": {"2020-10-31": "1.55890", "2020-07-31": "1.08490", "2020-04-30": "0.23130", "2020-01-31": "1.82290", "2019-10-31": "2.47380", "2019-07-31": "2.38380", "2019-04-30": "2.44090", "2019-01-31": "2.01860", "2018-10-31": "1.90230", "2018-07-31": "1.84090", "2018-04-30": "1.08160", "2018-01-31": "-2.21550", "2017-10-31": "2.04850", "2017-07-31": "2.42440", "2017-04-30": "2.44780", "2017-01-31": "1.88540", "2016-10-31": "1.59340", "2016-07-31": "2.12540", "2016-04-30": "1.79020", "2016-01-31": "1.31310", "2015-10-31": "0.97820", "2015-07-31": "1.20190", "2015-04-30": "1.64290", "2015-01-31": "1.61670", "2014-10-31": "0.80780", "2014-07-31": "2.97780", "2014-04-30": "2.78100", "2014-01-31": "2.62260", "2013-10-31": "2.10310", "2013-07-31": "3.36200", "2013-04-30": "2.87160", "2013-01-31": "2.85240", "2012-10-31": "2.81650", "2012-07-31": "2.62480", "2012-04-30": "2.37440", "2012-01-31": "2.36620", "2011-10-31": "2.50060", "2011-07-31": "1.92740", "2011-04-30": "1.51470", "2011-01-31": "1.69830", "2010-10-31": "2.13380", "2010-07-31": "1.79070", "2010-04-30": "0.19870", "2010-01-31": "0.89720", "2009-10-31": "1.30270", "2009-07-31": "0.94640", "2009-04-30": "1.08250", "2009-01-31": "1.06080", "2008-10-31": "1.22690", "2008-07-31": "0.74890", "2008-04-30": "0.48130", "2008-01-31": "0.30010", "2007-10-31": "-1.05660", "2007-07-31": "0.36470", "2007-04-30": "-0.02360", "2007-01-31": "0.24090", "2006-10-31": "0.66040", "2006-07-31": "1.02070", "2006-04-30": "0.67540", "2006-01-31": "0.88540", "2005-10-31": "0.44950", "2005-07-31": "1.94230", "2005-04-30": "1.44290", "2005-01-31": "0.91870"}, "Book Value Per Share": {"2020-10-31": "77.89820", "2020-07-31": "76.58660", "2020-04-30": "73.87980", "2020-01-31": "75.83130", "2019-10-31": "73.90220", "2019-07-31": "72.89320", "2019-04-30": "71.55960", "2019-01-31": "69.48280", "2018-10-31": "67.23170", "2018-07-31": "65.71490", "2018-04-30": "64.92870", "2018-01-31": "64.41630", "2017-10-31": "65.07790", "2017-07-31": "63.12860", "2017-04-30": "60.11860", "2017-01-31": "57.65640", "2016-10-31": "55.24390", "2016-07-31": "56.16110", "2016-04-30": "56.65420", "2016-01-31": "53.86800", "2015-10-31": "55.39700", "2015-07-31": "55.41480", "2015-04-30": "53.83280", "2015-01-31": "52.12340", "2014-10-31": "53.76570", "2014-07-31": "55.43010", "2014-04-30": "53.44460", "2014-01-31": "51.27370", "2013-10-31": "50.49470", "2013-07-31": "49.80060", "2013-04-30": "48.01970", "2013-01-31": "46.55910", "2012-10-31": "45.68860", "2012-07-31": "43.77770", "2012-04-30": "42.33310", "2012-01-31": "40.91140", "2011-10-31": "40.49430", "2011-07-31": "39.54490", "2011-04-30": "38.57260", "2011-01-31": "37.28650", "2010-10-31": "36.37110", "2010-07-31": "34.91110", "2010-04-30": "33.85180", "2010-01-31": "34.17650", "2009-10-31": "34.04520", "2009-07-31": "33.51800", "2009-04-30": "31.61860", "2009-01-31": "30.53380", "2008-10-31": "31.40060", "2008-07-31": "33.25570", "2008-04-30": "31.86650", "2008-01-31": "31.42030", "2007-10-31": "32.52770", "2007-07-31": "32.03930", "2007-04-30": "31.69760", "2007-01-31": "31.46070", "2006-10-31": "30.94440", "2006-07-31": "30.46630", "2006-04-30": "29.87480", "2006-01-31": "29.21920", "2005-10-31": "28.65620", "2005-07-31": "28.42920", "2005-04-30": "28.08440", "2005-01-31": "27.43210"}, "Operating Cash Flow Per Share": {"2020-10-31": 4.3903, "2020-07-31": 2.2851, "2020-04-30": 0.5254, "2020-01-31": "2.60970", "2019-10-31": 4.0185, "2019-07-31": 3.9135, "2019-04-30": 4.2919, "2019-01-31": "2.04010", "2018-10-31": 4.7606, "2018-07-31": 4.7244, "2018-04-30": 3.438, "2018-01-31": "0.53580", "2017-10-31": 4.0121, "2017-07-31": 3.1051, "2017-04-30": 2.6562, "2017-01-31": "2.19430", "2016-10-31": 3.9449, "2016-07-31": 2.6228, "2016-04-30": 1.9983, "2016-01-31": "1.83400", "2015-10-31": 2.1282, "2015-07-31": 1.9424, "2015-04-30": 2.2478, "2015-01-31": "1.62670", "2014-10-31": 3.1009, "2014-07-31": 2.1911, "2014-04-30": 2.5984, "2014-01-31": "1.39930", "2013-10-31": 3.0333, "2013-07-31": 2.0531, "2013-04-30": 2.3253, "2013-01-31": "0.95950", "2012-10-31": 2.3484, "2012-07-31": 1.5695, "2012-04-30": 1.6417, "2012-01-31": "0.85160", "2011-10-31": 2.3641, "2011-07-31": 1.7398, "2011-04-30": 1.3182, "2011-01-31": "1.53890", "2010-10-31": 1.3796, "2010-07-31": 1.6206, "2010-04-30": 1.5382, "2010-01-31": "1.21720", "2009-10-31": 1.7406, "2009-07-31": 1.6557, "2009-04-30": 0.9583, "2009-01-31": "0.55170", "2008-10-31": 0.9565, "2008-07-31": 0.9423, "2008-04-30": 0.3646, "2008-01-31": "-0.12390", "2007-10-31": 0.9908, "2007-07-31": 0.9212, "2007-04-30": 1.068, "2007-01-31": "0.01690", "2006-10-31": 0.745, "2006-07-31": 0.8139, "2006-04-30": 0.9898, "2006-01-31": "0.61530", "2005-10-31": 1.5051, "2005-07-31": 0.8573, "2005-04-30": 0.7287, "2005-01-31": "0.90700"}, "Free Cash Flow Per Share": {"2020-10-31": 2.2413, "2020-07-31": 1.3676, "2020-04-30": -1.2778, "2020-01-31": "1.22130", "2019-10-31": 2.3142, "2019-07-31": 2.4138, "2019-04-30": 3.2411, "2019-01-31": "0.45290", "2018-10-31": 3.8873, "2018-07-31": 3.6761, "2018-04-30": 2.5153, "2018-01-31": "-0.51530", "2017-10-31": 3.3709, "2017-07-31": 2.3394, "2017-04-30": 2.0795, "2017-01-31": "1.61340", "2016-10-31": 3.2265, "2016-07-31": 1.9917, "2016-04-30": 1.1577, "2016-01-31": "0.90980", "2015-10-31": 0.9401, "2015-07-31": 0.5991, "2015-04-30": 1.1644, "2015-01-31": "0.30250", "2014-10-31": 1.8756, "2014-07-31": 1.0598, "2014-04-30": 1.3368, "2014-01-31": "0.15500", "2013-10-31": 1.5799, "2013-07-31": 1.2854, "2013-04-30": 1.5519, "2013-01-31": "0.36890", "2012-10-31": 1.6801, "2012-07-31": 1.0863, "2012-04-30": 1.1721, "2012-01-31": "0.44260", "2011-10-31": 1.6702, "2011-07-31": 1.3662, "2011-04-30": 0.8473, "2011-01-31": "0.93150", "2010-10-31": 0.677, "2010-07-31": 1.2574, "2010-04-30": 1.2979, "2010-01-31": "0.93730", "2009-10-31": 1.2939, "2009-07-31": 1.2251, "2009-04-30": 0.526, "2009-01-31": "-0.20360", "2008-10-31": 0.3678, "2008-07-31": 0.3732, "2008-04-30": -0.2988, "2008-01-31": "-1.07070", "2007-10-31": -0.4234, "2007-07-31": 0.246, "2007-04-30": 0.1625, "2007-01-31": "-1.09550", "2006-10-31": 0.3689, "2006-07-31": -0.0543, "2006-04-30": 0.1216, "2006-01-31": "-0.27110", "2005-10-31": 0.5438, "2005-07-31": 0.0791, "2005-04-30": 0.2163, "2005-01-31": "0.61240"}}, "revenue": {"Cooper Annual Revenue (Millions of US $)": {"2020": "$2,431", "2019": "$2,653", "2018": "$2,533", "2017": "$2,139", "2016": "$1,967", "2015": "$1,797", "2014": "$1,718", "2013": "$1,588", "2012": "$1,445", "2011": "$1,331", "2010": "$1,159", "2009": "$1,080", "2008": "$1,047", "2007": "$945", "2006": "$859", "2005": "$807"}, "Cooper Quarterly Revenue (Millions of US $)": {"2020-10-31": "$682", "2020-07-31": "$578", "2020-04-30": "$525", "2020-01-31": "$646", "2019-10-31": "$692", "2019-07-31": "$679", "2019-04-30": "$654", "2019-01-31": "$628", "2018-10-31": "$652", "2018-07-31": "$660", "2018-04-30": "$631", "2018-01-31": "$590", "2017-10-31": "$562", "2017-07-31": "$556", "2017-04-30": "$522", "2017-01-31": "$499", "2016-10-31": "$519", "2016-07-31": "$515", "2016-04-30": "$484", "2016-01-31": "$450", "2015-10-31": "$456", "2015-07-31": "$462", "2015-04-30": "$435", "2015-01-31": "$445", "2014-10-31": "$468", "2014-07-31": "$432", "2014-04-30": "$412", "2014-01-31": "$405", "2013-10-31": "$412", "2013-07-31": "$412", "2013-04-30": "$384", "2013-01-31": "$380", "2012-10-31": "$396", "2012-07-31": "$378", "2012-04-30": "$345", "2012-01-31": "$326", "2011-10-31": "$361", "2011-07-31": "$351", "2011-04-30": "$325", "2011-01-31": "$293", "2010-10-31": "$313", "2010-07-31": "$296", "2010-04-30": "$289", "2010-01-31": "$260", "2009-10-31": "$283", "2009-07-31": "$285", "2009-04-30": "$261", "2009-01-31": "$251", "2008-10-31": "$267", "2008-07-31": "$279", "2008-04-30": "$259", "2008-01-31": "$243", "2007-10-31": "$248", "2007-07-31": "$252", "2007-04-30": "$226", "2007-01-31": "$219", "2006-10-31": "$216", "2006-07-31": "$226", "2006-04-30": "$211", "2006-01-31": "$206", "2005-10-31": "$221", "2005-07-31": "$223", "2005-04-30": "$215", "2005-01-31": "$148"}}, "gross-profit": {"Cooper Annual Gross Profit (Millions of US $)": {"2020": "$1,535", "2019": "$1,757", "2018": "$1,632", "2017": "$1,366", "2016": "$1,173", "2015": "$1,070", "2014": "$1,092", "2013": "$1,027", "2012": "$924", "2011": "$805", "2010": "$677", "2009": "$596", "2008": "$610", "2007": "$520", "2006": "$526", "2005": "$497"}, "Cooper Quarterly Gross Profit (Millions of US $)": {"2020-10-31": "$424", "2020-07-31": "$361", "2020-04-30": "$324", "2020-01-31": "$427", "2019-10-31": "$455", "2019-07-31": "$451", "2019-04-30": "$433", "2019-01-31": "$419", "2018-10-31": "$430", "2018-07-31": "$427", "2018-04-30": "$405", "2018-01-31": "$371", "2017-10-31": "$353", "2017-07-31": "$356", "2017-04-30": "$344", "2017-01-31": "$312", "2016-10-31": "$296", "2016-07-31": "$317", "2016-04-30": "$299", "2016-01-31": "$262", "2015-10-31": "$253", "2015-07-31": "$273", "2015-04-30": "$268", "2015-01-31": "$276", "2014-10-31": "$280", "2014-07-31": "$281", "2014-04-30": "$268", "2014-01-31": "$263", "2013-10-31": "$264", "2013-07-31": "$268", "2013-04-30": "$254", "2013-01-31": "$240", "2012-10-31": "$253", "2012-07-31": "$240", "2012-04-30": "$221", "2012-01-31": "$210", "2011-10-31": "$224", "2011-07-31": "$203", "2011-04-30": "$202", "2011-01-31": "$177", "2010-10-31": "$187", "2010-07-31": "$176", "2010-04-30": "$163", "2010-01-31": "$150", "2009-10-31": "$159", "2009-07-31": "$146", "2009-04-30": "$149", "2009-01-31": "$142", "2008-10-31": "$162", "2008-07-31": "$155", "2008-04-30": "$150", "2008-01-31": "$143", "2007-10-31": "$117", "2007-07-31": "$146", "2007-04-30": "$126", "2007-01-31": "$130", "2006-10-31": "$128", "2006-07-31": "$138", "2006-04-30": "$131", "2006-01-31": "$129", "2005-10-31": "$135", "2005-07-31": "$139", "2005-04-30": "$131", "2005-01-31": "$92"}}, "operating-income": {"Cooper Annual Operating Income (Millions of US $)": {"2020": "$312", "2019": "$547", "2018": "$403", "2017": "$429", "2016": "$324", "2015": "$237", "2014": "$306", "2013": "$306", "2012": "$283", "2011": "$228", "2010": "$190", "2009": "$150", "2008": "$127", "2007": "$46", "2006": "$113", "2005": "$136"}, "Cooper Quarterly Operating Income (Millions of US $)": {"2020-10-31": "$100", "2020-07-31": "$72", "2020-04-30": "$29", "2020-01-31": "$111", "2019-10-31": "$147", "2019-07-31": "$142", "2019-04-30": "$147", "2019-01-31": "$111", "2018-10-31": "$123", "2018-07-31": "$116", "2018-04-30": "$75", "2018-01-31": "$90", "2017-10-31": "$109", "2017-07-31": "$113", "2017-04-30": "$117", "2017-01-31": "$91", "2016-10-31": "$74", "2016-07-31": "$103", "2016-04-30": "$90", "2016-01-31": "$57", "2015-10-31": "$42", "2015-07-31": "$50", "2015-04-30": "$71", "2015-01-31": "$73", "2014-10-31": "$39", "2014-07-31": "$97", "2014-04-30": "$89", "2014-01-31": "$82", "2013-10-31": "$62", "2013-07-31": "$94", "2013-04-30": "$81", "2013-01-31": "$69", "2012-10-31": "$79", "2012-07-31": "$77", "2012-04-30": "$65", "2012-01-31": "$62", "2011-10-31": "$67", "2011-07-31": "$52", "2011-04-30": "$60", "2011-01-31": "$49", "2010-10-31": "$63", "2010-07-31": "$51", "2010-04-30": "$39", "2010-01-31": "$37", "2009-10-31": "$42", "2009-07-31": "$34", "2009-04-30": "$41", "2009-01-31": "$33", "2008-10-31": "$48", "2008-07-31": "$31", "2008-04-30": "$28", "2008-01-31": "$20", "2007-10-31": "$-4", "2007-07-31": "$24", "2007-04-30": "$11", "2007-01-31": "$16", "2006-10-31": "$22", "2006-07-31": "$32", "2006-04-30": "$24", "2006-01-31": "$34", "2005-10-31": "$23", "2005-07-31": "$46", "2005-04-30": "$41", "2005-01-31": "$27"}}, "ebitda": {"Cooper Annual EBITDA (Millions of US $)": {"2020": "$599", "2019": "$828", "2018": "$678", "2017": "$618", "2016": "$522", "2015": "$428", "2014": "$445", "2013": "$431", "2012": "$395", "2011": "$326", "2010": "$284", "2009": "$242", "2008": "$209", "2007": "$130", "2006": "$175", "2005": "$184"}, "Cooper Quarterly EBITDA (Millions of US $)": {"2020-10-31": "$178", "2020-07-31": "$143", "2020-04-30": "$97", "2020-01-31": "$182", "2019-10-31": "$217", "2019-07-31": "$213", "2019-04-30": "$218", "2019-01-31": "$180", "2018-10-31": "$193", "2018-07-31": "$185", "2018-04-30": "$144", "2018-01-31": "$157", "2017-10-31": "$156", "2017-07-31": "$160", "2017-04-30": "$163", "2017-01-31": "$139", "2016-10-31": "$122", "2016-07-31": "$152", "2016-04-30": "$138", "2016-01-31": "$111", "2015-10-31": "$92", "2015-07-31": "$104", "2015-04-30": "$116", "2015-01-31": "$116", "2014-10-31": "$82", "2014-07-31": "$129", "2014-04-30": "$121", "2014-01-31": "$113", "2013-10-31": "$94", "2013-07-31": "$125", "2013-04-30": "$112", "2013-01-31": "$100", "2012-10-31": "$110", "2012-07-31": "$105", "2012-04-30": "$92", "2012-01-31": "$88", "2011-10-31": "$93", "2011-07-31": "$77", "2011-04-30": "$84", "2011-01-31": "$72", "2010-10-31": "$86", "2010-07-31": "$75", "2010-04-30": "$63", "2010-01-31": "$60", "2009-10-31": "$67", "2009-07-31": "$56", "2009-04-30": "$62", "2009-01-31": "$58", "2008-10-31": "$67", "2008-07-31": "$52", "2008-04-30": "$49", "2008-01-31": "$40", "2007-10-31": "$25", "2007-07-31": "$46", "2007-04-30": "$27", "2007-01-31": "$32", "2006-10-31": "$39", "2006-07-31": "$48", "2006-04-30": "$40", "2006-01-31": "$48", "2005-10-31": "$36", "2005-07-31": "$60", "2005-04-30": "$54", "2005-01-31": "$35"}}, "net-income": {"Cooper Annual Net Income (Millions of US $)": {"2020": "$238", "2019": "$467", "2018": "$140", "2017": "$373", "2016": "$274", "2015": "$204", "2014": "$270", "2013": "$296", "2012": "$248", "2011": "$175", "2010": "$113", "2009": "$101", "2008": "$64", "2007": "$-11", "2006": "$66", "2005": "$92"}, "Cooper Quarterly Net Income (Millions of US $)": {"2020-10-31": "$81", "2020-07-31": "$55", "2020-04-30": "$12", "2020-01-31": "$91", "2019-10-31": "$121", "2019-07-31": "$120", "2019-04-30": "$122", "2019-01-31": "$103", "2018-10-31": "$101", "2018-07-31": "$101", "2018-04-30": "$61", "2018-01-31": "$-123", "2017-10-31": "$89", "2017-07-31": "$104", "2017-04-30": "$105", "2017-01-31": "$76", "2016-10-31": "$61", "2016-07-31": "$88", "2016-04-30": "$74", "2016-01-31": "$51", "2015-10-31": "$37", "2015-07-31": "$45", "2015-04-30": "$61", "2015-01-31": "$61", "2014-10-31": "$31", "2014-07-31": "$88", "2014-04-30": "$79", "2014-01-31": "$72", "2013-10-31": "$57", "2013-07-31": "$89", "2013-04-30": "$75", "2013-01-31": "$75", "2012-10-31": "$72", "2012-07-31": "$67", "2012-04-30": "$55", "2012-01-31": "$55", "2011-10-31": "$57", "2011-07-31": "$44", "2011-04-30": "$35", "2011-01-31": "$39", "2010-10-31": "$48", "2010-07-31": "$40", "2010-04-30": "$4", "2010-01-31": "$20", "2009-10-31": "$30", "2009-07-31": "$22", "2009-04-30": "$25", "2009-01-31": "$24", "2008-10-31": "$28", "2008-07-31": "$18", "2008-04-30": "$11", "2008-01-31": "$7", "2007-10-31": "$-24", "2007-07-31": "$8", "2007-04-30": "$-1", "2007-01-31": "$5", "2006-10-31": "$14", "2006-07-31": "$21", "2006-04-30": "$14", "2006-01-31": "$18", "2005-10-31": "$9", "2005-07-31": "$38", "2005-04-30": "$28", "2005-01-31": "$18"}}, "eps-earnings-per-share-diluted": {"Cooper Annual EPS": {"2020": "$4.81", "2019": "$9.33", "2018": "$2.81", "2017": "$7.52", "2016": "$5.59", "2015": "$4.14", "2014": "$5.51", "2013": "$5.96", "2012": "$5.05", "2011": "$3.63", "2010": "$2.43", "2009": "$2.21", "2008": "$1.42", "2007": "$-0.25", "2006": "$1.44", "2005": "$2.04"}, "Cooper Quarterly EPS": {"2020-10-31": "$1.64", "2020-07-31": "$1.12", "2020-04-30": "$0.23", "2020-01-31": "$1.82", "2019-10-31": "$2.41", "2019-07-31": "$2.40", "2019-04-30": "$2.45", "2019-01-31": "$2.07", "2018-10-31": "$2.05", "2018-07-31": "$2.03", "2018-04-30": "$1.23", "2018-01-31": "$-2.50", "2017-10-31": "$1.78", "2017-07-31": "$2.09", "2017-04-30": "$2.12", "2017-01-31": "$1.53", "2016-10-31": "$1.23", "2016-07-31": "$1.79", "2016-04-30": "$1.52", "2016-01-31": "$1.05", "2015-10-31": "$0.75", "2015-07-31": "$0.91", "2015-04-30": "$1.23", "2015-01-31": "$1.25", "2014-10-31": "$0.62", "2014-07-31": "$1.80", "2014-04-30": "$1.62", "2014-01-31": "$1.47", "2013-10-31": "$1.15", "2013-07-31": "$1.79", "2013-04-30": "$1.52", "2013-01-31": "$1.50", "2012-10-31": "$1.45", "2012-07-31": "$1.36", "2012-04-30": "$1.12", "2012-01-31": "$1.12", "2011-10-31": "$1.17", "2011-07-31": "$0.90", "2011-04-30": "$0.73", "2011-01-31": "$0.83", "2010-10-31": "$1.03", "2010-07-31": "$0.86", "2010-04-30": "$0.10", "2010-01-31": "$0.44", "2009-10-31": "$0.66", "2009-07-31": "$0.48", "2009-04-30": "$0.54", "2009-01-31": "$0.53", "2008-10-31": "$0.63", "2008-07-31": "$0.39", "2008-04-30": "$0.25", "2008-01-31": "$0.15", "2007-10-31": "$-0.54", "2007-07-31": "$0.18", "2007-04-30": "$-0.01", "2007-01-31": "$0.12", "2006-10-31": "$0.30", "2006-07-31": "$0.45", "2006-04-30": "$0.30", "2006-01-31": "$0.39", "2005-10-31": "$0.19", "2005-07-31": "$0.80", "2005-04-30": "$0.59", "2005-01-31": "$0.46"}}, "shares-outstanding": {"Cooper Annual Shares Outstanding (Millions of Shares)": {"2020": "50", "2019": "50", "2018": "50", "2017": "50", "2016": "49", "2015": "49", "2014": "49", "2013": "50", "2012": "49", "2011": "48", "2010": "47", "2009": "45", "2008": "45", "2007": "45", "2006": "48", "2005": "46"}, "Cooper Quarterly Shares Outstanding (Millions of Shares)": {"2020-10-31": "50", "2020-07-31": "50", "2020-04-30": "50", "2020-01-31": "50", "2019-10-31": "50", "2019-07-31": "50", "2019-04-30": "50", "2019-01-31": "50", "2018-10-31": "50", "2018-07-31": "50", "2018-04-30": "50", "2018-01-31": "49", "2017-10-31": "50", "2017-07-31": "50", "2017-04-30": "50", "2017-01-31": "49", "2016-10-31": "49", "2016-07-31": "49", "2016-04-30": "49", "2016-01-31": "49", "2015-10-31": "49", "2015-07-31": "49", "2015-04-30": "49", "2015-01-31": "49", "2014-10-31": "49", "2014-07-31": "49", "2014-04-30": "49", "2014-01-31": "49", "2013-10-31": "50", "2013-07-31": "50", "2013-04-30": "49", "2013-01-31": "50", "2012-10-31": "49", "2012-07-31": "49", "2012-04-30": "49", "2012-01-31": "49", "2011-10-31": "48", "2011-07-31": "49", "2011-04-30": "48", "2011-01-31": "47", "2010-10-31": "47", "2010-07-31": "46", "2010-04-30": "46", "2010-01-31": "46", "2009-10-31": "45", "2009-07-31": "46", "2009-04-30": "46", "2009-01-31": "45", "2008-10-31": "45", "2008-07-31": "47", "2008-04-30": "48", "2008-01-31": "45", "2007-10-31": "45", "2007-07-31": "48", "2007-04-30": "45", "2007-01-31": "45", "2006-10-31": "48", "2006-07-31": "47", "2006-04-30": "48", "2006-01-31": "48", "2005-10-31": "46", "2005-07-31": "48", "2005-04-30": "48", "2005-01-31": "39"}}, "total-assets": {"Cooper Annual Total Assets (Millions of US $)": {"2020": "$6,738", "2019": "$6,275", "2018": "$6,113", "2017": "$4,859", "2016": "$4,479", "2015": "$4,460", "2014": "$4,458", "2013": "$3,137", "2012": "$2,941", "2011": "$2,625", "2010": "$2,525", "2009": "$2,552", "2008": "$2,588", "2007": "$2,596", "2006": "$2,353", "2005": "$2,180"}, "Cooper Quarterly Total Assets (Millions of US $)": {"2020-10-31": "$6,738", "2020-07-31": "$6,748", "2020-04-30": "$6,510", "2020-01-31": "$6,549", "2019-10-31": "$6,275", "2019-07-31": "$6,173", "2019-04-30": "$6,203", "2019-01-31": "$6,299", "2018-10-31": "$6,113", "2018-07-31": "$6,257", "2018-04-30": "$6,414", "2018-01-31": "$6,269", "2017-10-31": "$4,859", "2017-07-31": "$4,783", "2017-04-30": "$4,750", "2017-01-31": "$4,657", "2016-10-31": "$4,479", "2016-07-31": "$4,593", "2016-04-30": "$4,601", "2016-01-31": "$4,402", "2015-10-31": "$4,460", "2015-07-31": "$4,423", "2015-04-30": "$4,393", "2015-01-31": "$4,336", "2014-10-31": "$4,458", "2014-07-31": "$3,367", "2014-04-30": "$3,222", "2014-01-31": "$3,115", "2013-10-31": "$3,137", "2013-07-31": "$3,007", "2013-04-30": "$2,967", "2013-01-31": "$2,970", "2012-10-31": "$2,941", "2012-07-31": "$2,884", "2012-04-30": "$2,629", "2012-01-31": "$2,599", "2011-10-31": "$2,625", "2011-07-31": "$2,615", "2011-04-30": "$2,625", "2011-01-31": "$2,572", "2010-10-31": "$2,525", "2010-07-31": "$2,503", "2010-04-30": "$2,509", "2010-01-31": "$2,521", "2009-10-31": "$2,552", "2009-07-31": "$2,581", "2009-04-30": "$2,546", "2009-01-31": "$2,551", "2008-10-31": "$2,588", "2008-07-31": "$2,676", "2008-04-30": "$2,630", "2008-01-31": "$2,585", "2007-10-31": "$2,596", "2007-07-31": "$2,541", "2007-04-30": "$2,510", "2007-01-31": "$2,469", "2006-10-31": "$2,353", "2006-07-31": "$2,329", "2006-04-30": "$2,291", "2006-01-31": "$2,268", "2005-10-31": "$2,180", "2005-07-31": "$2,177", "2005-04-30": "$2,161", "2005-01-31": "$2,146"}}, "cash-on-hand": {"Cooper Annual Cash on Hand (Millions of US $)": {"2020": "$116", "2019": "$89", "2018": "$78", "2017": "$89", "2016": "$101", "2015": "$16", "2014": "$25", "2013": "$77", "2012": "$13", "2011": "$5", "2010": "$4", "2009": "$4", "2008": "$2", "2007": "$3", "2006": "$8", "2005": "$31"}, "Cooper Quarterly Cash on Hand (Millions of US $)": {"2020-10-31": "$116", "2020-07-31": "$127", "2020-04-30": "$80", "2020-01-31": "$77", "2019-10-31": "$89", "2019-07-31": "$113", "2019-04-30": "$105", "2019-01-31": "$147", "2018-10-31": "$78", "2018-07-31": "$156", "2018-04-30": "$165", "2018-01-31": "$92", "2017-10-31": "$89", "2017-07-31": "$46", "2017-04-30": "$121", "2017-01-31": "$91", "2016-10-31": "$101", "2016-07-31": "$63", "2016-04-30": "$44", "2016-01-31": "$16", "2015-10-31": "$16", "2015-07-31": "$17", "2015-04-30": "$18", "2015-01-31": "$16", "2014-10-31": "$25", "2014-07-31": "$174", "2014-04-30": "$83", "2014-01-31": "$29", "2013-10-31": "$77", "2013-07-31": "$25", "2013-04-30": "$14", "2013-01-31": "$14", "2012-10-31": "$13", "2012-07-31": "$13", "2012-04-30": "$8", "2012-01-31": "$8", "2011-10-31": "$5", "2011-07-31": "$8", "2011-04-30": "$8", "2011-01-31": "$3", "2010-10-31": "$4", "2010-07-31": "$3", "2010-04-30": "$10", "2010-01-31": "$2", "2009-10-31": "$4", "2009-07-31": "$4", "2009-04-30": "$4", "2009-01-31": "$2", "2008-10-31": "$2", "2008-07-31": "$3", "2008-04-30": "$2", "2008-01-31": "$3", "2007-10-31": "$3", "2007-07-31": "$8", "2007-04-30": "$12", "2007-01-31": "$24", "2006-10-31": "$8", "2006-07-31": "$13", "2006-04-30": "$17", "2006-01-31": "$25", "2005-10-31": "$31", "2005-07-31": "$18", "2005-04-30": "$17", "2005-01-31": "$28"}}, "long-term-debt": {"Cooper Annual Long Term Debt (Millions of US $)": {"2020": "$1,384", "2019": "$1,263", "2018": "$1,986", "2017": "$1,149", "2016": "$1,107", "2015": "$1,105", "2014": "$1,281", "2013": "$302", "2012": "$348", "2011": "$327", "2010": "$592", "2009": "$772", "2008": "$862", "2007": "$830", "2006": "$681", "2005": "$633"}, "Cooper Quarterly Long Term Debt (Millions of US $)": {"2020-10-31": "$1,384", "2020-07-31": "$1,328", "2020-04-30": "$1,345", "2020-01-31": "$1,234", "2019-10-31": "$1,263", "2019-07-31": "$1,423", "2019-04-30": "$1,472", "2019-01-31": "$1,687", "2018-10-31": "$1,986", "2018-07-31": "$2,249", "2018-04-30": "$2,442", "2018-01-31": "$2,373", "2017-10-31": "$1,149", "2017-07-31": "$1,180", "2017-04-30": "$1,346", "2017-01-31": "$1,201", "2016-10-31": "$1,107", "2016-07-31": "$1,412", "2016-04-30": "$1,411", "2016-01-31": "$1,331", "2015-10-31": "$1,105", "2015-07-31": "$1,070", "2015-04-30": "$1,106", "2015-01-31": "$1,303", "2014-10-31": "$1,281", "2014-07-31": "$301", "2014-04-30": "$302", "2014-01-31": "$302", "2013-10-31": "$302", "2013-07-31": "$215", "2013-04-30": "$292", "2013-01-31": "$378", "2012-10-31": "$348", "2012-07-31": "$454", "2012-04-30": "$275", "2012-01-31": "$371", "2011-10-31": "$327", "2011-07-31": "$406", "2011-04-30": "$524", "2011-01-31": "$587", "2010-10-31": "$592", "2010-07-31": "$624", "2010-04-30": "$699", "2010-01-31": "$724", "2009-10-31": "$772", "2009-07-31": "$801", "2009-04-30": "$848", "2009-01-31": "$871", "2008-10-31": "$862", "2008-07-31": "$891", "2008-04-30": "$902", "2008-01-31": "$878", "2007-10-31": "$830", "2007-07-31": "$808", "2007-04-30": "$817", "2007-01-31": "$818", "2006-10-31": "$681", "2006-07-31": "$698", "2006-04-30": "$698", "2006-01-31": "$727", "2005-10-31": "$633", "2005-07-31": "$681", "2005-04-30": "$689", "2005-01-31": "$723"}}, "total-liabilities": {"Cooper Annual Total Liabilities (Millions of US $)": {"2020": "$2,913", "2019": "$2,646", "2018": "$2,805", "2017": "$1,683", "2016": "$1,783", "2015": "$1,786", "2014": "$1,870", "2013": "$714", "2012": "$728", "2011": "$687", "2010": "$858", "2009": "$1,012", "2008": "$1,171", "2007": "$1,137", "2006": "$974", "2005": "$907"}, "Cooper Quarterly Total Liabilities (Millions of US $)": {"2020-10-31": "$2,913", "2020-07-31": "$2,988", "2020-04-30": "$2,883", "2020-01-31": "$2,818", "2019-10-31": "$2,646", "2019-07-31": "$2,557", "2019-04-30": "$2,661", "2019-01-31": "$2,873", "2018-10-31": "$2,805", "2018-07-31": "$3,030", "2018-04-30": "$3,226", "2018-01-31": "$3,112", "2017-10-31": "$1,683", "2017-07-31": "$1,690", "2017-04-30": "$1,810", "2017-01-31": "$1,837", "2016-10-31": "$1,783", "2016-07-31": "$1,855", "2016-04-30": "$1,856", "2016-01-31": "$1,795", "2015-10-31": "$1,786", "2015-07-31": "$1,729", "2015-04-30": "$1,777", "2015-01-31": "$1,819", "2014-10-31": "$1,870", "2014-07-31": "$691", "2014-04-30": "$660", "2014-01-31": "$661", "2013-10-31": "$714", "2013-07-31": "$569", "2013-04-30": "$630", "2013-01-31": "$720", "2012-10-31": "$728", "2012-07-31": "$787", "2012-04-30": "$591", "2012-01-31": "$662", "2011-10-31": "$687", "2011-07-31": "$728", "2011-04-30": "$815", "2011-01-31": "$850", "2010-10-31": "$858", "2010-07-31": "$909", "2010-04-30": "$966", "2010-01-31": "$969", "2009-10-31": "$1,012", "2009-07-31": "$1,067", "2009-04-30": "$1,118", "2009-01-31": "$1,172", "2008-10-31": "$1,171", "2008-07-31": "$1,179", "2008-04-30": "$1,196", "2008-01-31": "$1,171", "2007-10-31": "$1,137", "2007-07-31": "$1,106", "2007-04-30": "$1,092", "2007-01-31": "$1,066", "2006-10-31": "$974", "2006-07-31": "$972", "2006-04-30": "$960", "2006-01-31": "$968", "2005-10-31": "$907", "2005-07-31": "$921", "2005-04-30": "$922", "2005-01-31": "$941"}}, "total-share-holder-equity": {"Cooper Annual Share Holder Equity (Millions of US $)": {"2020": "$3,825", "2019": "$3,629", "2018": "$3,308", "2017": "$3,176", "2016": "$2,696", "2015": "$2,674", "2014": "$2,588", "2013": "$2,423", "2012": "$2,213", "2011": "$1,937", "2010": "$1,667", "2009": "$1,540", "2008": "$1,417", "2007": "$1,459", "2006": "$1,379", "2005": "$1,273"}, "Cooper Quarterly Share Holder Equity (Millions of US $)": {"2020-10-31": "$3,825", "2020-07-31": "$3,760", "2020-04-30": "$3,628", "2020-01-31": "$3,731", "2019-10-31": "$3,629", "2019-07-31": "$3,616", "2019-04-30": "$3,542", "2019-01-31": "$3,426", "2018-10-31": "$3,308", "2018-07-31": "$3,227", "2018-04-30": "$3,188", "2018-01-31": "$3,156", "2017-10-31": "$3,176", "2017-07-31": "$3,093", "2017-04-30": "$2,940", "2017-01-31": "$2,819", "2016-10-31": "$2,696", "2016-07-31": "$2,737", "2016-04-30": "$2,745", "2016-01-31": "$2,607", "2015-10-31": "$2,674", "2015-07-31": "$2,694", "2015-04-30": "$2,616", "2015-01-31": "$2,517", "2014-10-31": "$2,588", "2014-07-31": "$2,676", "2014-04-30": "$2,562", "2014-01-31": "$2,454", "2013-10-31": "$2,423", "2013-07-31": "$2,438", "2013-04-30": "$2,336", "2013-01-31": "$2,250", "2012-10-31": "$2,213", "2012-07-31": "$2,097", "2012-04-30": "$2,038", "2012-01-31": "$1,937", "2011-10-31": "$1,937", "2011-07-31": "$1,888", "2011-04-30": "$1,810", "2011-01-31": "$1,722", "2010-10-31": "$1,667", "2010-07-31": "$1,594", "2010-04-30": "$1,543", "2010-01-31": "$1,552", "2009-10-31": "$1,540", "2009-07-31": "$1,514", "2009-04-30": "$1,429", "2009-01-31": "$1,379", "2008-10-31": "$1,417", "2008-07-31": "$1,497", "2008-04-30": "$1,434", "2008-01-31": "$1,414", "2007-10-31": "$1,459", "2007-07-31": "$1,435", "2007-04-30": "$1,418", "2007-01-31": "$1,403", "2006-10-31": "$1,379", "2006-07-31": "$1,357", "2006-04-30": "$1,330", "2006-01-31": "$1,301", "2005-10-31": "$1,273", "2005-07-31": "$1,256", "2005-04-30": "$1,239", "2005-01-31": "$1,205"}}, "profit-margins": {"current": "9.81%"}, "gross margin": {"2020-10-31": "63.18%", "2020-07-31": "64.20%", "2020-04-30": "65.18%", "2020-01-31": "66.12%", "2019-10-31": "66.26%", "2019-07-31": "66.32%", "2019-04-30": "65.88%", "2019-01-31": "65.38%", "2018-10-31": "64.47%", "2018-07-31": "63.69%", "2018-04-30": "63.49%", "2018-01-31": "63.86%", "2017-10-31": "63.81%", "2017-07-31": "62.40%", "2017-04-30": "61.75%", "2017-01-31": "60.68%", "2016-10-31": "59.65%", "2016-07-31": "59.37%", "2016-04-30": "58.69%", "2016-01-31": "58.57%", "2015-10-31": "59.51%", "2015-07-31": "60.61%", "2015-04-30": "62.08%", "2015-01-31": "62.89%", "2014-10-31": "63.60%", "2014-07-31": "64.78%", "2014-04-30": "64.78%", "2014-01-31": "65.03%", "2013-10-31": "64.61%", "2013-07-31": "64.57%", "2013-04-30": "64.17%", "2013-01-31": "63.64%", "2012-10-31": "63.94%", "2012-07-31": "63.48%", "2012-04-30": "62.04%", "2012-01-31": "61.56%", "2011-10-31": "60.60%", "2011-07-31": "59.98%", "2011-04-30": "60.47%", "2011-01-31": "59.03%", "2010-10-31": "58.38%", "2010-07-31": "57.45%", "2010-04-30": "55.33%", "2010-01-31": "55.46%", "2009-10-31": "55.19%", "2009-07-31": "56.30%", "2009-04-30": "57.47%", "2009-01-31": "57.67%", "2008-10-31": "58.21%", "2008-07-31": "54.91%", "2008-04-30": "55.49%", "2008-01-31": "54.90%", "2007-10-31": "54.92%", "2007-07-31": "58.05%", "2007-04-30": "58.85%", "2007-01-31": "60.44%", "2006-10-31": "61.23%", "2006-07-31": "61.69%", "2006-04-30": "62.02%", "2006-01-31": "61.73%", "2005-10-31": "61.59%"}, "operating margin": {"2020-10-31": "12.83%", "2020-07-31": "14.71%", "2020-04-30": "16.88%", "2020-01-31": "20.48%", "2019-10-31": "20.62%", "2019-07-31": "20.02%", "2019-04-30": "19.16%", "2019-01-31": "16.53%", "2018-10-31": "15.95%", "2018-07-31": "15.96%", "2018-04-30": "16.55%", "2018-01-31": "19.24%", "2017-10-31": "20.10%", "2017-07-31": "18.85%", "2017-04-30": "18.73%", "2017-01-31": "17.75%", "2016-10-31": "16.46%", "2016-07-31": "15.33%", "2016-04-30": "12.90%", "2016-01-31": "12.20%", "2015-10-31": "13.13%", "2015-07-31": "12.87%", "2015-04-30": "15.73%", "2015-01-31": "16.96%", "2014-10-31": "17.88%", "2014-07-31": "19.87%", "2014-04-30": "19.93%", "2014-01-31": "19.78%", "2013-10-31": "19.27%", "2013-07-31": "20.55%", "2013-04-30": "19.90%", "2013-01-31": "19.35%", "2012-10-31": "19.58%", "2012-07-31": "19.22%", "2012-04-30": "17.79%", "2012-01-31": "17.68%", "2011-10-31": "17.14%", "2011-07-31": "17.47%", "2011-04-30": "18.17%", "2011-01-31": "16.96%", "2010-10-31": "16.41%", "2010-07-31": "14.98%", "2010-04-30": "13.61%", "2010-01-31": "14.14%", "2009-10-31": "13.89%", "2009-07-31": "14.66%", "2009-04-30": "14.46%", "2009-01-31": "13.26%", "2008-10-31": "12.12%", "2008-07-31": "7.29%", "2008-04-30": "6.79%", "2008-01-31": "5.26%", "2007-10-31": "4.97%", "2007-07-31": "8.00%", "2007-04-30": "9.13%", "2007-01-31": "10.78%", "2006-10-31": "13.04%", "2006-07-31": "13.08%", "2006-04-30": "14.75%", "2006-01-31": "16.65%", "2005-10-31": "16.98%"}, "ebitda margin": {"2020-10-31": "24.68%", "2020-07-31": "26.18%", "2020-04-30": "27.89%", "2020-01-31": "31.07%", "2019-10-31": "31.21%", "2019-07-31": "30.77%", "2019-04-30": "29.92%", "2019-01-31": "27.30%", "2018-10-31": "26.81%", "2018-07-31": "26.28%", "2018-04-30": "26.38%", "2018-01-31": "28.52%", "2017-10-31": "28.89%", "2017-07-31": "27.86%", "2017-04-30": "28.03%", "2017-01-31": "27.32%", "2016-10-31": "26.58%", "2016-07-31": "25.88%", "2016-04-30": "24.03%", "2016-01-31": "23.46%", "2015-10-31": "23.80%", "2015-07-31": "23.09%", "2015-04-30": "24.89%", "2015-01-31": "25.50%", "2014-10-31": "25.92%", "2014-07-31": "27.51%", "2014-04-30": "27.61%", "2014-01-31": "27.53%", "2013-10-31": "27.14%", "2013-07-31": "28.44%", "2013-04-30": "27.76%", "2013-01-31": "27.15%", "2012-10-31": "27.34%", "2012-07-31": "26.81%", "2012-04-30": "25.31%", "2012-01-31": "25.09%", "2011-10-31": "24.51%", "2011-07-31": "24.88%", "2011-04-30": "25.84%", "2011-01-31": "24.85%", "2010-10-31": "24.53%", "2010-07-31": "23.49%", "2010-04-30": "22.02%", "2010-01-31": "22.50%", "2009-10-31": "22.50%", "2009-07-31": "22.84%", "2009-04-30": "22.59%", "2009-01-31": "21.40%", "2008-10-31": "19.85%", "2008-07-31": "16.13%", "2008-04-30": "15.97%", "2008-01-31": "14.24%", "2007-10-31": "13.76%", "2007-07-31": "15.77%", "2007-04-30": "16.46%", "2007-01-31": "18.23%", "2006-10-31": "20.37%", "2006-07-31": "19.91%", "2006-04-30": "21.37%", "2006-01-31": "22.89%", "2005-10-31": "22.92%"}, "pre tax profit margin": {"2020-10-31": "10.94%", "2020-07-31": "12.33%", "2020-04-30": "14.24%", "2020-01-31": "18.01%", "2019-10-31": "18.02%", "2019-07-31": "17.68%", "2019-04-30": "16.38%", "2019-01-31": "13.65%", "2018-10-31": "13.11%", "2018-07-31": "12.93%", "2018-04-30": "14.28%", "2018-01-31": "17.49%", "2017-10-31": "18.47%", "2017-07-31": "17.51%", "2017-04-30": "17.13%", "2017-01-31": "16.11%", "2016-10-31": "15.04%", "2016-07-31": "13.81%", "2016-04-30": "11.61%", "2016-01-31": "11.04%", "2015-10-31": "11.96%", "2015-07-31": "11.82%", "2015-04-30": "14.78%", "2015-01-31": "16.16%", "2014-10-31": "17.24%", "2014-07-31": "19.39%", "2014-04-30": "19.44%", "2014-01-31": "19.22%", "2013-10-31": "19.65%", "2013-07-31": "21.25%", "2013-04-30": "20.42%", "2013-01-31": "19.88%", "2012-10-31": "19.10%", "2012-07-31": "18.16%", "2012-04-30": "16.92%", "2012-01-31": "15.48%", "2011-10-31": "14.51%", "2011-07-31": "14.35%", "2011-04-30": "14.59%", "2011-01-31": "11.84%", "2010-10-31": "10.71%", "2010-07-31": "9.04%", "2010-04-30": "7.25%", "2010-01-31": "10.10%", "2009-10-31": "10.65%", "2009-07-31": "10.71%", "2009-04-30": "10.30%", "2009-01-31": "8.90%", "2008-10-31": "7.06%", "2008-07-31": "2.33%", "2008-04-30": "1.90%", "2008-01-31": "0.31%", "2007-10-31": "0.11%", "2007-07-31": "3.61%", "2007-04-30": "4.96%", "2007-01-31": "6.88%", "2006-10-31": "8.50%", "2006-07-31": "8.56%", "2006-04-30": "10.10%", "2006-01-31": "12.25%", "2005-10-31": "13.38%"}, "net profit margin": {"2020-10-31": "9.83%", "2020-07-31": "11.43%", "2020-04-30": "13.53%", "2020-01-31": "17.00%", "2019-10-31": "17.57%", "2019-07-31": "17.07%", "2019-04-30": "16.46%", "2019-01-31": "14.24%", "2018-10-31": "5.53%", "2018-07-31": "5.24%", "2018-04-30": "5.60%", "2018-01-31": "7.85%", "2017-10-31": "17.48%", "2017-07-31": "16.51%", "2017-04-30": "16.06%", "2017-01-31": "14.82%", "2016-10-31": "13.92%", "2016-07-31": "13.12%", "2016-04-30": "11.18%", "2016-01-31": "10.76%", "2015-10-31": "11.35%", "2015-07-31": "10.94%", "2015-04-30": "13.54%", "2015-01-31": "14.74%", "2014-10-31": "15.73%", "2014-07-31": "17.82%", "2014-04-30": "18.10%", "2014-01-31": "18.16%", "2013-10-31": "18.64%", "2013-07-31": "19.78%", "2013-04-30": "18.79%", "2013-01-31": "17.95%", "2012-10-31": "17.23%", "2012-07-31": "16.60%", "2012-04-30": "15.26%", "2012-01-31": "14.01%", "2011-10-31": "13.16%", "2011-07-31": "12.95%", "2011-04-30": "13.20%", "2011-01-31": "11.00%", "2010-10-31": "9.67%", "2010-07-31": "8.33%", "2010-04-30": "6.80%", "2010-01-31": "8.91%", "2009-10-31": "9.35%", "2009-07-31": "9.30%", "2009-04-30": "8.98%", "2009-01-31": "7.67%", "2008-10-31": "6.11%", "2008-07-31": "1.17%", "2008-04-30": "0.20%", "2008-01-31": "-1.03%", "2007-10-31": "-1.27%", "2007-07-31": "2.85%", "2007-04-30": "4.40%", "2007-01-31": "6.19%", "2006-10-31": "7.80%", "2006-07-31": "7.18%", "2006-04-30": "9.18%", "2006-01-31": "10.75%", "2005-10-31": "11.52%"}, "pe ratio": {"current": "40.14", "2021-02-05": "80.45", "2020-10-31": "66.33", "2020-07-31": "50.61", "2020-04-30": "41.72", "2020-01-31": "38.15", "2019-10-31": "31.15", "2019-07-31": "37.73", "2019-04-30": "33.82", "2019-01-31": "37.91", "2018-10-31": "92.87", "2018-07-31": "102.51", "2018-04-30": "87.91", "2018-01-31": "70.06", "2017-10-31": "31.93", "2017-07-31": "34.96", "2017-04-30": "30.01", "2017-01-31": "30.39", "2016-10-31": "31.46", "2016-07-31": "35.67", "2016-04-30": "36.15", "2016-01-31": "33.25", "2015-10-31": "36.75", "2015-07-31": "43.97", "2015-04-30": "36.21", "2015-01-31": "29.70", "2014-10-31": "29.64", "2014-07-31": "26.59", "2014-04-30": "21.83", "2014-01-31": "20.92", "2013-10-31": "21.63", "2013-07-31": "20.27", "2013-04-30": "18.86", "2013-01-31": "18.59", "2012-10-31": "18.92", "2012-07-31": "15.80", "2012-04-30": "21.08", "2012-01-31": "19.03", "2011-10-31": "19.08", "2011-07-31": "21.78", "2011-04-30": "20.84", "2011-01-31": "19.36", "2010-10-31": "20.21", "2010-07-31": "18.78", "2010-04-30": "23.03", "2010-01-31": "16.57", "2009-10-31": "12.60", "2009-07-31": "12.40", "2009-04-30": "13.53", "2009-01-31": "10.35", "2008-10-31": "11.35", "2008-07-31": "119.32", "2008-04-30": "577.83", "2008-01-31": "0.00", "2007-10-31": "0.00", "2007-07-31": "85.55", "2007-04-30": "59.47", "2007-01-31": "41.03", "2006-10-31": "40.12"}, "price sales": {"2021-02-05": "7.90", "2020-10-31": "6.51", "2020-07-31": "5.76", "2020-04-30": "5.62", "2020-01-31": "6.49", "2019-10-31": "5.48", "2019-07-31": "6.44", "2019-04-30": "5.57", "2019-01-31": "5.39", "2018-10-31": "5.04", "2018-07-31": "5.27", "2018-04-30": "4.83", "2018-01-31": "5.42", "2017-10-31": "5.56", "2017-07-31": "5.74", "2017-04-30": "4.79", "2017-01-31": "4.49", "2016-10-31": "4.38", "2016-07-31": "4.69", "2016-04-30": "4.05", "2016-01-31": "3.57", "2015-10-31": "4.16", "2015-07-31": "4.80", "2015-04-30": "4.90", "2015-01-31": "4.38", "2014-10-31": "4.66", "2014-07-31": "4.74", "2014-04-30": "3.95", "2014-01-31": "3.81", "2013-10-31": "4.03", "2013-07-31": "4.00", "2013-04-30": "3.54", "2013-01-31": "3.32", "2012-10-31": "3.25", "2012-07-31": "2.60", "2012-04-30": "3.10", "2012-01-31": "2.56", "2011-10-31": "2.50", "2011-07-31": "2.84", "2011-04-30": "2.87", "2011-01-31": "2.24", "2010-10-31": "1.97", "2010-07-31": "1.58", "2010-04-30": "1.59", "2010-01-31": "1.47", "2009-10-31": "1.17", "2009-07-31": "1.16", "2009-04-30": "1.23", "2009-01-31": "0.82", "2008-10-31": "0.72", "2008-07-31": "1.50", "2008-04-30": "1.60", "2008-01-31": "1.83", "2007-10-31": "2.00", "2007-07-31": "2.51", "2007-04-30": "2.63", "2007-01-31": "2.53", "2006-10-31": "3.15"}, "price book": {"current": "5.40", "2021-02-05": "4.97", "2020-10-31": "4.10", "2020-07-31": "3.69", "2020-04-30": "3.88", "2020-01-31": "4.57", "2019-10-31": "3.94", "2019-07-31": "4.63", "2019-04-30": "4.05", "2019-01-31": "4.01", "2018-10-31": "3.84", "2018-07-31": "3.96", "2018-04-30": "3.52", "2018-01-31": "3.80", "2017-10-31": "3.69", "2017-07-31": "3.86", "2017-04-30": "3.33", "2017-01-31": "3.20", "2016-10-31": "3.18", "2016-07-31": "3.25", "2016-04-30": "2.70", "2016-01-31": "2.43", "2015-10-31": "2.75", "2015-07-31": "3.19", "2015-04-30": "3.30", "2015-01-31": "3.02", "2014-10-31": "3.04", "2014-07-31": "2.90", "2014-04-30": "2.46", "2014-01-31": "2.42", "2013-10-31": "2.55", "2013-07-31": "2.55", "2013-04-30": "2.29", "2013-01-31": "2.17", "2012-10-31": "2.10", "2012-07-31": "1.71", "2012-04-30": "2.08", "2012-01-31": "1.76", "2011-10-31": "1.71", "2011-07-31": "1.93", "2011-04-30": "1.93", "2011-01-31": "1.53", "2010-10-31": "1.35", "2010-07-31": "1.11", "2010-04-30": "1.14", "2010-01-31": "1.03", "2009-10-31": "0.82", "2009-07-31": "0.81", "2009-04-30": "0.90", "2009-01-31": "0.62", "2008-10-31": "0.52", "2008-07-31": "1.00", "2008-04-30": "1.09", "2008-01-31": "1.24", "2007-10-31": "1.28", "2007-07-31": "1.55", "2007-04-30": "1.59", "2007-01-31": "1.50", "2006-10-31": "1.84", "2006-07-31": "1.43", "2006-04-30": "1.81", "2006-01-31": "1.87"}, "price fcf": {"2021-02-05": "", "2020-10-31": "$3.55", "2020-07-31": "$3.63", "2020-04-30": "$4.67", "2020-01-31": "$9.19", "2019-10-31": "$8.42", "2019-07-31": "$10.00", "2019-04-30": "$11.26", "2019-01-31": "$10.53", "2018-10-31": "$9.56", "2018-07-31": "$9.05", "2018-04-30": "$7.71", "2018-01-31": "$7.27", "2017-10-31": "$9.40", "2017-07-31": "$9.26", "2017-04-30": "$8.91", "2017-01-31": "$7.99", "2016-10-31": "$7.29", "2016-07-31": "$5.00", "2016-04-30": "$3.61", "2016-01-31": "$3.61", "2015-10-31": "$3.01", "2015-07-31": "$3.94", "2015-04-30": "$4.40", "2015-01-31": "$4.57", "2014-10-31": "$4.43", "2014-07-31": "$4.13", "2014-04-30": "$4.36", "2014-01-31": "$4.57", "2013-10-31": "$4.79", "2013-07-31": "$4.89", "2013-04-30": "$4.69", "2013-01-31": "$4.31", "2012-10-31": "$4.38", "2012-07-31": "$4.37", "2012-04-30": "$4.65", "2012-01-31": "$4.33", "2011-10-31": "$4.82", "2011-07-31": "$3.82", "2011-04-30": "$3.71", "2011-01-31": "$4.16", "2010-10-31": "$4.17", "2010-07-31": "$4.79", "2010-04-30": "$4.75", "2010-01-31": "$3.98", "2009-10-31": "$2.84", "2009-07-31": "$1.92", "2009-04-30": "$1.06", "2009-01-31": "$0.24", "2008-10-31": "$-0.63", "2008-07-31": "$-1.42", "2008-04-30": "$-1.55", "2008-01-31": "$-1.09", "2007-10-31": "$-1.11", "2007-07-31": "$-0.32", "2007-04-30": "$-0.62", "2007-01-31": "$-0.66", "2006-10-31": "$0.17"}, "net worth": {"value": "$19.02B"}, "current ratio": {"current": "1.27", "2020-10-31": "1.27", "2020-07-31": "1.17", "2020-04-30": "1.14", "2020-01-31": "1.08", "2019-10-31": "1.05", "2019-07-31": "1.29", "2019-04-30": "1.21", "2019-01-31": "1.27", "2018-10-31": "2.03", "2018-07-31": "2.58", "2018-04-30": "2.76", "2018-01-31": "2.83", "2017-10-31": "2.41", "2017-07-31": "2.51", "2017-04-30": "2.79", "2017-01-31": "1.71", "2016-10-31": "1.73", "2016-07-31": "2.90", "2016-04-30": "2.84", "2016-01-31": "2.43", "2015-10-31": "1.48", "2015-07-31": "1.54", "2015-04-30": "1.49", "2015-01-31": "2.06", "2014-10-31": "1.79", "2014-07-31": "3.01", "2014-04-30": "2.89", "2014-01-31": "2.61", "2013-10-31": "2.33", "2013-07-31": "2.83", "2013-04-30": "2.95", "2013-01-31": "3.01", "2012-10-31": "2.51", "2012-07-31": "2.71", "2012-04-30": "2.53", "2012-01-31": "2.69", "2011-10-31": "2.02", "2011-07-31": "2.29", "2011-04-30": "2.61", "2011-01-31": "2.71", "2010-10-31": "2.46", "2010-07-31": "2.19", "2010-04-30": "2.37", "2010-01-31": "2.78", "2009-10-31": "2.87", "2009-07-31": "2.44", "2009-04-30": "2.47", "2009-01-31": "2.11", "2008-10-31": "2.06", "2008-07-31": "2.37", "2008-04-30": "2.31", "2008-01-31": "2.19", "2007-10-31": "1.81", "2007-07-31": "1.80", "2007-04-30": "1.94", "2007-01-31": "2.15", "2006-10-31": "1.65", "2006-07-31": "1.80", "2006-04-30": "1.81", "2006-01-31": "2.00", "2005-10-31": "1.72", "2005-07-31": "2.02", "2005-04-30": "1.97", "2005-01-31": "2.17"}, "quick ratio": {"2020-10-31": "0.70", "2020-07-31": "0.64", "2020-04-30": "0.58", "2020-01-31": "0.58", "2019-10-31": "0.59", "2019-07-31": "0.73", "2019-04-30": "0.68", "2019-01-31": "0.75", "2018-10-31": "1.16", "2018-07-31": "1.54", "2018-04-30": "1.67", "2018-01-31": "1.61", "2017-10-31": "1.26", "2017-07-31": "1.29", "2017-04-30": "1.52", "2017-01-31": "0.89", "2016-10-31": "0.96", "2016-07-31": "1.56", "2016-04-30": "1.49", "2016-01-31": "1.19", "2015-10-31": "0.74", "2015-07-31": "0.77", "2015-04-30": "0.74", "2015-01-31": "1.04", "2014-10-31": "0.93", "2014-07-31": "1.82", "2014-04-30": "1.58", "2014-01-31": "1.35", "2013-10-31": "1.27", "2013-07-31": "1.47", "2013-04-30": "1.47", "2013-01-31": "1.57", "2012-10-31": "1.29", "2012-07-31": "1.41", "2012-04-30": "1.27", "2012-01-31": "1.37", "2011-10-31": "1.07", "2011-07-31": "1.26", "2011-04-30": "1.40", "2011-01-31": "1.42", "2010-10-31": "1.32", "2010-07-31": "1.15", "2010-04-30": "1.22", "2010-01-31": "1.37", "2009-10-31": "1.39", "2009-07-31": "1.14", "2009-04-30": "1.12", "2009-01-31": "0.99", "2008-10-31": "0.95", "2008-07-31": "1.14", "2008-04-30": "1.09", "2008-01-31": "1.03", "2007-10-31": "0.87", "2007-07-31": "0.86", "2007-04-30": "0.92", "2007-01-31": "1.07", "2006-10-31": "0.80", "2006-07-31": "0.91", "2006-04-30": "0.93", "2006-01-31": "1.12", "2005-10-31": "1.00", "2005-07-31": "1.17", "2005-04-30": "1.11", "2005-01-31": "1.20"}, "debt equity ratio": {"current": "0.36", "2020-10-31": "0.76", "2020-07-31": "0.80", "2020-04-30": "0.80", "2020-01-31": "0.76", "2019-10-31": "0.73", "2019-07-31": "0.71", "2019-04-30": "0.75", "2019-01-31": "0.84", "2018-10-31": "0.85", "2018-07-31": "0.94", "2018-04-30": "1.01", "2018-01-31": "0.99", "2017-10-31": "0.53", "2017-07-31": "0.55", "2017-04-30": "0.62", "2017-01-31": "0.65", "2016-10-31": "0.66", "2016-07-31": "0.68", "2016-04-30": "0.68", "2016-01-31": "0.69", "2015-10-31": "0.67", "2015-07-31": "0.64", "2015-04-30": "0.68", "2015-01-31": "0.72", "2014-10-31": "0.72", "2014-07-31": "0.26", "2014-04-30": "0.26", "2014-01-31": "0.27", "2013-10-31": "0.30", "2013-07-31": "0.23", "2013-04-30": "0.27", "2013-01-31": "0.32", "2012-10-31": "0.33", "2012-07-31": "0.38", "2012-04-30": "0.29", "2012-01-31": "0.34", "2011-10-31": "0.36", "2011-07-31": "0.39", "2011-04-30": "0.45", "2011-01-31": "0.49", "2010-10-31": "0.52", "2010-07-31": "0.57", "2010-04-30": "0.63", "2010-01-31": "0.63", "2009-10-31": "0.66", "2009-07-31": "0.71", "2009-04-30": "0.78", "2009-01-31": "0.85", "2008-10-31": "0.83", "2008-07-31": "0.79", "2008-04-30": "0.83", "2008-01-31": "0.83", "2007-10-31": "0.78", "2007-07-31": "0.77", "2007-04-30": "0.77", "2007-01-31": "0.76", "2006-10-31": "0.71", "2006-07-31": "0.72", "2006-04-30": "0.72", "2006-01-31": "0.74", "2005-10-31": "0.71", "2005-07-31": "0.73", "2005-04-30": "0.74", "2005-01-31": "0.78"}, "return on equity": {"2020-10-31": "6.40%", "2020-07-31": "7.57%", "2020-04-30": "9.42%", "2020-01-31": "12.51%", "2019-10-31": "13.11%", "2019-07-31": "12.84%", "2019-04-30": "12.65%", "2019-01-31": "11.13%", "2018-10-31": "4.35%", "2018-07-31": "4.02%", "2018-04-30": "4.15%", "2018-01-31": "5.66%", "2017-10-31": "12.44%", "2017-07-31": "11.98%", "2017-04-30": "11.79%", "2017-01-31": "10.88%", "2016-10-31": "10.16%", "2016-07-31": "9.29%", "2016-04-30": "7.72%", "2016-01-31": "7.33%", "2015-10-31": "7.77%", "2015-07-31": "7.60%", "2015-04-30": "9.27%", "2015-01-31": "10.02%", "2014-10-31": "10.51%", "2014-07-31": "11.71%", "2014-04-30": "12.03%", "2014-01-31": "12.14%", "2013-10-31": "12.53%", "2013-07-31": "13.47%", "2013-04-30": "12.99%", "2013-01-31": "12.51%", "2012-10-31": "12.02%", "2012-07-31": "11.69%", "2012-04-30": "10.82%", "2012-01-31": "10.09%", "2011-10-31": "9.51%", "2011-07-31": "9.37%", "2011-04-30": "9.54%", "2011-01-31": "8.03%", "2010-10-31": "7.05%", "2010-07-31": "6.04%", "2010-04-30": "4.94%", "2010-01-31": "6.43%", "2009-10-31": "6.89%", "2009-07-31": "6.90%", "2009-04-30": "6.64%", "2009-01-31": "5.66%", "2008-10-31": "4.44%", "2008-07-31": "0.83%", "2008-04-30": "0.14%", "2008-01-31": "-0.70%", "2007-10-31": "-0.84%", "2007-07-31": "1.85%", "2007-04-30": "2.81%", "2007-01-31": "3.95%", "2006-10-31": "4.99%", "2006-07-31": "4.71%", "2006-04-30": "6.12%", "2006-01-31": "7.34%", "2005-10-31": "7.48%"}, "return on assets": {"2020-10-31": "3.60%", "2020-07-31": "4.28%", "2020-04-30": "5.39%", "2020-01-31": "7.21%", "2019-10-31": "7.47%", "2019-07-31": "7.20%", "2019-04-30": "6.87%", "2019-01-31": "5.84%", "2018-10-31": "2.24%", "2018-07-31": "2.15%", "2018-04-30": "2.35%", "2018-01-31": "3.39%", "2017-10-31": "7.85%", "2017-07-31": "7.41%", "2017-04-30": "7.14%", "2017-01-31": "6.52%", "2016-10-31": "6.06%", "2016-07-31": "5.54%", "2016-04-30": "4.63%", "2016-01-31": "4.39%", "2015-10-31": "4.63%", "2015-07-31": "4.50%", "2015-04-30": "5.82%", "2015-01-31": "6.73%", "2014-10-31": "7.63%", "2014-07-31": "9.22%", "2014-04-30": "9.52%", "2014-01-31": "9.59%", "2013-10-31": "9.80%", "2013-07-31": "10.47%", "2013-04-30": "9.83%", "2013-01-31": "9.42%", "2012-10-31": "9.01%", "2012-07-31": "8.72%", "2012-04-30": "8.06%", "2012-01-31": "7.30%", "2011-10-31": "6.71%", "2011-07-31": "6.42%", "2011-04-30": "6.34%", "2011-01-31": "5.18%", "2010-10-31": "4.45%", "2010-07-31": "3.73%", "2010-04-30": "2.99%", "2010-01-31": "3.80%", "2009-10-31": "3.95%", "2009-07-31": "3.86%", "2009-04-30": "3.67%", "2009-01-31": "3.10%", "2008-10-31": "2.44%", "2008-07-31": "0.46%", "2008-04-30": "0.08%", "2008-01-31": "-0.39%", "2007-10-31": "-0.47%", "2007-07-31": "1.05%", "2007-04-30": "1.61%", "2007-01-31": "2.29%", "2006-10-31": "2.90%", "2006-07-31": "2.73%", "2006-04-30": "3.54%", "2006-01-31": "4.23%", "2005-10-31": "4.29%"}, "return on investments": {"2020-10-31": "6.17%", "2020-07-31": "7.21%", "2020-04-30": "8.64%", "2020-01-31": "10.99%", "2019-10-31": "10.91%", "2019-07-31": "10.23%", "2019-04-30": "9.51%", "2019-01-31": "7.90%", "2018-10-31": "7.37%", "2018-07-31": "7.44%", "2018-04-30": "7.84%", "2018-01-31": "9.32%", "2017-10-31": "10.18%", "2017-07-31": "9.65%", "2017-04-30": "9.47%", "2017-01-31": "8.88%", "2016-10-31": "8.08%", "2016-07-31": "7.29%", "2016-04-30": "6.11%", "2016-01-31": "5.79%", "2015-10-31": "6.26%", "2015-07-31": "6.14%", "2015-04-30": "7.78%", "2015-01-31": "8.81%", "2014-10-31": "9.85%", "2014-07-31": "11.66%", "2014-04-30": "11.89%", "2014-01-31": "11.86%", "2013-10-31": "11.51%", "2013-07-31": "12.34%", "2013-04-30": "11.81%", "2013-01-31": "11.54%", "2012-10-31": "11.63%", "2012-07-31": "11.49%", "2012-04-30": "10.72%", "2012-01-31": "10.48%", "2011-10-31": "9.91%", "2011-07-31": "9.74%", "2011-04-30": "9.78%", "2011-01-31": "8.95%", "2010-10-31": "8.45%", "2010-07-31": "7.47%", "2010-04-30": "6.65%", "2010-01-31": "6.71%", "2009-10-31": "6.55%", "2009-07-31": "6.84%", "2009-04-30": "6.66%", "2009-01-31": "6.05%", "2008-10-31": "5.47%", "2008-07-31": "3.22%", "2008-04-30": "2.97%", "2008-01-31": "2.25%", "2007-10-31": "2.09%", "2007-07-31": "3.33%", "2007-04-30": "3.78%", "2007-01-31": "4.50%", "2006-10-31": "5.48%", "2006-07-31": "5.64%", "2006-04-30": "6.43%", "2006-01-31": "7.38%", "2005-10-31": "7.12%"}, "return on tangible equity": {"2020-10-31": "-901.89%", "2020-07-31": "-278.30%", "2020-04-30": "-221.94%", "2020-01-31": "-206.36%", "2019-10-31": "-140.26%", "2019-07-31": "-103.18%", "2019-04-30": "-75.31%", "2019-01-31": "-52.79%", "2018-10-31": "-17.94%", "2018-07-31": "-23.28%", "2018-04-30": "-44.67%", "2018-01-31": "-479.45%", "2017-10-31": "191.55%", "2017-07-31": "249.37%", "2017-04-30": "390.53%", "2017-01-31": "458.24%", "2016-10-31": "416.73%", "2016-07-31": "418.41%", "2016-04-30": "289.51%", "2016-01-31": "326.05%", "2015-10-31": "600.00%", "2015-07-31": "-4950.00%", "2015-04-30": "97.28%", "2015-01-31": "53.21%", "2014-10-31": "37.49%", "2014-07-31": "31.13%", "2014-04-30": "33.46%", "2014-01-31": "35.39%", "2013-10-31": "38.23%", "2013-07-31": "43.07%", "2013-04-30": "45.37%", "2013-01-31": "43.95%", "2012-10-31": "42.75%", "2012-07-31": "41.88%", "2012-04-30": "38.17%", "2012-01-31": "38.76%", "2011-10-31": "39.95%", "2011-07-31": "43.97%", "2011-04-30": "52.38%", "2011-01-31": "52.40%", "2010-10-31": "52.15%", "2010-07-31": "51.02%", "2010-04-30": "46.63%", "2010-01-31": "71.19%", "2009-10-31": "108.31%", "2009-07-31": "165.69%", "2009-04-30": "209.94%", "2009-01-31": "202.50%", "2008-10-31": "152.38%", "2008-07-31": "30.57%", "2008-04-30": "7.27%", "2008-01-31": "-49.38%", "2007-10-31": "-61.54%", "2007-07-31": "152.94%", "2007-04-30": "390.00%", "2007-01-31": "-7200.00%", "2006-10-31": "-304.55%", "2006-07-31": "-166.44%", "2006-04-30": "-137.39%", "2006-01-31": "-120.39%", "2005-10-31": "-95.14%"}, "dividend yield history": {"last payout": "$0.06", "last yield": "0.02%"}}