{"ticker": "WEN", "price": {"title": "Wendy's Historical Annual Stock Price Data", "value": 21.24, "historical": {"2021": {"Average Stock Price": "21.0458", "Year Open": "21.3800", "Year High": "21.7800", "Year Low": "20.4000", "Year Close": "21.2400", "Annual % Change": "-3.10%"}, "2020": {"Average Stock Price": "21.1065", "Year Open": "22.3400", "Year High": "24.7100", "Year Low": "7.4700", "Year Close": "21.9200", "Annual % Change": "-1.31%"}, "2019": {"Average Stock Price": "19.2722", "Year Open": "15.6400", "Year High": "22.7900", "Year Low": "15.5600", "Year Close": "22.2100", "Annual % Change": "42.28%"}, "2018": {"Average Stock Price": "17.0349", "Year Open": "16.3200", "Year High": "18.4300", "Year Low": "15.0000", "Year Close": "15.6100", "Annual % Change": "-4.93%"}, "2017": {"Average Stock Price": "14.8286", "Year Open": "13.4200", "Year High": "16.5800", "Year Low": "13.1500", "Year Close": "16.4200", "Annual % Change": "21.45%"}, "2016": {"Average Stock Price": "10.6396", "Year Open": "10.6700", "Year High": "13.9600", "Year Low": "9.1800", "Year Close": "13.5200", "Annual % Change": "25.53%"}, "2015": {"Average Stock Price": "10.3069", "Year Open": "9.0600", "Year High": "11.5750", "Year Low": "8.5400", "Year Close": "10.7700", "Annual % Change": "19.27%"}, "2014": {"Average Stock Price": "8.5484", "Year Open": "8.7800", "Year High": "10.1900", "Year Low": "7.6100", "Year Close": "9.0300", "Annual % Change": "3.56%"}, "2013": {"Average Stock Price": "6.8117", "Year Open": "4.7000", "Year High": "9.2300", "Year Low": "4.7000", "Year Close": "8.7200", "Annual % Change": "85.53%"}, "2012": {"Average Stock Price": "4.6838", "Year Open": "5.2550", "Year High": "5.4300", "Year Low": "4.1400", "Year Close": "4.7000", "Annual % Change": "-12.31%"}, "2011": {"Average Stock Price": "4.9530", "Year Open": "4.6100", "Year High": "5.5900", "Year Low": "4.4200", "Year Close": "5.3600", "Annual % Change": "16.02%"}, "2010": {"Average Stock Price": "4.6158", "Year Open": "4.6500", "Year High": "5.5200", "Year Low": "3.8900", "Year Close": "4.6200", "Annual % Change": "-1.49%"}, "2009": {"Average Stock Price": "4.6906", "Year Open": "4.9900", "Year High": "5.7200", "Year Low": "3.6300", "Year Close": "4.6900", "Annual % Change": "-5.06%"}, "2008": {"Average Stock Price": "6.1106", "Year Open": "8.6700", "Year High": "9.8200", "Year Low": "2.8400", "Year Close": "4.9400", "Annual % Change": "-43.41%"}, "2007": {"Average Stock Price": "15.6271", "Year Open": "21.2900", "Year High": "21.9000", "Year Low": "8.1700", "Year Close": "8.7300", "Annual % Change": "-59.84%"}, "2006": {"Average Stock Price": "17.5324", "Year Open": "17.3200", "Year High": "22.1100", "Year Low": "14.5900", "Year Close": "21.7400", "Annual % Change": "29.87%"}, "2005": {"Average Stock Price": "15.7065", "Year Open": "12.7600", "Year High": "17.2800", "Year Low": "12.6100", "Year Close": "16.7400", "Annual % Change": "28.77%"}, "2004": {"Average Stock Price": "11.1572", "Year Open": "11.8400", "Year High": "13.1800", "Year Low": "9.5700", "Year Close": "13.0000", "Annual % Change": "9.98%"}, "2003": {"Average Stock Price": "22.4030", "Year Open": "26.7800", "Year High": "31.7400", "Year Low": "9.7000", "Year Close": "11.8200", "Annual % Change": "-54.95%"}, "2002": {"Average Stock Price": "26.0072", "Year Open": "24.5500", "Year High": "28.6400", "Year Low": "22.0500", "Year Close": "26.2400", "Annual % Change": "7.98%"}, "2001": {"Average Stock Price": "24.7698", "Year Open": "24.3100", "Year High": "26.5500", "Year Low": "22.0000", "Year Close": "24.3000", "Annual % Change": "0.21%"}, "2000": {"Average Stock Price": "21.7806", "Year Open": "18.5000", "Year High": "25.9400", "Year Low": "17.1200", "Year Close": "24.2500", "Annual % Change": "31.94%"}, "1999": {"Average Stock Price": "19.1295", "Year Open": "16.0000", "Year High": "22.0000", "Year Low": "14.7500", "Year Close": "18.3800", "Annual % Change": "15.74%"}, "1998": {"Average Stock Price": "21.1139", "Year Open": "26.6900", "Year High": "28.0600", "Year Low": "13.0000", "Year Close": "15.8800", "Annual % Change": "-41.72%"}, "1997": {"Average Stock Price": "19.2381", "Year Open": "11.8800", "Year High": "27.2500", "Year Low": "11.8800", "Year Close": "27.2500", "Annual % Change": "136.96%"}, "1996": {"Average Stock Price": "11.9522", "Year Open": "11.0000", "Year High": "14.2500", "Year Low": "10.1200", "Year Close": "11.5000", "Annual % Change": "4.55%"}, "1995": {"Average Stock Price": "13.1906", "Year Open": "11.6200", "Year High": "16.7500", "Year Low": "9.5000", "Year Close": "11.0000", "Annual % Change": "-6.38%"}, "1994": {"Average Stock Price": "16.9768", "Year Open": "24.7500", "Year High": "25.8800", "Year Low": "10.0000", "Year Close": "11.7500", "Annual % Change": "-53.00%"}, "1993": {"Average Stock Price": "22.2861", "Year Open": "14.6200", "Year High": "32.5000", "Year Low": "14.2500", "Year Close": "25.0000", "Annual % Change": "69.49%"}}}, "market cap": {"value": "$4.76B"}, "income statement": {"Revenue": {"2019-12-31": "1709.00200", "2018-12-31": "1589.93600", "2017-12-31": "1223.40800", "2016-12-31": "1435.41800", "2015-12-31": "1870.29700", "2014-12-31": "1998.50200", "2013-12-31": "2423.66900", "2012-12-31": "2505.24200", "2011-12-31": "2431.35800", "2010-12-31": "2375.43900", "2009-12-31": "2437.09500", "2008-12-31": "1822.76100", "2007-12-31": "1263.71700", "2006-12-31": "1243.27800", "2005-12-31": "727.33400"}, "Cost Of Goods Sold": {"2019-12-31": "641.21600", "2018-12-31": "573.79100", "2017-12-31": "534.26000", "2016-12-31": "758.96400", "2015-12-31": "1184.07300", "2014-12-31": "1355.08600", "2013-12-31": "1780.93100", "2012-12-31": "1881.24800", "2011-12-31": "1816.10900", "2010-12-31": "1756.95400", "2009-12-31": "1812.05600", "2008-12-31": "1415.53400", "2007-12-31": "919.63300", "2006-12-31": "892.48800", "2005-12-31": "442.79100"}, "Gross Profit": {"2019-12-31": "1067.78600", "2018-12-31": "1016.14500", "2017-12-31": "689.14790", "2016-12-31": "676.45400", "2015-12-31": "686.22400", "2014-12-31": "643.41590", "2013-12-31": "642.73790", "2012-12-31": "623.99390", "2011-12-31": "615.24890", "2010-12-31": "618.48500", "2009-12-31": "625.03890", "2008-12-31": "407.22690", "2007-12-31": "344.08400", "2006-12-31": "350.79000", "2005-12-31": "284.54300"}, "Research And Development Expenses": {"2019-12-31": "", "2018-12-31": "", "2017-12-31": "", "2016-12-31": "", "2015-12-31": "", "2014-12-31": "", "2013-12-31": "", "2012-12-31": "", "2011-12-31": "", "2010-12-31": "", "2009-12-31": "", "2008-12-31": "", "2007-12-31": "", "2006-12-31": "", "2005-12-31": ""}, "SG&A Expenses": {"2019-12-31": "538.32200", "2018-12-31": "539.35500", "2017-12-31": "203.59300", "2016-12-31": "236.78600", "2015-12-31": "256.55300", "2014-12-31": "260.73200", "2013-12-31": "291.54400", "2012-12-31": "287.80800", "2011-12-31": "292.39000", "2010-12-31": "311.51100", "2009-12-31": "353.14800", "2008-12-31": "248.71800", "2007-12-31": "205.37500", "2006-12-31": "235.77600", "2005-12-31": "248.55800"}, "Other Operating Income Or Expenses": {"2019-12-31": "5.70200", "2018-12-31": "2.15300", "2017-12-31": "-34.52100", "2016-12-31": "75.65900", "2015-12-31": "59.53900", "2014-12-31": "83.53400", "2013-12-31": "9.94100", "2012-12-31": "-25.43200", "2011-12-31": "-17.03500", "2010-12-31": "-29.68300", "2009-12-31": "-29.08800", "2008-12-31": "-19.85600", "2007-12-31": "32.88500", "2006-12-31": "-6.44100", "2005-12-31": "-17.17000"}, "Operating Expenses": {"2019-12-31": "1446.42300", "2018-12-31": "1340.04400", "2017-12-31": "1008.65000", "2016-12-31": "1120.63800", "2015-12-31": "1595.82700", "2014-12-31": "1755.91400", "2013-12-31": "2284.33900", "2012-12-31": "2382.49500", "2011-12-31": "2294.23700", "2010-12-31": "2224.99400", "2009-12-31": "2339.45100", "2008-12-31": "2236.41100", "2007-12-31": "1243.81700", "2006-12-31": "1198.65100", "2005-12-31": "758.69700"}, "Operating Income": {"2019-12-31": "262.57910", "2018-12-31": "249.89200", "2017-12-31": "214.75790", "2016-12-31": "314.78000", "2015-12-31": "274.46980", "2014-12-31": "242.58810", "2013-12-31": "139.32980", "2012-12-31": "122.74710", "2011-12-31": "137.12110", "2010-12-31": "150.44480", "2009-12-31": "97.64400", "2008-12-31": "-413.65010", "2007-12-31": "19.90020", "2006-12-31": "44.62700", "2005-12-31": "-31.36300"}, "Total Non-Operating Income/Expense": {"2019-12-31": "-91.09800", "2018-12-31": "325.02400", "2017-12-31": "-113.73900", "2016-12-31": "-113.09000", "2015-12-31": "-40.34200", "2014-12-31": "-50.04800", "2013-12-31": "-75.73800", "2012-12-31": "-135.87200", "2011-12-31": "-112.68100", "2010-12-31": "-136.88900", "2009-12-31": "-113.90600", "2008-12-31": "-167.60200", "2007-12-31": "-13.16800", "2006-12-31": "-39.29500", "2005-12-31": "-34.60900"}, "Pre-Tax Income": {"2019-12-31": "171.48100", "2018-12-31": "574.91600", "2017-12-31": "101.01900", "2016-12-31": "201.69000", "2015-12-31": "234.12800", "2014-12-31": "192.54000", "2013-12-31": "63.59200", "2012-12-31": "-13.12500", "2011-12-31": "24.44000", "2010-12-31": "13.55600", "2009-12-31": "-16.26200", "2008-12-31": "-581.25200", "2007-12-31": "6.73200", "2006-12-31": "5.33200", "2005-12-31": "-65.97200"}, "Income Taxes": {"2019-12-31": "34.54100", "2018-12-31": "114.80100", "2017-12-31": "-93.01000", "2016-12-31": "72.06600", "2015-12-31": "94.14900", "2014-12-31": "76.11600", "2013-12-31": "16.05700", "2012-12-31": "-21.08300", "2011-12-31": "6.52800", "2010-12-31": "-4.55500", "2009-12-31": "-21.64000", "2008-12-31": "-99.29400", "2007-12-31": "-8.35400", "2006-12-31": "4.61200", "2005-12-31": "-16.27700"}, "Income After Taxes": {"2019-12-31": "136.94000", "2018-12-31": "460.11500", "2017-12-31": "194.02900", "2016-12-31": "129.62400", "2015-12-31": "139.97900", "2014-12-31": "116.42400", "2013-12-31": "47.53500", "2012-12-31": "7.95800", "2011-12-31": "17.91200", "2010-12-31": "18.11100", "2009-12-31": "5.37800", "2008-12-31": "-481.95800", "2007-12-31": "15.08600", "2006-12-31": "0.72000", "2005-12-31": "-49.69500"}, "Other Income": {"2019-12-31": "", "2018-12-31": "", "2017-12-31": "", "2016-12-31": "", "2015-12-31": "", "2014-12-31": "", "2013-12-31": "", "2012-12-31": "", "2011-12-31": "", "2010-12-31": "", "2009-12-31": "", "2008-12-31": "", "2007-12-31": "", "2006-12-31": "", "2005-12-31": ""}, "Income From Continuous Operations": {"2019-12-31": "136.94000", "2018-12-31": "460.11500", "2017-12-31": "194.02900", "2016-12-31": "129.62400", "2015-12-31": "139.97900", "2014-12-31": "116.42400", "2013-12-31": "47.53500", "2012-12-31": "7.95800", "2011-12-31": "17.91200", "2010-12-31": "18.11100", "2009-12-31": "5.37800", "2008-12-31": "-481.95800", "2007-12-31": "15.08600", "2006-12-31": "-10.80300", "2005-12-31": "-58.45700"}, "Income From Discontinued Operations": {"2019-12-31": "", "2018-12-31": "", "2017-12-31": "", "2016-12-31": "", "2015-12-31": "21.16300", "2014-12-31": "5.01000", "2013-12-31": "-2.90300", "2012-12-31": "1.50900", "2011-12-31": "-8.03700", "2010-12-31": "-22.43600", "2009-12-31": "-0.31600", "2008-12-31": "2.21700", "2007-12-31": "0.99500", "2006-12-31": "-0.12900", "2005-12-31": "3.28500"}, "Net Income": {"2019-12-31": "136.94000", "2018-12-31": "460.11500", "2017-12-31": "194.02900", "2016-12-31": "129.62400", "2015-12-31": "161.14200", "2014-12-31": "121.43400", "2013-12-31": "45.48700", "2012-12-31": "7.08300", "2011-12-31": "9.87500", "2010-12-31": "-4.32500", "2009-12-31": "5.06200", "2008-12-31": "-479.74100", "2007-12-31": "16.08100", "2006-12-31": "-10.93200", "2005-12-31": "-55.17200"}, "EBITDA": {"2019-12-31": "394.27210", "2018-12-31": "378.77100", "2017-12-31": "340.44490", "2016-12-31": "439.08400", "2015-12-31": "428.20180", "2014-12-31": "402.44810", "2013-12-31": "339.54880", "2012-12-31": "281.16200", "2011-12-31": "288.63910", "2010-12-31": "332.61680", "2009-12-31": "287.89510", "2008-12-31": "134.73990", "2007-12-31": "86.17720", "2006-12-31": "105.30000", "2005-12-31": "8.21200"}, "EBIT": {"2019-12-31": "262.57910", "2018-12-31": "249.89200", "2017-12-31": "214.75790", "2016-12-31": "314.78000", "2015-12-31": "274.46980", "2014-12-31": "242.58810", "2013-12-31": "139.32980", "2012-12-31": "122.74710", "2011-12-31": "137.12110", "2010-12-31": "150.44480", "2009-12-31": "97.64400", "2008-12-31": "-413.65010", "2007-12-31": "19.90020", "2006-12-31": "44.62700", "2005-12-31": "-31.36300"}, "Basic Shares Outstanding": {"2019-12-31": "229.94400", "2018-12-31": "237.79700", "2017-12-31": "244.17900", "2016-12-31": "262.20900", "2015-12-31": "323.01800", "2014-12-31": "370.16000", "2013-12-31": "392.58500", "2012-12-31": "390.27500", "2011-12-31": "405.22400", "2010-12-31": "426.24700", "2009-12-31": "466.20400", "2008-12-31": "185.63400", "2007-12-31": "92.35900", "2006-12-31": "86.64400", "2005-12-31": "70.01100"}, "Shares Outstanding": {"2019-12-31": "235.07500", "2018-12-31": "244.96300", "2017-12-31": "252.28900", "2016-12-31": "266.71200", "2015-12-31": "328.72500", "2014-12-31": "376.18200", "2013-12-31": "398.68000", "2012-12-31": "392.14000", "2011-12-31": "407.18000", "2010-12-31": "427.19500", "2009-12-31": "466.68700", "2008-12-31": "185.63400", "2007-12-31": "93.24700", "2006-12-31": "86.64400", "2005-12-31": "70.01100"}, "Basic EPS": {"2019-12-31": "0.60000", "2018-12-31": "1.93000", "2017-12-31": "0.79000", "2016-12-31": "0.49000", "2015-12-31": "0.50000", "2014-12-31": "0.33000", "2013-12-31": "0.12000", "2012-12-31": "0.02000", "2011-12-31": "0.02000", "2010-12-31": "-0.01000", "2009-12-31": "0.01000", "2008-12-31": "-2.58430", "2007-12-31": "0.17410", "2006-12-31": "-0.12620", "2005-12-31": "-0.78800"}, "EPS - Earnings Per Share": {"2019-12-31": "0.58000", "2018-12-31": "1.88000", "2017-12-31": "0.77000", "2016-12-31": "0.49000", "2015-12-31": "0.49000", "2014-12-31": "0.32000", "2013-12-31": "0.11000", "2012-12-31": "0.02000", "2011-12-31": "0.02000", "2010-12-31": "-0.01000", "2009-12-31": "0.01000", "2008-12-31": "-2.58430", "2007-12-31": "0.17250", "2006-12-31": "-0.12620", "2005-12-31": "-0.78800"}}, "income statement, quarterly": {"Revenue": {"2020-09-30": "452.24200", "2020-06-30": "402.30600", "2020-03-31": "404.96000", "2019-12-31": "427.19090", "2019-09-30": "437.88000", "2019-06-30": "435.34800", "2019-03-31": "408.58300", "2018-12-31": "397.82000", "2018-09-30": "400.55000", "2018-06-30": "411.00200", "2018-03-31": "380.56400", "2017-12-31": "309.24690", "2017-09-30": "308.00000", "2017-06-30": "320.34200", "2017-03-31": "285.81900", "2016-12-31": "309.90100", "2016-09-30": "364.01200", "2016-06-30": "382.71800", "2016-03-31": "378.78700", "2015-12-31": "464.36500", "2015-09-30": "464.62900", "2015-06-30": "489.53400", "2015-03-31": "451.76900", "2014-12-31": "472.55690", "2014-09-30": "496.67000", "2014-06-30": "506.07900", "2014-03-31": "523.19600", "2013-12-31": "528.66390", "2013-09-30": "640.77900", "2013-06-30": "650.54400", "2013-03-31": "603.68200", "2012-12-31": "629.87890", "2012-09-30": "636.30800", "2012-06-30": "645.86800", "2012-03-31": "593.18700", "2011-12-31": "615.01790", "2011-09-30": "611.41600", "2011-06-30": "622.45900", "2011-03-31": "582.46500", "2010-12-31": "329.84990", "2010-09-30": "600.70800", "2010-06-30": "607.43400", "2010-03-31": "837.44700", "2009-12-31": "900.94300", "2009-09-30": "903.22100", "2009-06-30": "912.68700", "2009-03-31": "863.98400", "2008-12-31": "896.52200", "2008-09-30": "310.37100", "2008-06-30": "313.01400", "2008-03-31": "302.85400", "2007-12-31": "320.63700", "2007-09-30": "324.21300", "2007-06-30": "316.82100", "2007-03-31": "302.04600", "2006-12-31": "331.97300", "2006-09-30": "311.66200", "2006-06-30": "307.61700", "2006-03-31": "292.02600", "2005-12-31": "305.55800", "2005-09-30": "240.35600", "2005-06-30": "93.72300", "2005-03-31": "87.69700"}, "Cost Of Goods Sold": {"2020-09-30": "165.50500", "2020-06-30": "146.08000", "2020-03-31": "158.01200", "2019-12-31": "175.29700", "2019-09-30": "162.16400", "2019-06-30": "155.15800", "2019-03-31": "148.59700", "2018-12-31": "145.51700", "2018-09-30": "144.69700", "2018-06-30": "145.18500", "2018-03-31": "138.39200", "2017-12-31": "134.38300", "2017-09-30": "137.32100", "2017-06-30": "134.37000", "2017-03-31": "128.18600", "2016-12-31": "155.12800", "2016-09-30": "186.54600", "2016-06-30": "202.55400", "2016-03-31": "214.73600", "2015-12-31": "272.31600", "2015-09-30": "291.52400", "2015-06-30": "315.12200", "2015-03-31": "305.11100", "2014-12-31": "313.11000", "2014-09-30": "332.64500", "2014-06-30": "335.14100", "2014-03-31": "374.19000", "2013-12-31": "377.62810", "2013-09-30": "469.17700", "2013-06-30": "473.29800", "2013-03-31": "460.82800", "2012-12-31": "464.27600", "2012-09-30": "478.42500", "2012-06-30": "483.08000", "2012-03-31": "455.46700", "2011-12-31": "454.44000", "2011-09-30": "458.00000", "2011-06-30": "464.79800", "2011-03-31": "438.87100", "2010-12-31": "221.89900", "2010-09-30": "451.31900", "2010-06-30": "442.31400", "2010-03-31": "641.42200", "2009-12-31": "682.00900", "2009-09-30": "684.07100", "2009-06-30": "686.46200", "2009-03-31": "675.94200", "2008-12-31": "697.21700", "2008-09-30": "239.88000", "2008-06-30": "244.99200", "2008-03-31": "233.44500", "2007-12-31": "289.07400", "2007-09-30": "217.50200", "2007-06-30": "211.19500", "2007-03-31": "201.86200", "2006-12-31": "289.76200", "2006-09-30": "204.89500", "2006-06-30": "199.92700", "2006-03-31": "197.90400", "2005-12-31": "201.02900", "2005-09-30": "152.77200", "2005-06-30": "45.65200", "2005-03-31": "43.33800"}, "Gross Profit": {"2020-09-30": "286.73700", "2020-06-30": "256.22600", "2020-03-31": "246.94800", "2019-12-31": "251.89390", "2019-09-30": "275.71600", "2019-06-30": "280.19000", "2019-03-31": "259.98600", "2018-12-31": "252.30300", "2018-09-30": "255.85300", "2018-06-30": "265.81700", "2018-03-31": "242.17200", "2017-12-31": "174.86390", "2017-09-30": "170.67900", "2017-06-30": "185.97200", "2017-03-31": "157.63300", "2016-12-31": "154.77300", "2016-09-30": "177.46600", "2016-06-30": "180.16400", "2016-03-31": "164.05100", "2015-12-31": "192.04900", "2015-09-30": "173.10500", "2015-06-30": "174.41200", "2015-03-31": "146.65800", "2014-12-31": "159.44690", "2014-09-30": "164.02500", "2014-06-30": "170.93800", "2014-03-31": "149.00600", "2013-12-31": "151.03590", "2013-09-30": "171.60200", "2013-06-30": "177.24600", "2013-03-31": "142.85400", "2012-12-31": "165.60290", "2012-09-30": "157.88300", "2012-06-30": "162.78800", "2012-03-31": "137.72000", "2011-12-31": "160.57790", "2011-09-30": "153.41600", "2011-06-30": "157.66100", "2011-03-31": "143.59400", "2010-12-31": "107.95080", "2010-09-30": "149.38900", "2010-06-30": "165.12000", "2010-03-31": "196.02500", "2009-12-31": "218.93400", "2009-09-30": "219.15000", "2009-06-30": "226.22500", "2009-03-31": "188.04200", "2008-12-31": "199.30490", "2008-09-30": "70.49100", "2008-06-30": "68.02200", "2008-03-31": "69.40900", "2007-12-31": "31.56300", "2007-09-30": "106.71100", "2007-06-30": "105.62600", "2007-03-31": "100.18400", "2006-12-31": "42.21100", "2006-09-30": "106.76700", "2006-06-30": "107.69000", "2006-03-31": "94.12200", "2005-12-31": "104.52900", "2005-09-30": "87.58400", "2005-06-30": "48.07100", "2005-03-31": "44.35900"}, "Research And Development Expenses": {"2020-09-30": "", "2020-06-30": "", "2020-03-31": "", "2019-12-31": "", "2019-09-30": "", "2019-06-30": "", "2019-03-31": "", "2018-12-31": "", "2018-09-30": "", "2018-06-30": "", "2018-03-31": "", "2017-12-31": "", "2017-09-30": "", "2017-06-30": "", "2017-03-31": "", "2016-12-31": "", "2016-09-30": "", "2016-06-30": "", "2016-03-31": "", "2015-12-31": "", "2015-09-30": "", "2015-06-30": "", "2015-03-31": "", "2014-12-31": "", "2014-09-30": "", "2014-06-30": "", "2014-03-31": "", "2013-12-31": "", "2013-09-30": "", "2013-06-30": "", "2013-03-31": "", "2012-12-31": "", "2012-09-30": "", "2012-06-30": "", "2012-03-31": "", "2011-12-31": "", "2011-09-30": "", "2011-06-30": "", "2011-03-31": "", "2010-12-31": "", "2010-09-30": "", "2010-06-30": "", "2010-03-31": "", "2009-12-31": "", "2009-09-30": "", "2009-06-30": "", "2009-03-31": "", "2008-12-31": "", "2008-09-30": "", "2008-06-30": "", "2008-03-31": "", "2007-12-31": "", "2007-09-30": "", "2007-06-30": "", "2007-03-31": "", "2006-12-31": "", "2006-09-30": "", "2006-06-30": "", "2006-03-31": "", "2005-12-31": "", "2005-09-30": "", "2005-06-30": "", "2005-03-31": ""}, "SG&A Expenses": {"2020-09-30": "139.37000", "2020-06-30": "129.90900", "2020-03-31": "131.62700", "2019-12-31": "135.02500", "2019-09-30": "134.05200", "2019-06-30": "139.45100", "2019-03-31": "129.79400", "2018-12-31": "148.28000", "2018-09-30": "128.08600", "2018-06-30": "133.73300", "2018-03-31": "129.25600", "2017-12-31": "50.50400", "2017-09-30": "51.71600", "2017-06-30": "50.05900", "2017-03-31": "51.31400", "2016-12-31": "52.07800", "2016-09-30": "58.93800", "2016-06-30": "61.12400", "2016-03-31": "64.64600", "2015-12-31": "72.40100", "2015-09-30": "63.68300", "2015-06-30": "60.77100", "2015-03-31": "59.69800", "2014-12-31": "58.76000", "2014-09-30": "65.17300", "2014-06-30": "66.43300", "2014-03-31": "70.36600", "2013-12-31": "74.92100", "2013-09-30": "76.51800", "2013-06-30": "74.79500", "2013-03-31": "65.31000", "2012-12-31": "69.98400", "2012-09-30": "72.17500", "2012-06-30": "73.34500", "2012-03-31": "72.30400", "2011-12-31": "77.24300", "2011-09-30": "66.00600", "2011-06-30": "74.45600", "2011-03-31": "74.68500", "2010-12-31": "52.96400", "2010-09-30": "73.98400", "2010-06-30": "74.08100", "2010-03-31": "110.48200", "2009-12-31": "132.18000", "2009-09-30": "97.90900", "2009-06-30": "112.74600", "2009-03-31": "109.87800", "2008-12-31": "125.61000", "2008-09-30": "36.07500", "2008-06-30": "42.12200", "2008-03-31": "44.91100", "2007-12-31": "-9.50800", "2007-09-30": "62.93800", "2007-06-30": "76.63300", "2007-03-31": "75.31200", "2006-12-31": "1.85400", "2006-09-30": "75.51700", "2006-06-30": "78.18700", "2006-03-31": "80.21800", "2005-12-31": "105.09700", "2005-09-30": "65.26300", "2005-06-30": "39.80100", "2005-03-31": "38.39700"}, "Other Operating Income Or Expenses": {"2020-09-30": "2.74800", "2020-06-30": "3.26600", "2020-03-31": "-2.33200", "2019-12-31": "-3.15300", "2019-09-30": "3.43200", "2019-06-30": "2.91500", "2019-03-31": "2.50800", "2018-12-31": "-0.34200", "2018-09-30": "1.85200", "2018-06-30": "0.25600", "2018-03-31": "0.38700", "2017-12-31": "1.20400", "2017-09-30": "0.87400", "2017-06-30": "-39.21400", "2017-03-31": "2.61500", "2016-12-31": "27.06100", "2016-09-30": "36.58500", "2016-06-30": "-2.66300", "2016-03-31": "14.67600", "2015-12-31": "83.45800", "2015-09-30": "-11.30900", "2015-06-30": "-3.71900", "2015-03-31": "-8.89100", "2014-12-31": "38.83600", "2014-09-30": "-18.34600", "2014-06-30": "-4.06200", "2014-03-31": "67.10600", "2013-12-31": "12.22500", "2013-09-30": "-1.67400", "2013-06-30": "-0.36500", "2013-03-31": "-0.24500", "2012-12-31": "-13.05200", "2012-09-30": "-1.21700", "2012-06-30": "-5.11700", "2012-03-31": "-6.04600", "2011-12-31": "23.67600", "2011-09-30": "-24.20400", "2011-06-30": "-5.92900", "2011-03-31": "-10.57800", "2010-12-31": "6.38800", "2010-09-30": "-22.47600", "2010-06-30": "-0.71100", "2010-03-31": "-12.88400", "2009-12-31": "-53.03400", "2009-09-30": "-15.67400", "2009-06-30": "-9.27200", "2009-03-31": "-8.40700", "2008-12-31": "-4.72200", "2008-09-30": "-14.20400", "2008-06-30": "-1.33800", "2008-03-31": "0.40800", "2007-12-31": "", "2007-09-30": "", "2007-06-30": "", "2007-03-31": "", "2006-12-31": "-5.78300", "2006-09-30": "", "2006-06-30": "-0.65800", "2006-03-31": "", "2005-12-31": "-0.14600", "2005-09-30": "-17.02400", "2005-06-30": "", "2005-03-31": ""}, "Operating Expenses": {"2020-09-30": "370.89400", "2020-06-30": "341.64500", "2020-03-31": "356.22800", "2019-12-31": "390.47390", "2019-09-30": "358.85700", "2019-06-30": "354.77500", "2019-03-31": "342.31700", "2018-12-31": "352.02100", "2018-09-30": "323.20200", "2018-06-30": "339.51900", "2018-03-31": "325.30200", "2017-12-31": "242.66000", "2017-09-30": "246.34300", "2017-06-30": "294.54800", "2017-03-31": "225.09900", "2016-12-31": "230.68590", "2016-09-30": "257.92400", "2016-06-30": "317.07000", "2016-03-31": "314.95800", "2015-12-31": "348.05330", "2015-09-30": "408.68990", "2015-06-30": "425.22600", "2015-03-31": "413.85800", "2014-12-31": "424.39580", "2014-09-30": "452.42600", "2014-06-30": "444.91000", "2014-03-31": "434.18200", "2013-12-31": "495.59810", "2013-09-30": "613.96910", "2013-06-30": "593.55400", "2013-03-31": "581.21800", "2012-12-31": "597.62190", "2012-09-30": "605.12490", "2012-06-30": "607.47690", "2012-03-31": "572.27110", "2011-12-31": "585.73780", "2011-09-30": "579.02600", "2011-06-30": "575.02500", "2011-03-31": "554.44800", "2010-12-31": "284.97520", "2010-09-30": "580.41800", "2010-06-30": "548.48700", "2010-03-31": "811.11400", "2009-12-31": "916.23000", "2009-09-30": "846.39900", "2009-06-30": "856.18000", "2009-03-31": "850.05000", "2008-12-31": "1330.27400", "2008-09-30": "306.57400", "2008-06-30": "304.76610", "2008-03-31": "294.79700", "2007-12-31": "262.70980", "2007-09-30": "302.26900", "2007-06-30": "385.27600", "2007-03-31": "293.56200", "2006-12-31": "313.28790", "2006-09-30": "298.82700", "2006-06-30": "294.25000", "2006-03-31": "292.28600", "2005-12-31": "328.92600", "2005-09-30": "251.51600", "2005-06-30": "90.99400", "2005-03-31": "87.26100"}, "Operating Income": {"2020-09-30": "81.34800", "2020-06-30": "60.66100", "2020-03-31": "48.73200", "2019-12-31": "36.71700", "2019-09-30": "79.02300", "2019-06-30": "80.57300", "2019-03-31": "66.26600", "2018-12-31": "45.79900", "2018-09-30": "77.34800", "2018-06-30": "71.48300", "2018-03-31": "55.26200", "2017-12-31": "66.58690", "2017-09-30": "61.65700", "2017-06-30": "25.79400", "2017-03-31": "60.72000", "2016-12-31": "79.21510", "2016-09-30": "106.08800", "2016-06-30": "65.64800", "2016-03-31": "63.82900", "2015-12-31": "116.31170", "2015-09-30": "55.93910", "2015-06-30": "64.30800", "2015-03-31": "37.91100", "2014-12-31": "48.16110", "2014-09-30": "44.24400", "2014-06-30": "61.16900", "2014-03-31": "89.01400", "2013-12-31": "33.06580", "2013-09-30": "26.80990", "2013-06-30": "56.99000", "2013-03-31": "22.46400", "2012-12-31": "32.25700", "2012-09-30": "31.18300", "2012-06-30": "38.39110", "2012-03-31": "20.91600", "2011-12-31": "29.28010", "2011-09-30": "32.39000", "2011-06-30": "47.43400", "2011-03-31": "28.01700", "2010-12-31": "44.87470", "2010-09-30": "20.29000", "2010-06-30": "58.94700", "2010-03-31": "26.33310", "2009-12-31": "-15.28700", "2009-09-30": "56.82200", "2009-06-30": "56.50700", "2009-03-31": "13.93400", "2008-12-31": "-433.75210", "2008-09-30": "3.79700", "2008-06-30": "8.24800", "2008-03-31": "8.05700", "2007-12-31": "57.92720", "2007-09-30": "21.94400", "2007-06-30": "-68.45500", "2007-03-31": "8.48400", "2006-12-31": "18.68500", "2006-09-30": "12.83500", "2006-06-30": "13.36700", "2006-03-31": "-0.26000", "2005-12-31": "-23.36800", "2005-09-30": "-11.16000", "2005-06-30": "2.72900", "2005-03-31": "0.43600"}, "Total Non-Operating Income/Expense": {"2020-09-30": "-28.90500", "2020-06-30": "-29.22900", "2020-03-31": "-27.44900", "2019-12-31": "-4.17000", "2019-09-30": "-25.71200", "2019-06-30": "-34.83400", "2019-03-31": "-26.38200", "2018-12-31": "-26.41700", "2018-09-30": "421.56900", "2018-06-30": "-29.21900", "2018-03-31": "-40.90900", "2017-12-31": "-28.96000", "2017-09-30": "-30.10200", "2017-06-30": "-26.09100", "2017-03-31": "-28.58600", "2016-12-31": "-28.64300", "2016-09-30": "-28.23300", "2016-06-30": "-28.36700", "2016-03-31": "-27.84700", "2015-12-31": "24.11000", "2015-09-30": "-27.72400", "2015-06-30": "-24.22400", "2015-03-31": "-12.50400", "2014-12-31": "-12.57300", "2014-09-30": "-12.77700", "2014-06-30": "-12.22700", "2014-03-31": "-12.47100", "2013-12-31": "0.77900", "2013-09-30": "-13.34700", "2013-06-30": "-39.93500", "2013-03-31": "-23.23500", "2012-12-31": "-13.46400", "2012-09-30": "-70.54700", "2012-06-30": "-52.55700", "2012-03-31": "0.69600", "2011-12-31": "-27.66000", "2011-09-30": "-28.08000", "2011-06-30": "-27.75200", "2011-03-31": "-29.18900", "2010-12-31": "-23.32000", "2010-09-30": "-28.91900", "2010-06-30": "-49.78000", "2010-03-31": "-34.87000", "2009-12-31": "-34.97500", "2009-09-30": "-34.40100", "2009-06-30": "-33.06600", "2009-03-31": "-29.66700", "2008-12-31": "-47.46600", "2008-09-30": "-14.22500", "2008-06-30": "-21.91900", "2008-03-31": "-83.99200", "2007-12-31": "-12.56000", "2007-09-30": "-15.47100", "2007-06-30": "5.49700", "2007-03-31": "9.36600", "2006-12-31": "-8.35600", "2006-09-30": "-11.27800", "2006-06-30": "-4.68400", "2006-03-31": "-14.97700", "2005-12-31": "2.89000", "2005-09-30": "-43.45200", "2005-06-30": "-1.22800", "2005-03-31": "7.18100"}, "Pre-Tax Income": {"2020-09-30": "52.44300", "2020-06-30": "31.43200", "2020-03-31": "21.28300", "2019-12-31": "32.54700", "2019-09-30": "53.31100", "2019-06-30": "45.73900", "2019-03-31": "39.88400", "2018-12-31": "19.38200", "2018-09-30": "498.91700", "2018-06-30": "42.26400", "2018-03-31": "14.35300", "2017-12-31": "37.62700", "2017-09-30": "31.55500", "2017-06-30": "-0.29700", "2017-03-31": "32.13400", "2016-12-31": "50.57200", "2016-09-30": "77.85500", "2016-06-30": "37.28100", "2016-03-31": "35.98200", "2015-12-31": "140.42200", "2015-09-30": "28.21500", "2015-06-30": "40.08400", "2015-03-31": "25.40700", "2014-12-31": "35.58800", "2014-09-30": "31.46700", "2014-06-30": "48.94200", "2014-03-31": "76.54300", "2013-12-31": "33.84500", "2013-09-30": "13.46300", "2013-06-30": "17.05500", "2013-03-31": "-0.77100", "2012-12-31": "18.79300", "2012-09-30": "-39.36400", "2012-06-30": "-14.16600", "2012-03-31": "21.61200", "2011-12-31": "1.62000", "2011-09-30": "4.31000", "2011-06-30": "19.68200", "2011-03-31": "-1.17200", "2010-12-31": "21.55500", "2010-09-30": "-8.62900", "2010-06-30": "9.16700", "2010-03-31": "-8.53700", "2009-12-31": "-50.26200", "2009-09-30": "22.42100", "2009-06-30": "23.44100", "2009-03-31": "-15.73300", "2008-12-31": "-481.21800", "2008-09-30": "-10.42800", "2008-06-30": "-13.67100", "2008-03-31": "-75.93500", "2007-12-31": "45.36700", "2007-09-30": "6.47300", "2007-06-30": "-62.95800", "2007-03-31": "17.85000", "2006-12-31": "10.32900", "2006-09-30": "1.55700", "2006-06-30": "8.68300", "2006-03-31": "-15.23700", "2005-12-31": "-20.47800", "2005-09-30": "-54.61200", "2005-06-30": "1.50100", "2005-03-31": "7.61700"}, "Income Taxes": {"2020-09-30": "12.69000", "2020-06-30": "6.52800", "2020-03-31": "6.84200", "2019-12-31": "6.01400", "2019-09-30": "7.18400", "2019-06-30": "13.35300", "2019-03-31": "7.99000", "2018-12-31": "0.55100", "2018-09-30": "107.66800", "2018-06-30": "12.38800", "2018-03-31": "-5.80600", "2017-12-31": "-121.64900", "2017-09-30": "17.29800", "2017-06-30": "1.54800", "2017-03-31": "9.79300", "2016-12-31": "21.68100", "2016-09-30": "28.96500", "2016-06-30": "10.80100", "2016-03-31": "10.61900", "2015-12-31": "51.74100", "2015-09-30": "19.89200", "2015-06-30": "15.25900", "2015-03-31": "7.25700", "2014-12-31": "13.92700", "2014-09-30": "10.33400", "2014-06-30": "21.61500", "2014-03-31": "30.24000", "2013-12-31": "-1.71700", "2013-09-30": "15.62500", "2013-06-30": "5.05300", "2013-03-31": "-2.90400", "2012-12-31": "-6.61600", "2012-09-30": "-12.67200", "2012-06-30": "-8.67300", "2012-03-31": "6.87800", "2011-12-31": "-2.67000", "2011-09-30": "1.76600", "2011-06-30": "8.30800", "2011-03-31": "-0.87600", "2010-12-31": "4.72900", "2010-09-30": "-7.87200", "2010-06-30": "3.72500", "2010-03-31": "-5.13700", "2009-12-31": "-35.54400", "2009-09-30": "8.15500", "2009-06-30": "8.54900", "2009-03-31": "-4.80900", "2008-12-31": "-87.00200", "2008-09-30": "2.93800", "2008-06-30": "-6.76600", "2008-03-31": "-8.46400", "2007-12-31": "16.03100", "2007-09-30": "4.17400", "2007-06-30": "-36.00200", "2007-03-31": "7.44300", "2006-12-31": "7.74700", "2006-09-30": "-0.20300", "2006-06-30": "2.70500", "2006-03-31": "-5.63700", "2005-12-31": "-4.63000", "2005-09-30": "-14.65700", "2005-06-30": "0.49700", "2005-03-31": "2.51300"}, "Income After Taxes": {"2020-09-30": "39.75300", "2020-06-30": "24.90400", "2020-03-31": "14.44100", "2019-12-31": "26.53300", "2019-09-30": "46.12700", "2019-06-30": "32.38600", "2019-03-31": "31.89400", "2018-12-31": "18.83100", "2018-09-30": "391.24900", "2018-06-30": "29.87600", "2018-03-31": "20.15900", "2017-12-31": "159.27600", "2017-09-30": "14.25700", "2017-06-30": "-1.84500", "2017-03-31": "22.34100", "2016-12-31": "28.89100", "2016-09-30": "48.89000", "2016-06-30": "26.48000", "2016-03-31": "25.36300", "2015-12-31": "88.68100", "2015-09-30": "8.32300", "2015-06-30": "24.82500", "2015-03-31": "18.15000", "2014-12-31": "21.66100", "2014-09-30": "21.13300", "2014-06-30": "27.32700", "2014-03-31": "46.30300", "2013-12-31": "35.56200", "2013-09-30": "-2.16200", "2013-06-30": "12.00200", "2013-03-31": "2.13300", "2012-12-31": "25.40900", "2012-09-30": "-26.69200", "2012-06-30": "-5.49300", "2012-03-31": "14.73400", "2011-12-31": "4.29000", "2011-09-30": "2.54400", "2011-06-30": "11.37400", "2011-03-31": "-0.29600", "2010-12-31": "16.82600", "2010-09-30": "-0.75700", "2010-06-30": "5.44200", "2010-03-31": "-3.40000", "2009-12-31": "-14.71800", "2009-09-30": "14.26600", "2009-06-30": "14.89200", "2009-03-31": "-10.92400", "2008-12-31": "-394.21600", "2008-09-30": "-13.36600", "2008-06-30": "-6.90500", "2008-03-31": "-67.47100", "2007-12-31": "29.33600", "2007-09-30": "2.29900", "2007-06-30": "-26.95600", "2007-03-31": "10.40700", "2006-12-31": "2.58200", "2006-09-30": "1.76000", "2006-06-30": "5.97800", "2006-03-31": "-9.60000", "2005-12-31": "-15.84800", "2005-09-30": "-39.95500", "2005-06-30": "1.00400", "2005-03-31": "5.10400"}, "Other Income": {"2020-09-30": "", "2020-06-30": "", "2020-03-31": "", "2019-12-31": "", "2019-09-30": "", "2019-06-30": "", "2019-03-31": "", "2018-12-31": "", "2018-09-30": "", "2018-06-30": "", "2018-03-31": "", "2017-12-31": "", "2017-09-30": "", "2017-06-30": "", "2017-03-31": "", "2016-12-31": "", "2016-09-30": "", "2016-06-30": "", "2016-03-31": "", "2015-12-31": "", "2015-09-30": "", "2015-06-30": "", "2015-03-31": "", "2014-12-31": "", "2014-09-30": "", "2014-06-30": "", "2014-03-31": "", "2013-12-31": "", "2013-09-30": "", "2013-06-30": "", "2013-03-31": "", "2012-12-31": "", "2012-09-30": "", "2012-06-30": "", "2012-03-31": "", "2011-12-31": "", "2011-09-30": "", "2011-06-30": "", "2011-03-31": "", "2010-12-31": "", "2010-09-30": "", "2010-06-30": "", "2010-03-31": "", "2009-12-31": "", "2009-09-30": "", "2009-06-30": "", "2009-03-31": "", "2008-12-31": "", "2008-09-30": "", "2008-06-30": "", "2008-03-31": "", "2007-12-31": "", "2007-09-30": "", "2007-06-30": "", "2007-03-31": "", "2006-12-31": "", "2006-09-30": "", "2006-06-30": "", "2006-03-31": "", "2005-12-31": "", "2005-09-30": "", "2005-06-30": "", "2005-03-31": ""}, "Income From Continuous Operations": {"2020-09-30": "39.75300", "2020-06-30": "24.90400", "2020-03-31": "14.44100", "2019-12-31": "26.53300", "2019-09-30": "46.12700", "2019-06-30": "32.38600", "2019-03-31": "31.89400", "2018-12-31": "18.83100", "2018-09-30": "391.24900", "2018-06-30": "29.87600", "2018-03-31": "20.15900", "2017-12-31": "159.27600", "2017-09-30": "14.25700", "2017-06-30": "-1.84500", "2017-03-31": "22.34100", "2016-12-31": "28.89100", "2016-09-30": "48.89000", "2016-06-30": "26.48000", "2016-03-31": "25.36300", "2015-12-31": "88.68100", "2015-09-30": "8.32300", "2015-06-30": "24.82500", "2015-03-31": "18.15000", "2014-12-31": "21.66100", "2014-09-30": "21.13300", "2014-06-30": "27.32700", "2014-03-31": "46.30300", "2013-12-31": "35.56200", "2013-09-30": "-2.16200", "2013-06-30": "12.00200", "2013-03-31": "2.13300", "2012-12-31": "25.40900", "2012-09-30": "-26.69200", "2012-06-30": "-5.49300", "2012-03-31": "14.73400", "2011-12-31": "4.29000", "2011-09-30": "2.54400", "2011-06-30": "11.37400", "2011-03-31": "-0.29600", "2010-12-31": "16.82600", "2010-09-30": "-0.75700", "2010-06-30": "5.44200", "2010-03-31": "-3.40000", "2009-12-31": "-14.71800", "2009-09-30": "14.26600", "2009-06-30": "14.89200", "2009-03-31": "-10.92400", "2008-12-31": "-394.21600", "2008-09-30": "-13.36600", "2008-06-30": "-6.90500", "2008-03-31": "-67.47100", "2007-12-31": "32.16800", "2007-09-30": "3.73100", "2007-06-30": "-28.02300", "2007-03-31": "7.21000", "2006-12-31": "-2.26700", "2006-09-30": "0.78400", "2006-06-30": "3.37000", "2006-03-31": "-12.69000", "2005-12-31": "-18.60400", "2005-09-30": "-42.48000", "2005-06-30": "-0.05200", "2005-03-31": "2.67900"}, "Income From Discontinued Operations": {"2020-09-30": "", "2020-06-30": "", "2020-03-31": "", "2019-12-31": "", "2019-09-30": "", "2019-06-30": "", "2019-03-31": "", "2018-12-31": "", "2018-09-30": "", "2018-06-30": "", "2018-03-31": "", "2017-12-31": "", "2017-09-30": "", "2017-06-30": "", "2017-03-31": "", "2016-12-31": "", "2016-09-30": "", "2016-06-30": "", "2016-03-31": "", "2015-12-31": "-2.82500", "2015-09-30": "-0.73900", "2015-06-30": "15.37000", "2015-03-31": "9.35700", "2014-12-31": "1.63300", "2014-09-30": "1.69700", "2014-06-30": "1.68000", "2014-03-31": "", "2013-12-31": "", "2013-09-30": "", "2013-06-30": "", "2013-03-31": "", "2012-12-31": "0.97900", "2012-09-30": "0.53000", "2012-06-30": "", "2012-03-31": "", "2011-12-31": "-0.30600", "2011-09-30": "-6.51000", "2011-06-30": "-0.10800", "2011-03-31": "-1.11300", "2010-12-31": "-27.58400", "2010-09-30": "-0.15200", "2010-06-30": "5.30000", "2010-03-31": "", "2009-12-31": "1.12400", "2009-09-30": "0.42200", "2009-06-30": "", "2009-03-31": "", "2008-12-31": "0.99800", "2008-09-30": "1.21900", "2008-06-30": "", "2008-03-31": "", "2007-12-31": "1.14400", "2007-09-30": "", "2007-06-30": "", "2007-03-31": "-0.14900", "2006-12-31": "0.18300", "2006-09-30": "-0.09700", "2006-06-30": "-0.13900", "2006-03-31": "-0.07600", "2005-12-31": "2.81400", "2005-09-30": "", "2005-06-30": "0.47100", "2005-03-31": ""}, "Net Income": {"2020-09-30": "39.75300", "2020-06-30": "24.90400", "2020-03-31": "14.44100", "2019-12-31": "26.53300", "2019-09-30": "46.12700", "2019-06-30": "32.38600", "2019-03-31": "31.89400", "2018-12-31": "18.83100", "2018-09-30": "391.24900", "2018-06-30": "29.87600", "2018-03-31": "20.15900", "2017-12-31": "159.27600", "2017-09-30": "14.25700", "2017-06-30": "-1.84500", "2017-03-31": "22.34100", "2016-12-31": "28.89100", "2016-09-30": "48.89000", "2016-06-30": "26.48000", "2016-03-31": "25.36300", "2015-12-31": "85.85600", "2015-09-30": "7.58400", "2015-06-30": "40.19500", "2015-03-31": "27.50700", "2014-12-31": "23.29400", "2014-09-30": "22.83000", "2014-06-30": "29.00700", "2014-03-31": "46.30300", "2013-12-31": "33.06900", "2013-09-30": "-1.93900", "2013-06-30": "12.22400", "2013-03-31": "2.13300", "2012-12-31": "26.38800", "2012-09-30": "-26.16200", "2012-06-30": "-5.49300", "2012-03-31": "12.35000", "2011-12-31": "3.98400", "2011-09-30": "-3.96600", "2011-06-30": "11.26600", "2011-03-31": "-1.40900", "2010-12-31": "-10.75800", "2010-09-30": "-0.90900", "2010-06-30": "10.74200", "2010-03-31": "-3.40000", "2009-12-31": "-13.59400", "2009-09-30": "14.68800", "2009-06-30": "14.89200", "2009-03-31": "-10.92400", "2008-12-31": "-393.21800", "2008-09-30": "-12.14700", "2008-06-30": "-6.90500", "2008-03-31": "-67.47100", "2007-12-31": "33.31200", "2007-09-30": "3.73100", "2007-06-30": "-28.02300", "2007-03-31": "7.06100", "2006-12-31": "-2.08400", "2006-09-30": "0.68700", "2006-06-30": "3.23100", "2006-03-31": "-12.76600", "2005-12-31": "-15.79000", "2005-09-30": "-42.48000", "2005-06-30": "0.41900", "2005-03-31": "2.67900"}, "EBITDA": {"2020-09-30": "114.31400", "2020-06-30": "95.37500", "2020-03-31": "79.77800", "2019-12-31": "70.43500", "2019-09-30": "112.32900", "2019-06-30": "112.05700", "2019-03-31": "99.45100", "2018-12-31": "80.02900", "2018-09-30": "106.41800", "2018-06-30": "104.91000", "2018-03-31": "87.41400", "2017-12-31": "100.58390", "2017-09-30": "92.87300", "2017-06-30": "55.10300", "2017-03-31": "91.88500", "2016-12-31": "103.79510", "2016-09-30": "137.34900", "2016-06-30": "98.95200", "2016-03-31": "98.98800", "2015-12-31": "151.33570", "2015-09-30": "94.25910", "2015-06-30": "107.20100", "2015-03-31": "75.40600", "2014-12-31": "89.75610", "2014-09-30": "79.32500", "2014-06-30": "101.29100", "2014-03-31": "132.07600", "2013-12-31": "94.36080", "2013-09-30": "72.85690", "2013-06-30": "96.72300", "2013-03-31": "75.60800", "2012-12-31": "75.13800", "2012-09-30": "74.44100", "2012-06-30": "76.35410", "2012-03-31": "55.22900", "2011-12-31": "62.85010", "2011-09-30": "64.56000", "2011-06-30": "90.08700", "2011-03-31": "71.14200", "2010-12-31": "89.59870", "2010-09-30": "66.46800", "2010-06-30": "102.19000", "2010-03-31": "74.36010", "2009-12-31": "31.59500", "2009-09-30": "103.84200", "2009-06-30": "96.12500", "2009-03-31": "70.66500", "2008-12-31": "58.59090", "2008-09-30": "27.57500", "2008-06-30": "18.96600", "2008-03-31": "29.60800", "2007-12-31": "69.79320", "2007-09-30": "40.98900", "2007-06-30": "-49.54900", "2007-03-31": "24.94400", "2006-12-31": "33.41100", "2006-09-30": "29.59300", "2006-06-30": "28.57800", "2006-03-31": "13.71800", "2005-12-31": "-7.03200", "2005-09-30": "-0.25200", "2005-06-30": "8.89700", "2005-03-31": "6.59900"}, "EBIT": {"2020-09-30": "81.34800", "2020-06-30": "60.66100", "2020-03-31": "48.73200", "2019-12-31": "36.71710", "2019-09-30": "79.02300", "2019-06-30": "80.57300", "2019-03-31": "66.26600", "2018-12-31": "45.79900", "2018-09-30": "77.34800", "2018-06-30": "71.48300", "2018-03-31": "55.26200", "2017-12-31": "66.58690", "2017-09-30": "61.65700", "2017-06-30": "25.79400", "2017-03-31": "60.72000", "2016-12-31": "79.21510", "2016-09-30": "106.08800", "2016-06-30": "65.64800", "2016-03-31": "63.82900", "2015-12-31": "116.31180", "2015-09-30": "55.93910", "2015-06-30": "64.30800", "2015-03-31": "37.91100", "2014-12-31": "48.16110", "2014-09-30": "44.24400", "2014-06-30": "61.16900", "2014-03-31": "89.01400", "2013-12-31": "33.06590", "2013-09-30": "26.80990", "2013-06-30": "56.99000", "2013-03-31": "22.46400", "2012-12-31": "32.25700", "2012-09-30": "31.18300", "2012-06-30": "38.39110", "2012-03-31": "20.91600", "2011-12-31": "29.28010", "2011-09-30": "32.39000", "2011-06-30": "47.43400", "2011-03-31": "28.01700", "2010-12-31": "44.87480", "2010-09-30": "20.29000", "2010-06-30": "58.94700", "2010-03-31": "26.33310", "2009-12-31": "-15.28700", "2009-09-30": "56.82200", "2009-06-30": "56.50700", "2009-03-31": "13.93400", "2008-12-31": "-433.75200", "2008-09-30": "3.79700", "2008-06-30": "8.24800", "2008-03-31": "8.05700", "2007-12-31": "57.92720", "2007-09-30": "21.94400", "2007-06-30": "-68.45500", "2007-03-31": "8.48400", "2006-12-31": "18.68500", "2006-09-30": "12.83500", "2006-06-30": "13.36700", "2006-03-31": "-0.26000", "2005-12-31": "-23.36800", "2005-09-30": "-11.16000", "2005-06-30": "2.72900", "2005-03-31": "0.43600"}, "Basic Shares Outstanding": {"2020-09-30": "223.90700", "2020-06-30": "223.12300", "2020-03-31": "223.53300", "2019-12-31": "229.94400", "2019-09-30": "230.72300", "2019-06-30": "231.02900", "2019-03-31": "230.58400", "2018-12-31": "237.79700", "2018-09-30": "237.69600", "2018-06-30": "238.99100", "2018-03-31": "239.92800", "2017-12-31": "244.17900", "2017-09-30": "243.35400", "2017-06-30": "245.26100", "2017-03-31": "246.60600", "2016-12-31": "262.20900", "2016-09-30": "260.97600", "2016-06-30": "265.91500", "2016-03-31": "270.21400", "2015-12-31": "323.01800", "2015-09-30": "292.25600", "2015-06-30": "363.76600", "2015-03-31": "366.58400", "2014-12-31": "370.16000", "2014-09-30": "366.88000", "2014-06-30": "366.71200", "2014-03-31": "381.55100", "2013-12-31": "392.58500", "2013-09-30": "392.57900", "2013-06-30": "393.17400", "2013-03-31": "392.49800", "2012-12-31": "390.27500", "2012-09-30": "390.40600", "2012-06-30": "389.97800", "2012-03-31": "389.70100", "2011-12-31": "405.22400", "2011-09-30": "395.67700", "2011-06-30": "417.67600", "2011-03-31": "418.52000", "2010-12-31": "426.24700", "2010-09-30": "417.98500", "2010-06-30": "425.59400", "2010-03-31": "443.32600", "2009-12-31": "459.39000", "2009-09-30": "468.00800", "2009-06-30": "469.61400", "2009-03-31": "443.32600", "2008-12-31": "185.63400", "2008-09-30": "92.65000", "2008-06-30": "92.62400", "2008-03-31": "92.54400", "2007-12-31": "92.35900", "2007-09-30": "92.53700", "2007-06-30": "92.31100", "2007-03-31": "92.04800", "2006-12-31": "86.64400", "2006-09-30": "87.85600", "2006-06-30": "87.56100", "2006-03-31": "82.31200", "2005-12-31": "70.01100", "2005-09-30": "73.22800", "2005-06-30": "65.67000", "2005-03-31": "65.55300"}, "Shares Outstanding": {"2020-09-30": "228.31700", "2020-06-30": "227.17400", "2020-03-31": "228.00700", "2019-12-31": "235.07500", "2019-09-30": "235.71800", "2019-06-30": "236.09300", "2019-03-31": "235.89400", "2018-12-31": "244.96300", "2018-09-30": "244.76600", "2018-06-30": "246.15200", "2018-03-31": "248.41900", "2017-12-31": "252.28900", "2017-09-30": "251.73700", "2017-06-30": "245.26100", "2017-03-31": "254.23900", "2016-12-31": "266.71200", "2016-09-30": "264.80800", "2016-06-30": "270.26500", "2016-03-31": "274.75000", "2015-12-31": "328.72500", "2015-09-30": "296.95100", "2015-06-30": "370.54200", "2015-03-31": "373.20800", "2014-12-31": "376.18200", "2014-09-30": "372.15200", "2014-06-30": "372.17200", "2014-03-31": "389.35200", "2013-12-31": "398.68000", "2013-09-30": "392.57900", "2013-06-30": "397.88400", "2013-03-31": "395.69400", "2012-12-31": "392.14000", "2012-09-30": "390.40600", "2012-06-30": "389.97800", "2012-03-31": "392.27500", "2011-12-31": "407.18000", "2011-09-30": "397.89900", "2011-06-30": "419.23900", "2011-03-31": "418.52000", "2010-12-31": "427.19500", "2010-09-30": "417.98500", "2010-06-30": "426.56700", "2010-03-31": "443.32600", "2009-12-31": "459.39000", "2009-09-30": "468.00800", "2009-06-30": "471.15300", "2009-03-31": "469.23700", "2008-12-31": "185.63400", "2008-09-30": "92.65000", "2008-06-30": "92.62400", "2008-03-31": "92.54400", "2007-12-31": "93.24700", "2007-09-30": "93.35900", "2007-06-30": "92.31100", "2007-03-31": "93.85400", "2006-12-31": "86.64400", "2006-09-30": "91.57300", "2006-06-30": "91.39900", "2006-03-31": "82.31200", "2005-12-31": "70.01100", "2005-09-30": "73.22800", "2005-06-30": "65.67000", "2005-03-31": "69.22600"}, "Basic EPS": {"2020-09-30": "0.18000", "2020-06-30": "0.11000", "2020-03-31": "0.06000", "2019-12-31": "0.12000", "2019-09-30": "0.20000", "2019-06-30": "0.14000", "2019-03-31": "0.14000", "2018-12-31": "0.07000", "2018-09-30": "1.65000", "2018-06-30": "0.13000", "2018-03-31": "0.08000", "2017-12-31": "0.65000", "2017-09-30": "0.06000", "2017-06-30": "-0.01000", "2017-03-31": "0.09000", "2016-12-31": "0.11000", "2016-09-30": "0.19000", "2016-06-30": "0.10000", "2016-03-31": "0.09000", "2015-12-31": "0.28000", "2015-09-30": "0.03000", "2015-06-30": "0.11000", "2015-03-31": "0.08000", "2014-12-31": "0.07000", "2014-09-30": "0.06000", "2014-06-30": "0.08000", "2014-03-31": "0.12000", "2013-12-31": "0.08490", "2013-09-30": "-0.00490", "2013-06-30": "0.03000", "2013-03-31": "0.01000", "2012-12-31": "0.07000", "2012-09-30": "-0.07000", "2012-06-30": "-0.01000", "2012-03-31": "0.03000", "2011-12-31": "", "2011-09-30": "-0.01000", "2011-06-30": "0.03000", "2011-03-31": "0.00000", "2010-12-31": "-0.03000", "2010-09-30": "0.00000", "2010-06-30": "0.03000", "2010-03-31": "-0.01000", "2009-12-31": "-0.03000", "2009-09-30": "0.03000", "2009-06-30": "0.03000", "2009-03-31": "-0.02000", "2008-12-31": "-1.64960", "2008-09-30": "-0.13110", "2008-06-30": "-0.07450", "2008-03-31": "-0.72910", "2007-12-31": "0.36070", "2007-09-30": "0.04030", "2007-06-30": "-0.30360", "2007-03-31": "0.07670", "2006-12-31": "-0.01580", "2006-09-30": "0.00780", "2006-06-30": "0.03690", "2006-03-31": "-0.15510", "2005-12-31": "-0.25520", "2005-09-30": "-0.58010", "2005-06-30": "0.00640", "2005-03-31": "0.04090"}, "EPS - Earnings Per Share": {"2020-09-30": "0.17000", "2020-06-30": "0.11000", "2020-03-31": "0.06000", "2019-12-31": "0.10000", "2019-09-30": "0.20000", "2019-06-30": "0.14000", "2019-03-31": "0.14000", "2018-12-31": "0.08000", "2018-09-30": "1.60000", "2018-06-30": "0.12000", "2018-03-31": "0.08000", "2017-12-31": "0.63000", "2017-09-30": "0.06000", "2017-06-30": "-0.01000", "2017-03-31": "0.09000", "2016-12-31": "0.12000", "2016-09-30": "0.18000", "2016-06-30": "0.10000", "2016-03-31": "0.09000", "2015-12-31": "0.28000", "2015-09-30": "0.03000", "2015-06-30": "0.11000", "2015-03-31": "0.07000", "2014-12-31": "0.06000", "2014-09-30": "0.06000", "2014-06-30": "0.08000", "2014-03-31": "0.12000", "2013-12-31": "0.07490", "2013-09-30": "-0.00490", "2013-06-30": "0.03000", "2013-03-31": "0.01000", "2012-12-31": "0.07000", "2012-09-30": "-0.07000", "2012-06-30": "-0.01000", "2012-03-31": "0.03000", "2011-12-31": "0.00000", "2011-09-30": "-0.01000", "2011-06-30": "0.03000", "2011-03-31": "0.00000", "2010-12-31": "-0.03000", "2010-09-30": "0.00000", "2010-06-30": "0.03000", "2010-03-31": "-0.01000", "2009-12-31": "-0.03000", "2009-09-30": "0.03000", "2009-06-30": "0.03000", "2009-03-31": "-0.02000", "2008-12-31": "-1.64960", "2008-09-30": "-0.13110", "2008-06-30": "-0.07450", "2008-03-31": "-0.72910", "2007-12-31": "0.36080", "2007-09-30": "0.04000", "2007-06-30": "-0.30360", "2007-03-31": "0.07520", "2006-12-31": "-0.01390", "2006-09-30": "0.00750", "2006-06-30": "0.03540", "2006-03-31": "-0.15510", "2005-12-31": "-0.25300", "2005-09-30": "-0.58010", "2005-06-30": "0.00640", "2005-03-31": "0.03870"}}, "balance sheet": {"Cash On Hand": {"2019-12-31": "334.73400", "2018-12-31": "461.26500", "2017-12-31": "204.08000", "2016-12-31": "255.85200", "2015-12-31": "370.08500", "2014-12-31": "267.11200", "2013-12-31": "580.15200", "2012-12-31": "453.36100", "2011-12-31": "475.23100", "2010-12-31": "512.50800", "2009-12-31": "591.71900", "2008-12-31": "110.88200", "2007-12-31": "78.11600", "2006-12-31": "279.32900", "2005-12-31": "1318.21900"}, "Receivables": {"2019-12-31": "117.46100", "2018-12-31": "109.80500", "2017-12-31": "114.39000", "2016-12-31": "98.82500", "2015-12-31": "104.85400", "2014-12-31": "68.21100", "2013-12-31": "62.88500", "2012-12-31": "61.16400", "2011-12-31": "68.34900", "2010-12-31": "84.25800", "2009-12-31": "88.00400", "2008-12-31": "97.25800", "2007-12-31": "27.61000", "2006-12-31": "60.02100", "2005-12-31": "283.97900"}, "Inventory": {"2019-12-31": "3.89100", "2018-12-31": "3.68700", "2017-12-31": "3.15600", "2016-12-31": "2.85100", "2015-12-31": "4.31200", "2014-12-31": "6.86100", "2013-12-31": "10.22600", "2012-12-31": "13.80500", "2011-12-31": "12.90300", "2010-12-31": "22.69400", "2009-12-31": "23.02400", "2008-12-31": "24.64600", "2007-12-31": "11.06700", "2006-12-31": "10.01900", "2005-12-31": "11.10100"}, "Pre-Paid Expenses": {"2019-12-31": "15.58500", "2018-12-31": "14.45200", "2017-12-31": "20.12500", "2016-12-31": "19.24400", "2015-12-31": "69.91900", "2014-12-31": "72.25800", "2013-12-31": "81.75900", "2012-12-31": "24.23100", "2011-12-31": "27.39700", "2010-12-31": "24.38600", "2009-12-31": "29.21200", "2008-12-31": "28.99000", "2007-12-31": "28.54000", "2006-12-31": "23.98700", "2005-12-31": "20.28100"}, "Other Current Assets": {"2019-12-31": "82.37600", "2018-12-31": "76.50900", "2017-12-31": "62.60200", "2016-12-31": "75.76000", "2015-12-31": "67.39900", "2014-12-31": "65.30800", "2013-12-31": "67.18300", "2012-12-31": "65.77700", "2011-12-31": "70.54700", "2010-12-31": "76.55300", "2009-12-31": "80.47600", "2008-12-31": "81.13900", "2007-12-31": "", "2006-12-31": "", "2005-12-31": ""}, "Total Current Assets": {"2019-12-31": "554.04700", "2018-12-31": "665.71800", "2017-12-31": "404.35300", "2016-12-31": "452.53200", "2015-12-31": "616.56900", "2014-12-31": "562.10200", "2013-12-31": "922.41100", "2012-12-31": "709.82700", "2011-12-31": "735.39700", "2010-12-31": "754.78800", "2009-12-31": "878.99200", "2008-12-31": "380.83800", "2007-12-31": "170.25400", "2006-12-31": "391.77000", "2005-12-31": "1655.28600"}, "Property, Plant, And Equipment": {"2019-12-31": "977.00000", "2018-12-31": "1023.26700", "2017-12-31": "1263.05900", "2016-12-31": "1192.33900", "2015-12-31": "1227.94400", "2014-12-31": "1241.17000", "2013-12-31": "1165.48700", "2012-12-31": "1250.33800", "2011-12-31": "1192.20000", "2010-12-31": "1551.26100", "2009-12-31": "1619.24800", "2008-12-31": "1770.37200", "2007-12-31": "504.87400", "2006-12-31": "488.48400", "2005-12-31": "443.85700"}, "Long-Term Investments": {"2019-12-31": "302.55500", "2018-12-31": "274.13700", "2017-12-31": "285.09100", "2016-12-31": "180.58500", "2015-12-31": "58.36900", "2014-12-31": "74.05400", "2013-12-31": "83.19700", "2012-12-31": "113.28300", "2011-12-31": "119.27100", "2010-12-31": "107.22300", "2009-12-31": "107.02000", "2008-12-31": "133.05200", "2007-12-31": "141.90900", "2006-12-31": "60.19700", "2005-12-31": "85.08600"}, "Goodwill And Intangible Assets": {"2019-12-31": "2003.12300", "2018-12-31": "2042.03700", "2017-12-31": "2064.91900", "2016-12-31": "2063.94100", "2015-12-31": "2110.36800", "2014-12-31": "2173.86900", "2013-12-31": "2148.32400", "2012-12-31": "2177.73800", "2011-12-31": "2174.71900", "2010-12-31": "2242.21800", "2009-12-31": "2273.90200", "2008-12-31": "2265.24800", "2007-12-31": "514.09600", "2006-12-31": "591.97800", "2005-12-31": "594.02400"}, "Other Long-Term Assets": {"2019-12-31": "100.46090", "2018-12-31": "96.90700", "2017-12-31": "79.51600", "2016-12-31": "49.91700", "2015-12-31": "95.47000", "2014-12-31": "56.27200", "2013-12-31": "", "2012-12-31": "", "2011-12-31": "", "2010-12-31": "", "2009-12-31": "", "2008-12-31": "34.03200", "2007-12-31": "45.29500", "2006-12-31": "1.93900", "2005-12-31": ""}, "Total Long-Term Assets": {"2019-12-31": "4440.48200", "2018-12-31": "3626.31700", "2017-12-31": "3692.58500", "2016-12-31": "3486.78200", "2015-12-31": "3492.15100", "2014-12-31": "3575.49700", "2013-12-31": "3440.62900", "2012-12-31": "3593.37200", "2011-12-31": "3553.73200", "2010-12-31": "3977.86600", "2009-12-31": "4096.42400", "2008-12-31": "4264.78300", "2007-12-31": "1284.31300", "2006-12-31": "1168.67900", "2005-12-31": "1154.20300"}, "Total Assets": {"2019-12-31": "4994.52900", "2018-12-31": "4292.03500", "2017-12-31": "4096.93800", "2016-12-31": "3939.31400", "2015-12-31": "4108.72000", "2014-12-31": "4137.59900", "2013-12-31": "4363.04000", "2012-12-31": "4303.19900", "2011-12-31": "4289.12900", "2010-12-31": "4732.65400", "2009-12-31": "4975.41600", "2008-12-31": "4645.62000", "2007-12-31": "1454.56700", "2006-12-31": "1560.44900", "2005-12-31": "2809.48900"}, "Total Current Liabilities": {"2019-12-31": "349.69800", "2018-12-31": "284.18500", "2017-12-31": "227.16200", "2016-12-31": "230.08100", "2015-12-31": "268.77400", "2014-12-31": "340.22400", "2013-12-31": "349.52600", "2012-12-31": "286.86200", "2011-12-31": "336.74300", "2010-12-31": "421.48600", "2009-12-31": "475.14700", "2008-12-31": "502.48900", "2007-12-31": "207.16300", "2006-12-31": "230.57600", "2005-12-31": "1358.85900"}, "Long Term Debt": {"2019-12-31": "2738.40800", "2018-12-31": "2752.78300", "2017-12-31": "2724.23000", "2016-12-31": "2487.63000", "2015-12-31": "2402.82300", "2014-12-31": "1384.97200", "2013-12-31": "1425.28500", "2012-12-31": "1444.65100", "2011-12-31": "1350.40200", "2010-12-31": "1553.98700", "2009-12-31": "1500.78400", "2008-12-31": "1081.15100", "2007-12-31": "711.53100", "2006-12-31": "701.91600", "2005-12-31": "894.52700"}, "Other Non-Current Liabilities": {"2019-12-31": "221.56800", "2018-12-31": "337.45800", "2017-12-31": "273.29000", "2016-12-31": "247.35400", "2015-12-31": "224.49600", "2014-12-31": "199.83300", "2013-12-31": "176.24400", "2012-12-31": "147.61400", "2011-12-31": "147.80800", "2010-12-31": "170.25400", "2009-12-31": "174.41300", "2008-12-31": "186.43300", "2007-12-31": "76.13800", "2006-12-31": "73.14500", "2005-12-31": "68.31000"}, "Total Long Term Liabilities": {"2019-12-31": "4128.47200", "2018-12-31": "3359.40100", "2017-12-31": "3296.57300", "2016-12-31": "3181.49700", "2015-12-31": "3087.03200", "2014-12-31": "2079.79900", "2013-12-31": "2084.02800", "2012-12-31": "2030.48200", "2011-12-31": "1956.31700", "2010-12-31": "2147.99400", "2009-12-31": "2163.93000", "2008-12-31": "1759.68600", "2007-12-31": "798.53000", "2006-12-31": "852.06000", "2005-12-31": "1055.06000"}, "Total Liabilities": {"2019-12-31": "4478.17000", "2018-12-31": "3643.58600", "2017-12-31": "3523.73500", "2016-12-31": "3411.57800", "2015-12-31": "3355.80600", "2014-12-31": "2420.02300", "2013-12-31": "2433.55400", "2012-12-31": "2317.34400", "2011-12-31": "2293.06000", "2010-12-31": "2569.48000", "2009-12-31": "2639.07700", "2008-12-31": "2262.17500", "2007-12-31": "1005.69300", "2006-12-31": "1082.63600", "2005-12-31": "2413.91900"}, "Common Stock Net": {"2019-12-31": "47.04200", "2018-12-31": "47.04200", "2017-12-31": "47.04200", "2016-12-31": "47.04200", "2015-12-31": "47.04200", "2014-12-31": "47.04200", "2013-12-31": "47.04200", "2012-12-31": "47.04200", "2011-12-31": "47.04200", "2010-12-31": "47.04200", "2009-12-31": "47.04200", "2008-12-31": "47.04200", "2007-12-31": "9.35700", "2006-12-31": "9.32100", "2005-12-31": "8.86500"}, "Retained Earnings (Accumulated Deficit)": {"2019-12-31": "185.72500", "2018-12-31": "146.27700", "2017-12-31": "-163.28900", "2016-12-31": "-290.85700", "2015-12-31": "-356.63200", "2014-12-31": "-445.91700", "2013-12-31": "-492.21500", "2012-12-31": "-467.00700", "2011-12-31": "-434.99900", "2010-12-31": "-412.46400", "2009-12-31": "-380.48000", "2008-12-31": "-357.54100", "2007-12-31": "167.26700", "2006-12-31": "185.72600", "2005-12-31": "259.28500"}, "Comprehensive Income": {"2019-12-31": "-53.82800", "2018-12-31": "-61.67300", "2017-12-31": "-46.19800", "2016-12-31": "-63.24100", "2015-12-31": "-70.82300", "2014-12-31": "-31.29400", "2013-12-31": "-10.33700", "2012-12-31": "5.98100", "2011-12-31": "0.10200", "2010-12-31": "7.01700", "2009-12-31": "-5.68500", "2008-12-31": "-43.25300", "2007-12-31": "-2.09800", "2006-12-31": "14.85200", "2005-12-31": "5.45100"}, "Other Share Holders Equity": {"2019-12-31": "", "2018-12-31": "", "2017-12-31": "", "2016-12-31": "", "2015-12-31": "", "2014-12-31": "", "2013-12-31": "", "2012-12-31": "", "2011-12-31": "", "2010-12-31": "", "2009-12-31": "", "2008-12-31": "", "2007-12-31": "", "2006-12-31": "", "2005-12-31": "-0.51900"}, "Share Holder Equity": {"2019-12-31": "516.35900", "2018-12-31": "648.44900", "2017-12-31": "573.20300", "2016-12-31": "527.73600", "2015-12-31": "752.91400", "2014-12-31": "1717.57600", "2013-12-31": "1929.48600", "2012-12-31": "1985.85500", "2011-12-31": "1996.06900", "2010-12-31": "2163.17400", "2009-12-31": "2336.33900", "2008-12-31": "2383.44500", "2007-12-31": "448.87400", "2006-12-31": "477.81300", "2005-12-31": "395.57000"}, "Total Liabilities And Share Holders Equity": {"2019-12-31": "4994.52900", "2018-12-31": "4292.03500", "2017-12-31": "4096.93800", "2016-12-31": "3939.31400", "2015-12-31": "4108.72000", "2014-12-31": "4137.59900", "2013-12-31": "4363.04000", "2012-12-31": "4303.19900", "2011-12-31": "4289.12900", "2010-12-31": "4732.65400", "2009-12-31": "4975.41600", "2008-12-31": "4645.62000", "2007-12-31": "1454.56700", "2006-12-31": "1560.44900", "2005-12-31": "2809.48900"}}, "balance sheet, quarterly": {"Cash On Hand": {"2020-09-30": "351.64700", "2020-06-30": "368.60800", "2020-03-31": "348.34900", "2019-12-31": "334.73400", "2019-09-30": "468.19000", "2019-06-30": "455.71000", "2019-03-31": "443.83900", "2018-12-31": "461.26500", "2018-09-30": "664.62500", "2018-06-30": "224.93900", "2018-03-31": "217.82200", "2017-12-31": "204.08000", "2017-09-30": "220.67100", "2017-06-30": "243.68700", "2017-03-31": "242.57400", "2016-12-31": "255.85200", "2016-09-30": "349.56000", "2016-06-30": "301.87400", "2016-03-31": "354.70500", "2015-12-31": "370.08500", "2015-09-30": "175.70000", "2015-06-30": "1197.56700", "2015-03-31": "202.86200", "2014-12-31": "267.11200", "2014-09-30": "342.44600", "2014-06-30": "371.66000", "2014-03-31": "384.69500", "2013-12-31": "580.15200", "2013-09-30": "513.43100", "2013-06-30": "489.01700", "2013-03-31": "428.68400", "2012-12-31": "453.36100", "2012-09-30": "453.59200", "2012-06-30": "435.10000", "2012-03-31": "418.41000", "2011-12-31": "475.23100", "2011-09-30": "488.81700", "2011-06-30": "492.44800", "2011-03-31": "500.06100", "2010-12-31": "512.50800", "2010-09-30": "520.51400", "2010-06-30": "508.38000", "2010-03-31": "507.28400", "2009-12-31": "591.71900", "2009-09-30": "645.63200", "2009-06-30": "618.48200", "2009-03-31": "137.48400", "2008-12-31": "110.88200", "2008-09-30": "26.03200", "2008-06-30": "21.44200", "2008-03-31": "75.56300", "2007-12-31": "78.11600", "2007-09-30": "162.85300", "2007-06-30": "177.49800", "2007-03-31": "272.76000", "2006-12-31": "279.32900", "2006-09-30": "345.42000", "2006-06-30": "2936.21900", "2006-03-31": "2596.03000", "2005-12-31": "1318.21900", "2005-09-30": "1499.16000", "2005-06-30": "1143.74800", "2005-03-31": "897.22200"}, "Receivables": {"2020-09-30": "100.12500", "2020-06-30": "134.51900", "2020-03-31": "80.99900", "2019-12-31": "117.46100", "2019-09-30": "105.01700", "2019-06-30": "101.08300", "2019-03-31": "110.56700", "2018-12-31": "109.80500", "2018-09-30": "100.14800", "2018-06-30": "95.12100", "2018-03-31": "109.87400", "2017-12-31": "114.39000", "2017-09-30": "115.39000", "2017-06-30": "106.64900", "2017-03-31": "90.32400", "2016-12-31": "98.82500", "2016-09-30": "109.83500", "2016-06-30": "115.30400", "2016-03-31": "87.99900", "2015-12-31": "104.85400", "2015-09-30": "77.07800", "2015-06-30": "70.51500", "2015-03-31": "76.38700", "2014-12-31": "68.21100", "2014-09-30": "69.08400", "2014-06-30": "72.05500", "2014-03-31": "63.19200", "2013-12-31": "62.88500", "2013-09-30": "62.62000", "2013-06-30": "65.81000", "2013-03-31": "61.76100", "2012-12-31": "61.16400", "2012-09-30": "65.13500", "2012-06-30": "72.97600", "2012-03-31": "72.07400", "2011-12-31": "68.34900", "2011-09-30": "71.71200", "2011-06-30": "70.96200", "2011-03-31": "84.62300", "2010-12-31": "84.25800", "2010-09-30": "88.52100", "2010-06-30": "96.62500", "2010-03-31": "86.72700", "2009-12-31": "88.00400", "2009-09-30": "86.87000", "2009-06-30": "87.71900", "2009-03-31": "93.90400", "2008-12-31": "97.25800", "2008-09-30": "21.48900", "2008-06-30": "27.89200", "2008-03-31": "28.19700", "2007-12-31": "27.61000", "2007-09-30": "45.24000", "2007-06-30": "40.23700", "2007-03-31": "29.83300", "2006-12-31": "60.02100", "2006-09-30": "45.46100", "2006-06-30": "1526.24600", "2006-03-31": "1303.82100", "2005-12-31": "283.97900", "2005-09-30": "226.60300", "2005-06-30": "232.46800", "2005-03-31": "172.03300"}, "Inventory": {"2020-09-30": "4.60400", "2020-06-30": "4.41100", "2020-03-31": "4.55800", "2019-12-31": "3.89100", "2019-09-30": "3.54900", "2019-06-30": "3.54600", "2019-03-31": "3.55000", "2018-12-31": "3.68700", "2018-09-30": "3.33500", "2018-06-30": "3.28300", "2018-03-31": "3.14900", "2017-12-31": "3.15600", "2017-09-30": "2.89500", "2017-06-30": "2.92200", "2017-03-31": "2.72100", "2016-12-31": "2.85100", "2016-09-30": "2.65300", "2016-06-30": "2.43200", "2016-03-31": "3.60700", "2015-12-31": "4.31200", "2015-09-30": "4.20400", "2015-06-30": "5.79100", "2015-03-31": "7.94100", "2014-12-31": "6.86100", "2014-09-30": "8.30500", "2014-06-30": "9.04900", "2014-03-31": "9.03200", "2013-12-31": "10.22600", "2013-09-30": "9.12700", "2013-06-30": "11.71500", "2013-03-31": "12.42400", "2012-12-31": "13.80500", "2012-09-30": "12.28700", "2012-06-30": "12.32200", "2012-03-31": "12.00400", "2011-12-31": "12.90300", "2011-09-30": "12.50800", "2011-06-30": "13.16400", "2011-03-31": "23.11200", "2010-12-31": "22.69400", "2010-09-30": "21.23800", "2010-06-30": "22.40100", "2010-03-31": "21.77800", "2009-12-31": "23.02400", "2009-09-30": "21.99100", "2009-06-30": "24.38600", "2009-03-31": "24.28200", "2008-12-31": "24.64600", "2008-09-30": "11.41700", "2008-06-30": "10.69400", "2008-03-31": "10.51700", "2007-12-31": "11.06700", "2007-09-30": "9.74400", "2007-06-30": "9.58100", "2007-03-31": "8.73600", "2006-12-31": "10.01900", "2006-09-30": "8.19200", "2006-06-30": "8.68500", "2006-03-31": "8.93800", "2005-12-31": "11.10100", "2005-09-30": "8.30500", "2005-06-30": "2.38600", "2005-03-31": "2.12500"}, "Pre-Paid Expenses": {"2020-09-30": "34.82500", "2020-06-30": "36.00300", "2020-03-31": "37.96900", "2019-12-31": "15.58500", "2019-09-30": "12.63800", "2019-06-30": "18.62200", "2019-03-31": "19.76200", "2018-12-31": "14.45200", "2018-09-30": "18.14700", "2018-06-30": "22.41400", "2018-03-31": "20.08600", "2017-12-31": "20.12500", "2017-09-30": "23.76200", "2017-06-30": "27.43800", "2017-03-31": "27.51500", "2016-12-31": "19.24400", "2016-09-30": "60.02600", "2016-06-30": "144.80000", "2016-03-31": "74.17900", "2015-12-31": "69.91900", "2015-09-30": "178.48400", "2015-06-30": "115.54300", "2015-03-31": "83.15100", "2014-12-31": "72.25800", "2014-09-30": "81.88700", "2014-06-30": "58.25500", "2014-03-31": "65.84700", "2013-12-31": "81.75900", "2013-09-30": "118.68000", "2013-06-30": "51.46800", "2013-03-31": "38.02000", "2012-12-31": "24.23100", "2012-09-30": "32.12500", "2012-06-30": "39.42500", "2012-03-31": "42.44700", "2011-12-31": "27.39700", "2011-09-30": "32.27400", "2011-06-30": "42.15600", "2011-03-31": "53.78300", "2010-12-31": "24.38600", "2010-09-30": "42.93500", "2010-06-30": "51.56500", "2010-03-31": "53.86000", "2009-12-31": "29.21200", "2009-09-30": "38.91100", "2009-06-30": "40.54200", "2009-03-31": "46.66900", "2008-12-31": "28.99000", "2008-09-30": "30.62600", "2008-06-30": "17.56900", "2008-03-31": "21.14700", "2007-12-31": "28.54000", "2007-09-30": "27.43500", "2007-06-30": "24.14300", "2007-03-31": "25.29400", "2006-12-31": "23.98700", "2006-09-30": "22.62600", "2006-06-30": "20.66100", "2006-03-31": "17.36900", "2005-12-31": "20.28100", "2005-09-30": "21.67000", "2005-06-30": "9.85400", "2005-03-31": "6.40500"}, "Other Current Assets": {"2020-09-30": "116.53500", "2020-06-30": "154.36700", "2020-03-31": "120.00800", "2019-12-31": "82.37600", "2019-09-30": "84.38000", "2019-06-30": "93.42200", "2019-03-31": "86.04600", "2018-12-31": "76.50900", "2018-09-30": "69.83500", "2018-06-30": "87.68800", "2018-03-31": "91.48300", "2017-12-31": "62.60200", "2017-09-30": "58.16300", "2017-06-30": "60.22700", "2017-03-31": "75.39600", "2016-12-31": "75.76000", "2016-09-30": "90.76300", "2016-06-30": "91.32200", "2016-03-31": "86.86500", "2015-12-31": "67.39900", "2015-09-30": "86.44400", "2015-06-30": "82.78300", "2015-03-31": "78.87200", "2014-12-31": "65.30800", "2014-09-30": "68.01400", "2014-06-30": "69.09300", "2014-03-31": "71.65300", "2013-12-31": "67.18300", "2013-09-30": "68.76800", "2013-06-30": "71.28400", "2013-03-31": "70.11800", "2012-12-31": "65.77700", "2012-09-30": "75.24900", "2012-06-30": "85.86800", "2012-03-31": "77.28900", "2011-12-31": "70.54700", "2011-09-30": "72.11600", "2011-06-30": "74.47200", "2011-03-31": "85.47800", "2010-12-31": "76.55300", "2010-09-30": "102.75800", "2010-06-30": "83.55000", "2010-03-31": "77.48400", "2009-12-31": "80.47600", "2009-09-30": "81.62200", "2009-06-30": "84.68600", "2009-03-31": "82.52100", "2008-12-31": "81.13900", "2008-09-30": "", "2008-06-30": "", "2008-03-31": "", "2007-12-31": "", "2007-09-30": "", "2007-06-30": "", "2007-03-31": "", "2006-12-31": "", "2006-09-30": "", "2006-06-30": "", "2006-03-31": "", "2005-12-31": "", "2005-09-30": "", "2005-06-30": "", "2005-03-31": ""}, "Total Current Assets": {"2020-09-30": "607.73600", "2020-06-30": "697.90800", "2020-03-31": "591.88300", "2019-12-31": "554.04700", "2019-09-30": "673.77400", "2019-06-30": "672.38300", "2019-03-31": "663.76400", "2018-12-31": "665.71800", "2018-09-30": "856.09000", "2018-06-30": "433.44500", "2018-03-31": "442.41400", "2017-12-31": "404.35300", "2017-09-30": "420.88100", "2017-06-30": "440.92300", "2017-03-31": "438.53000", "2016-12-31": "452.53200", "2016-09-30": "612.83700", "2016-06-30": "655.73200", "2016-03-31": "607.35500", "2015-12-31": "616.56900", "2015-09-30": "595.04200", "2015-06-30": "1553.91900", "2015-03-31": "538.42200", "2014-12-31": "562.10200", "2014-09-30": "670.23300", "2014-06-30": "672.93400", "2014-03-31": "710.73800", "2013-12-31": "922.41100", "2013-09-30": "858.79900", "2013-06-30": "775.79500", "2013-03-31": "695.66600", "2012-12-31": "709.82700", "2012-09-30": "733.68000", "2012-06-30": "729.97600", "2012-03-31": "713.91300", "2011-12-31": "735.39700", "2011-09-30": "735.70600", "2011-06-30": "822.52500", "2011-03-31": "802.05300", "2010-12-31": "754.78800", "2010-09-30": "854.73000", "2010-06-30": "829.07700", "2010-03-31": "813.69800", "2009-12-31": "878.99200", "2009-09-30": "920.35900", "2009-06-30": "913.16800", "2009-03-31": "424.93300", "2008-12-31": "380.83800", "2008-09-30": "104.61000", "2008-06-30": "98.08400", "2008-03-31": "155.93800", "2007-12-31": "170.25400", "2007-09-30": "271.81200", "2007-06-30": "277.95300", "2007-03-31": "360.16400", "2006-12-31": "391.77000", "2006-09-30": "439.64400", "2006-06-30": "4510.41900", "2006-03-31": "3946.36800", "2005-12-31": "1655.28600", "2005-09-30": "1792.62600", "2005-06-30": "1403.91500", "2005-03-31": "1092.29400"}, "Property, Plant, And Equipment": {"2020-09-30": "922.71700", "2020-06-30": "934.98000", "2020-03-31": "949.00600", "2019-12-31": "977.00000", "2019-09-30": "980.87200", "2019-06-30": "992.30200", "2019-03-31": "1003.23100", "2018-12-31": "1023.26700", "2018-09-30": "1223.98200", "2018-06-30": "1226.96100", "2018-03-31": "1245.37700", "2017-12-31": "1263.05900", "2017-09-30": "1252.24600", "2017-06-30": "1254.75000", "2017-03-31": "1190.55000", "2016-12-31": "1192.33900", "2016-09-30": "1207.93800", "2016-06-30": "1191.35300", "2016-03-31": "1235.59600", "2015-12-31": "1227.94400", "2015-09-30": "1226.38300", "2015-06-30": "1254.48900", "2015-03-31": "1288.00900", "2014-12-31": "1241.17000", "2014-09-30": "1234.99200", "2014-06-30": "1187.64800", "2014-03-31": "1146.99600", "2013-12-31": "1165.48700", "2013-09-30": "1156.32000", "2013-06-30": "1226.53200", "2013-03-31": "1233.28300", "2012-12-31": "1250.33800", "2012-09-30": "1240.85800", "2012-06-30": "1205.88300", "2012-03-31": "1195.10700", "2011-12-31": "1192.20000", "2011-09-30": "1152.66600", "2011-06-30": "1141.67500", "2011-03-31": "1519.96200", "2010-12-31": "1551.26100", "2010-09-30": "1554.74000", "2010-06-30": "1567.96400", "2010-03-31": "1585.97900", "2009-12-31": "1619.24800", "2009-09-30": "1667.38400", "2009-06-30": "1701.15900", "2009-03-31": "1734.40700", "2008-12-31": "1770.37200", "2008-09-30": "513.02200", "2008-06-30": "528.19400", "2008-03-31": "519.52600", "2007-12-31": "504.87400", "2007-09-30": "512.26800", "2007-06-30": "502.40800", "2007-03-31": "492.63700", "2006-12-31": "488.48400", "2006-09-30": "472.05300", "2006-06-30": "458.70800", "2006-03-31": "449.60100", "2005-12-31": "443.85700", "2005-09-30": "433.84200", "2005-06-30": "99.10100", "2005-03-31": "101.10900"}, "Long-Term Investments": {"2020-09-30": "303.01000", "2020-06-30": "301.39000", "2020-03-31": "301.59400", "2019-12-31": "302.55500", "2019-09-30": "297.50000", "2019-06-30": "289.50400", "2019-03-31": "284.83700", "2018-12-31": "274.13700", "2018-09-30": "278.72400", "2018-06-30": "280.98200", "2018-03-31": "283.26900", "2017-12-31": "285.09100", "2017-09-30": "271.82000", "2017-06-30": "270.06800", "2017-03-31": "56.95400", "2016-12-31": "180.58500", "2016-09-30": "59.68700", "2016-06-30": "60.94200", "2016-03-31": "61.25300", "2015-12-31": "58.36900", "2015-09-30": "64.89000", "2015-06-30": "70.71500", "2015-03-31": "70.24200", "2014-12-31": "74.05400", "2014-09-30": "77.76800", "2014-06-30": "82.06300", "2014-03-31": "79.90900", "2013-12-31": "83.19700", "2013-09-30": "106.63600", "2013-06-30": "107.44500", "2013-03-31": "110.90100", "2012-12-31": "113.28300", "2012-09-30": "117.57700", "2012-06-30": "115.86300", "2012-03-31": "118.96900", "2011-12-31": "119.27100", "2011-09-30": "119.20700", "2011-06-30": "110.78500", "2011-03-31": "109.94100", "2010-12-31": "107.22300", "2010-09-30": "106.86500", "2010-06-30": "104.05600", "2010-03-31": "110.01400", "2009-12-31": "107.02000", "2009-09-30": "110.12100", "2009-06-30": "102.26900", "2009-03-31": "116.73100", "2008-12-31": "133.05200", "2008-09-30": "70.45200", "2008-06-30": "101.85300", "2008-03-31": "97.45300", "2007-12-31": "141.90900", "2007-09-30": "82.70500", "2007-06-30": "93.27900", "2007-03-31": "45.78900", "2006-12-31": "60.19700", "2006-09-30": "70.00600", "2006-06-30": "69.14700", "2006-03-31": "", "2005-12-31": "85.08600", "2005-09-30": "89.82600", "2005-06-30": "87.03200", "2005-03-31": "84.21900"}, "Goodwill And Intangible Assets": {"2020-09-30": "1979.01300", "2020-06-30": "1983.14500", "2020-03-31": "1989.06500", "2019-12-31": "2003.12300", "2019-09-30": "2007.28700", "2019-06-30": "2013.21000", "2019-03-31": "2019.59300", "2018-12-31": "2042.03700", "2018-09-30": "2052.88200", "2018-06-30": "2043.24600", "2018-03-31": "2053.77200", "2017-12-31": "2064.91900", "2017-09-30": "2075.63800", "2017-06-30": "2081.05200", "2017-03-31": "2056.19800", "2016-12-31": "2063.94100", "2016-09-30": "2068.36800", "2016-06-30": "2070.43500", "2016-03-31": "2101.03900", "2015-12-31": "2110.36800", "2015-09-30": "2118.83000", "2015-06-30": "2155.22200", "2015-03-31": "2164.26700", "2014-12-31": "2173.86900", "2014-09-30": "2154.47300", "2014-06-30": "2170.92800", "2014-03-31": "2171.54800", "2013-12-31": "2148.32400", "2013-09-30": "2168.09200", "2013-06-30": "2173.46800", "2013-03-31": "2169.04100", "2012-12-31": "2177.73800", "2012-09-30": "2191.46800", "2012-06-30": "2187.33800", "2012-03-31": "2171.51200", "2011-12-31": "2174.71900", "2011-09-30": "2176.90500", "2011-06-30": "2190.60800", "2011-03-31": "2239.51300", "2010-12-31": "2242.21800", "2010-09-30": "2249.68900", "2010-06-30": "2257.38700", "2010-03-31": "2266.02000", "2009-12-31": "2273.90200", "2009-09-30": "2276.85200", "2009-06-30": "2272.32300", "2009-03-31": "2268.02400", "2008-12-31": "2265.24800", "2008-09-30": "525.00400", "2008-06-30": "526.88600", "2008-03-31": "529.15500", "2007-12-31": "514.09600", "2007-09-30": "590.99000", "2007-06-30": "592.07400", "2007-03-31": "591.94000", "2006-12-31": "591.97800", "2006-09-30": "599.33400", "2006-06-30": "606.70400", "2006-03-31": "591.76000", "2005-12-31": "594.02400", "2005-09-30": "636.70400", "2005-06-30": "118.56600", "2005-03-31": "118.26400"}, "Other Long-Term Assets": {"2020-09-30": "115.49200", "2020-06-30": "112.23900", "2020-03-31": "108.38200", "2019-12-31": "100.46100", "2019-09-30": "107.26400", "2019-06-30": "103.52290", "2019-03-31": "99.58500", "2018-12-31": "96.90700", "2018-09-30": "95.75400", "2018-06-30": "95.54500", "2018-03-31": "85.00600", "2017-12-31": "79.51600", "2017-09-30": "69.68800", "2017-06-30": "61.87000", "2017-03-31": "210.09300", "2016-12-31": "49.91700", "2016-09-30": "165.59400", "2016-06-30": "156.75800", "2016-03-31": "145.06700", "2015-12-31": "95.47000", "2015-09-30": "", "2015-06-30": "", "2015-03-31": "", "2014-12-31": "56.27200", "2014-09-30": "", "2014-06-30": "", "2014-03-31": "", "2013-12-31": "", "2013-09-30": "", "2013-06-30": "", "2013-03-31": "", "2012-12-31": "", "2012-09-30": "", "2012-06-30": "", "2012-03-31": "", "2011-12-31": "", "2011-09-30": "", "2011-06-30": "", "2011-03-31": "", "2010-12-31": "", "2010-09-30": "", "2010-06-30": "", "2010-03-31": "", "2009-12-31": "", "2009-09-30": "6.73200", "2009-06-30": "7.52500", "2009-03-31": "28.88800", "2008-12-31": "34.03200", "2008-09-30": "3.95800", "2008-06-30": "4.07500", "2008-03-31": "18.07700", "2007-12-31": "45.29500", "2007-09-30": "39.54400", "2007-06-30": "41.57500", "2007-03-31": "", "2006-12-31": "1.93900", "2006-09-30": "", "2006-06-30": "", "2006-03-31": "", "2005-12-31": "", "2005-09-30": "2.33900", "2005-06-30": "68.88700", "2005-03-31": "70.52800"}, "Total Long-Term Assets": {"2020-09-30": "4355.28800", "2020-06-30": "4372.44800", "2020-03-31": "4389.83300", "2019-12-31": "4440.48200", "2019-09-30": "4462.44600", "2019-06-30": "4491.51000", "2019-03-31": "4521.89700", "2018-12-31": "3626.31700", "2018-09-30": "3651.34200", "2018-06-30": "3646.73400", "2018-03-31": "3667.42400", "2017-12-31": "3692.58500", "2017-09-30": "3669.39200", "2017-06-30": "3667.74000", "2017-03-31": "3513.79500", "2016-12-31": "3486.78200", "2016-09-30": "3501.58700", "2016-06-30": "3479.48800", "2016-03-31": "3542.95500", "2015-12-31": "3492.15100", "2015-09-30": "3485.74000", "2015-06-30": "3552.62600", "2015-03-31": "3595.41300", "2014-12-31": "3575.49700", "2014-09-30": "3509.22200", "2014-06-30": "3484.12100", "2014-03-31": "3443.33900", "2013-12-31": "3440.62900", "2013-09-30": "3465.15600", "2013-06-30": "3540.90000", "2013-03-31": "3561.31200", "2012-12-31": "3593.37200", "2012-09-30": "3606.39900", "2012-06-30": "3580.50500", "2012-03-31": "3552.19100", "2011-12-31": "3553.73200", "2011-09-30": "3517.58900", "2011-06-30": "3929.10700", "2011-03-31": "3938.68800", "2010-12-31": "3977.86600", "2010-09-30": "3999.95000", "2010-06-30": "4010.62300", "2010-03-31": "4054.78000", "2009-12-31": "4096.42400", "2009-09-30": "4147.94700", "2009-06-30": "4169.24700", "2009-03-31": "4217.74500", "2008-12-31": "4264.78300", "2008-09-30": "1217.56000", "2008-06-30": "1257.85100", "2008-03-31": "1249.47400", "2007-12-31": "1284.31300", "2007-09-30": "1258.59400", "2007-06-30": "1269.84000", "2007-03-31": "1159.79400", "2006-12-31": "1168.67900", "2006-09-30": "1169.84000", "2006-06-30": "1163.83200", "2006-03-31": "1156.34300", "2005-12-31": "1154.20300", "2005-09-30": "1192.16600", "2005-06-30": "400.76700", "2005-03-31": "397.19500"}, "Total Assets": {"2020-09-30": "4963.02400", "2020-06-30": "5070.35600", "2020-03-31": "4981.71600", "2019-12-31": "4994.52900", "2019-09-30": "5136.22000", "2019-06-30": "5163.89300", "2019-03-31": "5185.66100", "2018-12-31": "4292.03500", "2018-09-30": "4507.43200", "2018-06-30": "4080.17900", "2018-03-31": "4109.83800", "2017-12-31": "4096.93800", "2017-09-30": "4090.27300", "2017-06-30": "4108.66300", "2017-03-31": "3952.32500", "2016-12-31": "3939.31400", "2016-09-30": "4114.42400", "2016-06-30": "4135.22000", "2016-03-31": "4150.31000", "2015-12-31": "4108.72000", "2015-09-30": "4080.78200", "2015-06-30": "5106.54500", "2015-03-31": "4133.83500", "2014-12-31": "4137.59900", "2014-09-30": "4179.45500", "2014-06-30": "4157.05500", "2014-03-31": "4154.07700", "2013-12-31": "4363.04000", "2013-09-30": "4323.95500", "2013-06-30": "4316.69500", "2013-03-31": "4256.97800", "2012-12-31": "4303.19900", "2012-09-30": "4340.07900", "2012-06-30": "4310.48100", "2012-03-31": "4266.10400", "2011-12-31": "4289.12900", "2011-09-30": "4253.29500", "2011-06-30": "4751.63200", "2011-03-31": "4740.74100", "2010-12-31": "4732.65400", "2010-09-30": "4854.68000", "2010-06-30": "4839.70000", "2010-03-31": "4868.47800", "2009-12-31": "4975.41600", "2009-09-30": "5068.30600", "2009-06-30": "5082.41500", "2009-03-31": "4642.67800", "2008-12-31": "4645.62000", "2008-09-30": "1322.17000", "2008-06-30": "1355.93500", "2008-03-31": "1405.41200", "2007-12-31": "1454.56700", "2007-09-30": "1530.40600", "2007-06-30": "1547.79300", "2007-03-31": "1519.95800", "2006-12-31": "1560.44900", "2006-09-30": "1609.48400", "2006-06-30": "5674.25100", "2006-03-31": "5102.71100", "2005-12-31": "2809.48900", "2005-09-30": "2984.79200", "2005-06-30": "1804.68200", "2005-03-31": "1489.48900"}, "Total Current Liabilities": {"2020-09-30": "360.25000", "2020-06-30": "492.63500", "2020-03-31": "430.75900", "2019-12-31": "349.69800", "2019-09-30": "337.44600", "2019-06-30": "341.27500", "2019-03-31": "323.63700", "2018-12-31": "284.18500", "2018-09-30": "339.10300", "2018-06-30": "252.76200", "2018-03-31": "250.10600", "2017-12-31": "227.16200", "2017-09-30": "234.42200", "2017-06-30": "229.53000", "2017-03-31": "208.61400", "2016-12-31": "230.08100", "2016-09-30": "264.98600", "2016-06-30": "277.95400", "2016-03-31": "256.99500", "2015-12-31": "268.77400", "2015-09-30": "304.90700", "2015-06-30": "297.90000", "2015-03-31": "332.60400", "2014-12-31": "340.22400", "2014-09-30": "339.14400", "2014-06-30": "321.01000", "2014-03-31": "308.91100", "2013-12-31": "349.52600", "2013-09-30": "352.84600", "2013-06-30": "535.01800", "2013-03-31": "271.62500", "2012-12-31": "286.86200", "2012-09-30": "343.92400", "2012-06-30": "348.45300", "2012-03-31": "323.56100", "2011-12-31": "336.74300", "2011-09-30": "342.52500", "2011-06-30": "456.49400", "2011-03-31": "412.09200", "2010-12-31": "421.48600", "2010-09-30": "457.12100", "2010-06-30": "437.59300", "2010-03-31": "419.35100", "2009-12-31": "475.14700", "2009-09-30": "458.45400", "2009-06-30": "471.16700", "2009-03-31": "484.98900", "2008-12-31": "502.48900", "2008-09-30": "228.74900", "2008-06-30": "179.90900", "2008-03-31": "213.09000", "2007-12-31": "207.16300", "2007-09-30": "275.63100", "2007-06-30": "286.08200", "2007-03-31": "212.63900", "2006-12-31": "230.57600", "2006-09-30": "232.24100", "2006-06-30": "4252.72600", "2006-03-31": "3649.52200", "2005-12-31": "1358.85900", "2005-09-30": "1426.69400", "2005-06-30": "940.53700", "2005-03-31": "638.14600"}, "Long Term Debt": {"2020-09-30": "2724.82700", "2020-06-30": "2728.04500", "2020-03-31": "2732.96900", "2019-12-31": "2738.40800", "2019-09-30": "2742.57000", "2019-06-30": "2740.19300", "2019-03-31": "2760.15800", "2018-12-31": "2752.78300", "2018-09-30": "2759.76600", "2018-06-30": "2771.66000", "2018-03-31": "2777.18300", "2017-12-31": "2724.23000", "2017-09-30": "2696.52000", "2017-06-30": "2699.76000", "2017-03-31": "2527.81900", "2016-12-31": "2487.63000", "2016-09-30": "2491.99200", "2016-06-30": "2485.41400", "2016-03-31": "2478.58100", "2015-12-31": "2402.82300", "2015-09-30": "2379.93400", "2015-06-30": "2379.78200", "2015-03-31": "1392.30900", "2014-12-31": "1384.97200", "2014-09-30": "1409.06600", "2014-06-30": "1416.41100", "2014-03-31": "1423.75600", "2013-12-31": "1425.28500", "2013-09-30": "1433.66200", "2013-06-30": "1222.28500", "2013-03-31": "1441.74200", "2012-12-31": "1444.65100", "2012-09-30": "1447.32800", "2012-06-30": "1384.37300", "2012-03-31": "1344.68700", "2011-12-31": "1350.40200", "2011-09-30": "1348.70700", "2011-06-30": "1346.64000", "2011-03-31": "1526.67400", "2010-12-31": "1553.98700", "2010-09-30": "1559.63400", "2010-06-30": "1556.62300", "2010-03-31": "1501.85300", "2009-12-31": "1500.78400", "2009-09-30": "1507.85700", "2009-06-30": "1503.03500", "2009-03-31": "1078.49400", "2008-12-31": "1081.15100", "2008-09-30": "666.24000", "2008-06-30": "729.95500", "2008-03-31": "728.23500", "2007-12-31": "711.53100", "2007-09-30": "720.35700", "2007-06-30": "713.31700", "2007-03-31": "706.49000", "2006-12-31": "701.91600", "2006-09-30": "696.60700", "2006-06-30": "695.22200", "2006-03-31": "733.90000", "2005-12-31": "894.52700", "2005-09-30": "981.31800", "2005-06-30": "450.59900", "2005-03-31": "436.69100"}, "Other Non-Current Liabilities": {"2020-09-30": "210.97800", "2020-06-30": "213.45800", "2020-03-31": "215.88900", "2019-12-31": "221.56800", "2019-09-30": "222.30300", "2019-06-30": "232.06100", "2019-03-31": "235.20800", "2018-12-31": "337.45800", "2018-09-30": "349.93300", "2018-06-30": "350.87400", "2018-03-31": "352.39600", "2017-12-31": "273.29000", "2017-09-30": "277.44300", "2017-06-30": "276.84500", "2017-03-31": "246.95900", "2016-12-31": "247.35400", "2016-09-30": "234.65100", "2016-06-30": "228.07200", "2016-03-31": "228.97200", "2015-12-31": "224.49600", "2015-09-30": "213.97100", "2015-06-30": "216.98700", "2015-03-31": "203.92800", "2014-12-31": "199.83300", "2014-09-30": "193.03600", "2014-06-30": "191.70500", "2014-03-31": "205.99200", "2013-12-31": "176.24400", "2013-09-30": "161.61400", "2013-06-30": "155.22600", "2013-03-31": "136.50000", "2012-12-31": "147.61400", "2012-09-30": "111.83400", "2012-06-30": "107.42900", "2012-03-31": "108.60000", "2011-12-31": "147.80800", "2011-09-30": "109.67700", "2011-06-30": "110.65800", "2011-03-31": "164.92800", "2010-12-31": "170.25400", "2010-09-30": "171.55000", "2010-06-30": "175.63000", "2010-03-31": "177.88300", "2009-12-31": "174.41300", "2009-09-30": "176.88500", "2009-06-30": "173.66300", "2009-03-31": "181.99700", "2008-12-31": "186.43300", "2008-09-30": "78.65300", "2008-06-30": "78.00000", "2008-03-31": "78.07000", "2007-12-31": "76.13800", "2007-09-30": "82.53100", "2007-06-30": "84.24900", "2007-03-31": "82.30300", "2006-12-31": "73.14500", "2006-09-30": "82.41300", "2006-06-30": "82.40900", "2006-03-31": "90.09800", "2005-12-31": "68.31000", "2005-09-30": "52.02100", "2005-06-30": "45.98500", "2005-03-31": "46.63000"}, "Total Long Term Liabilities": {"2020-09-30": "4081.23900", "2020-06-30": "4093.73800", "2020-03-31": "4099.88200", "2019-12-31": "4128.47200", "2019-09-30": "4149.18300", "2019-06-30": "4174.57000", "2019-03-31": "4221.33000", "2018-12-31": "3359.40100", "2018-09-30": "3385.01100", "2018-06-30": "3396.87800", "2018-03-31": "3396.73500", "2017-12-31": "3296.57300", "2017-09-30": "3393.25600", "2017-06-30": "3392.08400", "2017-03-31": "3218.86200", "2016-12-31": "3181.49700", "2016-09-30": "3170.86300", "2016-06-30": "3164.10200", "2016-03-31": "3159.72600", "2015-12-31": "3087.03200", "2015-09-30": "3070.41800", "2015-06-30": "3070.21900", "2015-03-31": "2085.37100", "2014-12-31": "2079.79900", "2014-09-30": "2111.59600", "2014-06-30": "2091.67900", "2014-03-31": "2122.01200", "2013-12-31": "2084.02800", "2013-09-30": "2049.80000", "2013-06-30": "1817.87500", "2013-03-31": "2013.87400", "2012-12-31": "2030.48200", "2012-09-30": "2024.41100", "2012-06-30": "1968.45400", "2012-03-31": "1935.20200", "2011-12-31": "1956.31700", "2011-09-30": "1913.41700", "2011-06-30": "2167.71600", "2011-03-31": "2161.53600", "2010-12-31": "2147.99400", "2010-09-30": "2222.97200", "2010-06-30": "2233.62300", "2010-03-31": "2187.88100", "2009-12-31": "2163.93000", "2009-09-30": "2210.34600", "2009-06-30": "2209.42600", "2009-03-31": "1782.75700", "2008-12-31": "1759.68600", "2008-09-30": "759.18600", "2008-06-30": "826.35210", "2008-03-31": "828.73600", "2007-12-31": "798.53000", "2007-09-30": "826.26600", "2007-06-30": "826.51010", "2007-03-31": "841.90390", "2006-12-31": "852.06000", "2006-09-30": "845.54500", "2006-06-30": "886.88100", "2006-03-31": "911.94100", "2005-12-31": "1055.06000", "2005-09-30": "1152.12600", "2005-06-30": "564.04000", "2005-03-31": "549.10400"}, "Total Liabilities": {"2020-09-30": "4441.48900", "2020-06-30": "4586.37300", "2020-03-31": "4530.64100", "2019-12-31": "4478.17000", "2019-09-30": "4486.62900", "2019-06-30": "4515.84500", "2019-03-31": "4544.96700", "2018-12-31": "3643.58600", "2018-09-30": "3724.11400", "2018-06-30": "3649.64000", "2018-03-31": "3646.84100", "2017-12-31": "3523.73500", "2017-09-30": "3627.67800", "2017-06-30": "3621.61400", "2017-03-31": "3427.47600", "2016-12-31": "3411.57800", "2016-09-30": "3435.84900", "2016-06-30": "3442.05600", "2016-03-31": "3416.72100", "2015-12-31": "3355.80600", "2015-09-30": "3375.32500", "2015-06-30": "3368.11900", "2015-03-31": "2417.97500", "2014-12-31": "2420.02300", "2014-09-30": "2450.74000", "2014-06-30": "2412.68900", "2014-03-31": "2430.92300", "2013-12-31": "2433.55400", "2013-09-30": "2402.64600", "2013-06-30": "2352.89300", "2013-03-31": "2285.49900", "2012-12-31": "2317.34400", "2012-09-30": "2368.33500", "2012-06-30": "2316.90700", "2012-03-31": "2258.76300", "2011-12-31": "2293.06000", "2011-09-30": "2255.94200", "2011-06-30": "2624.21000", "2011-03-31": "2573.62800", "2010-12-31": "2569.48000", "2010-09-30": "2680.09300", "2010-06-30": "2671.21600", "2010-03-31": "2607.23200", "2009-12-31": "2639.07700", "2009-09-30": "2668.80000", "2009-06-30": "2680.59300", "2009-03-31": "2267.74600", "2008-12-31": "2262.17500", "2008-09-30": "987.93500", "2008-06-30": "1006.26100", "2008-03-31": "1041.82600", "2007-12-31": "1005.69300", "2007-09-30": "1101.89700", "2007-06-30": "1112.59200", "2007-03-31": "1054.54300", "2006-12-31": "1082.63600", "2006-09-30": "1077.78600", "2006-06-30": "5139.60700", "2006-03-31": "4561.46300", "2005-12-31": "2413.91900", "2005-09-30": "2578.82000", "2005-06-30": "1504.57700", "2005-03-31": "1187.25000"}, "Common Stock Net": {"2020-09-30": "47.04200", "2020-06-30": "47.04200", "2020-03-31": "47.04200", "2019-12-31": "47.04200", "2019-09-30": "47.04200", "2019-06-30": "47.04200", "2019-03-31": "47.04200", "2018-12-31": "47.04200", "2018-09-30": "47.04200", "2018-06-30": "47.04200", "2018-03-31": "47.04200", "2017-12-31": "47.04200", "2017-09-30": "47.04200", "2017-06-30": "47.04200", "2017-03-31": "47.04200", "2016-12-31": "47.04200", "2016-09-30": "47.04200", "2016-06-30": "47.04200", "2016-03-31": "47.04200", "2015-12-31": "47.04200", "2015-09-30": "47.04200", "2015-06-30": "47.04200", "2015-03-31": "47.04200", "2014-12-31": "47.04200", "2014-09-30": "47.04200", "2014-06-30": "47.04200", "2014-03-31": "47.04200", "2013-12-31": "47.04200", "2013-09-30": "47.04200", "2013-06-30": "47.04200", "2013-03-31": "47.04200", "2012-12-31": "47.04200", "2012-09-30": "47.04200", "2012-06-30": "47.04200", "2012-03-31": "47.04200", "2011-12-31": "47.04200", "2011-09-30": "47.04200", "2011-06-30": "47.04200", "2011-03-31": "47.04200", "2010-12-31": "47.04200", "2010-09-30": "47.04200", "2010-06-30": "47.04200", "2010-03-31": "47.04200", "2009-12-31": "47.04200", "2009-09-30": "47.14800", "2009-06-30": "47.04200", "2009-03-31": "47.04200", "2008-12-31": "47.04200", "2008-09-30": "9.36500", "2008-06-30": "9.36500", "2008-03-31": "9.35900", "2007-12-31": "9.35700", "2007-09-30": "9.35700", "2007-06-30": "9.35700", "2007-03-31": "9.33300", "2006-12-31": "9.32100", "2006-09-30": "9.02200", "2006-06-30": "9.01800", "2006-03-31": "8.99300", "2005-12-31": "8.86500", "2005-09-30": "8.86500", "2005-06-30": "8.86500", "2005-03-31": "8.86500"}, "Retained Earnings (Accumulated Deficit)": {"2020-09-30": "215.63500", "2020-06-30": "187.08600", "2020-03-31": "173.36600", "2019-12-31": "185.72500", "2019-09-30": "186.28200", "2019-06-30": "163.24900", "2019-03-31": "153.99100", "2018-12-31": "146.27700", "2018-09-30": "146.98300", "2018-06-30": "-224.12000", "2018-03-31": "-233.70000", "2017-12-31": "-163.28900", "2017-09-30": "-305.70300", "2017-06-30": "-302.93900", "2017-03-31": "-283.91600", "2016-12-31": "-290.85700", "2016-09-30": "-303.70300", "2016-06-30": "-336.94800", "2016-03-31": "-347.48600", "2015-12-31": "-356.63200", "2015-09-30": "-426.05400", "2015-06-30": "-418.41000", "2015-03-31": "-438.61200", "2014-12-31": "-445.91700", "2014-09-30": "-449.10300", "2014-06-30": "-453.56600", "2014-03-31": "-464.22800", "2013-12-31": "-492.21500", "2013-09-30": "-505.65700", "2013-06-30": "-484.11500", "2013-03-31": "-480.59200", "2012-12-31": "-467.00700", "2012-09-30": "-477.74200", "2012-06-30": "-443.76200", "2012-03-31": "-430.45700", "2011-12-31": "-434.99900", "2011-09-30": "-431.19700", "2011-06-30": "-419.39000", "2011-03-31": "-422.25700", "2010-12-31": "-412.46400", "2010-09-30": "-393.33300", "2010-06-30": "-386.17100", "2010-03-31": "-390.54400", "2009-12-31": "-380.48000", "2009-09-30": "-359.98300", "2009-06-30": "-367.64200", "2009-03-31": "-375.49800", "2008-12-31": "-357.54100", "2008-09-30": "42.71500", "2008-06-30": "62.30500", "2008-03-31": "77.26900", "2007-12-31": "167.26700", "2007-09-30": "142.02000", "2007-06-30": "146.35300", "2007-03-31": "182.46100", "2006-12-31": "185.72600", "2006-09-30": "200.93100", "2006-06-30": "208.01800", "2006-03-31": "225.72100", "2005-12-31": "259.28500", "2005-09-30": "282.09800", "2005-06-30": "331.13600", "2005-03-31": "335.41000"}, "Comprehensive Income": {"2020-09-30": "-58.96600", "2020-06-30": "-62.18600", "2020-03-31": "-66.33500", "2019-12-31": "-53.82800", "2019-09-30": "-54.11000", "2019-06-30": "-51.81300", "2019-03-31": "-55.64800", "2018-12-31": "-61.67300", "2018-09-30": "-51.13500", "2018-06-30": "-56.45000", "2018-03-31": "-52.12500", "2017-12-31": "-46.19800", "2017-09-30": "-45.01600", "2017-06-30": "-54.24700", "2017-03-31": "-60.75500", "2016-12-31": "-63.24100", "2016-09-30": "-58.66000", "2016-06-30": "-55.73500", "2016-03-31": "-57.70200", "2015-12-31": "-70.82300", "2015-09-30": "-63.38300", "2015-06-30": "-46.43300", "2015-03-31": "-51.35800", "2014-12-31": "-31.29400", "2014-09-30": "-20.77000", "2014-06-30": "-11.44200", "2014-03-31": "-17.67700", "2013-12-31": "-10.33700", "2013-09-30": "-1.65800", "2013-06-30": "-6.58700", "2013-03-31": "0.85000", "2012-12-31": "5.98100", "2012-09-30": "9.19400", "2012-06-30": "1.27400", "2012-03-31": "4.62700", "2011-12-31": "0.10200", "2011-09-30": "-5.73200", "2011-06-30": "14.88900", "2011-03-31": "14.62000", "2010-12-31": "7.01700", "2010-09-30": "2.22900", "2010-06-30": "-7.21100", "2010-03-31": "4.05500", "2009-12-31": "-5.68500", "2009-09-30": "-12.91000", "2009-06-30": "-23.94100", "2009-03-31": "-38.24100", "2008-12-31": "-43.25300", "2008-09-30": "4.00400", "2008-06-30": "1.04100", "2008-03-31": "1.03300", "2007-12-31": "-2.09800", "2007-09-30": "4.45800", "2007-06-30": "8.18900", "2007-03-31": "4.96800", "2006-12-31": "14.85200", "2006-09-30": "11.34400", "2006-06-30": "11.21500", "2006-03-31": "9.23400", "2005-12-31": "5.45100", "2005-09-30": "4.58000", "2005-06-30": "1.64300", "2005-03-31": "3.23600"}, "Other Share Holders Equity": {"2020-09-30": "", "2020-06-30": "", "2020-03-31": "", "2019-12-31": "", "2019-09-30": "", "2019-06-30": "", "2019-03-31": "", "2018-12-31": "", "2018-09-30": "", "2018-06-30": "", "2018-03-31": "", "2017-12-31": "", "2017-09-30": "", "2017-06-30": "", "2017-03-31": "", "2016-12-31": "", "2016-09-30": "", "2016-06-30": "", "2016-03-31": "", "2015-12-31": "", "2015-09-30": "", "2015-06-30": "", "2015-03-31": "", "2014-12-31": "", "2014-09-30": "", "2014-06-30": "", "2014-03-31": "", "2013-12-31": "", "2013-09-30": "", "2013-06-30": "", "2013-03-31": "", "2012-12-31": "", "2012-09-30": "", "2012-06-30": "", "2012-03-31": "", "2011-12-31": "", "2011-09-30": "", "2011-06-30": "", "2011-03-31": "", "2010-12-31": "", "2010-09-30": "", "2010-06-30": "", "2010-03-31": "", "2009-12-31": "", "2009-09-30": "", "2009-06-30": "", "2009-03-31": "", "2008-12-31": "", "2008-09-30": "", "2008-06-30": "", "2008-03-31": "", "2007-12-31": "", "2007-09-30": "", "2007-06-30": "", "2007-03-31": "", "2006-12-31": "", "2006-09-30": "", "2006-06-30": "", "2006-03-31": "-0.51900", "2005-12-31": "-0.51900", "2005-09-30": "-0.51900", "2005-06-30": "", "2005-03-31": ""}, "Share Holder Equity": {"2020-09-30": "521.53500", "2020-06-30": "483.98300", "2020-03-31": "451.07500", "2019-12-31": "516.35900", "2019-09-30": "649.59100", "2019-06-30": "648.04800", "2019-03-31": "640.69400", "2018-12-31": "648.44900", "2018-09-30": "783.31800", "2018-06-30": "430.53900", "2018-03-31": "462.99700", "2017-12-31": "573.20300", "2017-09-30": "462.59500", "2017-06-30": "487.04900", "2017-03-31": "524.84900", "2016-12-31": "527.73600", "2016-09-30": "678.57500", "2016-06-30": "693.16400", "2016-03-31": "733.58900", "2015-12-31": "752.91400", "2015-09-30": "705.45700", "2015-06-30": "1738.42600", "2015-03-31": "1715.86000", "2014-12-31": "1717.57600", "2014-09-30": "1728.71500", "2014-06-30": "1744.36600", "2014-03-31": "1723.15400", "2013-12-31": "1929.48600", "2013-09-30": "1921.30900", "2013-06-30": "1963.80200", "2013-03-31": "1971.47900", "2012-12-31": "1985.85500", "2012-09-30": "1971.74400", "2012-06-30": "1993.57400", "2012-03-31": "2007.34100", "2011-12-31": "1996.06900", "2011-09-30": "1997.35300", "2011-06-30": "2127.42200", "2011-03-31": "2167.11300", "2010-12-31": "2163.17400", "2010-09-30": "2174.58700", "2010-06-30": "2168.48400", "2010-03-31": "2261.24600", "2009-12-31": "2336.33900", "2009-09-30": "2399.50600", "2009-06-30": "2401.82200", "2009-03-31": "2374.93200", "2008-12-31": "2383.44500", "2008-09-30": "334.23500", "2008-06-30": "349.67400", "2008-03-31": "363.58600", "2007-12-31": "448.87400", "2007-09-30": "428.50900", "2007-06-30": "435.20100", "2007-03-31": "465.41500", "2006-12-31": "477.81300", "2006-09-30": "531.69800", "2006-06-30": "534.64400", "2006-03-31": "541.24800", "2005-12-31": "395.57000", "2005-09-30": "405.97200", "2005-06-30": "300.10500", "2005-03-31": "302.23900"}, "Total Liabilities And Share Holders Equity": {"2020-09-30": "4963.02400", "2020-06-30": "5070.35600", "2020-03-31": "4981.71600", "2019-12-31": "4994.52900", "2019-09-30": "5136.22000", "2019-06-30": "5163.89300", "2019-03-31": "5185.66100", "2018-12-31": "4292.03500", "2018-09-30": "4507.43200", "2018-06-30": "4080.17900", "2018-03-31": "4109.83800", "2017-12-31": "4096.93800", "2017-09-30": "4090.27300", "2017-06-30": "4108.66300", "2017-03-31": "3952.32500", "2016-12-31": "3939.31400", "2016-09-30": "4114.42400", "2016-06-30": "4135.22000", "2016-03-31": "4150.31000", "2015-12-31": "4108.72000", "2015-09-30": "4080.78200", "2015-06-30": "5106.54500", "2015-03-31": "4133.83500", "2014-12-31": "4137.59900", "2014-09-30": "4179.45500", "2014-06-30": "4157.05500", "2014-03-31": "4154.07700", "2013-12-31": "4363.04000", "2013-09-30": "4323.95500", "2013-06-30": "4316.69500", "2013-03-31": "4256.97800", "2012-12-31": "4303.19900", "2012-09-30": "4340.07900", "2012-06-30": "4310.48100", "2012-03-31": "4266.10400", "2011-12-31": "4289.12900", "2011-09-30": "4253.29500", "2011-06-30": "4751.63200", "2011-03-31": "4740.74100", "2010-12-31": "4732.65400", "2010-09-30": "4854.68000", "2010-06-30": "4839.70000", "2010-03-31": "4868.47800", "2009-12-31": "4975.41600", "2009-09-30": "5068.30600", "2009-06-30": "5082.41500", "2009-03-31": "4642.67800", "2008-12-31": "4645.62000", "2008-09-30": "1322.17000", "2008-06-30": "1355.93500", "2008-03-31": "1405.41200", "2007-12-31": "1454.56700", "2007-09-30": "1530.40600", "2007-06-30": "1547.79300", "2007-03-31": "1519.95800", "2006-12-31": "1560.44900", "2006-09-30": "1609.48400", "2006-06-30": "5674.25100", "2006-03-31": "5102.71100", "2005-12-31": "2809.48900", "2005-09-30": "2984.79200", "2005-06-30": "1804.68200", "2005-03-31": "1489.48900"}}, "cash flow statement": {"Net Income/Loss": {"2019-12-31": "136.94000", "2018-12-31": "460.11500", "2017-12-31": "194.02900", "2016-12-31": "129.62400", "2015-12-31": "161.14200", "2014-12-31": "121.43400", "2013-12-31": "44.63200", "2012-12-31": "9.46700", "2011-12-31": "9.87500", "2010-12-31": "-4.32500", "2009-12-31": "5.06200", "2008-12-31": "-479.74100", "2007-12-31": "16.08100", "2006-12-31": "-10.93200", "2005-12-31": "-55.17200"}, "Total Depreciation And Amortization - Cash Flow": {"2019-12-31": "131.69300", "2018-12-31": "128.87900", "2017-12-31": "125.68700", "2016-12-31": "124.30400", "2015-12-31": "153.73200", "2014-12-31": "159.86000", "2013-12-31": "200.21900", "2012-12-31": "158.41500", "2011-12-31": "151.51800", "2010-12-31": "182.17200", "2009-12-31": "190.25100", "2008-12-31": "548.39000", "2007-12-31": "66.27700", "2006-12-31": "60.67300", "2005-12-31": "39.57500"}, "Other Non-Cash Items": {"2019-12-31": "48.47800", "2018-12-31": "-427.33300", "2017-12-31": "-51.50500", "2016-12-31": "-44.00100", "2015-12-31": "49.47900", "2014-12-31": "28.83800", "2013-12-31": "85.18900", "2012-12-31": "69.53400", "2011-12-31": "70.77300", "2010-12-31": "88.26400", "2009-12-31": "112.08300", "2008-12-31": "35.73700", "2007-12-31": "-65.06900", "2006-12-31": "564.72200", "2005-12-31": "-586.08890"}, "Total Non-Cash Items": {"2019-12-31": "180.17100", "2018-12-31": "-298.45400", "2017-12-31": "74.18200", "2016-12-31": "80.30300", "2015-12-31": "203.21100", "2014-12-31": "188.69800", "2013-12-31": "285.40800", "2012-12-31": "227.94900", "2011-12-31": "222.29100", "2010-12-31": "270.43600", "2009-12-31": "302.33400", "2008-12-31": "584.12710", "2007-12-31": "1.20800", "2006-12-31": "625.39500", "2005-12-31": "-546.51390"}, "Change In Accounts Receivable": {"2019-12-31": "16.93500", "2018-12-31": "13.22600", "2017-12-31": "-17.34000", "2016-12-31": "-34.21300", "2015-12-31": "-40.39900", "2014-12-31": "-2.76300", "2013-12-31": "0.17400", "2012-12-31": "3.99900", "2011-12-31": "-2.69000", "2010-12-31": "-4.73000", "2009-12-31": "-6.07400", "2008-12-31": "-4.18700", "2007-12-31": "15.02200", "2006-12-31": "2.77100", "2005-12-31": "-8.25600"}, "Change In Inventories": {"2019-12-31": "-0.16300", "2018-12-31": "-0.43400", "2017-12-31": "-0.30500", "2016-12-31": "0.03400", "2015-12-31": "-0.06200", "2014-12-31": "0.70600", "2013-12-31": "1.47700", "2012-12-31": "-0.56100", "2011-12-31": "-0.51700", "2010-12-31": "0.39400", "2009-12-31": "1.87900", "2008-12-31": "-0.14000", "2007-12-31": "-0.98700", "2006-12-31": "1.07200", "2005-12-31": "-1.55400"}, "Change In Accounts Payable": {"2019-12-31": "1.05400", "2018-12-31": "-0.14500", "2017-12-31": "-2.29000", "2016-12-31": "-6.63500", "2015-12-31": "-7.78700", "2014-12-31": "-3.10500", "2013-12-31": "-0.38000", "2012-12-31": "-9.26600", "2011-12-31": "11.36400", "2010-12-31": "-15.79500", "2009-12-31": "-53.47400", "2008-12-31": "6.13500", "2007-12-31": "", "2006-12-31": "", "2005-12-31": ""}, "Change In Assets/Liabilities": {"2019-12-31": "-46.20000", "2018-12-31": "20.77900", "2017-12-31": "-15.71800", "2016-12-31": "2.29600", "2015-12-31": "-29.04900", "2014-12-31": "-2.97600", "2013-12-31": "-4.62600", "2012-12-31": "-1.36000", "2011-12-31": "-7.58000", "2010-12-31": "1.51400", "2009-12-31": "3.98700", "2008-12-31": "8.80800", "2007-12-31": "-3.12300", "2006-12-31": "-2.71900", "2005-12-31": "-7.49100"}, "Total Change In Assets/Liabilities": {"2019-12-31": "-23.34000", "2018-12-31": "57.38900", "2017-12-31": "-30.67100", "2016-12-31": "-19.82100", "2015-12-31": "-85.72100", "2014-12-31": "-43.67000", "2013-12-31": "8.71500", "2012-12-31": "-50.09400", "2011-12-31": "11.69700", "2010-12-31": "-48.12500", "2009-12-31": "-7.94900", "2008-12-31": "-26.89500", "2007-12-31": "3.46800", "2006-12-31": "-6.53900", "2005-12-31": "16.39100"}, "Cash Flow From Operating Activities": {"2019-12-31": "288.93300", "2018-12-31": "224.22800", "2017-12-31": "238.79300", "2016-12-31": "193.82500", "2015-12-31": "274.31400", "2014-12-31": "254.77600", "2013-12-31": "329.84700", "2012-12-31": "190.41500", "2011-12-31": "246.71700", "2010-12-31": "226.25000", "2009-12-31": "295.13000", "2008-12-31": "73.60500", "2007-12-31": "20.80400", "2006-12-31": "602.05100", "2005-12-31": "-586.17300"}, "Net Change In Property, Plant, And Equipment": {"2019-12-31": "-74.45300", "2018-12-31": "-69.85700", "2017-12-31": "-81.71000", "2016-12-31": "-150.02300", "2015-12-31": "-173.21400", "2014-12-31": "-137.08500", "2013-12-31": "-75.13300", "2012-12-31": "-176.56700", "2011-12-31": "-41.87800", "2010-12-31": "-142.30900", "2009-12-31": "-91.03200", "2008-12-31": "-105.66700", "2007-12-31": "-70.25600", "2006-12-31": "-72.16900", "2005-12-31": "-31.90600"}, "Net Change In Intangible Assets": {"2019-12-31": "", "2018-12-31": "", "2017-12-31": "", "2016-12-31": "", "2015-12-31": "", "2014-12-31": "", "2013-12-31": "", "2012-12-31": "", "2011-12-31": "", "2010-12-31": "", "2009-12-31": "", "2008-12-31": "", "2007-12-31": "", "2006-12-31": "", "2005-12-31": ""}, "Net Acquisitions/Divestitures": {"2019-12-31": "-1.60400", "2018-12-31": "-18.17800", "2017-12-31": "-5.27200", "2016-12-31": "259.96400", "2015-12-31": "203.15600", "2014-12-31": "-53.95400", "2013-12-31": "-4.61200", "2012-12-31": "-40.60800", "2011-12-31": "-11.21000", "2010-12-31": "-3.12300", "2009-12-31": "-2.35700", "2008-12-31": "-28.02500", "2007-12-31": "-21.21500", "2006-12-31": "-2.88600", "2005-12-31": "-198.19300"}, "Net Change In Short-term Investments": {"2019-12-31": "", "2018-12-31": "", "2017-12-31": "", "2016-12-31": "", "2015-12-31": "", "2014-12-31": "", "2013-12-31": "", "2012-12-31": "", "2011-12-31": "", "2010-12-31": "", "2009-12-31": "", "2008-12-31": "", "2007-12-31": "", "2006-12-31": "", "2005-12-31": ""}, "Net Change In Long-Term Investments": {"2019-12-31": "24.49600", "2018-12-31": "449.98700", "2017-12-31": "3.73600", "2016-12-31": "0.71800", "2015-12-31": "-1.48500", "2014-12-31": "1.04300", "2013-12-31": "21.69100", "2012-12-31": "27.94900", "2011-12-31": "-4.84400", "2010-12-31": "32.15800", "2009-12-31": "38.14100", "2008-12-31": "51.06600", "2007-12-31": "51.53100", "2006-12-31": "-426.65300", "2005-12-31": "508.32400"}, "Net Change In Investments - Total": {"2019-12-31": "24.49600", "2018-12-31": "449.98700", "2017-12-31": "3.73600", "2016-12-31": "0.71800", "2015-12-31": "-1.48500", "2014-12-31": "1.04300", "2013-12-31": "21.69100", "2012-12-31": "27.94900", "2011-12-31": "-4.84400", "2010-12-31": "32.15800", "2009-12-31": "38.14100", "2008-12-31": "51.06600", "2007-12-31": "51.53100", "2006-12-31": "-426.65300", "2005-12-31": "508.32400"}, "Investing Activities - Other": {"2019-12-31": "-3.37000", "2018-12-31": "0.95900", "2017-12-31": "-9.00000", "2016-12-31": "-3.58100", "2015-12-31": "6.92300", "2014-12-31": "2.18400", "2013-12-31": "-18.63600", "2012-12-31": "-0.15900", "2011-12-31": "-0.26500", "2010-12-31": "0.35200", "2009-12-31": "-0.37100", "2008-12-31": "199.55700", "2007-12-31": "0.01600", "2006-12-31": "-2.73700", "2005-12-31": "38.22500"}, "Cash Flow From Investing Activities": {"2019-12-31": "-54.93100", "2018-12-31": "362.91100", "2017-12-31": "-92.24600", "2016-12-31": "107.07800", "2015-12-31": "35.38000", "2014-12-31": "-187.81200", "2013-12-31": "-76.69000", "2012-12-31": "-189.38500", "2011-12-31": "-58.19700", "2010-12-31": "-112.92200", "2009-12-31": "-55.61900", "2008-12-31": "116.93100", "2007-12-31": "-39.92400", "2006-12-31": "-504.44500", "2005-12-31": "316.45000"}, "Net Long-Term Debt": {"2019-12-31": "-56.63500", "2018-12-31": "34.76500", "2017-12-31": "-26.98300", "2016-12-31": "-24.61700", "2015-12-31": "966.77700", "2014-12-31": "-38.38000", "2013-12-31": "-23.73210", "2012-12-31": "26.28890", "2011-12-31": "-38.70200", "2010-12-31": "22.87000", "2009-12-31": "397.13600", "2008-12-31": "-140.13000", "2007-12-31": "-1.44500", "2006-12-31": "-50.84500", "2005-12-31": "112.33100"}, "Net Current Debt": {"2019-12-31": "", "2018-12-31": "", "2017-12-31": "", "2016-12-31": "", "2015-12-31": "", "2014-12-31": "", "2013-12-31": "", "2012-12-31": "", "2011-12-31": "", "2010-12-31": "", "2009-12-31": "", "2008-12-31": "", "2007-12-31": "", "2006-12-31": "", "2005-12-31": ""}, "Debt Issuance/Retirement Net - Total": {"2019-12-31": "-56.63500", "2018-12-31": "34.76500", "2017-12-31": "-26.98300", "2016-12-31": "-24.61700", "2015-12-31": "966.77700", "2014-12-31": "-38.38000", "2013-12-31": "-23.73210", "2012-12-31": "26.28890", "2011-12-31": "-38.70200", "2010-12-31": "22.87000", "2009-12-31": "397.13600", "2008-12-31": "-140.13000", "2007-12-31": "-1.44500", "2006-12-31": "-50.84500", "2005-12-31": "112.33100"}, "Net Common Equity Issued/Repurchased": {"2019-12-31": "-189.46900", "2018-12-31": "-224.58100", "2017-12-31": "-113.34700", "2016-12-31": "-317.18500", "2015-12-31": "-1070.76500", "2014-12-31": "-270.42800", "2013-12-31": "-26.95000", "2012-12-31": "7.80600", "2011-12-31": "-151.19700", "2010-12-31": "-172.09300", "2009-12-31": "-71.21200", "2008-12-31": "", "2007-12-31": "", "2006-12-31": "", "2005-12-31": "4.02300"}, "Net Total Equity Issued/Repurchased": {"2019-12-31": "-189.46900", "2018-12-31": "-224.58100", "2017-12-31": "-113.34700", "2016-12-31": "-317.18500", "2015-12-31": "-1070.76500", "2014-12-31": "-270.42800", "2013-12-31": "-26.95000", "2012-12-31": "7.80600", "2011-12-31": "-151.19700", "2010-12-31": "-172.09300", "2009-12-31": "-71.21200", "2008-12-31": "", "2007-12-31": "", "2006-12-31": "", "2005-12-31": "4.02300"}, "Total Common And Preferred Stock Dividends Paid": {"2019-12-31": "-96.36400", "2018-12-31": "-80.53200", "2017-12-31": "-68.32200", "2016-12-31": "-63.83200", "2015-12-31": "-71.84500", "2014-12-31": "-75.11700", "2013-12-31": "-70.68100", "2012-12-31": "-39.04300", "2011-12-31": "-32.36600", "2010-12-31": "-27.62100", "2009-12-31": "-27.97600", "2008-12-31": "-30.53800", "2007-12-31": "-32.11700", "2006-12-31": "-70.04000", "2005-12-31": "-22.50300"}, "Financial Activities - Other": {"2019-12-31": "-22.82800", "2018-12-31": "-35.41400", "2017-12-31": "-7.14500", "2016-12-31": "-6.42700", "2015-12-31": "-61.72500", "2014-12-31": "9.36300", "2013-12-31": "-1.53800", "2012-12-31": "-19.18100", "2011-12-31": "-2.31900", "2010-12-31": "-17.30600", "2009-12-31": "-38.55500", "2008-12-31": "-2.25700", "2007-12-31": "-16.64100", "2006-12-31": "-31.33600", "2005-12-31": "10.56600"}, "Cash Flow From Financial Activities": {"2019-12-31": "-365.29600", "2018-12-31": "-305.76200", "2017-12-31": "-215.79700", "2016-12-31": "-412.06100", "2015-12-31": "-237.55800", "2014-12-31": "-374.56200", "2013-12-31": "-122.90100", "2012-12-31": "-24.12900", "2011-12-31": "-224.58400", "2010-12-31": "-194.15000", "2009-12-31": "259.39300", "2008-12-31": "-172.92500", "2007-12-31": "-50.20300", "2006-12-31": "-152.22100", "2005-12-31": "104.41700"}, "Net Cash Flow": {"2019-12-31": "-127.80500", "2018-12-31": "273.68800", "2017-12-31": "-63.12500", "2016-12-31": "-109.03100", "2015-12-31": "59.94000", "2014-12-31": "-312.87600", "2013-12-31": "126.79100", "2012-12-31": "-21.87000", "2011-12-31": "-37.27700", "2010-12-31": "-79.21100", "2009-12-31": "501.62900", "2008-12-31": "11.97400", "2007-12-31": "-70.03600", "2006-12-31": "-54.68800", "2005-12-31": "-165.15200"}, "Stock-Based Compensation": {"2019-12-31": "18.67600", "2018-12-31": "17.91800", "2017-12-31": "20.92800", "2016-12-31": "18.14100", "2015-12-31": "23.23100", "2014-12-31": "28.24300", "2013-12-31": "19.61300", "2012-12-31": "11.47300", "2011-12-31": "17.68800", "2010-12-31": "13.70400", "2009-12-31": "15.29400", "2008-12-31": "9.12900", "2007-12-31": "9.99000", "2006-12-31": "15.88900", "2005-12-31": "30.25100"}, "Common Stock Dividends Paid": {"2019-12-31": "-96.36400", "2018-12-31": "-80.53200", "2017-12-31": "-68.32200", "2016-12-31": "-63.83200", "2015-12-31": "-71.84500", "2014-12-31": "-75.11700", "2013-12-31": "-70.68100", "2012-12-31": "-39.04300", "2011-12-31": "-32.36600", "2010-12-31": "-27.62100", "2009-12-31": "-27.97600", "2008-12-31": "-30.53800", "2007-12-31": "-32.11700", "2006-12-31": "-70.04000", "2005-12-31": "-22.50300"}}, "cash flow statement, quarterly": {"Net Income/Loss": {"2020-09-30": 39.753, "2020-06-30": 24.904, "2020-03-31": "14.44100", "2019-12-31": 26.533, "2019-09-30": 46.127, "2019-06-30": 32.386, "2019-03-31": "31.89400", "2018-12-31": 18.831, "2018-09-30": 391.249, "2018-06-30": 29.876, "2018-03-31": "20.15900", "2017-12-31": 159.276, "2017-09-30": 14.257, "2017-06-30": -1.845, "2017-03-31": "22.34100", "2016-12-31": 28.891, "2016-09-30": 48.89, "2016-06-30": 26.48, "2016-03-31": "25.36300", "2015-12-31": 85.856, "2015-09-30": 7.584, "2015-06-30": 40.195, "2015-03-31": "27.50700", "2014-12-31": 23.294, "2014-09-30": 22.83, "2014-06-30": 29.007, "2014-03-31": "46.30300", "2013-12-31": 32.659, "2013-09-30": -2.162, "2013-06-30": 12.002, "2013-03-31": "2.13300", "2012-12-31": 26.388, "2012-09-30": -26.162, "2012-06-30": -5.493, "2012-03-31": "14.73400", "2011-12-31": 3.984, "2011-09-30": -3.966, "2011-06-30": 11.266, "2011-03-31": "-1.40900", "2010-12-31": -10.758, "2010-09-30": -0.909, "2010-06-30": 10.742, "2010-03-31": "-3.40000", "2009-12-31": -13.594, "2009-09-30": 14.688, "2009-06-30": 14.892, "2009-03-31": "-10.92400", "2008-12-31": -393.218, "2008-09-30": -12.147, "2008-06-30": -6.905, "2008-03-31": "-67.47100", "2007-12-31": 33.312, "2007-09-30": 3.731, "2007-06-30": -28.023, "2007-03-31": "7.06100", "2006-12-31": -2.084, "2006-09-30": 0.687, "2006-06-30": 3.231, "2006-03-31": "-12.76600", "2005-12-31": -15.79, "2005-09-30": -42.48, "2005-06-30": 0.419, "2005-03-31": "2.67900"}, "Total Depreciation And Amortization - Cash Flow": {"2020-09-30": 32.966, "2020-06-30": 34.714, "2020-03-31": "31.04600", "2019-12-31": 33.718, "2019-09-30": 33.306, "2019-06-30": 31.484, "2019-03-31": "33.18500", "2018-12-31": 34.23, "2018-09-30": 29.07, "2018-06-30": 33.427, "2018-03-31": "32.15200", "2017-12-31": 33.997, "2017-09-30": 31.216, "2017-06-30": 29.309, "2017-03-31": "31.16500", "2016-12-31": 24.58, "2016-09-30": 31.261, "2016-06-30": 33.304, "2016-03-31": "35.15900", "2015-12-31": 35.024, "2015-09-30": 38.32, "2015-06-30": 42.893, "2015-03-31": "37.49500", "2014-12-31": 41.595, "2014-09-30": 35.081, "2014-06-30": 40.122, "2014-03-31": "43.06200", "2013-12-31": 61.295, "2013-09-30": 46.047, "2013-06-30": 39.733, "2013-03-31": "53.14400", "2012-12-31": 42.881, "2012-09-30": 43.258, "2012-06-30": 37.963, "2012-03-31": "34.31300", "2011-12-31": 33.57, "2011-09-30": 32.17, "2011-06-30": 42.653, "2011-03-31": "43.12500", "2010-12-31": 44.724, "2010-09-30": 46.178, "2010-06-30": 43.243, "2010-03-31": "48.02700", "2009-12-31": 46.882, "2009-09-30": 47.02, "2009-06-30": 39.618, "2009-03-31": "56.73100", "2008-12-31": 492.343, "2008-09-30": 23.778, "2008-06-30": 10.718, "2008-03-31": "21.55100", "2007-12-31": 11.866, "2007-09-30": 19.045, "2007-06-30": 18.906, "2007-03-31": "16.46000", "2006-12-31": 14.726, "2006-09-30": 16.758, "2006-06-30": 15.211, "2006-03-31": "13.97800", "2005-12-31": 16.336, "2005-09-30": 10.908, "2005-06-30": 6.168, "2005-03-31": "6.16300"}, "Other Non-Cash Items": {"2020-09-30": 16.443, "2020-06-30": 22.822, "2020-03-31": "15.20000", "2019-12-31": -7.86, "2019-09-30": 11.617, "2019-06-30": 19.294, "2019-03-31": "25.42700", "2018-12-31": -4.286, "2018-09-30": -448.226, "2018-06-30": 11.345, "2018-03-31": "13.83400", "2017-12-31": -113.213, "2017-09-30": 5.412, "2017-06-30": 46.074, "2017-03-31": "10.22200", "2016-12-31": -10.134, "2016-09-30": -44.954, "2016-06-30": 3.027, "2016-03-31": "8.06000", "2015-12-31": 60.642, "2015-09-30": 20.662, "2015-06-30": -21.867, "2015-03-31": "-9.95800", "2014-12-31": -0.906, "2014-09-30": 37.651, "2014-06-30": 17.666, "2014-03-31": "-25.57300", "2013-12-31": -15.038, "2013-09-30": 35.849, "2013-06-30": 57.977, "2013-03-31": "6.40100", "2012-12-31": 7.152, "2012-09-30": 35.947, "2012-06-30": 36.251, "2012-03-31": "-9.81600", "2011-12-31": 4.328, "2011-09-30": 16.922, "2011-06-30": 3.375, "2011-03-31": "46.14800", "2010-12-31": 6.991, "2010-09-30": 20.411, "2010-06-30": 13.909, "2010-03-31": "46.95300", "2009-12-31": 17.778, "2009-09-30": 19.866, "2009-06-30": 23.721, "2009-03-31": "50.71800", "2008-12-31": -50.994, "2008-09-30": 8.365, "2008-06-30": 7.301, "2008-03-31": "71.06500", "2007-12-31": -104.542, "2007-09-30": 3.51, "2007-06-30": 30.168, "2007-03-31": "5.79500", "2006-12-31": -17.132, "2006-09-30": 1108.759, "2006-06-30": 177.582, "2006-03-31": "-704.48700", "2005-12-31": -84.3399, "2005-09-30": -98.834, "2005-06-30": -38.437, "2005-03-31": "-364.47800"}, "Total Non-Cash Items": {"2020-09-30": 49.409, "2020-06-30": 57.536, "2020-03-31": "46.24600", "2019-12-31": 25.858, "2019-09-30": 44.923, "2019-06-30": 50.778, "2019-03-31": "58.61200", "2018-12-31": 29.944, "2018-09-30": -419.156, "2018-06-30": 44.772, "2018-03-31": "45.98600", "2017-12-31": -79.216, "2017-09-30": 36.628, "2017-06-30": 75.383, "2017-03-31": "41.38700", "2016-12-31": 14.446, "2016-09-30": -13.693, "2016-06-30": 36.331, "2016-03-31": "43.21900", "2015-12-31": 95.666, "2015-09-30": 58.982, "2015-06-30": 21.026, "2015-03-31": "27.53700", "2014-12-31": 40.689, "2014-09-30": 72.732, "2014-06-30": 57.788, "2014-03-31": "17.48900", "2013-12-31": 46.257, "2013-09-30": 81.896, "2013-06-30": 97.71, "2013-03-31": "59.54500", "2012-12-31": 50.033, "2012-09-30": 79.205, "2012-06-30": 74.214, "2012-03-31": "24.49700", "2011-12-31": 37.898, "2011-09-30": 49.092, "2011-06-30": 46.028, "2011-03-31": "89.27300", "2010-12-31": 51.715, "2010-09-30": 66.589, "2010-06-30": 57.152, "2010-03-31": "94.98000", "2009-12-31": 64.66, "2009-09-30": 66.886, "2009-06-30": 63.339, "2009-03-31": "107.44900", "2008-12-31": 441.3491, "2008-09-30": 32.143, "2008-06-30": 18.019, "2008-03-31": "92.61600", "2007-12-31": -92.676, "2007-09-30": 22.555, "2007-06-30": 49.074, "2007-03-31": "22.25500", "2006-12-31": -2.406, "2006-09-30": 1125.5169, "2006-06-30": 192.7931, "2006-03-31": "-690.50900", "2005-12-31": -68.0039, "2005-09-30": -87.926, "2005-06-30": -32.269, "2005-03-31": "-358.31500"}, "Change In Accounts Receivable": {"2020-09-30": 0, "2020-06-30": 0, "2020-03-31": "", "2019-12-31": 16.935, "2019-09-30": 0, "2019-06-30": 0, "2019-03-31": "", "2018-12-31": 13.226, "2018-09-30": 0, "2018-06-30": 0, "2018-03-31": "", "2017-12-31": -3.147, "2017-09-30": -4.636, "2017-06-30": -7.739, "2017-03-31": "-1.81800", "2016-12-31": -5.095, "2016-09-30": -2.162, "2016-06-30": -27.714, "2016-03-31": "0.75800", "2015-12-31": -11.353, "2015-09-30": -14.17, "2015-06-30": -9.836, "2015-03-31": "-5.04000", "2014-12-31": 3.311, "2014-09-30": 3.576, "2014-06-30": -9.31, "2014-03-31": "-0.34000", "2013-12-31": 1.817, "2013-09-30": 0.186, "2013-06-30": -3.687, "2013-03-31": "1.85800", "2012-12-31": 0.552, "2012-09-30": 6.562, "2012-06-30": -3.041, "2012-03-31": "-0.07400", "2011-12-31": 3.86, "2011-09-30": -0.975, "2011-06-30": -7.917, "2011-03-31": "2.34200", "2010-12-31": 2.241, "2010-09-30": 0.045, "2010-06-30": -8.778, "2010-03-31": "1.76200", "2009-12-31": -6.085, "2009-09-30": -0.736, "2009-06-30": 4.414, "2009-03-31": "-3.66700", "2008-12-31": -4.187, "2008-09-30": 1.802, "2008-06-30": 0.721, "2008-03-31": "-2.52300", "2007-12-31": -0.306, "2007-09-30": -1.186, "2007-06-30": 0.232, "2007-03-31": "16.28200", "2006-12-31": -15.286, "2006-09-30": 7.518, "2006-06-30": 1.902, "2006-03-31": "8.63700", "2005-12-31": -19.317, "2005-09-30": 3.494, "2005-06-30": -0.1, "2005-03-31": "7.66700"}, "Change In Inventories": {"2020-09-30": 0, "2020-06-30": 0, "2020-03-31": "", "2019-12-31": -0.163, "2019-09-30": 0, "2019-06-30": 0, "2019-03-31": "", "2018-12-31": -0.434, "2018-09-30": 0, "2018-06-30": 0, "2018-03-31": "", "2017-12-31": -0.261, "2017-09-30": 0.027, "2017-06-30": -0.201, "2017-03-31": "0.13000", "2016-12-31": -0.092, "2016-09-30": -0.022, "2016-06-30": -0.283, "2016-03-31": "0.43100", "2015-12-31": -0.265, "2015-09-30": 0.035, "2015-06-30": -0.723, "2015-03-31": "0.89100", "2014-12-31": -0.219, "2014-09-30": -0.275, "2014-06-30": 0.044, "2014-03-31": "1.15600", "2013-12-31": -0.76, "2013-09-30": 0.697, "2013-06-30": 0.255, "2013-03-31": "1.28500", "2012-12-31": -1.526, "2012-09-30": 0.235, "2012-06-30": -0.19, "2012-03-31": "0.92000", "2011-12-31": -0.307, "2011-09-30": 0.54, "2011-06-30": -0.38, "2011-03-31": "-0.37000", "2010-12-31": -1.43, "2010-09-30": 1.208, "2010-06-30": -0.679, "2010-03-31": "1.29500", "2009-12-31": -0.891, "2009-09-30": 2.446, "2009-06-30": -0.024, "2009-03-31": "0.34800", "2008-12-31": -0.14, "2008-09-30": -0.787, "2008-06-30": -0.177, "2008-03-31": "0.96400", "2007-12-31": -1.312, "2007-09-30": -0.151, "2007-06-30": -0.837, "2007-03-31": "1.31300", "2006-12-31": -1.807, "2006-09-30": 0.437, "2006-06-30": 0.359, "2006-03-31": "2.08300", "2005-12-31": -2.692, "2005-09-30": 1.302, "2005-06-30": -0.261, "2005-03-31": "0.09700"}, "Change In Accounts Payable": {"2020-09-30": 0, "2020-06-30": 0, "2020-03-31": "", "2019-12-31": 1.054, "2019-09-30": 0, "2019-06-30": 0, "2019-03-31": "", "2018-12-31": -0.145, "2018-09-30": 0, "2018-06-30": 0, "2018-03-31": "", "2017-12-31": -0.733, "2017-09-30": 2.927, "2017-06-30": -1.999, "2017-03-31": "-2.48500", "2016-12-31": -0.223, "2016-09-30": -4.528, "2016-06-30": -2.738, "2016-03-31": "0.85400", "2015-12-31": -16.999, "2015-09-30": -1.452, "2015-06-30": 6.621, "2015-03-31": "4.04300", "2014-12-31": 0.242, "2014-09-30": 0.352, "2014-06-30": -0.687, "2014-03-31": "-3.01200", "2013-12-31": 2.335, "2013-09-30": -3.491, "2013-06-30": 3.185, "2013-03-31": "-2.40900", "2012-12-31": -10.116, "2012-09-30": 7.99, "2012-06-30": 5.173, "2012-03-31": "-12.31300", "2011-12-31": 1.999, "2011-09-30": -5.239, "2011-06-30": 10.37, "2011-03-31": "4.23400", "2010-12-31": -6.822, "2010-09-30": 5.033, "2010-06-30": -0.981, "2010-03-31": "-13.02500", "2009-12-31": -53.474, "2009-09-30": 0, "2009-06-30": 0, "2009-03-31": "", "2008-12-31": 6.135, "2008-09-30": 0, "2008-06-30": 0, "2008-03-31": "", "2007-12-31": 0, "2007-09-30": 0, "2007-06-30": 0, "2007-03-31": "", "2006-12-31": 0, "2006-09-30": 0, "2006-06-30": 0, "2006-03-31": "", "2005-12-31": 0, "2005-09-30": 0, "2005-06-30": 0, "2005-03-31": ""}, "Change In Assets/Liabilities": {"2020-09-30": 86.035, "2020-06-30": -32.509, "2020-03-31": "-80.05600", "2019-12-31": -18.98, "2019-09-30": -7.61, "2019-06-30": 8.875, "2019-03-31": "-28.48500", "2018-12-31": -95.997, "2018-09-30": 109.148, "2018-06-30": 5.062, "2018-03-31": "2.56600", "2017-12-31": 1.386, "2017-09-30": -0.466, "2017-06-30": -18.963, "2017-03-31": "2.32500", "2016-12-31": 6.073, "2016-09-30": 0.726, "2016-06-30": -0.88, "2016-03-31": "-3.62300", "2015-12-31": 1.167, "2015-09-30": 0.843, "2015-06-30": -25.418, "2015-03-31": "-5.64100", "2014-12-31": 5.913, "2014-09-30": -1.692, "2014-06-30": -1.14, "2014-03-31": "-6.05700", "2013-12-31": 1.336, "2013-09-30": -3.573, "2013-06-30": -2.537, "2013-03-31": "0.14800", "2012-12-31": 2.859, "2012-09-30": 2.521, "2012-06-30": -4.082, "2012-03-31": "-2.65800", "2011-12-31": 0.558, "2011-09-30": 4.009, "2011-06-30": -3.471, "2011-03-31": "-8.67600", "2010-12-31": 8.367, "2010-09-30": 0.609, "2010-06-30": -2.162, "2010-03-31": "-5.30000", "2009-12-31": 11.593, "2009-09-30": 4.04, "2009-06-30": 3.931, "2009-03-31": "-15.57700", "2008-12-31": 24.852, "2008-09-30": -25.198, "2008-06-30": 3.868, "2008-03-31": "5.28600", "2007-12-31": 4.014, "2007-09-30": -7.547, "2007-06-30": 1.415, "2007-03-31": "-1.00500", "2006-12-31": -1.719, "2006-09-30": -1.132, "2006-06-30": -2.722, "2006-03-31": "2.85400", "2005-12-31": -2.127, "2005-09-30": -1.217, "2005-06-30": -3.853, "2005-03-31": "-0.29400"}, "Total Change In Assets/Liabilities": {"2020-09-30": 86.035, "2020-06-30": -32.509, "2020-03-31": "-80.05600", "2019-12-31": 3.88, "2019-09-30": -7.61, "2019-06-30": 8.875, "2019-03-31": "-28.48500", "2018-12-31": -59.387, "2018-09-30": 109.148, "2018-06-30": 5.062, "2018-03-31": "2.56600", "2017-12-31": -0.812, "2017-09-30": 4.942, "2017-06-30": -11.773, "2017-03-31": "-23.02800", "2016-12-31": 13.683, "2016-09-30": -6.176, "2016-06-30": -6.75, "2016-03-31": "-20.57800", "2015-12-31": -21.212, "2015-09-30": -0.298, "2015-06-30": -33.711, "2015-03-31": "-30.50000", "2014-12-31": 14.33, "2014-09-30": 3.747, "2014-06-30": -19.267, "2014-03-31": "-42.48000", "2013-12-31": 6.353, "2013-09-30": 25.992, "2013-06-30": -2.34, "2013-03-31": "-21.29000", "2012-12-31": -7.848, "2012-09-30": -1.077, "2012-06-30": 14.61, "2012-03-31": "-55.77900", "2011-12-31": 21.865, "2011-09-30": 2.316, "2011-06-30": 23.093, "2011-03-31": "-35.57700", "2010-12-31": 7.381, "2010-09-30": 1.714, "2010-06-30": 0.355, "2010-03-31": "-57.57500", "2009-12-31": -6.812, "2009-09-30": 18.997, "2009-06-30": 21.975, "2009-03-31": "-42.10900", "2008-12-31": -10.851, "2008-09-30": -2.645, "2008-06-30": -6.215, "2008-03-31": "-7.18400", "2007-12-31": 39.898, "2007-09-30": -14.455, "2007-06-30": 10.69, "2007-03-31": "-32.66500", "2006-12-31": -9.552, "2006-09-30": 14.534, "2006-06-30": -2.975, "2006-03-31": "-8.54600", "2005-12-31": 8.337, "2005-09-30": 20.449, "2005-06-30": 2.024, "2005-03-31": "-14.41900"}, "Cash Flow From Operating Activities": {"2020-09-30": 175.197, "2020-06-30": 49.931, "2020-03-31": "-19.36900", "2019-12-31": 51.433, "2019-09-30": 83.44, "2019-06-30": 92.039, "2019-03-31": "62.02100", "2018-12-31": -5.434, "2018-09-30": 81.241, "2018-06-30": 79.71, "2018-03-31": "68.71100", "2017-12-31": 78.478, "2017-09-30": 54.554, "2017-06-30": 63.641, "2017-03-31": "42.12000", "2016-12-31": 56.51, "2016-09-30": 31.519, "2016-06-30": 54.988, "2016-03-31": "50.80800", "2015-12-31": 155.685, "2015-09-30": 65.515, "2015-06-30": 31.374, "2015-03-31": "21.74000", "2014-12-31": 72.18, "2014-09-30": 101.587, "2014-06-30": 66.268, "2014-03-31": "14.74100", "2013-12-31": 77.156, "2013-09-30": 109.327, "2013-06-30": 110.76, "2013-03-31": "32.60400", "2012-12-31": 65.784, "2012-09-30": 56.101, "2012-06-30": 83.674, "2012-03-31": "-15.14400", "2011-12-31": 64.614, "2011-09-30": 49.504, "2011-06-30": 79.136, "2011-03-31": "53.46300", "2010-12-31": 58.773, "2010-09-30": 65.187, "2010-06-30": 67.049, "2010-03-31": "35.24100", "2009-12-31": 43.829, "2009-09-30": 104.907, "2009-06-30": 88.155, "2009-03-31": "58.23900", "2008-12-31": 31.149, "2008-09-30": 19.489, "2008-06-30": 6.034, "2008-03-31": "16.93300", "2007-12-31": -19.366, "2007-09-30": 12.62, "2007-06-30": 30.304, "2007-03-31": "-2.75400", "2006-12-31": -17.656, "2006-09-30": 1139.699, "2006-06-30": 191.985, "2006-03-31": "-711.97700", "2005-12-31": -78.254, "2005-09-30": -108.556, "2005-06-30": -29.641, "2005-03-31": "-369.72200"}, "Net Change In Property, Plant, And Equipment": {"2020-09-30": -15.474, "2020-06-30": -16.773, "2020-03-31": "-12.62900", "2019-12-31": -33.469, "2019-09-30": -15.5, "2019-06-30": -14.269, "2019-03-31": "-11.21500", "2018-12-31": -30.14, "2018-09-30": -17.633, "2018-06-30": -11.515, "2018-03-31": "-10.56900", "2017-12-31": -27.999, "2017-09-30": -99.574, "2017-06-30": 60.674, "2017-03-31": "-14.81100", "2016-12-31": -41.279, "2016-09-30": -40.249, "2016-06-30": -29.637, "2016-03-31": "-38.85800", "2015-12-31": -63.376, "2015-09-30": -57.698, "2015-06-30": 9.14, "2015-03-31": "-61.28000", "2014-12-31": 60.801, "2014-09-30": -83.365, "2014-06-30": -61.463, "2014-03-31": "-53.05800", "2013-12-31": 55.669, "2013-09-30": -49.032, "2013-06-30": -43.897, "2013-03-31": "-37.87300", "2012-12-31": -50.242, "2012-09-30": -42.246, "2012-06-30": -37.081, "2012-03-31": "-46.99800", "2011-12-31": -56.926, "2011-09-30": 68.449, "2011-06-30": -24.833, "2011-03-31": "-28.56800", "2010-12-31": -51.967, "2010-09-30": -41.723, "2010-06-30": -21.476, "2010-03-31": "-27.14300", "2009-12-31": -35.138, "2009-09-30": -23.559, "2009-06-30": -21.378, "2009-03-31": "-10.95700", "2008-12-31": -47.956, "2008-09-30": -17.348, "2008-06-30": -23.593, "2008-03-31": "-16.77000", "2007-12-31": -16.601, "2007-09-30": -19.501, "2007-06-30": -17.639, "2007-03-31": "-16.51500", "2006-12-31": -26.581, "2006-09-30": -17.049, "2006-06-30": -18.224, "2006-03-31": "-10.31500", "2005-12-31": -18.892, "2005-09-30": -9.877, "2005-06-30": -1.553, "2005-03-31": "-1.58400"}, "Net Change In Intangible Assets": {"2020-09-30": 0, "2020-06-30": 0, "2020-03-31": "", "2019-12-31": 0, "2019-09-30": 0, "2019-06-30": 0, "2019-03-31": "", "2018-12-31": 0, "2018-09-30": 0, "2018-06-30": 0, "2018-03-31": "", "2017-12-31": 0, "2017-09-30": 0, "2017-06-30": 0, "2017-03-31": "", "2016-12-31": 0, "2016-09-30": 0, "2016-06-30": 0, "2016-03-31": "", "2015-12-31": 0, "2015-09-30": 0, "2015-06-30": 0, "2015-03-31": "", "2014-12-31": 0, "2014-09-30": 0, "2014-06-30": 0, "2014-03-31": "", "2013-12-31": 0, "2013-09-30": 0, "2013-06-30": 0, "2013-03-31": "", "2012-12-31": 0, "2012-09-30": 0, "2012-06-30": 0, "2012-03-31": "", "2011-12-31": 0, "2011-09-30": 0, "2011-06-30": 0, "2011-03-31": "", "2010-12-31": 0, "2010-09-30": 0, "2010-06-30": 0, "2010-03-31": "", "2009-12-31": 0, "2009-09-30": 0, "2009-06-30": 0, "2009-03-31": "", "2008-12-31": 0, "2008-09-30": 0, "2008-06-30": 0, "2008-03-31": "", "2007-12-31": 0, "2007-09-30": 0, "2007-06-30": 0, "2007-03-31": "", "2006-12-31": 0, "2006-09-30": 0, "2006-06-30": 0.315, "2006-03-31": "-0.31500", "2005-12-31": 0, "2005-09-30": 0, "2005-06-30": 0, "2005-03-31": ""}, "Net Acquisitions/Divestitures": {"2020-09-30": -0.75, "2020-06-30": 4.125, "2020-03-31": "0.19500", "2019-12-31": 1.41, "2019-09-30": 0.798, "2019-06-30": 1.24, "2019-03-31": "-5.05200", "2018-12-31": 0.36, "2018-09-30": -18.538, "2018-06-30": -0.351, "2018-03-31": "0.35100", "2017-12-31": 1.458, "2017-09-30": 80.058, "2017-06-30": -88.438, "2017-03-31": "1.65000", "2016-12-31": 88.324, "2016-09-30": 128.771, "2016-06-30": 3.893, "2016-03-31": "38.97600", "2015-12-31": 158.031, "2015-09-30": 7.66, "2015-06-30": 32.414, "2015-03-31": "5.05100", "2014-12-31": -167.897, "2014-09-30": 0.074, "2014-06-30": 5.412, "2014-03-31": "108.45700", "2013-12-31": -46.855, "2013-09-30": 27.044, "2013-06-30": 15.199, "2013-03-31": "", "2012-12-31": -6.287, "2012-09-30": -13.449, "2012-06-30": -19.034, "2012-03-31": "-1.83800", "2011-12-31": -4.597, "2011-09-30": 0, "2011-06-30": -3.713, "2011-03-31": "-2.90000", "2010-12-31": -3.123, "2010-09-30": 0, "2010-06-30": 0, "2010-03-31": "", "2009-12-31": -2.357, "2009-09-30": 0, "2009-06-30": 0, "2009-03-31": "", "2008-12-31": -10.942, "2008-09-30": -2.103, "2008-06-30": -3.844, "2008-03-31": "-11.13600", "2007-12-31": -19.686, "2007-09-30": -0.275, "2007-06-30": -0.416, "2007-03-31": "-0.83800", "2006-12-31": -1.062, "2006-09-30": 0, "2006-06-30": -1.824, "2006-03-31": "", "2005-12-31": 2.953, "2005-09-30": -199.834, "2005-06-30": 1.244, "2005-03-31": "-2.55600"}, "Net Change In Short-term Investments": {"2020-09-30": 0, "2020-06-30": 0, "2020-03-31": "", "2019-12-31": 0, "2019-09-30": 0, "2019-06-30": 0, "2019-03-31": "", "2018-12-31": 0, "2018-09-30": 0, "2018-06-30": 0, "2018-03-31": "", "2017-12-31": 0, "2017-09-30": 0, "2017-06-30": 0, "2017-03-31": "", "2016-12-31": 0, "2016-09-30": 0, "2016-06-30": 0, "2016-03-31": "", "2015-12-31": 0, "2015-09-30": 0, "2015-06-30": 0, "2015-03-31": "", "2014-12-31": 0, "2014-09-30": 0, "2014-06-30": 0, "2014-03-31": "", "2013-12-31": 0, "2013-09-30": 0, "2013-06-30": 0, "2013-03-31": "", "2012-12-31": 0, "2012-09-30": 0, "2012-06-30": 0, "2012-03-31": "", "2011-12-31": 0, "2011-09-30": 0, "2011-06-30": 0, "2011-03-31": "", "2010-12-31": 0, "2010-09-30": 0, "2010-06-30": 0, "2010-03-31": "", "2009-12-31": 0, "2009-09-30": 0, "2009-06-30": 0, "2009-03-31": "", "2008-12-31": 0, "2008-09-30": 0, "2008-06-30": 0, "2008-03-31": "", "2007-12-31": 0, "2007-09-30": 0, "2007-06-30": 0, "2007-03-31": "", "2006-12-31": 0, "2006-09-30": 0, "2006-06-30": 0, "2006-03-31": "", "2005-12-31": 0, "2005-09-30": 0, "2005-06-30": 0, "2005-03-31": ""}, "Net Change In Long-Term Investments": {"2020-09-30": 0.169, "2020-06-30": 0, "2020-03-31": "", "2019-12-31": 24.366, "2019-09-30": 0, "2019-06-30": 0, "2019-03-31": "0.13000", "2018-12-31": 0, "2018-09-30": 450, "2018-06-30": -0.001, "2018-03-31": "-0.01200", "2017-12-31": 0.829, "2017-09-30": 0, "2017-06-30": 2.965, "2017-03-31": "-0.05800", "2016-12-31": 0.89, "2016-09-30": -0.059, "2016-06-30": -0.049, "2016-03-31": "-0.06400", "2015-12-31": 0.597, "2015-09-30": -0.082, "2015-06-30": 0, "2015-03-31": "-2.00000", "2014-12-31": -0.746, "2014-09-30": 2.189, "2014-06-30": -0.4, "2014-03-31": "", "2013-12-31": 19.011, "2013-09-30": 2.68, "2013-06-30": -0.127, "2013-03-31": "0.12700", "2012-12-31": 1.527, "2012-09-30": 3.049, "2012-06-30": -0.898, "2012-03-31": "24.27100", "2011-12-31": -2.392, "2011-09-30": -1.269, "2011-06-30": -1.183, "2011-03-31": "", "2010-12-31": -0.079, "2010-09-30": 0.05, "2010-06-30": 32.187, "2010-03-31": "", "2009-12-31": 1.385, "2009-09-30": -0.155, "2009-06-30": 36.207, "2009-03-31": "0.70400", "2008-12-31": 16.861, "2008-09-30": 34.05, "2008-06-30": 0.043, "2008-03-31": "0.11200", "2007-12-31": 18.518, "2007-09-30": 14.164, "2007-06-30": -16.637, "2007-03-31": "35.48600", "2006-12-31": -5.833, "2006-09-30": -1024.81, "2006-06-30": -175.701, "2006-03-31": "779.69100", "2005-12-31": 52.303, "2005-09-30": 72.207, "2005-06-30": 22.425, "2005-03-31": "361.38900"}, "Net Change In Investments - Total": {"2020-09-30": 0.169, "2020-06-30": 0, "2020-03-31": "", "2019-12-31": 24.366, "2019-09-30": 0, "2019-06-30": 0, "2019-03-31": "0.13000", "2018-12-31": 0, "2018-09-30": 450, "2018-06-30": -0.001, "2018-03-31": "-0.01200", "2017-12-31": 0.829, "2017-09-30": 0, "2017-06-30": 2.965, "2017-03-31": "-0.05800", "2016-12-31": 0.89, "2016-09-30": -0.059, "2016-06-30": -0.049, "2016-03-31": "-0.06400", "2015-12-31": 0.597, "2015-09-30": -0.082, "2015-06-30": 0, "2015-03-31": "-2.00000", "2014-12-31": -0.746, "2014-09-30": 2.189, "2014-06-30": -0.4, "2014-03-31": "", "2013-12-31": 19.011, "2013-09-30": 2.68, "2013-06-30": -0.127, "2013-03-31": "0.12700", "2012-12-31": 1.527, "2012-09-30": 3.049, "2012-06-30": -0.898, "2012-03-31": "24.27100", "2011-12-31": -2.392, "2011-09-30": -1.269, "2011-06-30": -1.183, "2011-03-31": "", "2010-12-31": -0.079, "2010-09-30": 0.05, "2010-06-30": 32.187, "2010-03-31": "", "2009-12-31": 1.385, "2009-09-30": -0.155, "2009-06-30": 36.207, "2009-03-31": "0.70400", "2008-12-31": 16.861, "2008-09-30": 34.05, "2008-06-30": 0.043, "2008-03-31": "0.11200", "2007-12-31": 18.518, "2007-09-30": 14.164, "2007-06-30": -16.637, "2007-03-31": "35.48600", "2006-12-31": -5.833, "2006-09-30": -1024.81, "2006-06-30": -175.701, "2006-03-31": "779.69100", "2005-12-31": 52.303, "2005-09-30": 72.207, "2005-06-30": 22.425, "2005-03-31": "361.38900"}, "Investing Activities - Other": {"2020-09-30": 0, "2020-06-30": -0.175, "2020-03-31": "0.31300", "2019-12-31": -1.536, "2019-09-30": -1.084, "2019-06-30": -0.998, "2019-03-31": "0.24800", "2018-12-31": 1.242, "2018-09-30": 0.255, "2018-06-30": 0.334, "2018-03-31": "-0.87200", "2017-12-31": -4.826, "2017-09-30": -1.949, "2017-06-30": -0.471, "2017-03-31": "-1.75400", "2016-12-31": -3.314, "2016-09-30": -3.851, "2016-06-30": 3.866, "2016-03-31": "-0.28200", "2015-12-31": 3.72, "2015-09-30": 1.8, "2015-06-30": 1.554, "2015-03-31": "-0.15100", "2014-12-31": 0, "2014-09-30": -1.007, "2014-06-30": 2.866, "2014-03-31": "0.32500", "2013-12-31": 1.2, "2013-09-30": -20.244, "2013-06-30": 0.257, "2013-03-31": "0.15100", "2012-12-31": 0.215, "2012-09-30": 0.19, "2012-06-30": 0.908, "2012-03-31": "-1.47200", "2011-12-31": -0.385, "2011-09-30": -0.027, "2011-06-30": -0.153, "2011-03-31": "0.30000", "2010-12-31": -0.055, "2010-09-30": 0.34, "2010-06-30": -2.891, "2010-03-31": "2.95800", "2009-12-31": -2.675, "2009-09-30": 1.138, "2009-06-30": 2.556, "2009-03-31": "-1.39000", "2008-12-31": 199.948, "2008-09-30": -0.223, "2008-06-30": -0.217, "2008-03-31": "0.04900", "2007-12-31": -0.441, "2007-09-30": 0.55, "2007-06-30": 0.92, "2007-03-31": "-1.01300", "2006-12-31": -0.156, "2006-09-30": -1.979, "2006-06-30": -0.371, "2006-03-31": "-0.23100", "2005-12-31": 1.105, "2005-09-30": 31.948, "2005-06-30": 0.117, "2005-03-31": "5.05500"}, "Cash Flow From Investing Activities": {"2020-09-30": -16.055, "2020-06-30": -12.823, "2020-03-31": "-12.12100", "2019-12-31": -9.229, "2019-09-30": -15.786, "2019-06-30": -14.027, "2019-03-31": "-15.88900", "2018-12-31": -28.538, "2018-09-30": 414.084, "2018-06-30": -11.533, "2018-03-31": "-11.10200", "2017-12-31": -30.538, "2017-09-30": -21.465, "2017-06-30": -25.27, "2017-03-31": "-14.97300", "2016-12-31": 44.621, "2016-09-30": 84.612, "2016-06-30": -21.927, "2016-03-31": "-0.22800", "2015-12-31": 98.972, "2015-09-30": -48.32, "2015-06-30": 43.108, "2015-03-31": "-58.38000", "2014-12-31": -107.842, "2014-09-30": -82.109, "2014-06-30": -53.585, "2014-03-31": "55.72400", "2013-12-31": 29.025, "2013-09-30": -39.552, "2013-06-30": -28.568, "2013-03-31": "-37.59500", "2012-12-31": -54.787, "2012-09-30": -52.456, "2012-06-30": -56.105, "2012-03-31": "-26.03700", "2011-12-31": -64.3, "2011-09-30": 67.153, "2011-06-30": -29.882, "2011-03-31": "-31.16800", "2010-12-31": -55.224, "2010-09-30": -41.333, "2010-06-30": 7.82, "2010-03-31": "-24.18500", "2009-12-31": -38.785, "2009-09-30": -22.576, "2009-06-30": 17.385, "2009-03-31": "-11.64300", "2008-12-31": 157.911, "2008-09-30": 14.376, "2008-06-30": -27.611, "2008-03-31": "-27.74500", "2007-12-31": -18.21, "2007-09-30": -5.062, "2007-06-30": -33.772, "2007-03-31": "17.12000", "2006-12-31": -33.632, "2006-09-30": -1043.838, "2006-06-30": -195.805, "2006-03-31": "768.83000", "2005-12-31": 37.469, "2005-09-30": -105.556, "2005-06-30": 22.233, "2005-03-31": "362.30400"}, "Net Long-Term Debt": {"2020-09-30": -152.831, "2020-06-30": -11.677, "2020-03-31": "137.01400", "2019-12-31": -17.893, "2019-09-30": -7.345, "2019-06-30": -23.703, "2019-03-31": "-7.69400", "2018-12-31": -7.033, "2018-09-30": -7.378, "2018-06-30": -7.244, "2018-03-31": "56.42000", "2017-12-31": -6.692, "2017-09-30": -8.388, "2017-06-30": -5.744, "2017-03-31": "-6.15900", "2016-12-31": -5.939, "2016-09-30": -6.027, "2016-06-30": -5.955, "2016-03-31": "-6.69600", "2015-12-31": -6.0541, "2015-09-30": -0.1138, "2015-06-30": 982.3889, "2015-03-31": "-9.44400", "2014-12-31": -9.397, "2014-09-30": -9.497, "2014-06-30": -9.586, "2014-03-31": "-9.90000", "2013-12-31": -15.3681, "2013-09-30": -0.945, "2013-06-30": -0.913, "2013-03-31": "-6.50600", "2012-12-31": -0.2991, "2012-09-30": 20.067, "2012-06-30": 12.875, "2012-03-31": "-6.35400", "2011-12-31": -2.091, "2011-09-30": -1.843, "2011-06-30": -4.557, "2011-03-31": "-30.21100", "2010-12-31": -3.849, "2010-09-30": -4.58, "2010-06-30": 41.515, "2010-03-31": "-10.21600", "2009-12-31": -4.443, "2009-09-30": -13.795, "2009-06-30": 418.418, "2009-03-31": "-3.04400", "2008-12-31": -104.485, "2008-09-30": -25.873, "2008-06-30": -9.543, "2008-03-31": "-0.22900", "2007-12-31": -1.405, "2007-09-30": 1.058, "2007-06-30": 1.415, "2007-03-31": "-2.51300", "2006-12-31": -0.145, "2006-09-30": -5.373, "2006-06-30": -44.255, "2006-03-31": "-1.07200", "2005-12-31": 0.443, "2005-09-30": 137.409, "2005-06-30": -10.678, "2005-03-31": "-14.84300"}, "Net Current Debt": {"2020-09-30": 0, "2020-06-30": 0, "2020-03-31": "", "2019-12-31": 0, "2019-09-30": 0, "2019-06-30": 0, "2019-03-31": "", "2018-12-31": 0, "2018-09-30": 0, "2018-06-30": 0, "2018-03-31": "", "2017-12-31": 0, "2017-09-30": 0, "2017-06-30": 0, "2017-03-31": "", "2016-12-31": 0, "2016-09-30": 0, "2016-06-30": 0, "2016-03-31": "", "2015-12-31": 0, "2015-09-30": 0, "2015-06-30": 0, "2015-03-31": "", "2014-12-31": 0, "2014-09-30": 0, "2014-06-30": 0, "2014-03-31": "", "2013-12-31": 0, "2013-09-30": 0, "2013-06-30": 0, "2013-03-31": "", "2012-12-31": 0, "2012-09-30": 0, "2012-06-30": 0, "2012-03-31": "", "2011-12-31": 0, "2011-09-30": 0, "2011-06-30": 0, "2011-03-31": "", "2010-12-31": 0, "2010-09-30": 0, "2010-06-30": 0, "2010-03-31": "", "2009-12-31": 0, "2009-09-30": 0, "2009-06-30": 0, "2009-03-31": "", "2008-12-31": 0, "2008-09-30": 0, "2008-06-30": 0, "2008-03-31": "", "2007-12-31": 0, "2007-09-30": 0, "2007-06-30": 0, "2007-03-31": "", "2006-12-31": 0, "2006-09-30": 0, "2006-06-30": 0, "2006-03-31": "", "2005-12-31": 0, "2005-09-30": 0, "2005-06-30": 0, "2005-03-31": ""}, "Debt Issuance/Retirement Net - Total": {"2020-09-30": -152.831, "2020-06-30": -11.677, "2020-03-31": "137.01400", "2019-12-31": -17.893, "2019-09-30": -7.345, "2019-06-30": -23.703, "2019-03-31": "-7.69400", "2018-12-31": -7.033, "2018-09-30": -7.378, "2018-06-30": -7.244, "2018-03-31": "56.42000", "2017-12-31": -6.692, "2017-09-30": -8.388, "2017-06-30": -5.744, "2017-03-31": "-6.15900", "2016-12-31": -5.939, "2016-09-30": -6.027, "2016-06-30": -5.955, "2016-03-31": "-6.69600", "2015-12-31": -6.0541, "2015-09-30": -0.1138, "2015-06-30": 982.3889, "2015-03-31": "-9.44400", "2014-12-31": -9.397, "2014-09-30": -9.497, "2014-06-30": -9.586, "2014-03-31": "-9.90000", "2013-12-31": -15.3681, "2013-09-30": -0.945, "2013-06-30": -0.913, "2013-03-31": "-6.50600", "2012-12-31": -0.2991, "2012-09-30": 20.067, "2012-06-30": 12.875, "2012-03-31": "-6.35400", "2011-12-31": -2.091, "2011-09-30": -1.843, "2011-06-30": -4.557, "2011-03-31": "-30.21100", "2010-12-31": -3.849, "2010-09-30": -4.58, "2010-06-30": 41.515, "2010-03-31": "-10.21600", "2009-12-31": -4.443, "2009-09-30": -13.795, "2009-06-30": 418.418, "2009-03-31": "-3.04400", "2008-12-31": -104.485, "2008-09-30": -25.873, "2008-06-30": -9.543, "2008-03-31": "-0.22900", "2007-12-31": -1.405, "2007-09-30": 1.058, "2007-06-30": 1.415, "2007-03-31": "-2.51300", "2006-12-31": -0.145, "2006-09-30": -5.373, "2006-06-30": -44.255, "2006-03-31": "-1.07200", "2005-12-31": 0.443, "2005-09-30": 137.409, "2005-06-30": -10.678, "2005-03-31": "-14.84300"}, "Net Common Equity Issued/Repurchased": {"2020-09-30": 2.145, "2020-06-30": 10.143, "2020-03-31": "-43.41500", "2019-12-31": -136.59, "2019-09-30": -21.258, "2019-06-30": -5.888, "2019-03-31": "-25.73300", "2018-12-31": -126.681, "2018-09-30": -26.79, "2018-06-30": -41.123, "2018-03-31": "-29.98700", "2017-12-31": -33.701, "2017-09-30": -35.504, "2017-06-30": -32.575, "2017-03-31": "-11.56700", "2016-12-31": -166.614, "2016-09-30": -49.21, "2016-06-30": -57.434, "2016-03-31": "-43.92700", "2015-12-31": -14.78, "2015-09-30": -1012.467, "2015-06-30": -23.679, "2015-03-31": "-19.83900", "2014-12-31": -4.442, "2014-09-30": -12.511, "2014-06-30": 0.639, "2014-03-31": "-254.11400", "2013-12-31": -6.431, "2013-09-30": -26.058, "2013-06-30": 1.975, "2013-03-31": "3.56400", "2012-12-31": 5.28, "2012-09-30": 0.982, "2012-06-30": 0.388, "2012-03-31": "1.15600", "2011-12-31": -3.861, "2011-09-30": -113.276, "2011-06-30": -36.962, "2011-03-31": "2.90200", "2010-12-31": 0.064, "2010-09-30": 0.35, "2010-06-30": -92.604, "2010-03-31": "-79.90300", "2009-12-31": -45.968, "2009-09-30": -25.244, "2009-06-30": 0, "2009-03-31": "", "2008-12-31": 0, "2008-09-30": 0, "2008-06-30": 0, "2008-03-31": "", "2007-12-31": 0, "2007-09-30": -1.371, "2007-06-30": 0.695, "2007-03-31": "0.67600", "2006-12-31": -6.041, "2006-09-30": 0.2, "2006-06-30": 3.359, "2006-03-31": "2.48200", "2005-12-31": 1.082, "2005-09-30": 0.866, "2005-06-30": 1.29, "2005-03-31": "0.78500"}, "Net Total Equity Issued/Repurchased": {"2020-09-30": 2.145, "2020-06-30": 10.143, "2020-03-31": "-43.41500", "2019-12-31": -136.59, "2019-09-30": -21.258, "2019-06-30": -5.888, "2019-03-31": "-25.73300", "2018-12-31": -126.681, "2018-09-30": -26.79, "2018-06-30": -41.123, "2018-03-31": "-29.98700", "2017-12-31": -33.701, "2017-09-30": -35.504, "2017-06-30": -32.575, "2017-03-31": "-11.56700", "2016-12-31": -166.614, "2016-09-30": -49.21, "2016-06-30": -57.434, "2016-03-31": "-43.92700", "2015-12-31": -14.78, "2015-09-30": -1012.467, "2015-06-30": -23.679, "2015-03-31": "-19.83900", "2014-12-31": -4.442, "2014-09-30": -12.511, "2014-06-30": 0.639, "2014-03-31": "-254.11400", "2013-12-31": -6.431, "2013-09-30": -26.058, "2013-06-30": 1.975, "2013-03-31": "3.56400", "2012-12-31": 5.28, "2012-09-30": 0.982, "2012-06-30": 0.388, "2012-03-31": "1.15600", "2011-12-31": -3.861, "2011-09-30": -113.276, "2011-06-30": -36.962, "2011-03-31": "2.90200", "2010-12-31": 0.064, "2010-09-30": 0.35, "2010-06-30": -92.604, "2010-03-31": "-79.90300", "2009-12-31": -45.968, "2009-09-30": -25.244, "2009-06-30": 0, "2009-03-31": "", "2008-12-31": 0, "2008-09-30": 0, "2008-06-30": 0, "2008-03-31": "", "2007-12-31": 0, "2007-09-30": -1.371, "2007-06-30": 0.695, "2007-03-31": "0.67600", "2006-12-31": -6.041, "2006-09-30": 0.2, "2006-06-30": 3.359, "2006-03-31": "2.48200", "2005-12-31": 1.082, "2005-09-30": 0.866, "2005-06-30": 1.29, "2005-03-31": "0.78500"}, "Total Common And Preferred Stock Dividends Paid": {"2020-09-30": -11.202, "2020-06-30": -11.181, "2020-03-31": "-26.79300", "2019-12-31": -27.084, "2019-09-30": -23.087, "2019-06-30": -23.124, "2019-03-31": "-23.06900", "2018-12-31": -19.746, "2018-09-30": -20.141, "2018-06-30": -20.29, "2018-03-31": "-20.35500", "2017-12-31": -16.858, "2017-09-30": -17.017, "2017-06-30": -17.174, "2017-03-31": "-17.27300", "2016-12-31": -16.039, "2016-09-30": -15.641, "2016-06-30": -15.938, "2016-03-31": "-16.21400", "2015-12-31": -16.431, "2015-09-30": -15.225, "2015-06-30": -19.99, "2015-03-31": "-20.19900", "2014-12-31": -20.105, "2014-09-30": -18.364, "2014-06-30": -18.342, "2014-03-31": "-18.30600", "2013-12-31": -19.616, "2013-09-30": -19.625, "2013-06-30": -15.737, "2013-03-31": "-15.70300", "2012-12-31": -15.637, "2012-09-30": -7.809, "2012-06-30": -7.802, "2012-03-31": "-7.79500", "2011-12-31": -7.782, "2011-09-30": -7.834, "2011-06-30": -8.376, "2011-03-31": "-8.37400", "2010-12-31": -8.361, "2010-09-30": -6.271, "2010-06-30": -6.336, "2010-03-31": "-6.65300", "2009-12-31": -6.888, "2009-09-30": -7.015, "2009-06-30": -14.073, "2009-03-31": "", "2008-12-31": -14.437, "2008-09-30": 0, "2008-06-30": -8.056, "2008-03-31": "-8.04500", "2007-12-31": -7.955, "2007-09-30": -8.043, "2007-06-30": -8.118, "2007-03-31": "-8.00100", "2006-12-31": -20.951, "2006-09-30": -20.812, "2006-06-30": -7.618, "2006-03-31": "-20.65900", "2005-12-31": -6.568, "2005-09-30": -6.558, "2005-06-30": -4.693, "2005-03-31": "-4.68400"}, "Financial Activities - Other": {"2020-09-30": -1.705, "2020-06-30": -2.424, "2020-03-31": "-3.40200", "2019-12-31": -0.373, "2019-09-30": -1.49, "2019-06-30": -14.91, "2019-03-31": "-6.05500", "2018-12-31": -1.341, "2018-09-30": -1.364, "2018-06-30": -0.948, "2018-03-31": "-31.76100", "2017-12-31": -1.592, "2017-09-30": -1.857, "2017-06-30": -0.722, "2017-03-31": "-2.97400", "2016-12-31": -1.268, "2016-09-30": -1.228, "2016-06-30": -1.192, "2016-03-31": "-2.73900", "2015-12-31": -63.81, "2015-09-30": -4.915, "2015-06-30": -19.866, "2015-03-31": "26.86600", "2014-12-31": -2.616, "2014-09-30": -5.688, "2014-06-30": -0.477, "2014-03-31": "18.14400", "2013-12-31": 3.851, "2013-09-30": 0.203, "2013-06-30": -5.592, "2013-03-31": "", "2012-12-31": -0.055, "2012-09-30": 0.091, "2012-06-30": -15.602, "2012-03-31": "-3.61500", "2011-12-31": -1.509, "2011-09-30": -0.655, "2011-06-30": -0.137, "2011-03-31": "-0.01800", "2010-12-31": -0.126, "2010-09-30": -2.375, "2010-06-30": -14.828, "2010-03-31": "0.02300", "2009-12-31": -2.264, "2009-09-30": -8.062, "2009-06-30": -17.133, "2009-03-31": "-11.09600", "2008-12-31": -1.113, "2008-09-30": -0.402, "2008-06-30": -0.742, "2008-03-31": "", "2007-12-31": -8.937, "2007-09-30": 0.838, "2007-06-30": -4.306, "2007-03-31": "-4.23600", "2006-12-31": 3.36, "2006-09-30": -38.001, "2006-06-30": 0.32, "2006-03-31": "2.98500", "2005-12-31": 2.965, "2005-09-30": 9.336, "2005-06-30": -0.749, "2005-03-31": "-0.98600"}, "Cash Flow From Financial Activities": {"2020-09-30": -163.593, "2020-06-30": -15.139, "2020-03-31": "63.40400", "2019-12-31": -181.94, "2019-09-30": -53.18, "2019-06-30": -67.625, "2019-03-31": "-62.55100", "2018-12-31": -154.801, "2018-09-30": -55.673, "2018-06-30": -69.605, "2018-03-31": "-25.68300", "2017-12-31": -58.843, "2017-09-30": -62.766, "2017-06-30": -56.215, "2017-03-31": "-37.97300", "2016-12-31": -189.86, "2016-09-30": -72.106, "2016-06-30": -80.519, "2016-03-31": "-69.57600", "2015-12-31": -101.075, "2015-09-30": -1032.721, "2015-06-30": 918.854, "2015-03-31": "-22.61600", "2014-12-31": -36.56, "2014-09-30": -46.06, "2014-06-30": -27.766, "2014-03-31": "-264.17600", "2013-12-31": -37.564, "2013-09-30": -46.425, "2013-06-30": -20.267, "2013-03-31": "-18.64500", "2012-12-31": -10.711, "2012-09-30": 13.331, "2012-06-30": -10.141, "2012-03-31": "-16.60800", "2011-12-31": -15.243, "2011-09-30": -123.608, "2011-06-30": -50.032, "2011-03-31": "-35.70100", "2010-12-31": -12.272, "2010-09-30": -12.876, "2010-06-30": -72.253, "2010-03-31": "-96.74900", "2009-12-31": -59.563, "2009-09-30": -54.116, "2009-06-30": 387.212, "2009-03-31": "-14.14000", "2008-12-31": -120.035, "2008-09-30": -26.275, "2008-06-30": -18.341, "2008-03-31": "-8.27400", "2007-12-31": -18.297, "2007-09-30": -7.518, "2007-06-30": -10.314, "2007-03-31": "-14.07400", "2006-12-31": -23.777, "2006-09-30": -63.986, "2006-06-30": -48.194, "2006-03-31": "-16.26400", "2005-12-31": -2.078, "2005-09-30": 141.053, "2005-06-30": -14.83, "2005-03-31": "-19.72800"}, "Net Cash Flow": {"2020-09-30": -3.034, "2020-06-30": 23.923, "2020-03-31": "26.82800", "2019-12-31": -139.002, "2019-09-30": 13.363, "2019-06-30": 12.369, "2019-03-31": "-14.53500", "2018-12-31": -194.267, "2018-09-30": 441.858, "2018-06-30": -3.347, "2018-03-31": "29.44400", "2017-12-31": -11.688, "2017-09-30": -26.034, "2017-06-30": -15.359, "2017-03-31": "-10.04400", "2016-12-31": -90.599, "2016-09-30": 42.604, "2016-06-30": -46.743, "2016-03-31": "-14.29300", "2015-12-31": 151.516, "2015-09-30": -1021.867, "2015-06-30": 994.705, "2015-03-31": "-64.41400", "2014-12-31": -75.17, "2014-09-30": -29.214, "2014-06-30": -13.035, "2014-03-31": "-195.45700", "2013-12-31": 66.721, "2013-09-30": 24.414, "2013-06-30": 60.333, "2013-03-31": "-24.67700", "2012-12-31": -0.231, "2012-09-30": 18.492, "2012-06-30": 16.69, "2012-03-31": "-56.82100", "2011-12-31": -13.586, "2011-09-30": -10.707, "2011-06-30": -0.537, "2011-03-31": "-12.44700", "2010-12-31": -8.006, "2010-09-30": 12.134, "2010-06-30": 1.096, "2010-03-31": "-84.43500", "2009-12-31": -52.927, "2009-09-30": 28.645, "2009-06-30": 493.567, "2009-03-31": "32.34400", "2008-12-31": 64.058, "2008-09-30": 6.939, "2008-06-30": -39.933, "2008-03-31": "-19.09000", "2007-12-31": -56.456, "2007-09-30": 0.029, "2007-06-30": -13.894, "2007-03-31": "0.28500", "2006-12-31": -74.281, "2006-09-30": 32, "2006-06-30": -52.866, "2006-03-31": "40.45900", "2005-12-31": -42.872, "2005-09-30": -73.077, "2005-06-30": -21.796, "2005-03-31": "-27.40700"}, "Stock-Based Compensation": {"2020-09-30": 5.786, "2020-06-30": 4.787, "2020-03-31": "4.53900", "2019-12-31": 4.687, "2019-09-30": 3.981, "2019-06-30": 4.986, "2019-03-31": "5.02200", "2018-12-31": 3.517, "2018-09-30": 4.81, "2018-06-30": 5.133, "2018-03-31": "4.45800", "2017-12-31": 4.572, "2017-09-30": 4.984, "2017-06-30": 7.813, "2017-03-31": "3.55900", "2016-12-31": 3.881, "2016-09-30": 4.335, "2016-06-30": 4.844, "2016-03-31": "5.08100", "2015-12-31": 4.447, "2015-09-30": 6.542, "2015-06-30": 7.174, "2015-03-31": "5.06800", "2014-12-31": 3.035, "2014-09-30": 10.05, "2014-06-30": 4.574, "2014-03-31": "10.58400", "2013-12-31": 8.049, "2013-09-30": 4.604, "2013-06-30": 3.95, "2013-03-31": "3.01000", "2012-12-31": 3.143, "2012-09-30": 3.166, "2012-06-30": 2.567, "2012-03-31": "2.59700", "2011-12-31": 3.932, "2011-09-30": 7.096, "2011-06-30": 3.419, "2011-03-31": "3.24100", "2010-12-31": 3.185, "2010-09-30": 3.868, "2010-06-30": 3.132, "2010-03-31": "3.51900", "2009-12-31": 3.64, "2009-09-30": 3.894, "2009-06-30": 3.389, "2009-03-31": "4.37100", "2008-12-31": 5.197, "2008-09-30": 1.169, "2008-06-30": 1.177, "2008-03-31": "1.58600", "2007-12-31": 1.674, "2007-09-30": 1.447, "2007-06-30": 4.04, "2007-03-31": "2.82900", "2006-12-31": 5.086, "2006-09-30": 3.295, "2006-06-30": 3.659, "2006-03-31": "3.84900", "2005-12-31": 24.741, "2005-09-30": 2.833, "2005-06-30": 2.28, "2005-03-31": "0.39700"}, "Common Stock Dividends Paid": {"2020-09-30": -11.202, "2020-06-30": -11.181, "2020-03-31": "-26.79300", "2019-12-31": -27.084, "2019-09-30": -23.087, "2019-06-30": -23.124, "2019-03-31": "-23.06900", "2018-12-31": -19.746, "2018-09-30": -20.141, "2018-06-30": -20.29, "2018-03-31": "-20.35500", "2017-12-31": -16.858, "2017-09-30": -17.017, "2017-06-30": -17.174, "2017-03-31": "-17.27300", "2016-12-31": -16.039, "2016-09-30": -15.641, "2016-06-30": -15.938, "2016-03-31": "-16.21400", "2015-12-31": -16.431, "2015-09-30": -15.225, "2015-06-30": -19.99, "2015-03-31": "-20.19900", "2014-12-31": -20.105, "2014-09-30": -18.364, "2014-06-30": -18.342, "2014-03-31": "-18.30600", "2013-12-31": -19.616, "2013-09-30": -19.625, "2013-06-30": -15.737, "2013-03-31": "-15.70300", "2012-12-31": -15.637, "2012-09-30": -7.809, "2012-06-30": -7.802, "2012-03-31": "-7.79500", "2011-12-31": -7.782, "2011-09-30": -7.834, "2011-06-30": -8.376, "2011-03-31": "-8.37400", "2010-12-31": -8.361, "2010-09-30": -6.271, "2010-06-30": -6.336, "2010-03-31": "-6.65300", "2009-12-31": -6.888, "2009-09-30": -7.015, "2009-06-30": -14.073, "2009-03-31": "", "2008-12-31": -14.437, "2008-09-30": 0, "2008-06-30": -8.056, "2008-03-31": "-8.04500", "2007-12-31": -7.955, "2007-09-30": -8.043, "2007-06-30": -8.118, "2007-03-31": "-8.00100", "2006-12-31": -20.951, "2006-09-30": -20.812, "2006-06-30": -7.618, "2006-03-31": "-20.65900", "2005-12-31": -6.568, "2005-09-30": -6.558, "2005-06-30": -4.693, "2005-03-31": "-4.68400"}}, "financial ratios": {"Current Ratio": {"2019-12-31": "1.58440", "2018-12-31": "2.34260", "2017-12-31": "1.78000", "2016-12-31": "1.96680", "2015-12-31": "2.29400", "2014-12-31": "1.65220", "2013-12-31": "2.63900", "2012-12-31": "2.47450", "2011-12-31": "2.18390", "2010-12-31": "1.79080", "2009-12-31": "1.84990", "2008-12-31": "0.75790", "2007-12-31": "0.82180", "2006-12-31": "1.69910", "2005-12-31": "1.21810"}, "Long-term Debt / Capital": {"2019-12-31": "0.84140", "2018-12-31": "0.80930", "2017-12-31": "0.82620", "2016-12-31": "0.82500", "2015-12-31": "0.76140", "2014-12-31": "0.44640", "2013-12-31": "0.42490", "2012-12-31": "0.42110", "2011-12-31": "0.40350", "2010-12-31": "0.41810", "2009-12-31": "0.39110", "2008-12-31": "0.31210", "2007-12-31": "0.61320", "2006-12-31": "0.59500", "2005-12-31": "0.69340"}, "Debt/Equity Ratio": {"2019-12-31": "5.36870", "2018-12-31": "4.29400", "2017-12-31": "4.80530", "2016-12-31": "4.76050", "2015-12-31": "3.22230", "2014-12-31": "0.83730", "2013-12-31": "0.75870", "2012-12-31": "0.73400", "2011-12-31": "0.67980", "2010-12-31": "0.72690", "2009-12-31": "0.65180", "2008-12-31": "0.46640", "2007-12-31": "1.64710", "2006-12-31": "1.51650", "2005-12-31": "2.32980"}, "Gross Margin": {"2019-12-31": "62.48010", "2018-12-31": "63.91110", "2017-12-31": "56.33020", "2016-12-31": "47.12590", "2015-12-31": "36.69060", "2014-12-31": "32.19490", "2013-12-31": "26.51920", "2012-12-31": "24.90750", "2011-12-31": "25.30470", "2010-12-31": "26.03670", "2009-12-31": "25.64690", "2008-12-31": "22.34120", "2007-12-31": "27.22790", "2006-12-31": "28.21490", "2005-12-31": "39.12140"}, "Operating Margin": {"2019-12-31": "15.36450", "2018-12-31": "15.71710", "2017-12-31": "17.55410", "2016-12-31": "21.92950", "2015-12-31": "14.67520", "2014-12-31": "12.13850", "2013-12-31": "5.74870", "2012-12-31": "4.89960", "2011-12-31": "5.63970", "2010-12-31": "6.33330", "2009-12-31": "4.00660", "2008-12-31": "-22.69360", "2007-12-31": "1.57470", "2006-12-31": "3.58950", "2005-12-31": "-4.31200"}, "EBIT Margin": {"2019-12-31": "15.36450", "2018-12-31": "15.71710", "2017-12-31": "17.55410", "2016-12-31": "21.92950", "2015-12-31": "14.67520", "2014-12-31": "12.13850", "2013-12-31": "5.74870", "2012-12-31": "4.89960", "2011-12-31": "5.63970", "2010-12-31": "6.33330", "2009-12-31": "4.00660", "2008-12-31": "-22.69360", "2007-12-31": "1.57470", "2006-12-31": "3.58950", "2005-12-31": "-4.31200"}, "EBITDA Margin": {"2019-12-31": "23.07030", "2018-12-31": "23.82300", "2017-12-31": "27.82760", "2016-12-31": "30.58930", "2015-12-31": "22.89490", "2014-12-31": "20.13750", "2013-12-31": "14.00970", "2012-12-31": "11.22300", "2011-12-31": "11.87150", "2010-12-31": "14.00230", "2009-12-31": "11.81300", "2008-12-31": "7.39210", "2007-12-31": "6.81930", "2006-12-31": "8.46950", "2005-12-31": "1.12910"}, "Pre-Tax Profit Margin": {"2019-12-31": "10.03400", "2018-12-31": "36.15970", "2017-12-31": "8.25720", "2016-12-31": "14.05100", "2015-12-31": "12.51820", "2014-12-31": "9.63420", "2013-12-31": "2.62380", "2012-12-31": "-0.52390", "2011-12-31": "1.00520", "2010-12-31": "0.57070", "2009-12-31": "-0.66730", "2008-12-31": "-31.88860", "2007-12-31": "0.53270", "2006-12-31": "0.42890", "2005-12-31": "-9.07040"}, "Net Profit Margin": {"2019-12-31": "8.01290", "2018-12-31": "28.93920", "2017-12-31": "15.85970", "2016-12-31": "9.03040", "2015-12-31": "8.61590", "2014-12-31": "6.07630", "2013-12-31": "1.87680", "2012-12-31": "0.28270", "2011-12-31": "0.40620", "2010-12-31": "-0.18210", "2009-12-31": "0.20770", "2008-12-31": "-26.31950", "2007-12-31": "1.27250", "2006-12-31": "-0.87930", "2005-12-31": "-7.58550"}, "Asset Turnover": {"2019-12-31": "0.34220", "2018-12-31": "0.37040", "2017-12-31": "0.29860", "2016-12-31": "0.36440", "2015-12-31": "0.45520", "2014-12-31": "0.48300", "2013-12-31": "0.55550", "2012-12-31": "0.58220", "2011-12-31": "0.56690", "2010-12-31": "0.50190", "2009-12-31": "0.48980", "2008-12-31": "0.39240", "2007-12-31": "0.86880", "2006-12-31": "0.79670", "2005-12-31": "0.25890"}, "Inventory Turnover Ratio": {"2019-12-31": "164.79460", "2018-12-31": "155.62540", "2017-12-31": "169.28390", "2016-12-31": "266.20970", "2015-12-31": "274.59950", "2014-12-31": "197.50560", "2013-12-31": "174.15720", "2012-12-31": "136.27290", "2011-12-31": "140.75090", "2010-12-31": "77.41930", "2009-12-31": "78.70290", "2008-12-31": "57.43460", "2007-12-31": "83.09690", "2006-12-31": "89.07950", "2005-12-31": "39.88750"}, "Receiveable Turnover": {"2019-12-31": "14.54950", "2018-12-31": "14.47960", "2017-12-31": "10.69510", "2016-12-31": "14.52490", "2015-12-31": "17.83720", "2014-12-31": "29.29880", "2013-12-31": "38.54130", "2012-12-31": "40.95940", "2011-12-31": "35.57270", "2010-12-31": "28.19240", "2009-12-31": "27.69300", "2008-12-31": "18.74150", "2007-12-31": "45.77030", "2006-12-31": "20.71410", "2005-12-31": "2.56120"}, "Days Sales In Receivables": {"2019-12-31": "25.08670", "2018-12-31": "25.20780", "2017-12-31": "34.12790", "2016-12-31": "25.12940", "2015-12-31": "20.46290", "2014-12-31": "12.45780", "2013-12-31": "9.47040", "2012-12-31": "8.91130", "2011-12-31": "10.26070", "2010-12-31": "12.94670", "2009-12-31": "13.18020", "2008-12-31": "19.47550", "2007-12-31": "7.97460", "2006-12-31": "17.62090", "2005-12-31": "142.51000"}, "ROE - Return On Equity": {"2019-12-31": "26.52030", "2018-12-31": "70.95620", "2017-12-31": "33.85000", "2016-12-31": "24.56230", "2015-12-31": "18.59160", "2014-12-31": "6.77840", "2013-12-31": "2.46360", "2012-12-31": "0.40070", "2011-12-31": "0.89740", "2010-12-31": "0.83720", "2009-12-31": "0.23020", "2008-12-31": "-20.22110", "2007-12-31": "3.36090", "2006-12-31": "-2.26090", "2005-12-31": "-14.77790"}, "Return On Tangible Equity": {"2019-12-31": "-9.21060", "2018-12-31": "-33.01660", "2017-12-31": "-13.00710", "2016-12-31": "-8.43790", "2015-12-31": "-10.31190", "2014-12-31": "-25.51520", "2013-12-31": "-21.72160", "2012-12-31": "-4.14730", "2011-12-31": "-10.02630", "2010-12-31": "-22.91250", "2009-12-31": "8.61350", "2008-12-31": "-407.75820", "2007-12-31": "-23.13020", "2006-12-31": "9.46260", "2005-12-31": "29.45620"}, "ROA - Return On Assets": {"2019-12-31": "2.74180", "2018-12-31": "10.72020", "2017-12-31": "4.73600", "2016-12-31": "3.29050", "2015-12-31": "3.40690", "2014-12-31": "2.81380", "2013-12-31": "1.08950", "2012-12-31": "0.18490", "2011-12-31": "0.41760", "2010-12-31": "0.38270", "2009-12-31": "0.10810", "2008-12-31": "-10.37450", "2007-12-31": "1.03710", "2006-12-31": "-0.69230", "2005-12-31": "-2.08070"}, "ROI - Return On Investment": {"2019-12-31": "4.20740", "2018-12-31": "13.52790", "2017-12-31": "5.88420", "2016-12-31": "4.29880", "2015-12-31": "4.43570", "2014-12-31": "3.75250", "2013-12-31": "1.41690", "2012-12-31": "0.23200", "2011-12-31": "0.53530", "2010-12-31": "0.48720", "2009-12-31": "0.14020", "2008-12-31": "-13.91090", "2007-12-31": "1.30010", "2006-12-31": "-0.91570", "2005-12-31": "-4.53120"}, "Book Value Per Share": {"2019-12-31": "2.29610", "2018-12-31": "2.80430", "2017-12-31": "2.38330", "2016-12-31": "2.14030", "2015-12-31": "2.76490", "2014-12-31": "4.69530", "2013-12-31": "5.26950", "2012-12-31": "4.22140", "2011-12-31": "4.24310", "2010-12-31": "4.59840", "2009-12-31": "4.96650", "2008-12-31": "5.06660", "2007-12-31": "4.79690", "2006-12-31": "5.12640", "2005-12-31": "4.46210"}, "Operating Cash Flow Per Share": {"2019-12-31": 0.3137, "2018-12-31": -0.0311, "2017-12-31": 0.2198, "2016-12-31": -0.1078, "2015-12-31": 0.1572, "2014-12-31": -0.15, "2013-12-31": 0.3417, "2012-12-31": -0.1203, "2011-12-31": 0.0763, "2010-12-31": -0.1028, "2009-12-31": 0.2359, "2008-12-31": 0.1734, "2007-12-31": -6.7255, "2006-12-31": 15.3212, "2005-12-31": -8.3726}, "Free Cash Flow Per Share": {"2019-12-31": 0.2822, "2018-12-31": 0.0076, "2017-12-31": 0.4584, "2016-12-31": -0.1434, "2015-12-31": -0.0053, "2014-12-31": -0.326, "2013-12-31": 0.6036, "2012-12-31": -0.4678, "2011-12-31": 0.3066, "2010-12-31": -0.2408, "2009-12-31": 0.61, "2008-12-31": 0.3576, "2007-12-31": -6.6459, "2006-12-31": 14.9439, "2005-12-31": -8.8283}}, "financial ratios, quarterly": {"Current Ratio": {"2020-09-30": "1.68700", "2020-06-30": "1.41670", "2020-03-31": "1.37400", "2019-12-31": "1.58440", "2019-09-30": "1.99670", "2019-06-30": "1.97020", "2019-03-31": "2.05100", "2018-12-31": "2.34260", "2018-09-30": "2.52460", "2018-06-30": "1.71480", "2018-03-31": "1.76890", "2017-12-31": "1.78000", "2017-09-30": "1.79540", "2017-06-30": "1.92100", "2017-03-31": "2.10210", "2016-12-31": "1.96680", "2016-09-30": "2.31270", "2016-06-30": "2.35910", "2016-03-31": "2.36330", "2015-12-31": "2.29400", "2015-09-30": "1.95160", "2015-06-30": "5.21620", "2015-03-31": "1.61880", "2014-12-31": "1.65220", "2014-09-30": "1.97620", "2014-06-30": "2.09630", "2014-03-31": "2.30080", "2013-12-31": "2.63900", "2013-09-30": "2.43390", "2013-06-30": "1.45000", "2013-03-31": "2.56110", "2012-12-31": "2.47450", "2012-09-30": "2.13330", "2012-06-30": "2.09490", "2012-03-31": "2.20640", "2011-12-31": "2.18390", "2011-09-30": "2.14790", "2011-06-30": "1.80180", "2011-03-31": "1.94630", "2010-12-31": "1.79080", "2010-09-30": "1.86980", "2010-06-30": "1.89460", "2010-03-31": "1.94040", "2009-12-31": "1.84990", "2009-09-30": "2.00750", "2009-06-30": "1.93810", "2009-03-31": "0.87620", "2008-12-31": "0.75790", "2008-09-30": "0.45730", "2008-06-30": "0.54520", "2008-03-31": "0.73180", "2007-12-31": "0.82180", "2007-09-30": "0.98610", "2007-06-30": "0.97160", "2007-03-31": "1.69380", "2006-12-31": "1.69910", "2006-09-30": "1.89310", "2006-06-30": "1.06060", "2006-03-31": "1.08130", "2005-12-31": "1.21810", "2005-09-30": "1.25650", "2005-06-30": "1.49270", "2005-03-31": "1.71170"}, "Long-term Debt / Capital": {"2020-09-30": "0.83930", "2020-06-30": "0.84930", "2020-03-31": "0.85830", "2019-12-31": "0.84140", "2019-09-30": "0.80850", "2019-06-30": "0.80870", "2019-03-31": "0.81160", "2018-12-31": "0.80930", "2018-09-30": "0.77890", "2018-06-30": "0.86550", "2018-03-31": "0.85710", "2017-12-31": "0.82620", "2017-09-30": "0.85360", "2017-06-30": "0.84720", "2017-03-31": "0.82810", "2016-12-31": "0.82500", "2016-09-30": "0.78600", "2016-06-30": "0.78190", "2016-03-31": "0.77160", "2015-12-31": "0.76140", "2015-09-30": "0.77140", "2015-06-30": "0.57790", "2015-03-31": "0.44800", "2014-12-31": "0.44640", "2014-09-30": "0.44910", "2014-06-30": "0.44810", "2014-03-31": "0.45240", "2013-12-31": "0.42490", "2013-09-30": "0.42730", "2013-06-30": "0.38360", "2013-03-31": "0.42240", "2012-12-31": "0.42110", "2012-09-30": "0.42330", "2012-06-30": "0.40980", "2012-03-31": "0.40120", "2011-12-31": "0.40350", "2011-09-30": "0.40310", "2011-06-30": "0.38760", "2011-03-31": "0.41330", "2010-12-31": "0.41810", "2010-09-30": "0.41770", "2010-06-30": "0.41790", "2010-03-31": "0.39910", "2009-12-31": "0.39110", "2009-09-30": "0.38590", "2009-06-30": "0.38490", "2009-03-31": "0.31230", "2008-12-31": "0.31210", "2008-09-30": "0.66590", "2008-06-30": "0.67610", "2008-03-31": "0.66700", "2007-12-31": "0.61320", "2007-09-30": "0.62700", "2007-06-30": "0.62110", "2007-03-31": "0.60290", "2006-12-31": "0.59500", "2006-09-30": "0.56710", "2006-06-30": "0.56530", "2006-03-31": "0.57550", "2005-12-31": "0.69340", "2005-09-30": "0.70740", "2005-06-30": "0.60020", "2005-03-31": "0.59100"}, "Debt/Equity Ratio": {"2020-09-30": "5.31440", "2020-06-30": "5.96170", "2020-03-31": "6.41550", "2019-12-31": "5.36870", "2019-09-30": "4.27330", "2019-06-30": "4.27880", "2019-03-31": "4.35900", "2018-12-31": "4.29400", "2018-09-30": "3.56310", "2018-06-30": "6.50990", "2018-03-31": "6.06490", "2017-12-31": "4.80530", "2017-09-30": "5.89260", "2017-06-30": "5.60260", "2017-03-31": "4.86370", "2016-12-31": "4.76050", "2016-09-30": "3.70750", "2016-06-30": "3.61980", "2016-03-31": "3.41070", "2015-12-31": "3.22230", "2015-09-30": "3.40650", "2015-06-30": "1.37910", "2015-03-31": "0.84500", "2014-12-31": "0.83730", "2014-09-30": "0.83680", "2014-06-30": "0.83360", "2014-03-31": "0.84820", "2013-12-31": "0.75870", "2013-09-30": "0.76610", "2013-06-30": "0.74910", "2013-03-31": "0.73830", "2012-12-31": "0.73400", "2012-09-30": "0.73910", "2012-06-30": "0.69940", "2012-03-31": "0.67370", "2011-12-31": "0.67980", "2011-09-30": "0.67930", "2011-06-30": "0.63680", "2011-03-31": "0.71250", "2010-12-31": "0.72690", "2010-09-30": "0.72550", "2010-06-30": "0.72610", "2010-03-31": "0.67100", "2009-12-31": "0.65180", "2009-09-30": "0.63570", "2009-06-30": "0.63800", "2009-03-31": "0.46710", "2008-12-31": "0.46640", "2008-09-30": "2.15760", "2008-06-30": "2.13140", "2008-03-31": "2.07530", "2007-12-31": "1.64710", "2007-09-30": "1.73180", "2007-06-30": "1.68970", "2007-03-31": "1.56160", "2006-12-31": "1.51650", "2006-09-30": "1.36230", "2006-06-30": "1.35260", "2006-03-31": "1.40330", "2005-12-31": "2.32980", "2005-09-30": "2.47530", "2005-06-30": "1.57940", "2005-03-31": "1.60240"}, "Gross Margin": {"2020-09-30": "63.40350", "2020-06-30": "63.68930", "2020-03-31": "60.98080", "2019-12-31": "58.96520", "2019-09-30": "62.96610", "2019-06-30": "64.36000", "2019-03-31": "63.63110", "2018-12-31": "63.42140", "2018-09-30": "63.87540", "2018-06-30": "64.67540", "2018-03-31": "63.63500", "2017-12-31": "56.54510", "2017-09-30": "55.41530", "2017-06-30": "58.05420", "2017-03-31": "55.15130", "2016-12-31": "49.94270", "2016-09-30": "48.75280", "2016-06-30": "47.07490", "2016-03-31": "43.30960", "2015-12-31": "41.35740", "2015-09-30": "37.25660", "2015-06-30": "35.62820", "2015-03-31": "32.46310", "2014-12-31": "33.74130", "2014-09-30": "33.02500", "2014-06-30": "33.77690", "2014-03-31": "28.48000", "2013-12-31": "28.56940", "2013-09-30": "26.78020", "2013-06-30": "27.24580", "2013-03-31": "23.66380", "2012-12-31": "26.29120", "2012-09-30": "24.81240", "2012-06-30": "25.20450", "2012-03-31": "23.21700", "2011-12-31": "26.10950", "2011-09-30": "25.09190", "2011-06-30": "25.32870", "2011-03-31": "24.65280", "2010-12-31": "32.72730", "2010-09-30": "24.86880", "2010-06-30": "27.18320", "2010-03-31": "23.40750", "2009-12-31": "24.30050", "2009-09-30": "24.26320", "2009-06-30": "24.78670", "2009-03-31": "21.76450", "2008-12-31": "22.23090", "2008-09-30": "22.71190", "2008-06-30": "21.73130", "2008-03-31": "22.91830", "2007-12-31": "9.84380", "2007-09-30": "32.91390", "2007-06-30": "33.33930", "2007-03-31": "33.16850", "2006-12-31": "12.71520", "2006-09-30": "34.25730", "2006-06-30": "35.00780", "2006-03-31": "32.23070", "2005-12-31": "34.20920", "2005-09-30": "36.43930", "2005-06-30": "51.29050", "2005-03-31": "50.58210"}, "Operating Margin": {"2020-09-30": "17.98770", "2020-06-30": "15.07830", "2020-03-31": "12.03380", "2019-12-31": "8.59500", "2019-09-30": "18.04670", "2019-06-30": "18.50770", "2019-03-31": "16.21850", "2018-12-31": "11.51250", "2018-09-30": "19.31040", "2018-06-30": "17.39240", "2018-03-31": "14.52110", "2017-12-31": "21.53200", "2017-09-30": "20.01850", "2017-06-30": "8.05200", "2017-03-31": "21.24420", "2016-12-31": "25.56140", "2016-09-30": "29.14410", "2016-06-30": "17.15310", "2016-03-31": "16.85090", "2015-12-31": "25.04750", "2015-09-30": "12.03950", "2015-06-30": "13.13660", "2015-03-31": "8.39170", "2014-12-31": "10.19160", "2014-09-30": "8.90810", "2014-06-30": "12.08690", "2014-03-31": "17.01350", "2013-12-31": "6.25460", "2013-09-30": "4.18400", "2013-06-30": "8.76040", "2013-03-31": "3.72120", "2012-12-31": "5.12110", "2012-09-30": "4.90060", "2012-06-30": "5.94410", "2012-03-31": "3.52600", "2011-12-31": "4.76090", "2011-09-30": "5.29750", "2011-06-30": "7.62040", "2011-03-31": "4.81010", "2010-12-31": "13.60460", "2010-09-30": "3.37770", "2010-06-30": "9.70430", "2010-03-31": "3.14440", "2009-12-31": "-1.69680", "2009-09-30": "6.29100", "2009-06-30": "6.19130", "2009-03-31": "1.61280", "2008-12-31": "-48.38170", "2008-09-30": "1.22340", "2008-06-30": "2.63500", "2008-03-31": "2.66040", "2007-12-31": "18.06630", "2007-09-30": "6.76840", "2007-06-30": "-21.60680", "2007-03-31": "2.80880", "2006-12-31": "5.62850", "2006-09-30": "4.11820", "2006-06-30": "4.34530", "2006-03-31": "-0.08900", "2005-12-31": "-7.64760", "2005-09-30": "-4.64310", "2005-06-30": "2.91180", "2005-03-31": "0.49720"}, "EBIT Margin": {"2020-09-30": "17.98770", "2020-06-30": "15.07830", "2020-03-31": "12.03380", "2019-12-31": "8.59500", "2019-09-30": "18.04670", "2019-06-30": "18.50770", "2019-03-31": "16.21850", "2018-12-31": "11.51250", "2018-09-30": "19.31040", "2018-06-30": "17.39240", "2018-03-31": "14.52110", "2017-12-31": "21.53200", "2017-09-30": "20.01850", "2017-06-30": "8.05200", "2017-03-31": "21.24420", "2016-12-31": "25.56140", "2016-09-30": "29.14410", "2016-06-30": "17.15310", "2016-03-31": "16.85090", "2015-12-31": "25.04750", "2015-09-30": "12.03950", "2015-06-30": "13.13660", "2015-03-31": "8.39170", "2014-12-31": "10.19160", "2014-09-30": "8.90810", "2014-06-30": "12.08690", "2014-03-31": "17.01350", "2013-12-31": "6.25460", "2013-09-30": "4.18400", "2013-06-30": "8.76040", "2013-03-31": "3.72120", "2012-12-31": "5.12110", "2012-09-30": "4.90060", "2012-06-30": "5.94410", "2012-03-31": "3.52600", "2011-12-31": "4.76090", "2011-09-30": "5.29750", "2011-06-30": "7.62040", "2011-03-31": "4.81010", "2010-12-31": "13.60460", "2010-09-30": "3.37770", "2010-06-30": "9.70430", "2010-03-31": "3.14440", "2009-12-31": "-1.69680", "2009-09-30": "6.29100", "2009-06-30": "6.19130", "2009-03-31": "1.61280", "2008-12-31": "-48.38160", "2008-09-30": "1.22340", "2008-06-30": "2.63500", "2008-03-31": "2.66040", "2007-12-31": "18.06630", "2007-09-30": "6.76840", "2007-06-30": "-21.60680", "2007-03-31": "2.80880", "2006-12-31": "5.62850", "2006-09-30": "4.11820", "2006-06-30": "4.34530", "2006-03-31": "-0.08900", "2005-12-31": "-7.64760", "2005-09-30": "-4.64310", "2005-06-30": "2.91180", "2005-03-31": "0.49720"}, "EBITDA Margin": {"2020-09-30": "", "2020-06-30": "", "2020-03-31": "", "2019-12-31": "", "2019-09-30": "", "2019-06-30": "", "2019-03-31": "", "2018-12-31": "", "2018-09-30": "", "2018-06-30": "", "2018-03-31": "", "2017-12-31": "", "2017-09-30": "", "2017-06-30": "", "2017-03-31": "", "2016-12-31": "", "2016-09-30": "", "2016-06-30": "", "2016-03-31": "", "2015-12-31": "", "2015-09-30": "", "2015-06-30": "", "2015-03-31": "", "2014-12-31": "", "2014-09-30": "", "2014-06-30": "", "2014-03-31": "", "2013-12-31": "", "2013-09-30": "", "2013-06-30": "", "2013-03-31": "", "2012-12-31": "", "2012-09-30": "", "2012-06-30": "", "2012-03-31": "", "2011-12-31": "", "2011-09-30": "", "2011-06-30": "", "2011-03-31": "", "2010-12-31": "", "2010-09-30": "", "2010-06-30": "", "2010-03-31": "", "2009-12-31": "", "2009-09-30": "", "2009-06-30": "", "2009-03-31": "", "2008-12-31": "", "2008-09-30": "", "2008-06-30": "", "2008-03-31": "", "2007-12-31": "", "2007-09-30": "", "2007-06-30": "", "2007-03-31": "", "2006-12-31": "", "2006-09-30": "", "2006-06-30": "", "2006-03-31": "", "2005-12-31": "", "2005-09-30": "", "2005-06-30": "", "2005-03-31": ""}, "Pre-Tax Profit Margin": {"2020-09-30": "11.59620", "2020-06-30": "7.81300", "2020-03-31": "5.25560", "2019-12-31": "7.61880", "2019-09-30": "12.17480", "2019-06-30": "10.50630", "2019-03-31": "9.76150", "2018-12-31": "4.87210", "2018-09-30": "124.55800", "2018-06-30": "10.28320", "2018-03-31": "3.77150", "2017-12-31": "12.16730", "2017-09-30": "10.24510", "2017-06-30": "-0.09270", "2017-03-31": "11.24280", "2016-12-31": "16.31880", "2016-09-30": "21.38800", "2016-06-30": "9.74110", "2016-03-31": "9.49930", "2015-12-31": "30.23960", "2015-09-30": "6.07260", "2015-06-30": "8.18820", "2015-03-31": "5.62390", "2014-12-31": "7.53090", "2014-09-30": "6.33560", "2014-06-30": "9.67080", "2014-03-31": "14.62990", "2013-12-31": "6.40200", "2013-09-30": "2.10100", "2013-06-30": "2.62170", "2013-03-31": "-0.12770", "2012-12-31": "2.98360", "2012-09-30": "-6.18630", "2012-06-30": "-2.19330", "2012-03-31": "3.64340", "2011-12-31": "0.26340", "2011-09-30": "0.70490", "2011-06-30": "3.16200", "2011-03-31": "-0.20120", "2010-12-31": "6.53480", "2010-09-30": "-1.43650", "2010-06-30": "1.50910", "2010-03-31": "-1.01940", "2009-12-31": "-5.57880", "2009-09-30": "2.48230", "2009-06-30": "2.56840", "2009-03-31": "-1.82100", "2008-12-31": "-53.67610", "2008-09-30": "-3.35990", "2008-06-30": "-4.36750", "2008-03-31": "-25.07310", "2007-12-31": "14.14900", "2007-09-30": "1.99650", "2007-06-30": "-19.87180", "2007-03-31": "5.90970", "2006-12-31": "3.11140", "2006-09-30": "0.49960", "2006-06-30": "2.82270", "2006-03-31": "-5.21770", "2005-12-31": "-6.70180", "2005-09-30": "-22.72130", "2005-06-30": "1.60150", "2005-03-31": "8.68560"}, "Net Profit Margin": {"2020-09-30": "8.79020", "2020-06-30": "6.19030", "2020-03-31": "3.56600", "2019-12-31": "6.21100", "2019-09-30": "10.53420", "2019-06-30": "7.43910", "2019-03-31": "7.80600", "2018-12-31": "4.73350", "2018-09-30": "97.67800", "2018-06-30": "7.26910", "2018-03-31": "5.29710", "2017-12-31": "51.50450", "2017-09-30": "4.62890", "2017-06-30": "-0.57590", "2017-03-31": "7.81650", "2016-12-31": "9.32270", "2016-09-30": "13.43090", "2016-06-30": "6.91890", "2016-03-31": "6.69580", "2015-12-31": "18.48890", "2015-09-30": "1.63230", "2015-06-30": "8.21090", "2015-03-31": "6.08870", "2014-12-31": "4.92940", "2014-09-30": "4.59660", "2014-06-30": "5.73170", "2014-03-31": "8.85000", "2013-12-31": "6.25520", "2013-09-30": "-0.30260", "2013-06-30": "1.87900", "2013-03-31": "0.35330", "2012-12-31": "4.18940", "2012-09-30": "-4.11150", "2012-06-30": "-0.85050", "2012-03-31": "2.08200", "2011-12-31": "0.64780", "2011-09-30": "-0.64870", "2011-06-30": "1.80990", "2011-03-31": "-0.24190", "2010-12-31": "-3.26150", "2010-09-30": "-0.15130", "2010-06-30": "1.76840", "2010-03-31": "-0.40600", "2009-12-31": "-1.50890", "2009-09-30": "1.62620", "2009-06-30": "1.63170", "2009-03-31": "-1.26440", "2008-12-31": "-43.86040", "2008-09-30": "-3.91370", "2008-06-30": "-2.20600", "2008-03-31": "-22.27840", "2007-12-31": "10.38930", "2007-09-30": "1.15080", "2007-06-30": "-8.84510", "2007-03-31": "2.33770", "2006-12-31": "-0.62780", "2006-09-30": "0.22040", "2006-06-30": "1.05030", "2006-03-31": "-4.37150", "2005-12-31": "-5.16760", "2005-09-30": "-17.67380", "2005-06-30": "0.44710", "2005-03-31": "3.05480"}, "Asset Turnover": {"2020-09-30": "0.09110", "2020-06-30": "0.07930", "2020-03-31": "0.08130", "2019-12-31": "0.08550", "2019-09-30": "0.08530", "2019-06-30": "0.08430", "2019-03-31": "0.07880", "2018-12-31": "0.09270", "2018-09-30": "0.08890", "2018-06-30": "0.10070", "2018-03-31": "0.09260", "2017-12-31": "0.07550", "2017-09-30": "0.07530", "2017-06-30": "0.07800", "2017-03-31": "0.07230", "2016-12-31": "0.07870", "2016-09-30": "0.08850", "2016-06-30": "0.09260", "2016-03-31": "0.09130", "2015-12-31": "0.11300", "2015-09-30": "0.11390", "2015-06-30": "0.09590", "2015-03-31": "0.10930", "2014-12-31": "0.11420", "2014-09-30": "0.11880", "2014-06-30": "0.12170", "2014-03-31": "0.12590", "2013-12-31": "0.12120", "2013-09-30": "0.14820", "2013-06-30": "0.15070", "2013-03-31": "0.14180", "2012-12-31": "0.14640", "2012-09-30": "0.14660", "2012-06-30": "0.14980", "2012-03-31": "0.13900", "2011-12-31": "0.14340", "2011-09-30": "0.14380", "2011-06-30": "0.13100", "2011-03-31": "0.12290", "2010-12-31": "0.06970", "2010-09-30": "0.12370", "2010-06-30": "0.12550", "2010-03-31": "0.17200", "2009-12-31": "0.18110", "2009-09-30": "0.17820", "2009-06-30": "0.17960", "2009-03-31": "0.18610", "2008-12-31": "0.19300", "2008-09-30": "0.23470", "2008-06-30": "0.23080", "2008-03-31": "0.21550", "2007-12-31": "0.22040", "2007-09-30": "0.21180", "2007-06-30": "0.20470", "2007-03-31": "0.19870", "2006-12-31": "0.21270", "2006-09-30": "0.19360", "2006-06-30": "0.05420", "2006-03-31": "0.05720", "2005-12-31": "0.10880", "2005-09-30": "0.08050", "2005-06-30": "0.05190", "2005-03-31": "0.05890"}, "Inventory Turnover Ratio": {"2020-09-30": "35.94810", "2020-06-30": "33.11720", "2020-03-31": "34.66700", "2019-12-31": "45.05190", "2019-09-30": "45.69290", "2019-06-30": "43.75580", "2019-03-31": "41.85830", "2018-12-31": "39.46760", "2018-09-30": "43.38740", "2018-06-30": "44.22330", "2018-03-31": "43.94790", "2017-12-31": "42.58020", "2017-09-30": "47.43390", "2017-06-30": "45.98560", "2017-03-31": "47.10990", "2016-12-31": "54.41180", "2016-09-30": "70.31510", "2016-06-30": "83.28700", "2016-03-31": "59.53310", "2015-12-31": "63.15310", "2015-09-30": "69.34440", "2015-06-30": "54.41580", "2015-03-31": "38.42220", "2014-12-31": "45.63620", "2014-09-30": "40.05360", "2014-06-30": "37.03630", "2014-03-31": "41.42940", "2013-12-31": "36.92820", "2013-09-30": "51.40540", "2013-06-30": "40.40100", "2013-03-31": "37.09180", "2012-12-31": "33.63100", "2012-09-30": "38.93750", "2012-06-30": "39.20470", "2012-03-31": "37.94290", "2011-12-31": "35.21970", "2011-09-30": "36.61660", "2011-06-30": "35.30830", "2011-03-31": "18.98890", "2010-12-31": "9.77790", "2010-09-30": "21.25050", "2010-06-30": "19.74530", "2010-03-31": "29.45280", "2009-12-31": "29.62170", "2009-09-30": "31.10690", "2009-06-30": "28.14980", "2009-03-31": "27.83720", "2008-12-31": "28.28930", "2008-09-30": "21.01080", "2008-06-30": "22.90930", "2008-03-31": "22.19690", "2007-12-31": "26.12040", "2007-09-30": "22.32160", "2007-06-30": "22.04310", "2007-03-31": "23.10690", "2006-12-31": "28.92130", "2006-09-30": "25.01160", "2006-06-30": "23.01980", "2006-03-31": "22.14190", "2005-12-31": "18.10910", "2005-09-30": "18.39520", "2005-06-30": "19.13330", "2005-03-31": "20.39440"}, "Receiveable Turnover": {"2020-09-30": "4.51680", "2020-06-30": "2.99070", "2020-03-31": "4.99960", "2019-12-31": "3.63690", "2019-09-30": "4.16960", "2019-06-30": "4.30680", "2019-03-31": "3.69530", "2018-12-31": "3.62300", "2018-09-30": "3.99960", "2018-06-30": "4.32080", "2018-03-31": "3.46360", "2017-12-31": "2.70340", "2017-09-30": "2.66920", "2017-06-30": "3.00370", "2017-03-31": "3.16440", "2016-12-31": "3.13590", "2016-09-30": "3.31420", "2016-06-30": "3.31920", "2016-03-31": "4.30440", "2015-12-31": "4.42870", "2015-09-30": "6.02800", "2015-06-30": "6.94230", "2015-03-31": "5.91420", "2014-12-31": "6.92790", "2014-09-30": "7.18940", "2014-06-30": "7.02350", "2014-03-31": "8.27950", "2013-12-31": "8.40680", "2013-09-30": "10.23280", "2013-06-30": "9.88520", "2013-03-31": "9.77450", "2012-12-31": "10.29820", "2012-09-30": "9.76910", "2012-06-30": "8.85040", "2012-03-31": "8.23030", "2011-12-31": "8.99820", "2011-09-30": "8.52600", "2011-06-30": "8.77170", "2011-03-31": "6.88310", "2010-12-31": "3.91480", "2010-09-30": "6.78610", "2010-06-30": "6.28650", "2010-03-31": "9.65610", "2009-12-31": "10.23750", "2009-09-30": "10.39740", "2009-06-30": "10.40470", "2009-03-31": "9.20070", "2008-12-31": "9.21800", "2008-09-30": "14.44330", "2008-06-30": "11.22240", "2008-03-31": "10.74070", "2007-12-31": "11.61310", "2007-09-30": "7.16650", "2007-06-30": "7.87390", "2007-03-31": "10.12460", "2006-12-31": "5.53090", "2006-09-30": "6.85560", "2006-06-30": "0.20160", "2006-03-31": "0.22400", "2005-12-31": "1.07600", "2005-09-30": "1.06070", "2005-06-30": "0.40320", "2005-03-31": "0.50980"}, "Days Sales In Receivables": {"2020-09-30": "19.92570", "2020-06-30": "30.09330", "2020-03-31": "18.00160", "2019-12-31": "24.74650", "2019-09-30": "21.58480", "2019-06-30": "20.89700", "2019-03-31": "24.35500", "2018-12-31": "24.84150", "2018-09-30": "22.50240", "2018-06-30": "20.82930", "2018-03-31": "25.98420", "2017-12-31": "33.29090", "2017-09-30": "33.71790", "2017-06-30": "29.96300", "2017-03-31": "28.44160", "2016-12-31": "28.70030", "2016-09-30": "27.15610", "2016-06-30": "27.11490", "2016-03-31": "20.90860", "2015-12-31": "20.32210", "2015-09-30": "14.93020", "2015-06-30": "12.96410", "2015-03-31": "15.21760", "2014-12-31": "12.99100", "2014-09-30": "12.51850", "2014-06-30": "12.81410", "2014-03-31": "10.87030", "2013-12-31": "10.70560", "2013-09-30": "8.79520", "2013-06-30": "9.10450", "2013-03-31": "9.20760", "2012-12-31": "8.73940", "2012-09-30": "9.21280", "2012-06-30": "10.16900", "2012-03-31": "10.93530", "2011-12-31": "10.00200", "2011-09-30": "10.55600", "2011-06-30": "10.26020", "2011-03-31": "13.07560", "2010-12-31": "22.98990", "2010-09-30": "13.26250", "2010-06-30": "14.31640", "2010-03-31": "9.32050", "2009-12-31": "8.79120", "2009-09-30": "8.65600", "2009-06-30": "8.65000", "2009-03-31": "9.78180", "2008-12-31": "9.76350", "2008-09-30": "6.23130", "2008-06-30": "8.01970", "2008-03-31": "8.37940", "2007-12-31": "7.74990", "2007-09-30": "12.55840", "2007-06-30": "11.43020", "2007-03-31": "8.88930", "2006-12-31": "16.27210", "2006-09-30": "13.12800", "2006-06-30": "446.53620", "2006-03-31": "401.82690", "2005-12-31": "83.64410", "2005-09-30": "84.85030", "2005-06-30": "223.23360", "2005-03-31": "176.55080"}, "ROE - Return On Equity": {"2020-09-30": "7.62230", "2020-06-30": "5.14560", "2020-03-31": "3.20150", "2019-12-31": "5.13850", "2019-09-30": "7.10090", "2019-06-30": "4.99750", "2019-03-31": "4.97800", "2018-12-31": "2.90400", "2018-09-30": "49.94770", "2018-06-30": "6.93920", "2018-03-31": "4.35400", "2017-12-31": "27.78700", "2017-09-30": "3.08200", "2017-06-30": "-0.37880", "2017-03-31": "4.25670", "2016-12-31": "5.47450", "2016-09-30": "7.20480", "2016-06-30": "3.82020", "2016-03-31": "3.45740", "2015-12-31": "11.77840", "2015-09-30": "1.17980", "2015-06-30": "1.42800", "2015-03-31": "1.05780", "2014-12-31": "1.26110", "2014-09-30": "1.22250", "2014-06-30": "1.56660", "2014-03-31": "2.68710", "2013-12-31": "1.84310", "2013-09-30": "-0.11250", "2013-06-30": "0.61120", "2013-03-31": "0.10820", "2012-12-31": "1.27950", "2012-09-30": "-1.35370", "2012-06-30": "-0.27550", "2012-03-31": "0.73400", "2011-12-31": "0.21490", "2011-09-30": "0.12740", "2011-06-30": "0.53460", "2011-03-31": "-0.01370", "2010-12-31": "0.77780", "2010-09-30": "-0.03480", "2010-06-30": "0.25100", "2010-03-31": "-0.15040", "2009-12-31": "-0.63000", "2009-09-30": "0.59450", "2009-06-30": "0.62000", "2009-03-31": "-0.46000", "2008-12-31": "-16.53980", "2008-09-30": "-3.99900", "2008-06-30": "-1.97470", "2008-03-31": "-18.55710", "2007-12-31": "7.16640", "2007-09-30": "0.87070", "2007-06-30": "-6.43910", "2007-03-31": "1.54920", "2006-12-31": "-0.47450", "2006-09-30": "0.14750", "2006-06-30": "0.63030", "2006-03-31": "-2.34460", "2005-12-31": "-4.70310", "2005-09-30": "-10.46380", "2005-06-30": "-0.01730", "2005-03-31": "0.88640"}, "Return On Tangible Equity": {"2020-09-30": "-2.72750", "2020-06-30": "-1.66120", "2020-03-31": "-0.93900", "2019-12-31": "-1.78460", "2019-09-30": "-3.39740", "2019-06-30": "-2.37230", "2019-03-31": "-2.31300", "2018-12-31": "-1.35130", "2018-09-30": "-30.81760", "2018-06-30": "-1.85250", "2018-03-31": "-1.26720", "2017-12-31": "-10.67740", "2017-09-30": "-0.88390", "2017-06-30": "0.11570", "2017-03-31": "-1.45890", "2016-12-31": "-1.88070", "2016-09-30": "-3.51780", "2016-06-30": "-1.92260", "2016-03-31": "-1.85480", "2015-12-31": "-6.53290", "2015-09-30": "-0.58890", "2015-06-30": "-5.95620", "2015-03-31": "-4.04770", "2014-12-31": "-4.74720", "2014-09-30": "-4.96360", "2014-06-30": "-6.40630", "2014-03-31": "-10.32640", "2013-12-31": "-16.25040", "2013-09-30": "0.87610", "2013-06-30": "-5.72430", "2013-03-31": "-1.07970", "2012-12-31": "-13.24190", "2012-09-30": "12.14800", "2012-06-30": "2.83490", "2012-03-31": "-8.97480", "2011-12-31": "-2.40130", "2011-09-30": "-1.41690", "2011-06-30": "-18.00080", "2011-03-31": "0.40880", "2010-12-31": "-21.28680", "2010-09-30": "1.00800", "2010-06-30": "-6.12130", "2010-03-31": "71.22020", "2009-12-31": "-23.57260", "2009-09-30": "11.63110", "2009-06-30": "11.49970", "2009-03-31": "-10.21810", "2008-12-31": "-333.52450", "2008-09-30": "7.00640", "2008-06-30": "3.89650", "2008-03-31": "40.75100", "2007-12-31": "-49.32080", "2007-09-30": "-2.29630", "2007-06-30": "17.86350", "2007-03-31": "-5.69850", "2006-12-31": "1.98570", "2006-09-30": "-1.15910", "2006-06-30": "-4.67670", "2006-03-31": "25.12280", "2005-12-31": "9.37450", "2005-09-30": "18.41100", "2005-06-30": "-0.02860", "2005-03-31": "1.45620"}, "ROA - Return On Assets": {"2020-09-30": "0.80100", "2020-06-30": "0.49120", "2020-03-31": "0.28990", "2019-12-31": "0.53120", "2019-09-30": "0.89810", "2019-06-30": "0.62720", "2019-03-31": "0.61500", "2018-12-31": "0.43870", "2018-09-30": "8.68010", "2018-06-30": "0.73220", "2018-03-31": "0.49050", "2017-12-31": "3.88770", "2017-09-30": "0.34860", "2017-06-30": "-0.04490", "2017-03-31": "0.56530", "2016-12-31": "0.73340", "2016-09-30": "1.18830", "2016-06-30": "0.64040", "2016-03-31": "0.61110", "2015-12-31": "2.15840", "2015-09-30": "0.20400", "2015-06-30": "0.48610", "2015-03-31": "0.43910", "2014-12-31": "0.52350", "2014-09-30": "0.50560", "2014-06-30": "0.65740", "2014-03-31": "1.11460", "2013-12-31": "0.81510", "2013-09-30": "-0.05000", "2013-06-30": "0.27800", "2013-03-31": "0.05010", "2012-12-31": "0.59050", "2012-09-30": "-0.61500", "2012-06-30": "-0.12740", "2012-03-31": "0.34540", "2011-12-31": "0.10000", "2011-09-30": "0.05980", "2011-06-30": "0.23940", "2011-03-31": "-0.00620", "2010-12-31": "0.35550", "2010-09-30": "-0.01560", "2010-06-30": "0.11240", "2010-03-31": "-0.06980", "2009-12-31": "-0.29580", "2009-09-30": "0.28150", "2009-06-30": "0.29300", "2009-03-31": "-0.23530", "2008-12-31": "-8.48580", "2008-09-30": "-1.01090", "2008-06-30": "-0.50920", "2008-03-31": "-4.80080", "2007-12-31": "2.21150", "2007-09-30": "0.24380", "2007-06-30": "-1.81050", "2007-03-31": "0.47440", "2006-12-31": "-0.14530", "2006-09-30": "0.04870", "2006-06-30": "0.05940", "2006-03-31": "-0.24870", "2005-12-31": "-0.66220", "2005-09-30": "-1.42320", "2005-06-30": "-0.00290", "2005-03-31": "0.17990"}, "ROI - Return On Investment": {"2020-09-30": "1.22450", "2020-06-30": "0.77530", "2020-03-31": "0.45350", "2019-12-31": "0.81520", "2019-09-30": "1.35980", "2019-06-30": "0.95580", "2019-03-31": "0.93780", "2018-12-31": "0.55370", "2018-09-30": "11.04260", "2018-06-30": "0.93300", "2018-03-31": "0.62220", "2017-12-31": "4.83030", "2017-09-30": "0.45130", "2017-06-30": "-0.05790", "2017-03-31": "0.73190", "2016-12-31": "0.95810", "2016-09-30": "1.54200", "2016-06-30": "0.83310", "2016-03-31": "0.78960", "2015-12-31": "2.81020", "2015-09-30": "0.26980", "2015-06-30": "0.60280", "2015-03-31": "0.58390", "2014-12-31": "0.69820", "2014-09-30": "0.67350", "2014-06-30": "0.86460", "2014-03-31": "1.47140", "2013-12-31": "1.06000", "2013-09-30": "-0.06440", "2013-06-30": "0.37670", "2013-03-31": "0.06250", "2012-12-31": "0.74070", "2012-09-30": "-0.78070", "2012-06-30": "-0.16260", "2012-03-31": "0.43960", "2011-12-31": "0.12820", "2011-09-30": "0.07600", "2011-06-30": "0.32740", "2011-03-31": "-0.00800", "2010-12-31": "0.45270", "2010-09-30": "-0.02030", "2010-06-30": "0.14610", "2010-03-31": "-0.09040", "2009-12-31": "-0.38360", "2009-09-30": "0.36510", "2009-06-30": "0.38140", "2009-03-31": "-0.31630", "2008-12-31": "-11.37840", "2008-09-30": "-1.33600", "2008-06-30": "-0.63960", "2008-03-31": "-6.17970", "2007-12-31": "2.77210", "2007-09-30": "0.32480", "2007-06-30": "-2.43990", "2007-03-31": "0.61520", "2006-12-31": "-0.19220", "2006-09-30": "0.06380", "2006-06-30": "0.27400", "2006-03-31": "-0.99520", "2005-12-31": "-1.44210", "2005-09-30": "-3.06210", "2005-06-30": "-0.00690", "2005-03-31": "0.36260"}, "Book Value Per Share": {"2020-09-30": "2.32740", "2020-06-30": "2.16310", "2020-03-31": "2.02670", "2019-12-31": "2.29610", "2019-09-30": "2.81980", "2019-06-30": "2.80430", "2019-03-31": "2.77420", "2018-12-31": "2.80430", "2018-09-30": "3.28690", "2018-06-30": "1.80840", "2018-03-31": "1.92760", "2017-12-31": "2.38330", "2017-09-30": "1.90710", "2017-06-30": "1.99350", "2017-03-31": "2.13180", "2016-12-31": "2.14030", "2016-09-30": "2.62110", "2016-06-30": "2.63250", "2016-03-31": "2.73320", "2015-12-31": "2.76490", "2015-09-30": "2.58090", "2015-06-30": "4.77470", "2015-03-31": "4.69720", "2014-12-31": "4.69530", "2014-09-30": "4.72400", "2014-06-30": "4.75360", "2014-03-31": "4.69920", "2013-12-31": "5.26950", "2013-09-30": "4.90670", "2013-06-30": "4.98720", "2013-03-31": "5.01410", "2012-12-31": "4.22140", "2012-09-30": "5.04330", "2012-06-30": "5.10210", "2012-03-31": "5.14310", "2011-12-31": "4.24310", "2011-09-30": "5.13270", "2011-06-30": "5.37040", "2011-03-31": "5.17180", "2010-12-31": "4.59840", "2010-09-30": "5.19780", "2010-06-30": "5.18430", "2010-03-31": "5.25710", "2009-12-31": "4.96650", "2009-09-30": "5.18250", "2009-06-30": "5.10010", "2009-03-31": "5.05700", "2008-12-31": "5.06660", "2008-09-30": "0.71150", "2008-06-30": "3.75860", "2008-03-31": "3.91770", "2007-12-31": "4.79690", "2007-09-30": "4.61920", "2007-06-30": "4.69160", "2007-03-31": "5.06400", "2006-12-31": "5.12640", "2006-09-30": "5.97980", "2006-06-30": "6.04490", "2006-03-31": "6.14710", "2005-12-31": "4.46210", "2005-09-30": "5.31120", "2005-06-30": "3.93290", "2005-03-31": "4.54040"}, "Operating Cash Flow Per Share": {"2020-09-30": 0.7667, "2020-06-30": 0.2194, "2020-03-31": "-0.08490", "2019-12-31": 0.2215, "2019-09-30": 0.3551, "2019-06-30": 0.3896, "2019-03-31": "0.26290", "2018-12-31": -0.0229, "2018-09-30": 0.3353, "2018-06-30": 0.3264, "2018-03-31": "0.27660", "2017-12-31": 0.3097, "2017-09-30": 0.2056, "2017-06-30": 0.2655, "2017-03-31": "0.16570", "2016-12-31": 0.2082, "2016-09-30": 0.127, "2016-06-30": 0.2066, "2016-03-31": "0.18490", "2015-12-31": 0.435, "2015-09-30": 0.2562, "2015-06-30": 0.085, "2015-03-31": "0.05830", "2014-12-31": 0.1867, "2014-09-30": 0.2729, "2014-06-30": 0.1798, "2014-03-31": "0.03790", "2013-12-31": 0.1836, "2013-09-30": 0.2834, "2013-06-30": 0.2779, "2013-03-31": "0.08240", "2012-12-31": 0.1664, "2012-09-30": 0.1435, "2012-06-30": 0.2143, "2012-03-31": "-0.03860", "2011-12-31": 0.1482, "2011-09-30": 0.1414, "2011-06-30": 0.1886, "2011-03-31": "0.12770", "2010-12-31": 0.1289, "2010-09-30": 0.1609, "2010-06-30": 0.1603, "2010-03-31": "0.07950", "2009-12-31": 0.1054, "2009-09-30": 0.2263, "2009-06-30": 0.1866, "2009-03-31": "0.12410", "2008-12-31": -0.0617, "2008-09-30": 0.2102, "2008-06-30": 0.065, "2008-03-31": "0.18300", "2007-12-31": -0.2072, "2007-09-30": 0.1319, "2007-06-30": 0.3277, "2007-03-31": "-0.02930", "2006-12-31": 0.1812, "2006-09-30": 12.4567, "2006-06-30": 2.9604, "2006-03-31": "-8.64970", "2005-12-31": -1.4365, "2005-09-30": -0.8547, "2005-06-30": -0.7406, "2005-03-31": "-5.34080"}, "Free Cash Flow Per Share": {"2020-09-30": 0.6995, "2020-06-30": 0.1454, "2020-03-31": "-0.14030", "2019-12-31": 0.0787, "2019-09-30": 0.2891, "2019-06-30": 0.3292, "2019-03-31": "0.21540", "2018-12-31": -0.1458, "2018-09-30": 0.2628, "2018-06-30": 0.2792, "2018-03-31": "0.23400", "2017-12-31": 0.1991, "2017-09-30": -0.1947, "2017-06-30": 0.5108, "2017-03-31": "0.10740", "2016-12-31": 0.0563, "2016-09-30": -0.0301, "2016-06-30": 0.0945, "2016-03-31": "0.04350", "2015-12-31": 0.278, "2015-09-30": 0.027, "2015-06-30": 0.1085, "2015-03-31": "-0.10590", "2014-12-31": 0.354, "2014-09-30": 0.0489, "2014-06-30": 0.0084, "2014-03-31": "-0.09840", "2013-12-31": 0.3284, "2013-09-30": 0.1557, "2013-06-30": 0.1681, "2013-03-31": "-0.01330", "2012-12-31": 0.0396, "2012-09-30": 0.0356, "2012-06-30": 0.1185, "2012-03-31": "-0.15840", "2011-12-31": 0.0076, "2011-09-30": 0.3066, "2011-06-30": 0.1294, "2011-03-31": "0.05950", "2010-12-31": 0.012, "2010-09-30": 0.0587, "2010-06-30": 0.1075, "2010-03-31": "0.01830", "2009-12-31": 0.0268, "2009-09-30": 0.1754, "2009-06-30": 0.1413, "2009-03-31": "0.10080", "2008-12-31": -0.008, "2008-09-30": 0.0231, "2008-06-30": -0.1896, "2008-03-31": "0.00180", "2007-12-31": -0.3859, "2007-09-30": -0.0729, "2007-06-30": 0.1338, "2007-03-31": "-0.20530", "2006-12-31": -0.1539, "2006-09-30": 12.271, "2006-06-30": 2.7736, "2006-03-31": "-8.77510", "2005-12-31": -1.7145, "2005-09-30": -0.9847, "2005-06-30": -0.7654, "2005-03-31": "-5.36370"}}, "revenue": {"Wendy's Annual Revenue (Millions of US $)": {"2019": "$1,709", "2018": "$1,590", "2017": "$1,223", "2016": "$1,435", "2015": "$1,870", "2014": "$1,999", "2013": "$2,424", "2012": "$2,505", "2011": "$2,431", "2010": "$2,375", "2009": "$2,437", "2008": "$1,823", "2007": "$1,264", "2006": "$1,243", "2005": "$727"}, "Wendy's Quarterly Revenue (Millions of US $)": {"2020-09-30": "$452", "2020-06-30": "$402", "2020-03-31": "$405", "2019-12-31": "$427", "2019-09-30": "$438", "2019-06-30": "$435", "2019-03-31": "$409", "2018-12-31": "$398", "2018-09-30": "$401", "2018-06-30": "$411", "2018-03-31": "$381", "2017-12-31": "$309", "2017-09-30": "$308", "2017-06-30": "$320", "2017-03-31": "$286", "2016-12-31": "$310", "2016-09-30": "$364", "2016-06-30": "$383", "2016-03-31": "$379", "2015-12-31": "$464", "2015-09-30": "$465", "2015-06-30": "$490", "2015-03-31": "$452", "2014-12-31": "$473", "2014-09-30": "$497", "2014-06-30": "$506", "2014-03-31": "$523", "2013-12-31": "$529", "2013-09-30": "$641", "2013-06-30": "$651", "2013-03-31": "$604", "2012-12-31": "$630", "2012-09-30": "$636", "2012-06-30": "$646", "2012-03-31": "$593", "2011-12-31": "$615", "2011-09-30": "$611", "2011-06-30": "$622", "2011-03-31": "$582", "2010-12-31": "$330", "2010-09-30": "$601", "2010-06-30": "$607", "2010-03-31": "$837", "2009-12-31": "$901", "2009-09-30": "$903", "2009-06-30": "$913", "2009-03-31": "$864", "2008-12-31": "$897", "2008-09-30": "$310", "2008-06-30": "$313", "2008-03-31": "$303", "2007-12-31": "$321", "2007-09-30": "$324", "2007-06-30": "$317", "2007-03-31": "$302", "2006-12-31": "$332", "2006-09-30": "$312", "2006-06-30": "$308", "2006-03-31": "$292", "2005-12-31": "$306", "2005-09-30": "$240", "2005-06-30": "$94", "2005-03-31": "$88"}}, "gross-profit": {"Wendy's Annual Gross Profit (Millions of US $)": {"2019": "$1,068", "2018": "$1,016", "2017": "$689", "2016": "$676", "2015": "$686", "2014": "$643", "2013": "$643", "2012": "$624", "2011": "$615", "2010": "$618", "2009": "$625", "2008": "$407", "2007": "$344", "2006": "$351", "2005": "$285"}, "Wendy's Quarterly Gross Profit (Millions of US $)": {"2020-09-30": "$287", "2020-06-30": "$256", "2020-03-31": "$247", "2019-12-31": "$252", "2019-09-30": "$276", "2019-06-30": "$280", "2019-03-31": "$260", "2018-12-31": "$252", "2018-09-30": "$256", "2018-06-30": "$266", "2018-03-31": "$242", "2017-12-31": "$175", "2017-09-30": "$171", "2017-06-30": "$186", "2017-03-31": "$158", "2016-12-31": "$155", "2016-09-30": "$177", "2016-06-30": "$180", "2016-03-31": "$164", "2015-12-31": "$192", "2015-09-30": "$173", "2015-06-30": "$174", "2015-03-31": "$147", "2014-12-31": "$159", "2014-09-30": "$164", "2014-06-30": "$171", "2014-03-31": "$149", "2013-12-31": "$151", "2013-09-30": "$172", "2013-06-30": "$177", "2013-03-31": "$143", "2012-12-31": "$166", "2012-09-30": "$158", "2012-06-30": "$163", "2012-03-31": "$138", "2011-12-31": "$161", "2011-09-30": "$153", "2011-06-30": "$158", "2011-03-31": "$144", "2010-12-31": "$108", "2010-09-30": "$149", "2010-06-30": "$165", "2010-03-31": "$196", "2009-12-31": "$219", "2009-09-30": "$219", "2009-06-30": "$226", "2009-03-31": "$188", "2008-12-31": "$199", "2008-09-30": "$70", "2008-06-30": "$68", "2008-03-31": "$69", "2007-12-31": "$32", "2007-09-30": "$107", "2007-06-30": "$106", "2007-03-31": "$100", "2006-12-31": "$42", "2006-09-30": "$107", "2006-06-30": "$108", "2006-03-31": "$94", "2005-12-31": "$105", "2005-09-30": "$88", "2005-06-30": "$48", "2005-03-31": "$44"}}, "operating-income": {"Wendy's Annual Operating Income (Millions of US $)": {"2019": "$263", "2018": "$250", "2017": "$215", "2016": "$315", "2015": "$274", "2014": "$243", "2013": "$139", "2012": "$123", "2011": "$137", "2010": "$150", "2009": "$98", "2008": "$-414", "2007": "$20", "2006": "$45", "2005": "$-31"}, "Wendy's Quarterly Operating Income (Millions of US $)": {"2020-09-30": "$81", "2020-06-30": "$61", "2020-03-31": "$49", "2019-12-31": "$37", "2019-09-30": "$79", "2019-06-30": "$81", "2019-03-31": "$66", "2018-12-31": "$46", "2018-09-30": "$77", "2018-06-30": "$71", "2018-03-31": "$55", "2017-12-31": "$67", "2017-09-30": "$62", "2017-06-30": "$26", "2017-03-31": "$61", "2016-12-31": "$79", "2016-09-30": "$106", "2016-06-30": "$66", "2016-03-31": "$64", "2015-12-31": "$116", "2015-09-30": "$56", "2015-06-30": "$64", "2015-03-31": "$38", "2014-12-31": "$48", "2014-09-30": "$44", "2014-06-30": "$61", "2014-03-31": "$89", "2013-12-31": "$33", "2013-09-30": "$27", "2013-06-30": "$57", "2013-03-31": "$22", "2012-12-31": "$32", "2012-09-30": "$31", "2012-06-30": "$38", "2012-03-31": "$21", "2011-12-31": "$29", "2011-09-30": "$32", "2011-06-30": "$47", "2011-03-31": "$28", "2010-12-31": "$45", "2010-09-30": "$20", "2010-06-30": "$59", "2010-03-31": "$26", "2009-12-31": "$-15", "2009-09-30": "$57", "2009-06-30": "$57", "2009-03-31": "$14", "2008-12-31": "$-434", "2008-09-30": "$4", "2008-06-30": "$8", "2008-03-31": "$8", "2007-12-31": "$58", "2007-09-30": "$22", "2007-06-30": "$-68", "2007-03-31": "$8", "2006-12-31": "$19", "2006-09-30": "$13", "2006-06-30": "$13", "2006-03-31": "$-0", "2005-12-31": "$-23", "2005-09-30": "$-11", "2005-06-30": "$3", "2005-03-31": "$0"}}, "ebitda": {"Wendy's Annual EBITDA (Millions of US $)": {"2019": "$394", "2018": "$379", "2017": "$340", "2016": "$439", "2015": "$428", "2014": "$402", "2013": "$340", "2012": "$281", "2011": "$289", "2010": "$333", "2009": "$288", "2008": "$135", "2007": "$86", "2006": "$105", "2005": "$8"}, "Wendy's Quarterly EBITDA (Millions of US $)": {"2020-09-30": "$114", "2020-06-30": "$95", "2020-03-31": "$80", "2019-12-31": "$70", "2019-09-30": "$112", "2019-06-30": "$112", "2019-03-31": "$99", "2018-12-31": "$80", "2018-09-30": "$106", "2018-06-30": "$105", "2018-03-31": "$87", "2017-12-31": "$101", "2017-09-30": "$93", "2017-06-30": "$55", "2017-03-31": "$92", "2016-12-31": "$104", "2016-09-30": "$137", "2016-06-30": "$99", "2016-03-31": "$99", "2015-12-31": "$151", "2015-09-30": "$94", "2015-06-30": "$107", "2015-03-31": "$75", "2014-12-31": "$90", "2014-09-30": "$79", "2014-06-30": "$101", "2014-03-31": "$132", "2013-12-31": "$94", "2013-09-30": "$73", "2013-06-30": "$97", "2013-03-31": "$76", "2012-12-31": "$75", "2012-09-30": "$74", "2012-06-30": "$76", "2012-03-31": "$55", "2011-12-31": "$63", "2011-09-30": "$65", "2011-06-30": "$90", "2011-03-31": "$71", "2010-12-31": "$90", "2010-09-30": "$66", "2010-06-30": "$102", "2010-03-31": "$74", "2009-12-31": "$32", "2009-09-30": "$104", "2009-06-30": "$96", "2009-03-31": "$71", "2008-12-31": "$59", "2008-09-30": "$28", "2008-06-30": "$19", "2008-03-31": "$30", "2007-12-31": "$70", "2007-09-30": "$41", "2007-06-30": "$-50", "2007-03-31": "$25", "2006-12-31": "$33", "2006-09-30": "$30", "2006-06-30": "$29", "2006-03-31": "$14", "2005-12-31": "$-7", "2005-09-30": "$-0", "2005-06-30": "$9", "2005-03-31": "$7"}}, "net-income": {"Wendy's Annual Net Income (Millions of US $)": {"2019": "$137", "2018": "$460", "2017": "$194", "2016": "$130", "2015": "$161", "2014": "$121", "2013": "$45", "2012": "$7", "2011": "$10", "2010": "$-4", "2009": "$5", "2008": "$-480", "2007": "$16", "2006": "$-11", "2005": "$-55"}, "Wendy's Quarterly Net Income (Millions of US $)": {"2020-09-30": "$40", "2020-06-30": "$25", "2020-03-31": "$14", "2019-12-31": "$27", "2019-09-30": "$46", "2019-06-30": "$32", "2019-03-31": "$32", "2018-12-31": "$19", "2018-09-30": "$391", "2018-06-30": "$30", "2018-03-31": "$20", "2017-12-31": "$159", "2017-09-30": "$14", "2017-06-30": "$-2", "2017-03-31": "$22", "2016-12-31": "$29", "2016-09-30": "$49", "2016-06-30": "$26", "2016-03-31": "$25", "2015-12-31": "$86", "2015-09-30": "$8", "2015-06-30": "$40", "2015-03-31": "$28", "2014-12-31": "$23", "2014-09-30": "$23", "2014-06-30": "$29", "2014-03-31": "$46", "2013-12-31": "$33", "2013-09-30": "$-2", "2013-06-30": "$12", "2013-03-31": "$2", "2012-12-31": "$26", "2012-09-30": "$-26", "2012-06-30": "$-5", "2012-03-31": "$12", "2011-12-31": "$4", "2011-09-30": "$-4", "2011-06-30": "$11", "2011-03-31": "$-1", "2010-12-31": "$-11", "2010-09-30": "$-1", "2010-06-30": "$11", "2010-03-31": "$-3", "2009-12-31": "$-14", "2009-09-30": "$15", "2009-06-30": "$15", "2009-03-31": "$-11", "2008-12-31": "$-393", "2008-09-30": "$-12", "2008-06-30": "$-7", "2008-03-31": "$-67", "2007-12-31": "$33", "2007-09-30": "$4", "2007-06-30": "$-28", "2007-03-31": "$7", "2006-12-31": "$-2", "2006-09-30": "$1", "2006-06-30": "$3", "2006-03-31": "$-13", "2005-12-31": "$-16", "2005-09-30": "$-42", "2005-06-30": "$0", "2005-03-31": "$3"}}, "eps-earnings-per-share-diluted": {"Wendy's Annual EPS": {"2019": "$0.58", "2018": "$1.88", "2017": "$0.77", "2016": "$0.49", "2015": "$0.49", "2014": "$0.32", "2013": "$0.11", "2012": "$0.02", "2011": "$0.02", "2010": "$-0.01", "2009": "$0.01", "2008": "$-2.58", "2007": "$0.17", "2006": "$-0.13", "2005": "$-0.79"}, "Wendy's Quarterly EPS": {"2020-09-30": "$0.17", "2020-06-30": "$0.11", "2020-03-31": "$0.06", "2019-12-31": "$0.10", "2019-09-30": "$0.20", "2019-06-30": "$0.14", "2019-03-31": "$0.14", "2018-12-31": "$0.08", "2018-09-30": "$1.60", "2018-06-30": "$0.12", "2018-03-31": "$0.08", "2017-12-31": "$0.63", "2017-09-30": "$0.06", "2017-06-30": "$-0.01", "2017-03-31": "$0.09", "2016-12-31": "$0.12", "2016-09-30": "$0.18", "2016-06-30": "$0.10", "2016-03-31": "$0.09", "2015-12-31": "$0.28", "2015-09-30": "$0.03", "2015-06-30": "$0.11", "2015-03-31": "$0.07", "2014-12-31": "$0.06", "2014-09-30": "$0.06", "2014-06-30": "$0.08", "2014-03-31": "$0.12", "2013-12-31": "$0.08", "2013-09-30": "$-0.01", "2013-06-30": "$0.03", "2013-03-31": "$0.01", "2012-12-31": "$0.07", "2012-09-30": "$-0.07", "2012-06-30": "$-0.01", "2012-03-31": "$0.03", "2011-12-31": "$0.00", "2011-09-30": "$-0.01", "2011-06-30": "$0.03", "2011-03-31": "$0.00", "2010-12-31": "$-0.03", "2010-09-30": "$0.00", "2010-06-30": "$0.03", "2010-03-31": "$-0.01", "2009-12-31": "$-0.03", "2009-09-30": "$0.03", "2009-06-30": "$0.03", "2009-03-31": "$-0.02", "2008-12-31": "$-1.65", "2008-09-30": "$-0.13", "2008-06-30": "$-0.08", "2008-03-31": "$-0.73", "2007-12-31": "$0.36", "2007-09-30": "$0.04", "2007-06-30": "$-0.30", "2007-03-31": "$0.08", "2006-12-31": "$-0.01", "2006-09-30": "$0.01", "2006-06-30": "$0.04", "2006-03-31": "$-0.16", "2005-12-31": "$-0.25", "2005-09-30": "$-0.58", "2005-06-30": "$0.01", "2005-03-31": "$0.04"}}, "shares-outstanding": {"Wendy's Annual Shares Outstanding (Millions of Shares)": {"2019": "235", "2018": "245", "2017": "252", "2016": "267", "2015": "329", "2014": "376", "2013": "399", "2012": "392", "2011": "407", "2010": "427", "2009": "467", "2008": "186", "2007": "93", "2006": "87", "2005": "70"}, "Wendy's Quarterly Shares Outstanding (Millions of Shares)": {"2020-09-30": "228", "2020-06-30": "227", "2020-03-31": "228", "2019-12-31": "235", "2019-09-30": "236", "2019-06-30": "236", "2019-03-31": "236", "2018-12-31": "245", "2018-09-30": "245", "2018-06-30": "246", "2018-03-31": "248", "2017-12-31": "252", "2017-09-30": "252", "2017-06-30": "245", "2017-03-31": "254", "2016-12-31": "267", "2016-09-30": "265", "2016-06-30": "270", "2016-03-31": "275", "2015-12-31": "329", "2015-09-30": "297", "2015-06-30": "371", "2015-03-31": "373", "2014-12-31": "376", "2014-09-30": "372", "2014-06-30": "372", "2014-03-31": "389", "2013-12-31": "399", "2013-09-30": "393", "2013-06-30": "398", "2013-03-31": "396", "2012-12-31": "392", "2012-09-30": "390", "2012-06-30": "390", "2012-03-31": "392", "2011-12-31": "407", "2011-09-30": "398", "2011-06-30": "419", "2011-03-31": "419", "2010-12-31": "427", "2010-09-30": "418", "2010-06-30": "427", "2010-03-31": "443", "2009-12-31": "459", "2009-09-30": "468", "2009-06-30": "471", "2009-03-31": "469", "2008-12-31": "186", "2008-09-30": "93", "2008-06-30": "93", "2008-03-31": "93", "2007-12-31": "93", "2007-09-30": "93", "2007-06-30": "92", "2007-03-31": "94", "2006-12-31": "87", "2006-09-30": "92", "2006-06-30": "91", "2006-03-31": "82", "2005-12-31": "70", "2005-09-30": "73", "2005-06-30": "66", "2005-03-31": "69"}}, "total-assets": {"Wendy's Annual Total Assets (Millions of US $)": {"2019": "$4,995", "2018": "$4,292", "2017": "$4,097", "2016": "$3,939", "2015": "$4,109", "2014": "$4,138", "2013": "$4,363", "2012": "$4,303", "2011": "$4,289", "2010": "$4,733", "2009": "$4,975", "2008": "$4,646", "2007": "$1,455", "2006": "$1,560", "2005": "$2,809"}, "Wendy's Quarterly Total Assets (Millions of US $)": {"2020-09-30": "$4,963", "2020-06-30": "$5,070", "2020-03-31": "$4,982", "2019-12-31": "$4,995", "2019-09-30": "$5,136", "2019-06-30": "$5,164", "2019-03-31": "$5,186", "2018-12-31": "$4,292", "2018-09-30": "$4,507", "2018-06-30": "$4,080", "2018-03-31": "$4,110", "2017-12-31": "$4,097", "2017-09-30": "$4,090", "2017-06-30": "$4,109", "2017-03-31": "$3,952", "2016-12-31": "$3,939", "2016-09-30": "$4,114", "2016-06-30": "$4,135", "2016-03-31": "$4,150", "2015-12-31": "$4,109", "2015-09-30": "$4,081", "2015-06-30": "$5,107", "2015-03-31": "$4,134", "2014-12-31": "$4,138", "2014-09-30": "$4,179", "2014-06-30": "$4,157", "2014-03-31": "$4,154", "2013-12-31": "$4,363", "2013-09-30": "$4,324", "2013-06-30": "$4,317", "2013-03-31": "$4,257", "2012-12-31": "$4,303", "2012-09-30": "$4,340", "2012-06-30": "$4,310", "2012-03-31": "$4,266", "2011-12-31": "$4,289", "2011-09-30": "$4,253", "2011-06-30": "$4,752", "2011-03-31": "$4,741", "2010-12-31": "$4,733", "2010-09-30": "$4,855", "2010-06-30": "$4,840", "2010-03-31": "$4,868", "2009-12-31": "$4,975", "2009-09-30": "$5,068", "2009-06-30": "$5,082", "2009-03-31": "$4,643", "2008-12-31": "$4,646", "2008-09-30": "$1,322", "2008-06-30": "$1,356", "2008-03-31": "$1,405", "2007-12-31": "$1,455", "2007-09-30": "$1,530", "2007-06-30": "$1,548", "2007-03-31": "$1,520", "2006-12-31": "$1,560", "2006-09-30": "$1,609", "2006-06-30": "$5,674", "2006-03-31": "$5,103", "2005-12-31": "$2,809", "2005-09-30": "$2,985", "2005-06-30": "$1,805", "2005-03-31": "$1,489"}}, "cash-on-hand": {"Wendy's Annual Cash on Hand (Millions of US $)": {"2019": "$335", "2018": "$461", "2017": "$204", "2016": "$256", "2015": "$370", "2014": "$267", "2013": "$580", "2012": "$453", "2011": "$475", "2010": "$513", "2009": "$592", "2008": "$111", "2007": "$78", "2006": "$279", "2005": "$1,318"}, "Wendy's Quarterly Cash on Hand (Millions of US $)": {"2020-09-30": "$352", "2020-06-30": "$369", "2020-03-31": "$348", "2019-12-31": "$335", "2019-09-30": "$468", "2019-06-30": "$456", "2019-03-31": "$444", "2018-12-31": "$461", "2018-09-30": "$665", "2018-06-30": "$225", "2018-03-31": "$218", "2017-12-31": "$204", "2017-09-30": "$221", "2017-06-30": "$244", "2017-03-31": "$243", "2016-12-31": "$256", "2016-09-30": "$350", "2016-06-30": "$302", "2016-03-31": "$355", "2015-12-31": "$370", "2015-09-30": "$176", "2015-06-30": "$1,198", "2015-03-31": "$203", "2014-12-31": "$267", "2014-09-30": "$342", "2014-06-30": "$372", "2014-03-31": "$385", "2013-12-31": "$580", "2013-09-30": "$513", "2013-06-30": "$489", "2013-03-31": "$429", "2012-12-31": "$453", "2012-09-30": "$454", "2012-06-30": "$435", "2012-03-31": "$418", "2011-12-31": "$475", "2011-09-30": "$489", "2011-06-30": "$492", "2011-03-31": "$500", "2010-12-31": "$513", "2010-09-30": "$521", "2010-06-30": "$508", "2010-03-31": "$507", "2009-12-31": "$592", "2009-09-30": "$646", "2009-06-30": "$618", "2009-03-31": "$137", "2008-12-31": "$111", "2008-09-30": "$26", "2008-06-30": "$21", "2008-03-31": "$76", "2007-12-31": "$78", "2007-09-30": "$163", "2007-06-30": "$177", "2007-03-31": "$273", "2006-12-31": "$279", "2006-09-30": "$345", "2006-06-30": "$2,936", "2006-03-31": "$2,596", "2005-12-31": "$1,318", "2005-09-30": "$1,499", "2005-06-30": "$1,144", "2005-03-31": "$897"}}, "long-term-debt": {"Wendy's Annual Long Term Debt (Millions of US $)": {"2019": "$2,738", "2018": "$2,753", "2017": "$2,724", "2016": "$2,488", "2015": "$2,403", "2014": "$1,385", "2013": "$1,425", "2012": "$1,445", "2011": "$1,350", "2010": "$1,554", "2009": "$1,501", "2008": "$1,081", "2007": "$712", "2006": "$702", "2005": "$895"}, "Wendy's Quarterly Long Term Debt (Millions of US $)": {"2020-09-30": "$2,725", "2020-06-30": "$2,728", "2020-03-31": "$2,733", "2019-12-31": "$2,738", "2019-09-30": "$2,743", "2019-06-30": "$2,740", "2019-03-31": "$2,760", "2018-12-31": "$2,753", "2018-09-30": "$2,760", "2018-06-30": "$2,772", "2018-03-31": "$2,777", "2017-12-31": "$2,724", "2017-09-30": "$2,697", "2017-06-30": "$2,700", "2017-03-31": "$2,528", "2016-12-31": "$2,488", "2016-09-30": "$2,492", "2016-06-30": "$2,485", "2016-03-31": "$2,479", "2015-12-31": "$2,403", "2015-09-30": "$2,380", "2015-06-30": "$2,380", "2015-03-31": "$1,392", "2014-12-31": "$1,385", "2014-09-30": "$1,409", "2014-06-30": "$1,416", "2014-03-31": "$1,424", "2013-12-31": "$1,425", "2013-09-30": "$1,434", "2013-06-30": "$1,222", "2013-03-31": "$1,442", "2012-12-31": "$1,445", "2012-09-30": "$1,447", "2012-06-30": "$1,384", "2012-03-31": "$1,345", "2011-12-31": "$1,350", "2011-09-30": "$1,349", "2011-06-30": "$1,347", "2011-03-31": "$1,527", "2010-12-31": "$1,554", "2010-09-30": "$1,560", "2010-06-30": "$1,557", "2010-03-31": "$1,502", "2009-12-31": "$1,501", "2009-09-30": "$1,508", "2009-06-30": "$1,503", "2009-03-31": "$1,078", "2008-12-31": "$1,081", "2008-09-30": "$666", "2008-06-30": "$730", "2008-03-31": "$728", "2007-12-31": "$712", "2007-09-30": "$720", "2007-06-30": "$713", "2007-03-31": "$706", "2006-12-31": "$702", "2006-09-30": "$697", "2006-06-30": "$695", "2006-03-31": "$734", "2005-12-31": "$895", "2005-09-30": "$981", "2005-06-30": "$451", "2005-03-31": "$437"}}, "total-liabilities": {"Wendy's Annual Total Liabilities (Millions of US $)": {"2019": "$4,478", "2018": "$3,644", "2017": "$3,524", "2016": "$3,412", "2015": "$3,356", "2014": "$2,420", "2013": "$2,434", "2012": "$2,317", "2011": "$2,293", "2010": "$2,569", "2009": "$2,639", "2008": "$2,262", "2007": "$1,006", "2006": "$1,083", "2005": "$2,414"}, "Wendy's Quarterly Total Liabilities (Millions of US $)": {"2020-09-30": "$4,441", "2020-06-30": "$4,586", "2020-03-31": "$4,531", "2019-12-31": "$4,478", "2019-09-30": "$4,487", "2019-06-30": "$4,516", "2019-03-31": "$4,545", "2018-12-31": "$3,644", "2018-09-30": "$3,724", "2018-06-30": "$3,650", "2018-03-31": "$3,647", "2017-12-31": "$3,524", "2017-09-30": "$3,628", "2017-06-30": "$3,622", "2017-03-31": "$3,427", "2016-12-31": "$3,412", "2016-09-30": "$3,436", "2016-06-30": "$3,442", "2016-03-31": "$3,417", "2015-12-31": "$3,356", "2015-09-30": "$3,375", "2015-06-30": "$3,368", "2015-03-31": "$2,418", "2014-12-31": "$2,420", "2014-09-30": "$2,451", "2014-06-30": "$2,413", "2014-03-31": "$2,431", "2013-12-31": "$2,434", "2013-09-30": "$2,403", "2013-06-30": "$2,353", "2013-03-31": "$2,285", "2012-12-31": "$2,317", "2012-09-30": "$2,368", "2012-06-30": "$2,317", "2012-03-31": "$2,259", "2011-12-31": "$2,293", "2011-09-30": "$2,256", "2011-06-30": "$2,624", "2011-03-31": "$2,574", "2010-12-31": "$2,569", "2010-09-30": "$2,680", "2010-06-30": "$2,671", "2010-03-31": "$2,607", "2009-12-31": "$2,639", "2009-09-30": "$2,669", "2009-06-30": "$2,681", "2009-03-31": "$2,268", "2008-12-31": "$2,262", "2008-09-30": "$988", "2008-06-30": "$1,006", "2008-03-31": "$1,042", "2007-12-31": "$1,006", "2007-09-30": "$1,102", "2007-06-30": "$1,113", "2007-03-31": "$1,055", "2006-12-31": "$1,083", "2006-09-30": "$1,078", "2006-06-30": "$5,140", "2006-03-31": "$4,561", "2005-12-31": "$2,414", "2005-09-30": "$2,579", "2005-06-30": "$1,505", "2005-03-31": "$1,187"}}, "total-share-holder-equity": {"Wendy's Annual Share Holder Equity (Millions of US $)": {"2019": "$516", "2018": "$648", "2017": "$573", "2016": "$528", "2015": "$753", "2014": "$1,718", "2013": "$1,929", "2012": "$1,986", "2011": "$1,996", "2010": "$2,163", "2009": "$2,336", "2008": "$2,383", "2007": "$449", "2006": "$478", "2005": "$396"}, "Wendy's Quarterly Share Holder Equity (Millions of US $)": {"2020-09-30": "$522", "2020-06-30": "$484", "2020-03-31": "$451", "2019-12-31": "$516", "2019-09-30": "$650", "2019-06-30": "$648", "2019-03-31": "$641", "2018-12-31": "$648", "2018-09-30": "$783", "2018-06-30": "$431", "2018-03-31": "$463", "2017-12-31": "$573", "2017-09-30": "$463", "2017-06-30": "$487", "2017-03-31": "$525", "2016-12-31": "$528", "2016-09-30": "$679", "2016-06-30": "$693", "2016-03-31": "$734", "2015-12-31": "$753", "2015-09-30": "$705", "2015-06-30": "$1,738", "2015-03-31": "$1,716", "2014-12-31": "$1,718", "2014-09-30": "$1,729", "2014-06-30": "$1,744", "2014-03-31": "$1,723", "2013-12-31": "$1,929", "2013-09-30": "$1,921", "2013-06-30": "$1,964", "2013-03-31": "$1,971", "2012-12-31": "$1,986", "2012-09-30": "$1,972", "2012-06-30": "$1,994", "2012-03-31": "$2,007", "2011-12-31": "$1,996", "2011-09-30": "$1,997", "2011-06-30": "$2,127", "2011-03-31": "$2,167", "2010-12-31": "$2,163", "2010-09-30": "$2,175", "2010-06-30": "$2,168", "2010-03-31": "$2,261", "2009-12-31": "$2,336", "2009-09-30": "$2,400", "2009-06-30": "$2,402", "2009-03-31": "$2,375", "2008-12-31": "$2,383", "2008-09-30": "$334", "2008-06-30": "$350", "2008-03-31": "$364", "2007-12-31": "$449", "2007-09-30": "$429", "2007-06-30": "$435", "2007-03-31": "$465", "2006-12-31": "$478", "2006-09-30": "$532", "2006-06-30": "$535", "2006-03-31": "$541", "2005-12-31": "$396", "2005-09-30": "$406", "2005-06-30": "$300", "2005-03-31": "$302"}}, "profit-margins": {"current": "6.26%"}, "gross margin": {"2020-09-30": "61.80%", "2020-06-30": "61.66%", "2020-03-31": "61.88%", "2019-12-31": "62.49%", "2019-09-30": "63.57%", "2019-06-30": "63.79%", "2019-03-31": "63.87%", "2018-12-31": "63.86%", "2018-09-30": "62.52%", "2018-06-30": "60.61%", "2018-03-31": "58.73%", "2017-12-31": "56.42%", "2017-09-30": "54.74%", "2017-06-30": "52.81%", "2017-03-31": "49.89%", "2016-12-31": "47.08%", "2016-09-30": "44.84%", "2016-06-30": "41.93%", "2016-03-31": "39.10%", "2015-12-31": "36.66%", "2015-09-30": "34.73%", "2015-06-30": "33.68%", "2015-03-31": "33.25%", "2014-12-31": "32.17%", "2014-09-30": "30.90%", "2014-06-30": "29.24%", "2014-03-31": "27.69%", "2013-12-31": "26.52%", "2013-09-30": "26.05%", "2013-06-30": "25.55%", "2013-03-31": "25.04%", "2012-12-31": "24.95%", "2012-09-30": "24.90%", "2012-06-30": "24.95%", "2012-03-31": "24.99%", "2011-12-31": "25.35%", "2011-09-30": "26.25%", "2011-06-30": "26.18%", "2011-03-31": "26.70%", "2010-12-31": "26.02%", "2010-09-30": "24.75%", "2010-06-30": "24.60%", "2010-03-31": "24.20%", "2009-12-31": "23.79%", "2009-09-30": "23.26%", "2009-06-30": "22.89%", "2009-03-31": "22.02%", "2008-12-31": "22.27%", "2008-09-30": "19.17%", "2008-06-30": "21.89%", "2008-03-31": "24.82%", "2007-12-31": "27.29%", "2007-09-30": "27.84%", "2007-06-30": "28.11%", "2007-03-31": "28.47%", "2006-12-31": "28.22%", "2006-09-30": "33.99%", "2006-06-30": "34.47%", "2006-03-31": "35.94%", "2005-12-31": "39.15%"}, "operating margin": {"2020-09-30": "13.52%", "2020-06-30": "13.52%", "2020-03-31": "14.43%", "2019-12-31": "15.39%", "2019-09-30": "16.19%", "2019-06-30": "16.43%", "2019-03-31": "16.06%", "2018-12-31": "15.65%", "2018-09-30": "17.98%", "2018-06-30": "18.10%", "2018-03-31": "15.93%", "2017-12-31": "17.66%", "2017-09-30": "18.63%", "2017-06-30": "21.25%", "2017-03-31": "23.23%", "2016-12-31": "21.94%", "2016-09-30": "22.14%", "2016-06-30": "17.86%", "2016-03-31": "16.69%", "2015-12-31": "14.64%", "2015-09-30": "10.96%", "2015-06-30": "10.15%", "2015-03-31": "9.91%", "2014-12-31": "12.11%", "2014-09-30": "11.05%", "2014-06-30": "9.55%", "2014-03-31": "8.79%", "2013-12-31": "5.73%", "2013-09-30": "5.46%", "2013-06-30": "5.63%", "2013-03-31": "4.89%", "2012-12-31": "4.87%", "2012-09-30": "4.78%", "2012-06-30": "4.87%", "2012-03-31": "5.28%", "2011-12-31": "5.60%", "2011-09-30": "7.09%", "2011-06-30": "6.56%", "2011-03-31": "7.17%", "2010-12-31": "6.32%", "2010-09-30": "3.05%", "2010-06-30": "3.91%", "2010-03-31": "3.52%", "2009-12-31": "3.16%", "2009-09-30": "-8.55%", "2009-06-30": "-12.03%", "2009-03-31": "-17.11%", "2008-12-31": "-22.71%", "2008-09-30": "6.26%", "2008-06-30": "7.61%", "2008-03-31": "1.58%", "2007-12-31": "1.58%", "2007-09-30": "-1.49%", "2007-06-30": "-2.22%", "2007-03-31": "4.23%", "2006-12-31": "3.62%", "2006-09-30": "0.25%", "2006-06-30": "-1.83%", "2006-03-31": "-3.33%", "2005-12-31": "-4.26%"}, "ebitda margin": {"2020-09-30": "21.29%", "2020-06-30": "21.35%", "2020-03-31": "21.94%", "2019-12-31": "23.00%", "2019-09-30": "23.99%", "2019-06-30": "24.16%", "2019-03-31": "24.09%", "2018-12-31": "23.76%", "2018-09-30": "26.56%", "2018-06-30": "27.40%", "2018-03-31": "25.49%", "2017-12-31": "27.88%", "2017-09-30": "28.10%", "2017-06-30": "30.31%", "2017-03-31": "32.17%", "2016-12-31": "30.57%", "2016-09-30": "30.57%", "2016-06-30": "26.20%", "2016-03-31": "25.08%", "2015-12-31": "22.82%", "2015-09-30": "19.47%", "2015-06-30": "18.36%", "2015-03-31": "17.89%", "2014-12-31": "20.11%", "2014-09-30": "19.76%", "2014-06-30": "18.19%", "2014-03-31": "16.89%", "2013-12-31": "14.02%", "2013-09-30": "12.71%", "2013-06-30": "12.77%", "2013-03-31": "11.96%", "2012-12-31": "11.18%", "2012-09-30": "10.76%", "2012-06-30": "10.51%", "2012-03-31": "11.18%", "2011-12-31": "11.89%", "2011-09-30": "14.73%", "2011-06-30": "14.85%", "2011-03-31": "15.52%", "2010-12-31": "13.98%", "2010-09-30": "9.30%", "2010-06-30": "9.61%", "2010-03-31": "8.61%", "2009-12-31": "8.46%", "2009-09-30": "9.23%", "2009-06-30": "8.51%", "2009-03-31": "7.42%", "2008-12-31": "7.46%", "2008-09-30": "11.79%", "2008-06-30": "12.69%", "2008-03-31": "7.19%", "2007-12-31": "6.80%", "2007-09-30": "3.84%", "2007-06-30": "3.01%", "2007-03-31": "9.33%", "2006-12-31": "8.52%", "2006-09-30": "5.42%", "2006-06-30": "3.14%", "2006-03-31": "1.72%", "2005-12-31": "1.24%"}, "pre tax profit margin": {"2020-09-30": "8.13%", "2020-06-30": "8.25%", "2020-03-31": "8.97%", "2019-12-31": "10.06%", "2019-09-30": "9.40%", "2019-06-30": "36.76%", "2019-03-31": "37.06%", "2018-12-31": "36.08%", "2018-09-30": "39.48%", "2018-06-30": "8.94%", "2018-03-31": "6.37%", "2017-12-31": "8.34%", "2017-09-30": "9.40%", "2017-06-30": "12.58%", "2017-03-31": "14.74%", "2016-12-31": "14.07%", "2016-09-30": "18.30%", "2016-06-30": "14.25%", "2016-03-31": "13.57%", "2015-12-31": "12.45%", "2015-09-30": "6.86%", "2015-06-30": "6.90%", "2015-03-31": "7.31%", "2014-12-31": "9.65%", "2014-09-30": "9.29%", "2014-06-30": "7.87%", "2014-03-31": "6.02%", "2013-12-31": "2.60%", "2013-09-30": "1.90%", "2013-06-30": "-0.16%", "2013-03-31": "-1.39%", "2012-12-31": "-0.48%", "2012-09-30": "-1.16%", "2012-06-30": "0.57%", "2012-03-31": "1.97%", "2011-12-31": "1.03%", "2011-09-30": "2.10%", "2011-06-30": "1.50%", "2011-03-31": "0.99%", "2010-12-31": "0.55%", "2010-09-30": "-2.00%", "2010-06-30": "-0.86%", "2010-03-31": "-0.39%", "2009-12-31": "-0.59%", "2009-09-30": "-12.64%", "2009-06-30": "-16.22%", "2009-03-31": "-21.85%", "2008-12-31": "-31.87%", "2008-09-30": "-4.41%", "2008-06-30": "-3.09%", "2008-03-31": "-6.96%", "2007-12-31": "0.47%", "2007-09-30": "-2.27%", "2007-06-30": "-2.61%", "2007-03-31": "3.11%", "2006-12-31": "0.48%", "2006-09-30": "-1.97%", "2006-06-30": "-7.07%", "2006-03-31": "-9.44%", "2005-12-31": "-8.93%"}, "net profit margin": {"2020-09-30": "6.29%", "2020-06-30": "6.70%", "2020-03-31": "6.98%", "2019-12-31": "8.02%", "2019-09-30": "7.68%", "2019-06-30": "28.85%", "2019-03-31": "29.15%", "2018-12-31": "28.91%", "2018-09-30": "39.95%", "2018-06-30": "15.83%", "2018-03-31": "14.49%", "2017-12-31": "15.78%", "2017-09-30": "5.15%", "2017-06-30": "7.66%", "2017-03-31": "9.38%", "2016-12-31": "8.98%", "2016-09-30": "11.70%", "2016-06-30": "8.57%", "2016-03-31": "8.84%", "2015-12-31": "8.66%", "2015-09-30": "5.27%", "2015-06-30": "5.96%", "2015-03-31": "5.34%", "2014-12-31": "6.05%", "2014-09-30": "6.37%", "2014-06-30": "4.82%", "2014-03-31": "3.80%", "2013-12-31": "1.86%", "2013-09-30": "1.50%", "2013-06-30": "0.56%", "2013-03-31": "-0.12%", "2012-12-31": "0.28%", "2012-09-30": "-0.60%", "2012-06-30": "0.28%", "2012-03-31": "0.94%", "2011-12-31": "0.41%", "2011-09-30": "-0.23%", "2011-06-30": "-0.09%", "2011-03-31": "-0.09%", "2010-12-31": "-0.17%", "2010-09-30": "-0.24%", "2010-06-30": "0.28%", "2010-03-31": "0.37%", "2009-12-31": "0.14%", "2009-09-30": "-10.46%", "2009-06-30": "-13.44%", "2009-03-31": "-17.74%", "2008-12-31": "-26.28%", "2008-09-30": "-4.25%", "2008-06-30": "-2.93%", "2008-03-31": "-4.58%", "2007-12-31": "1.27%", "2007-09-30": "-1.49%", "2007-06-30": "-1.74%", "2007-03-31": "0.72%", "2006-12-31": "-0.88%", "2006-09-30": "-2.05%", "2006-06-30": "-5.93%", "2006-03-31": "-7.62%", "2005-12-31": "-7.55%"}, "pe ratio": {"current": "44.25", "2021-02-05": "47.20", "2020-09-30": "49.39", "2020-06-30": "45.12", "2020-03-31": "28.95", "2019-12-31": "37.11", "2019-09-30": "34.98", "2019-06-30": "9.75", "2019-03-31": "8.95", "2018-12-31": "8.01", "2018-09-30": "6.75", "2018-06-30": "18.25", "2018-03-31": "21.67", "2017-12-31": "19.91", "2017-09-30": "58.48", "2017-06-30": "39.28", "2017-03-31": "26.45", "2016-12-31": "26.15", "2016-09-30": "14.67", "2016-06-30": "16.66", "2016-03-31": "18.41", "2015-12-31": "18.79", "2015-09-30": "28.89", "2015-06-30": "33.71", "2015-03-31": "36.02", "2014-12-31": "25.05", "2014-09-30": "21.43", "2014-06-30": "26.71", "2014-03-31": "34.56", "2013-12-31": "63.01", "2013-09-30": "73.11", "2013-06-30": "166.46", "2013-03-31": "0.00", "2012-12-31": "0.00", "2012-09-30": "0.00", "2012-06-30": "196.77", "2012-03-31": "69.31", "2011-12-31": "147.74", "2011-09-30": "0.00", "2011-06-30": "0.00", "2011-03-31": "0.00", "2010-12-31": "0.00", "2010-09-30": "0.00", "2010-06-30": "161.42", "2010-03-31": "201.11", "2009-12-31": "0.00", "2009-09-30": "0.00", "2009-06-30": "0.00", "2009-03-31": "0.00", "2008-12-31": "0.00", "2008-09-30": "0.00", "2008-06-30": "0.00", "2008-03-31": "0.00", "2007-12-31": "44.01", "2007-09-30": "0.00", "2007-06-30": "0.00", "2007-03-31": "140.14", "2006-12-31": "0.00"}, "price sales": {"2021-02-05": "2.89", "2020-09-30": "3.03", "2020-06-30": "3.00", "2020-03-31": "2.02", "2019-12-31": "3.02", "2019-09-30": "2.78", "2019-06-30": "2.80", "2019-03-31": "2.61", "2018-12-31": "2.33", "2018-09-30": "2.72", "2018-06-30": "2.91", "2018-03-31": "3.16", "2017-12-31": "3.18", "2017-09-30": "3.04", "2017-06-30": "2.93", "2017-03-31": "2.50", "2016-12-31": "2.35", "2016-09-30": "1.79", "2016-06-30": "1.53", "2016-03-31": "1.75", "2015-12-31": "1.77", "2015-09-30": "1.46", "2015-06-30": "1.97", "2015-03-31": "1.88", "2014-12-31": "1.51", "2014-09-30": "1.36", "2014-06-30": "1.32", "2014-03-31": "1.34", "2013-12-31": "1.24", "2013-09-30": "1.14", "2013-06-30": "0.78", "2013-03-31": "0.75", "2012-12-31": "0.62", "2012-09-30": "0.60", "2012-06-30": "0.63", "2012-03-31": "0.69", "2011-12-31": "0.75", "2011-09-30": "0.73", "2011-06-30": "0.82", "2011-03-31": "0.82", "2010-12-31": "0.68", "2010-09-30": "0.55", "2010-06-30": "0.45", "2010-03-31": "0.52", "2009-12-31": "0.49", "2009-09-30": "0.36", "2009-06-30": "0.27", "2009-03-31": "0.30", "2008-12-31": "0.26", "2008-09-30": "0.31", "2008-06-30": "0.36", "2008-03-31": "0.34", "2007-12-31": "0.45", "2007-09-30": "0.61", "2007-06-30": "0.78", "2007-03-31": "0.91", "2006-12-31": "1.03"}, "price book": {"current": "9.13", "2021-02-05": "9.13", "2020-09-30": "9.55", "2020-06-30": "10.01", "2020-03-31": "7.28", "2019-12-31": "9.54", "2019-09-30": "6.95", "2019-06-30": "6.81", "2019-03-31": "6.26", "2018-12-31": "5.37", "2018-09-30": "5.01", "2018-06-30": "9.08", "2018-03-31": "8.66", "2017-12-31": "6.52", "2017-09-30": "7.67", "2017-06-30": "7.29", "2017-03-31": "5.96", "2016-12-31": "5.86", "2016-09-30": "3.81", "2016-06-30": "3.36", "2016-03-31": "3.64", "2015-12-31": "3.53", "2015-09-30": "3.02", "2015-06-30": "2.12", "2015-03-31": "2.07", "2014-12-31": "1.71", "2014-09-30": "1.54", "2014-06-30": "1.57", "2014-03-31": "1.69", "2013-12-31": "1.43", "2013-09-30": "1.49", "2013-06-30": "1.00", "2013-03-31": "0.96", "2012-12-31": "0.94", "2012-09-30": "0.75", "2012-06-30": "0.77", "2012-03-31": "0.81", "2011-12-31": "1.04", "2011-09-30": "0.74", "2011-06-30": "0.77", "2011-03-31": "0.79", "2010-12-31": "0.82", "2010-09-30": "0.71", "2010-06-30": "0.62", "2010-03-31": "0.77", "2009-12-31": "0.76", "2009-09-30": "0.73", "2009-06-30": "0.62", "2009-03-31": "0.79", "2008-12-31": "0.77", "2008-09-30": "5.83", "2008-06-30": "1.29", "2008-03-31": "1.19", "2007-12-31": "1.28", "2007-09-30": "1.84", "2007-06-30": "2.30", "2007-03-31": "2.49", "2006-12-31": "2.83", "2006-09-30": "1.82", "2006-06-30": "1.75", "2006-03-31": "1.87"}, "price fcf": {"2021-02-05": "", "2020-09-30": "$0.78", "2020-06-30": "$0.37", "2020-03-31": "$0.56", "2019-12-31": "$0.91", "2019-09-30": "$0.69", "2019-06-30": "$0.66", "2019-03-31": "$0.61", "2018-12-31": "$0.63", "2018-09-30": "$0.98", "2018-06-30": "$0.52", "2018-03-31": "$0.75", "2017-12-31": "$0.62", "2017-09-30": "$0.48", "2017-06-30": "$0.64", "2017-03-31": "$0.23", "2016-12-31": "$0.16", "2016-09-30": "$0.39", "2016-06-30": "$0.44", "2016-03-31": "$0.46", "2015-12-31": "$0.31", "2015-09-30": "$0.38", "2015-06-30": "$0.41", "2015-03-31": "$0.31", "2014-12-31": "$0.31", "2014-09-30": "$0.29", "2014-06-30": "$0.39", "2014-03-31": "$0.55", "2013-12-31": "$0.64", "2013-09-30": "$0.35", "2013-06-30": "$0.23", "2013-03-31": "$0.18", "2012-12-31": "$0.04", "2012-09-30": "$0.00", "2012-06-30": "$0.27", "2012-03-31": "$0.29", "2011-12-31": "$0.50", "2011-09-30": "$0.51", "2011-06-30": "$0.26", "2011-03-31": "$0.24", "2010-12-31": "$0.20", "2010-09-30": "$0.21", "2010-06-30": "$0.33", "2010-03-31": "$0.36", "2009-12-31": "$0.44", "2009-09-30": "$0.41", "2009-06-30": "$0.26", "2009-03-31": "$-0.07", "2008-12-31": "$-0.17", "2008-09-30": "$-0.55", "2008-06-30": "$-0.65", "2008-03-31": "$-0.32", "2007-12-31": "$-0.53", "2007-09-30": "$-0.30", "2007-06-30": "$12.05", "2007-03-31": "$14.69", "2006-12-31": "$6.12"}, "net worth": {"value": "$4.76B"}, "current ratio": {"2020-09-30": "1.69", "2020-06-30": "1.42", "2020-03-31": "1.37", "2019-12-31": "1.58", "2019-09-30": "2.00", "2019-06-30": "1.97", "2019-03-31": "2.05", "2018-12-31": "2.34", "2018-09-30": "2.53", "2018-06-30": "1.72", "2018-03-31": "1.77", "2017-12-31": "1.78", "2017-09-30": "1.80", "2017-06-30": "1.92", "2017-03-31": "2.10", "2016-12-31": "1.97", "2016-09-30": "2.31", "2016-06-30": "2.36", "2016-03-31": "2.36", "2015-12-31": "2.29", "2015-09-30": "1.95", "2015-06-30": "5.22", "2015-03-31": "1.62", "2014-12-31": "1.65", "2014-09-30": "1.98", "2014-06-30": "2.10", "2014-03-31": "2.30", "2013-12-31": "2.64", "2013-09-30": "2.43", "2013-06-30": "1.45", "2013-03-31": "2.56", "2012-12-31": "2.47", "2012-09-30": "2.13", "2012-06-30": "2.10", "2012-03-31": "2.21", "2011-12-31": "2.18", "2011-09-30": "2.15", "2011-06-30": "1.80", "2011-03-31": "1.95", "2010-12-31": "1.79", "2010-09-30": "1.87", "2010-06-30": "1.90", "2010-03-31": "1.94", "2009-12-31": "1.85", "2009-09-30": "2.01", "2009-06-30": "1.94", "2009-03-31": "0.88", "2008-12-31": "0.76", "2008-09-30": "0.46", "2008-06-30": "0.55", "2008-03-31": "0.73", "2007-12-31": "0.82", "2007-09-30": "0.99", "2007-06-30": "0.97", "2007-03-31": "1.69", "2006-12-31": "1.70", "2006-09-30": "1.89", "2006-06-30": "1.06", "2006-03-31": "1.08", "2005-12-31": "1.22", "2005-09-30": "1.26", "2005-06-30": "1.49", "2005-03-31": "1.71"}, "quick ratio": {"2020-09-30": "1.67", "2020-06-30": "1.41", "2020-03-31": "1.36", "2019-12-31": "1.57", "2019-09-30": "1.99", "2019-06-30": "1.96", "2019-03-31": "2.04", "2018-12-31": "2.33", "2018-09-30": "2.52", "2018-06-30": "1.70", "2018-03-31": "1.76", "2017-12-31": "1.77", "2017-09-30": "1.78", "2017-06-30": "1.91", "2017-03-31": "2.09", "2016-12-31": "1.95", "2016-09-30": "2.30", "2016-06-30": "2.35", "2016-03-31": "2.35", "2015-12-31": "2.28", "2015-09-30": "1.94", "2015-06-30": "5.20", "2015-03-31": "1.60", "2014-12-31": "1.63", "2014-09-30": "1.95", "2014-06-30": "2.07", "2014-03-31": "2.27", "2013-12-31": "2.61", "2013-09-30": "2.41", "2013-06-30": "1.43", "2013-03-31": "2.52", "2012-12-31": "2.43", "2012-09-30": "2.10", "2012-06-30": "2.06", "2012-03-31": "2.17", "2011-12-31": "2.15", "2011-09-30": "2.11", "2011-06-30": "1.77", "2011-03-31": "1.89", "2010-12-31": "1.74", "2010-09-30": "1.82", "2010-06-30": "1.84", "2010-03-31": "1.89", "2009-12-31": "1.80", "2009-09-30": "1.96", "2009-06-30": "1.89", "2009-03-31": "0.83", "2008-12-31": "0.71", "2008-09-30": "0.41", "2008-06-30": "0.49", "2008-03-31": "0.68", "2007-12-31": "0.77", "2007-09-30": "0.95", "2007-06-30": "0.94", "2007-03-31": "1.65", "2006-12-31": "1.66", "2006-09-30": "1.86", "2006-06-30": "1.06", "2006-03-31": "1.08", "2005-12-31": "1.21", "2005-09-30": "1.25", "2005-06-30": "1.49", "2005-03-31": "1.71"}, "debt equity ratio": {"current": "5.22", "2020-09-30": "8.52", "2020-06-30": "9.48", "2020-03-31": "10.04", "2019-12-31": "8.67", "2019-09-30": "6.91", "2019-06-30": "6.97", "2019-03-31": "7.09", "2018-12-31": "5.62", "2018-09-30": "4.75", "2018-06-30": "8.48", "2018-03-31": "7.88", "2017-12-31": "6.15", "2017-09-30": "7.84", "2017-06-30": "7.44", "2017-03-31": "6.53", "2016-12-31": "6.47", "2016-09-30": "5.06", "2016-06-30": "4.97", "2016-03-31": "4.66", "2015-12-31": "4.46", "2015-09-30": "4.79", "2015-06-30": "1.94", "2015-03-31": "1.41", "2014-12-31": "1.41", "2014-09-30": "1.42", "2014-06-30": "1.38", "2014-03-31": "1.41", "2013-12-31": "1.26", "2013-09-30": "1.25", "2013-06-30": "1.20", "2013-03-31": "1.16", "2012-12-31": "1.17", "2012-09-30": "1.20", "2012-06-30": "1.16", "2012-03-31": "1.13", "2011-12-31": "1.15", "2011-09-30": "1.13", "2011-06-30": "1.23", "2011-03-31": "1.19", "2010-12-31": "1.19", "2010-09-30": "1.23", "2010-06-30": "1.23", "2010-03-31": "1.15", "2009-12-31": "1.13", "2009-09-30": "1.11", "2009-06-30": "1.12", "2009-03-31": "0.96", "2008-12-31": "0.95", "2008-09-30": "2.96", "2008-06-30": "2.88", "2008-03-31": "2.87", "2007-12-31": "2.24", "2007-09-30": "2.57", "2007-06-30": "2.56", "2007-03-31": "2.27", "2006-12-31": "2.27", "2006-09-30": "2.03", "2006-06-30": "9.61", "2006-03-31": "8.43", "2005-12-31": "6.10", "2005-09-30": "6.35", "2005-06-30": "5.01", "2005-03-31": "3.93"}, "return on equity": {"2020-09-30": "21.49%", "2020-06-30": "21.32%", "2020-03-31": "21.02%", "2019-12-31": "22.32%", "2019-09-30": "19.95%", "2019-06-30": "69.71%", "2019-03-31": "75.43%", "2018-12-31": "79.14%", "2018-09-30": "106.67%", "2018-06-30": "46.22%", "2018-03-31": "38.47%", "2017-12-31": "37.70%", "2017-09-30": "12.58%", "2017-06-30": "17.67%", "2017-03-31": "20.78%", "2016-12-31": "19.59%", "2016-09-30": "26.02%", "2016-06-30": "20.10%", "2016-03-31": "16.18%", "2015-12-31": "13.19%", "2015-09-30": "6.74%", "2015-06-30": "6.61%", "2015-03-31": "5.96%", "2014-12-31": "7.00%", "2014-09-30": "7.35%", "2014-06-30": "5.79%", "2014-03-31": "4.72%", "2013-12-31": "2.31%", "2013-09-30": "1.94%", "2013-06-30": "0.71%", "2013-03-31": "-0.15%", "2012-12-31": "0.35%", "2012-09-30": "-0.75%", "2012-06-30": "0.35%", "2012-03-31": "1.13%", "2011-12-31": "0.48%", "2011-09-30": "-0.24%", "2011-06-30": "-0.09%", "2011-03-31": "-0.09%", "2010-12-31": "-0.18%", "2010-09-30": "-0.31%", "2010-06-30": "0.39%", "2010-03-31": "0.55%", "2009-12-31": "0.21%", "2009-09-30": "-15.65%", "2009-06-30": "-21.40%", "2009-03-31": "-31.09%", "2008-12-31": "-55.84%", "2008-09-30": "-14.16%", "2008-06-30": "-9.30%", "2008-03-31": "-13.83%", "2007-12-31": "3.60%", "2007-09-30": "-4.21%", "2007-06-30": "-4.61%", "2007-03-31": "1.79%", "2006-12-31": "-2.11%", "2006-09-30": "-4.99%", "2006-06-30": "-14.48%", "2006-03-31": "-17.29%", "2005-12-31": "-15.67%"}, "return on assets": {"2020-09-30": "2.12%", "2020-06-30": "2.22%", "2020-03-31": "2.35%", "2019-12-31": "2.68%", "2019-09-30": "2.61%", "2019-06-30": "9.90%", "2019-03-31": "10.45%", "2018-12-31": "10.83%", "2018-09-30": "14.29%", "2018-06-30": "5.45%", "2018-03-31": "4.66%", "2017-12-31": "4.75%", "2017-09-30": "1.57%", "2017-06-30": "2.43%", "2017-03-31": "3.12%", "2016-12-31": "3.16%", "2016-09-30": "4.51%", "2016-06-30": "3.52%", "2016-03-31": "3.65%", "2015-12-31": "3.72%", "2015-09-30": "2.27%", "2015-06-30": "2.60%", "2015-03-31": "2.48%", "2014-12-31": "2.91%", "2014-09-30": "3.11%", "2014-06-30": "2.49%", "2014-03-31": "2.07%", "2013-12-31": "1.04%", "2013-09-30": "0.88%", "2013-06-30": "0.33%", "2013-03-31": "-0.07%", "2012-12-31": "0.16%", "2012-09-30": "-0.35%", "2012-06-30": "0.16%", "2012-03-31": "0.52%", "2011-12-31": "0.22%", "2011-09-30": "-0.11%", "2011-06-30": "-0.04%", "2011-03-31": "-0.04%", "2010-12-31": "-0.08%", "2010-09-30": "-0.14%", "2010-06-30": "0.18%", "2010-03-31": "0.26%", "2009-12-31": "0.10%", "2009-09-30": "-7.70%", "2009-06-30": "-10.22%", "2009-03-31": "-14.14%", "2008-12-31": "-21.95%", "2008-09-30": "-3.83%", "2008-06-30": "-2.58%", "2008-03-31": "-3.91%", "2007-12-31": "1.06%", "2007-09-30": "-1.23%", "2007-06-30": "-1.41%", "2007-03-31": "0.35%", "2006-12-31": "-0.32%", "2006-09-30": "-0.66%", "2006-06-30": "-1.64%", "2006-03-31": "-2.24%", "2005-12-31": "-2.42%"}, "return on investments": {"2020-09-30": "7.07%", "2020-06-30": "6.93%", "2020-03-31": "7.44%", "2019-12-31": "7.83%", "2019-09-30": "8.01%", "2019-06-30": "7.86%", "2019-03-31": "7.68%", "2018-12-31": "7.44%", "2018-09-30": "8.13%", "2018-06-30": "7.91%", "2018-03-31": "6.52%", "2017-12-31": "6.81%", "2017-09-30": "7.35%", "2017-06-30": "8.76%", "2017-03-31": "10.05%", "2016-12-31": "10.02%", "2016-09-30": "11.07%", "2016-06-30": "9.56%", "2016-03-31": "8.84%", "2015-12-31": "8.14%", "2015-09-30": "6.14%", "2015-06-30": "5.76%", "2015-03-31": "6.11%", "2014-12-31": "7.71%", "2014-09-30": "7.09%", "2014-06-30": "6.45%", "2014-03-31": "6.32%", "2013-12-31": "4.18%", "2013-09-30": "4.12%", "2013-06-30": "4.22%", "2013-03-31": "3.61%", "2012-12-31": "3.59%", "2012-09-30": "3.53%", "2012-06-30": "3.58%", "2012-03-31": "3.82%", "2011-12-31": "3.92%", "2011-09-30": "4.27%", "2011-06-30": "3.83%", "2011-03-31": "4.09%", "2010-12-31": "4.02%", "2010-09-30": "2.39%", "2010-06-30": "3.34%", "2010-03-31": "3.24%", "2009-12-31": "2.99%", "2009-09-30": "-8.31%", "2009-06-30": "-12.15%", "2009-03-31": "-18.14%", "2008-12-31": "-24.95%", "2008-09-30": "7.20%", "2008-06-30": "8.57%", "2008-03-31": "1.76%", "2007-12-31": "1.73%", "2007-09-30": "-1.63%", "2007-06-30": "-2.37%", "2007-03-31": "4.41%", "2006-12-31": "3.66%", "2006-09-30": "0.24%", "2006-06-30": "-1.62%", "2006-03-31": "-2.64%", "2005-12-31": "-2.98%"}, "return on tangible equity": {"2020-09-30": "-7.09%", "2020-06-30": "-7.62%", "2020-03-31": "-8.28%", "2019-12-31": "-9.80%", "2019-09-30": "-9.39%", "2019-06-30": "-35.06%", "2019-03-31": "-33.38%", "2018-12-31": "-31.36%", "2018-09-30": "-40.23%", "2018-06-30": "-14.14%", "2018-03-31": "-12.15%", "2017-12-31": "-12.39%", "2017-09-30": "-4.02%", "2017-06-30": "-6.48%", "2017-03-31": "-8.64%", "2016-12-31": "-9.10%", "2016-09-30": "-13.55%", "2016-06-30": "-10.52%", "2016-03-31": "-13.97%", "2015-12-31": "-17.83%", "2015-09-30": "-14.48%", "2015-06-30": "-26.10%", "2015-03-31": "-23.45%", "2014-12-31": "-27.55%", "2014-09-30": "-34.47%", "2014-06-30": "-31.62%", "2014-03-31": "-31.67%", "2013-12-31": "-20.59%", "2013-09-30": "-17.95%", "2013-06-30": "-6.83%", "2013-03-31": "1.49%", "2012-12-31": "-3.64%", "2012-09-30": "7.93%", "2012-06-30": "-3.91%", "2012-03-31": "-15.70%", "2011-12-31": "-8.10%", "2011-09-30": "5.08%", "2011-06-30": "2.77%", "2011-03-31": "2.54%", "2010-12-31": "6.45%", "2010-09-30": "26.17%", "2010-06-30": "39.56%", "2010-03-31": "16.83%", "2009-12-31": "4.75%", "2009-09-30": "-313.63%", "2009-06-30": "-984.05%", "2009-03-31": "1183.22%", "2008-12-31": "460.58%", "2008-09-30": "35.39%", "2008-06-30": "25.96%", "2008-03-31": "42.18%", "2007-12-31": "-12.52%", "2007-09-30": "13.57%", "2007-06-30": "18.88%", "2007-03-31": "-9.45%", "2006-12-31": "14.43%", "2006-09-30": "25.71%", "2006-06-30": "49.28%", "2006-03-31": "95.30%", "2005-12-31": "349.21%"}, "dividend yield history": {"last payout": "$0.28", "last yield": "1.32%"}}