{"ticker": "MOS", "price": {"title": "Mosaic Historical Annual Stock Price Data", "value": 27.65, "historical": {"2021": {"Average Stock Price": "27.3150", "Year Open": "23.6700", "Year High": "28.9000", "Year Low": "23.6700", "Year Close": "27.6500", "Annual % Change": "20.17%"}, "2020": {"Average Stock Price": "16.3525", "Year Open": "21.4300", "Year High": "23.3900", "Year Low": "7.0100", "Year Close": "23.0100", "Annual % Change": "6.33%"}, "2019": {"Average Stock Price": "24.0507", "Year Open": "29.1800", "Year High": "33.4800", "Year Low": "17.6600", "Year Close": "21.6400", "Annual % Change": "-25.92%"}, "2018": {"Average Stock Price": "29.1361", "Year Open": "26.6500", "Year High": "36.9900", "Year Low": "23.5700", "Year Close": "29.2100", "Annual % Change": "13.83%"}, "2017": {"Average Stock Price": "24.9896", "Year Open": "29.5300", "Year High": "34.0200", "Year Low": "19.3900", "Year Close": "25.6600", "Annual % Change": "-12.51%"}, "2016": {"Average Stock Price": "26.6899", "Year Open": "28.4200", "Year High": "31.4200", "Year Low": "22.1000", "Year Close": "29.3300", "Annual % Change": "6.31%"}, "2015": {"Average Stock Price": "41.7456", "Year Open": "45.7700", "Year High": "53.5600", "Year Low": "27.2400", "Year Close": "27.5900", "Annual % Change": "-39.56%"}, "2014": {"Average Stock Price": "47.0430", "Year Open": "47.0000", "Year High": "50.7900", "Year Low": "40.7600", "Year Close": "45.6500", "Annual % Change": "-3.43%"}, "2013": {"Average Stock Price": "53.0074", "Year Open": "57.5100", "Year High": "64.3000", "Year Low": "40.6800", "Year Close": "47.2700", "Annual % Change": "-16.53%"}, "2012": {"Average Stock Price": "54.4864", "Year Open": "52.5900", "Year High": "61.0500", "Year Low": "45.6200", "Year Close": "56.6300", "Annual % Change": "12.29%"}, "2011": {"Average Stock Price": "67.7069", "Year Open": "76.2500", "Year High": "89.0600", "Year Low": "47.1300", "Year Close": "50.4300", "Annual % Change": "-33.96%"}, "2010": {"Average Stock Price": "57.4028", "Year Open": "61.7100", "Year High": "76.3600", "Year Low": "38.9000", "Year Close": "76.3600", "Annual % Change": "27.84%"}, "2009": {"Average Stock Price": "47.9256", "Year Open": "36.8600", "Year High": "61.6900", "Year Low": "32.1500", "Year Close": "59.7300", "Annual % Change": "72.63%"}, "2008": {"Average Stock Price": "93.0485", "Year Open": "94.7400", "Year High": "161.0800", "Year Low": "22.3100", "Year Close": "34.6000", "Annual % Change": "-63.32%"}, "2007": {"Average Stock Price": "42.1454", "Year Open": "21.6500", "Year High": "95.8400", "Year Low": "19.7600", "Year Close": "94.3400", "Annual % Change": "341.67%"}, "2006": {"Average Stock Price": "16.6107", "Year Open": "15.0000", "Year High": "22.7000", "Year Low": "13.9600", "Year Close": "21.3600", "Annual % Change": "46.00%"}, "2005": {"Average Stock Price": "15.1113", "Year Open": "16.2000", "Year High": "17.9300", "Year Low": "12.4700", "Year Close": "14.6300", "Annual % Change": "-10.36%"}, "2004": {"Average Stock Price": "14.0095", "Year Open": "10.2500", "Year High": "18.3500", "Year Low": "10.2500", "Year Close": "16.3200", "Annual % Change": "64.35%"}, "2003": {"Average Stock Price": "8.2611", "Year Open": "10.7800", "Year High": "11.2700", "Year Low": "5.9000", "Year Close": "9.9300", "Annual % Change": "-6.94%"}, "2002": {"Average Stock Price": "12.6120", "Year Open": "13.0600", "Year High": "15.2500", "Year Low": "8.9300", "Year Close": "10.6700", "Annual % Change": "-17.92%"}, "2001": {"Average Stock Price": "12.1217", "Year Open": "15.7500", "Year High": "16.1900", "Year Low": "8.0000", "Year Close": "13.0000", "Annual % Change": "-16.45%"}, "2000": {"Average Stock Price": "14.5954", "Year Open": "16.7500", "Year High": "18.7500", "Year Low": "11.5000", "Year Close": "15.5600", "Annual % Change": "-5.01%"}, "1999": {"Average Stock Price": "18.4409", "Year Open": "21.6900", "Year High": "26.7500", "Year Low": "12.7500", "Year Close": "16.3800", "Annual % Change": "-23.39%"}, "1998": {"Average Stock Price": "28.5754", "Year Open": "33.5000", "Year High": "38.8100", "Year Low": "18.1900", "Year Close": "21.3800", "Annual % Change": "-34.72%"}, "1997": {"Average Stock Price": "35.7167", "Year Open": "38.3800", "Year High": "41.5000", "Year Low": "30.3800", "Year Close": "32.7500", "Annual % Change": "-16.28%"}, "1996": {"Average Stock Price": "38.4046", "Year Open": "41.8800", "Year High": "44.2500", "Year Low": "32.8800", "Year Close": "39.1200", "Annual % Change": "-4.00%"}, "1995": {"Average Stock Price": "28.7969", "Year Open": "21.1250", "Year High": "40.7500", "Year Low": "20.8100", "Year Close": "40.7500", "Annual % Change": "86.29%"}, "1994": {"Average Stock Price": "20.0030", "Year Open": "22.3750", "Year High": "24.0000", "Year Low": "15.6900", "Year Close": "21.8750", "Annual % Change": "-3.59%"}, "1993": {"Average Stock Price": "17.5004", "Year Open": "21.5600", "Year High": "23.3100", "Year Low": "12.5600", "Year Close": "22.6900", "Annual % Change": "6.48%"}, "1992": {"Average Stock Price": "24.0909", "Year Open": "27.6900", "Year High": "33.1900", "Year Low": "18.8100", "Year Close": "21.3100", "Annual % Change": "-24.90%"}, "1991": {"Average Stock Price": "22.9151", "Year Open": "17.8100", "Year High": "29.4400", "Year Low": "16.7500", "Year Close": "28.3750", "Annual % Change": "62.70%"}, "1990": {"Average Stock Price": "17.3394", "Year Open": "17.2500", "Year High": "19.1250", "Year Low": "15.2500", "Year Close": "17.4400", "Annual % Change": "3.35%"}, "1989": {"Average Stock Price": "19.4981", "Year Open": "22.0600", "Year High": "24.6250", "Year Low": "15.6900", "Year Close": "16.8750", "Annual % Change": "-23.50%"}}}, "market cap": {"value": "$10.48B"}, "income statement": {"Revenue": {"2019-12-31": "8906.30000", "2018-12-31": "9587.30000", "2017-12-31": "7409.40000", "2016-12-31": "7162.80000", "2015-12-31": "8895.30000", "2014-12-31": "9055.80000", "2013-12-31": "4765.90000", "2013-05-31": "9974.10000", "2012-05-31": "11107.80000", "2011-05-31": "9937.80000", "2010-05-31": "6759.10000", "2009-05-31": "10298.00000", "2008-05-31": "9812.60000", "2007-05-31": "5773.70000", "2006-05-31": "5305.80000", "2005-05-31": "4396.70000"}, "Cost Of Goods Sold": {"2019-12-31": "8009.00000", "2018-12-31": "8088.90000", "2017-12-31": "6566.60000", "2016-12-31": "6352.80000", "2015-12-31": "7177.40000", "2014-12-31": "7129.20000", "2013-12-31": "3937.60000", "2013-05-31": "7213.90000", "2012-05-31": "8022.80000", "2011-05-31": "6816.00000", "2010-05-31": "5065.80000", "2009-05-31": "7531.30000", "2008-05-31": "6652.10000", "2007-05-31": "4847.60000", "2006-05-31": "4668.40000", "2005-05-31": "3871.20000"}, "Gross Profit": {"2019-12-31": "897.29980", "2018-12-31": "1498.40000", "2017-12-31": "842.79980", "2016-12-31": "810.00000", "2015-12-31": "1717.90000", "2014-12-31": "1926.60000", "2013-12-31": "828.29980", "2013-05-31": "2760.20000", "2012-05-31": "3085.00000", "2011-05-31": "3121.80000", "2010-05-31": "1693.30000", "2009-05-31": "2766.70000", "2008-05-31": "3160.50000", "2007-05-31": "926.10010", "2006-05-31": "637.39990", "2005-05-31": "525.50020"}, "Research And Development Expenses": {"2019-12-31": "", "2018-12-31": "", "2017-12-31": "", "2016-12-31": "", "2015-12-31": "", "2014-12-31": "", "2013-12-31": "", "2013-05-31": "", "2012-05-31": "", "2011-05-31": "", "2010-05-31": "", "2009-05-31": "", "2008-05-31": "", "2007-05-31": "", "2006-05-31": "", "2005-05-31": ""}, "SG&A Expenses": {"2019-12-31": "354.10000", "2018-12-31": "341.10000", "2017-12-31": "301.30000", "2016-12-31": "304.20000", "2015-12-31": "361.20000", "2014-12-31": "382.40000", "2013-12-31": "211.80000", "2013-05-31": "427.30000", "2012-05-31": "410.10000", "2011-05-31": "372.50000", "2010-05-31": "360.30000", "2009-05-31": "321.40000", "2008-05-31": "323.80000", "2007-05-31": "309.80000", "2006-05-31": "241.30000", "2005-05-31": "207.00000"}, "Other Operating Income Or Expenses": {"2019-12-31": "-176.00000", "2018-12-31": "-229.00000", "2017-12-31": "-75.80000", "2016-12-31": "-186.80000", "2015-12-31": "-77.90000", "2014-12-31": "-107.00000", "2013-12-31": "-199.60000", "2013-05-31": "-123.30000", "2012-05-31": "-63.80000", "2011-05-31": "-85.10000", "2010-05-31": "-62.20000", "2009-05-31": "-44.40000", "2008-05-31": "-30.00000", "2007-05-31": "", "2006-05-31": "-294.20000", "2005-05-31": ""}, "Operating Expenses": {"2019-12-31": "10001.20000", "2018-12-31": "8659.00000", "2017-12-31": "6943.70000", "2016-12-31": "6843.80000", "2015-12-31": "7616.50000", "2014-12-31": "7744.00000", "2013-12-31": "4349.00000", "2013-05-31": "7764.50000", "2012-05-31": "8496.69900", "2011-05-31": "7273.60000", "2010-05-31": "5488.30000", "2009-05-31": "7897.10000", "2008-05-31": "7005.90000", "2007-05-31": "5157.40000", "2006-05-31": "5203.90000", "2005-05-31": "4078.20000"}, "Operating Income": {"2019-12-31": "-1094.89900", "2018-12-31": "928.29980", "2017-12-31": "465.70020", "2016-12-31": "319.00000", "2015-12-31": "1278.80000", "2014-12-31": "1311.80000", "2013-12-31": "416.89990", "2013-05-31": "2209.60000", "2012-05-31": "2611.10100", "2011-05-31": "2664.20000", "2010-05-31": "1270.80000", "2009-05-31": "2400.90000", "2008-05-31": "2806.70000", "2007-05-31": "616.30030", "2006-05-31": "101.89990", "2005-05-31": "318.50020"}, "Total Non-Operating Income/Expense": {"2019-12-31": "-161.20000", "2018-12-31": "-376.80000", "2017-12-31": "-91.70000", "2016-12-31": "-76.60000", "2015-12-31": "-175.50000", "2014-12-31": "-94.50000", "2013-12-31": "67.30000", "2013-05-31": "4.90000", "2012-05-31": "17.80000", "2011-05-31": "607.10000", "2010-05-31": "-81.10000", "2009-05-31": "504.80000", "2008-05-31": "-124.30000", "2007-05-31": "-110.60000", "2006-05-31": "-262.00000", "2005-05-31": "-103.60000"}, "Pre-Tax Income": {"2019-12-31": "-1256.10000", "2018-12-31": "551.50000", "2017-12-31": "374.00000", "2016-12-31": "242.40000", "2015-12-31": "1103.30000", "2014-12-31": "1217.30000", "2013-12-31": "484.20000", "2013-05-31": "2214.50000", "2012-05-31": "2628.90000", "2011-05-31": "3271.30000", "2010-05-31": "1189.70000", "2009-05-31": "2905.70000", "2008-05-31": "2682.40000", "2007-05-31": "505.70000", "2006-05-31": "-160.10000", "2005-05-31": "214.90000"}, "Income Taxes": {"2019-12-31": "-224.70000", "2018-12-31": "77.10000", "2017-12-31": "494.90000", "2016-12-31": "-74.20000", "2015-12-31": "99.10000", "2014-12-31": "184.70000", "2013-12-31": "152.60000", "2013-05-31": "341.00000", "2012-05-31": "711.40000", "2011-05-31": "752.80000", "2010-05-31": "347.30000", "2009-05-31": "649.30000", "2008-05-31": "714.90000", "2007-05-31": "123.40000", "2006-05-31": "5.30000", "2005-05-31": "98.30000"}, "Income After Taxes": {"2019-12-31": "-1031.40000", "2018-12-31": "474.40000", "2017-12-31": "-120.90000", "2016-12-31": "316.60000", "2015-12-31": "1004.20000", "2014-12-31": "1032.60000", "2013-12-31": "331.60000", "2013-05-31": "1873.50000", "2012-05-31": "1917.50000", "2011-05-31": "2518.50000", "2010-05-31": "842.40000", "2009-05-31": "2256.40000", "2008-05-31": "1967.50000", "2007-05-31": "382.30000", "2006-05-31": "-165.40000", "2005-05-31": "116.60000"}, "Other Income": {"2019-12-31": "", "2018-12-31": "", "2017-12-31": "", "2016-12-31": "", "2015-12-31": "", "2014-12-31": "", "2013-12-31": "", "2013-05-31": "", "2012-05-31": "", "2011-05-31": "", "2010-05-31": "", "2009-05-31": "", "2008-05-31": "", "2007-05-31": "", "2006-05-31": "", "2005-05-31": ""}, "Income From Continuous Operations": {"2019-12-31": "-1090.80000", "2018-12-31": "469.90000", "2017-12-31": "-104.20000", "2016-12-31": "301.20000", "2015-12-31": "1001.80000", "2014-12-31": "1030.40000", "2013-12-31": "342.50000", "2013-05-31": "1891.80000", "2012-05-31": "1930.80000", "2011-05-31": "2513.50000", "2010-05-31": "831.49990", "2009-05-31": "2356.50000", "2008-05-31": "2091.50000", "2007-05-31": "419.70000", "2006-05-31": "-121.40000", "2005-05-31": "167.60000"}, "Income From Discontinued Operations": {"2019-12-31": "", "2018-12-31": "", "2017-12-31": "", "2016-12-31": "", "2015-12-31": "", "2014-12-31": "", "2013-12-31": "", "2013-05-31": "", "2012-05-31": "", "2011-05-31": "", "2010-05-31": "", "2009-05-31": "", "2008-05-31": "", "2007-05-31": "", "2006-05-31": "", "2005-05-31": ""}, "Net Income": {"2019-12-31": "-1067.40000", "2018-12-31": "470.00000", "2017-12-31": "-107.20000", "2016-12-31": "297.80000", "2015-12-31": "1000.40000", "2014-12-31": "1028.60000", "2013-12-31": "340.00000", "2013-05-31": "1888.70000", "2012-05-31": "1930.20000", "2011-05-31": "2514.60000", "2010-05-31": "827.10000", "2009-05-31": "2350.20000", "2008-05-31": "2082.80000", "2007-05-31": "419.70000", "2006-05-31": "-132.50000", "2005-05-31": "161.30000"}, "EBITDA": {"2019-12-31": "433.30050", "2018-12-31": "1811.00000", "2017-12-31": "1156.90000", "2016-12-31": "1070.60000", "2015-12-31": "2051.00000", "2014-12-31": "2153.80000", "2013-12-31": "824.70000", "2013-05-31": "2847.70000", "2012-05-31": "3151.60100", "2011-05-31": "3143.20000", "2010-05-31": "1745.40000", "2009-05-31": "2818.30000", "2008-05-31": "3209.80000", "2007-05-31": "953.90030", "2006-05-31": "424.19990", "2005-05-31": "511.00020"}, "EBIT": {"2019-12-31": "-1094.89900", "2018-12-31": "928.29980", "2017-12-31": "465.70020", "2016-12-31": "319.00000", "2015-12-31": "1278.80000", "2014-12-31": "1311.80000", "2013-12-31": "416.89990", "2013-05-31": "2209.60000", "2012-05-31": "2611.10100", "2011-05-31": "2664.20000", "2010-05-31": "1270.80000", "2009-05-31": "2400.90000", "2008-05-31": "2806.70000", "2007-05-31": "616.30030", "2006-05-31": "101.89990", "2005-05-31": "318.50020"}, "Basic Shares Outstanding": {"2019-12-31": "383.80000", "2018-12-31": "384.80000", "2017-12-31": "350.90000", "2016-12-31": "350.40000", "2015-12-31": "358.50000", "2014-12-31": "374.10000", "2013-12-31": "420.80000", "2013-05-31": "425.70000", "2012-05-31": "435.20000", "2011-05-31": "446.00000", "2010-05-31": "445.10000", "2009-05-31": "444.30000", "2008-05-31": "442.70000", "2007-05-31": "434.30000", "2006-05-31": "382.20000", "2005-05-31": "327.80000"}, "Shares Outstanding": {"2019-12-31": "383.80000", "2018-12-31": "386.40000", "2017-12-31": "350.90000", "2016-12-31": "351.70000", "2015-12-31": "360.30000", "2014-12-31": "375.60000", "2013-12-31": "422.00000", "2013-05-31": "426.90000", "2012-05-31": "436.50000", "2011-05-31": "447.50000", "2010-05-31": "446.60000", "2009-05-31": "446.20000", "2008-05-31": "445.70000", "2007-05-31": "440.30000", "2006-05-31": "382.20000", "2005-05-31": "360.40000"}, "Basic EPS": {"2019-12-31": "-2.78000", "2018-12-31": "1.22000", "2017-12-31": "-0.31000", "2016-12-31": "0.85000", "2015-12-31": "2.79000", "2014-12-31": "2.69000", "2013-12-31": "0.80000", "2013-05-31": "4.44000", "2012-05-31": "4.44000", "2011-05-31": "5.64000", "2010-05-31": "1.86000", "2009-05-31": "5.29000", "2008-05-31": "4.70000", "2007-05-31": "0.97000", "2006-05-31": "-0.35000", "2005-05-31": "0.48000"}, "EPS - Earnings Per Share": {"2019-12-31": "-2.78000", "2018-12-31": "1.22000", "2017-12-31": "-0.31000", "2016-12-31": "0.85000", "2015-12-31": "2.78000", "2014-12-31": "2.68000", "2013-12-31": "0.80000", "2013-05-31": "4.42000", "2012-05-31": "4.42000", "2011-05-31": "5.62000", "2010-05-31": "1.85000", "2009-05-31": "5.27000", "2008-05-31": "4.67000", "2007-05-31": "0.95000", "2006-05-31": "-0.35000", "2005-05-31": "0.46000"}}, "income statement, quarterly": {"Revenue": {"2020-09-30": "2381.50000", "2020-06-30": "2044.70000", "2020-03-31": "1798.10000", "2019-12-31": "2076.30000", "2019-09-30": "2753.40000", "2019-06-30": "2176.90000", "2019-03-31": "1899.70000", "2018-12-31": "2520.50000", "2018-09-30": "2928.10000", "2018-06-30": "2205.00000", "2018-03-31": "1933.70000", "2017-12-31": "2091.89900", "2017-09-30": "1984.80000", "2017-06-30": "1754.60000", "2017-03-31": "1578.10000", "2016-12-31": "1862.00000", "2016-09-30": "1952.20000", "2016-06-30": "1674.60000", "2016-03-31": "1674.00000", "2015-12-31": "2163.20000", "2015-09-30": "2105.50000", "2015-06-30": "2487.50000", "2015-03-31": "2139.10000", "2014-12-31": "2378.69900", "2014-09-30": "2250.70000", "2014-06-30": "2440.20000", "2014-03-31": "1986.20000", "2013-12-31": "2181.50000", "2013-09-30": "1908.70000", "2013-06-30": "2618.70000", "2013-05-31": "", "2013-03-31": "2312.40000", "2013-02-28": "2240.60000", "2012-11-30": "2536.20000", "2012-09-30": "2645.70000", "2012-08-31": "2505.10000", "2012-05-31": "", "2012-02-29": "2189.50000", "2011-11-30": "3014.50000", "2011-08-31": "3083.30000", "2011-05-31": "", "2011-02-28": "2214.30000", "2010-11-30": "2674.80000", "2010-08-31": "2188.30000", "2010-05-31": "", "2010-02-28": "1731.90000", "2009-11-30": "1709.70000", "2009-08-31": "1457.20000", "2009-05-31": "", "2009-02-28": "1375.50000", "2008-11-30": "3006.50000", "2008-08-31": "4322.50000", "2008-05-31": "", "2008-02-29": "2147.20000", "2007-11-30": "2195.40000", "2007-08-31": "2003.30000", "2007-05-31": "", "2007-02-28": "1278.70000", "2006-11-30": "1522.00000", "2006-08-31": "1288.60000", "2006-05-31": "", "2006-02-28": "1073.20000", "2005-11-30": "1497.50000", "2005-08-31": "1403.60000", "2005-05-31": "", "2005-02-28": "1144.50000"}, "Cost Of Goods Sold": {"2020-09-30": "2026.40000", "2020-06-30": "1787.70000", "2020-03-31": "1756.70000", "2019-12-31": "1995.60000", "2019-09-30": "2473.50000", "2019-06-30": "1949.70000", "2019-03-31": "1590.20000", "2018-12-31": "2054.30000", "2018-09-30": "2432.60000", "2018-06-30": "1910.40000", "2018-03-31": "1691.60000", "2017-12-31": "1811.80000", "2017-09-30": "1744.00000", "2017-06-30": "1562.30000", "2017-03-31": "1448.50000", "2016-12-31": "1656.00000", "2016-09-30": "1738.90000", "2016-06-30": "1520.60000", "2016-03-31": "1437.30000", "2015-12-31": "1807.70000", "2015-09-30": "1770.20000", "2015-06-30": "1879.60000", "2015-03-31": "1719.90000", "2014-12-31": "1799.50000", "2014-09-30": "1836.00000", "2014-06-30": "1919.10000", "2014-03-31": "1574.60000", "2013-12-31": "1860.00000", "2013-09-30": "1521.80000", "2013-06-30": "1953.40000", "2013-05-31": "", "2013-03-31": "1670.60000", "2013-02-28": "1672.20000", "2012-11-30": "1860.30000", "2012-09-30": "1871.10000", "2012-08-31": "1757.80000", "2012-05-31": "", "2012-02-29": "1667.70000", "2011-11-30": "2133.30000", "2011-08-31": "2235.10000", "2011-05-31": "", "2011-02-28": "1360.70000", "2010-11-30": "1906.50000", "2010-08-31": "1683.60000", "2010-05-31": "", "2010-02-28": "1255.40000", "2009-11-30": "1402.70000", "2009-08-31": "1235.00000", "2009-05-31": "", "2009-02-28": "1235.20000", "2008-11-30": "2232.80000", "2008-08-31": "2673.90000", "2008-05-31": "", "2008-02-29": "1419.30000", "2007-11-30": "1572.30000", "2007-08-31": "1481.50000", "2007-05-31": "", "2007-02-28": "1165.60000", "2006-11-30": "1361.50000", "2006-08-31": "1092.30000", "2006-05-31": "", "2006-02-28": "1059.20000", "2005-11-30": "1289.10000", "2005-08-31": "1154.80000", "2005-05-31": "", "2005-02-28": "1008.00000"}, "Gross Profit": {"2020-09-30": "355.10000", "2020-06-30": "257.00000", "2020-03-31": "41.40000", "2019-12-31": "80.70000", "2019-09-30": "279.89990", "2019-06-30": "227.20000", "2019-03-31": "309.50000", "2018-12-31": "466.20000", "2018-09-30": "495.50000", "2018-06-30": "294.60000", "2018-03-31": "242.10000", "2017-12-31": "280.09940", "2017-09-30": "240.80000", "2017-06-30": "192.29990", "2017-03-31": "129.60000", "2016-12-31": "205.99980", "2016-09-30": "213.29990", "2016-06-30": "154.00000", "2016-03-31": "236.70000", "2015-12-31": "355.49960", "2015-09-30": "335.30000", "2015-06-30": "607.90000", "2015-03-31": "419.20010", "2014-12-31": "579.19930", "2014-09-30": "414.70000", "2014-06-30": "521.10000", "2014-03-31": "411.60000", "2013-12-31": "321.50000", "2013-09-30": "386.89990", "2013-06-30": "665.29990", "2013-05-31": "", "2013-03-31": "641.79990", "2013-02-28": "568.40010", "2012-11-30": "675.89990", "2012-09-30": "774.60000", "2012-08-31": "747.30000", "2012-05-31": "", "2012-02-29": "521.80000", "2011-11-30": "881.20000", "2011-08-31": "848.20000", "2011-05-31": "", "2011-02-28": "853.60010", "2010-11-30": "768.30000", "2010-08-31": "504.70010", "2010-05-31": "", "2010-02-28": "476.50000", "2009-11-30": "307.00000", "2009-08-31": "222.20000", "2009-05-31": "", "2009-02-28": "140.29990", "2008-11-30": "773.70000", "2008-08-31": "1648.60000", "2008-05-31": "", "2008-02-29": "727.89990", "2007-11-30": "623.09990", "2007-08-31": "521.80000", "2007-05-31": "", "2007-02-28": "113.10000", "2006-11-30": "160.50000", "2006-08-31": "196.29990", "2006-05-31": "", "2006-02-28": "14.00000", "2005-11-30": "208.40000", "2005-08-31": "248.79990", "2005-05-31": "", "2005-02-28": "136.50000"}, "Research And Development Expenses": {"2020-09-30": "", "2020-06-30": "", "2020-03-31": "", "2019-12-31": "", "2019-09-30": "", "2019-06-30": "", "2019-03-31": "", "2018-12-31": "", "2018-09-30": "", "2018-06-30": "", "2018-03-31": "", "2017-12-31": "", "2017-09-30": "", "2017-06-30": "", "2017-03-31": "", "2016-12-31": "", "2016-09-30": "", "2016-06-30": "", "2016-03-31": "", "2015-12-31": "", "2015-09-30": "", "2015-06-30": "", "2015-03-31": "", "2014-12-31": "", "2014-09-30": "", "2014-06-30": "", "2014-03-31": "", "2013-12-31": "", "2013-09-30": "", "2013-06-30": "", "2013-05-31": "", "2013-03-31": "", "2013-02-28": "", "2012-11-30": "", "2012-09-30": "", "2012-08-31": "", "2012-05-31": "", "2012-02-29": "", "2011-11-30": "", "2011-08-31": "", "2011-05-31": "", "2011-02-28": "", "2010-11-30": "", "2010-08-31": "", "2010-05-31": "", "2010-02-28": "", "2009-11-30": "", "2009-08-31": "", "2009-05-31": "", "2009-02-28": "", "2008-11-30": "", "2008-08-31": "", "2008-05-31": "", "2008-02-29": "", "2007-11-30": "", "2007-08-31": "", "2007-05-31": "", "2007-02-28": "", "2006-11-30": "", "2006-08-31": "", "2006-05-31": "", "2006-02-28": "", "2005-11-30": "", "2005-08-31": "", "2005-05-31": "", "2005-02-28": ""}, "SG&A Expenses": {"2020-09-30": "97.60000", "2020-06-30": "95.10000", "2020-03-31": "67.90000", "2019-12-31": "104.30000", "2019-09-30": "78.20000", "2019-06-30": "78.10000", "2019-03-31": "93.50000", "2018-12-31": "89.70000", "2018-09-30": "78.50000", "2018-06-30": "79.30000", "2018-03-31": "93.60000", "2017-12-31": "83.10000", "2017-09-30": "66.10000", "2017-06-30": "71.20000", "2017-03-31": "80.90000", "2016-12-31": "74.60000", "2016-09-30": "66.90000", "2016-06-30": "72.90000", "2016-03-31": "89.80000", "2015-12-31": "94.90000", "2015-09-30": "76.60000", "2015-06-30": "89.30000", "2015-03-31": "100.40000", "2014-12-31": "91.00000", "2014-09-30": "83.90000", "2014-06-30": "87.50000", "2014-03-31": "120.00000", "2013-12-31": "91.20000", "2013-09-30": "94.40000", "2013-06-30": "116.10000", "2013-05-31": "", "2013-03-31": "91.90000", "2013-02-28": "90.40000", "2012-11-30": "102.80000", "2012-09-30": "114.80000", "2012-08-31": "111.70000", "2012-05-31": "", "2012-02-29": "91.30000", "2011-11-30": "100.60000", "2011-08-31": "101.10000", "2011-05-31": "", "2011-02-28": "83.60000", "2010-11-30": "89.30000", "2010-08-31": "88.10000", "2010-05-31": "", "2010-02-28": "82.30000", "2009-11-30": "82.90000", "2009-08-31": "81.40000", "2009-05-31": "", "2009-02-28": "71.30000", "2008-11-30": "76.80000", "2008-08-31": "90.00000", "2008-05-31": "", "2008-02-29": "81.20000", "2007-11-30": "79.80000", "2007-08-31": "66.60000", "2007-05-31": "", "2007-02-28": "77.80000", "2006-11-30": "70.40000", "2006-08-31": "65.70000", "2006-05-31": "", "2006-02-28": "61.80000", "2005-11-30": "68.00000", "2005-08-31": "57.00000", "2005-05-31": "", "2005-02-28": "64.80000"}, "Other Operating Income Or Expenses": {"2020-09-30": "-159.00000", "2020-06-30": "-76.10000", "2020-03-31": "-39.70000", "2019-12-31": "291.10000", "2019-09-30": "-62.20000", "2019-06-30": "-391.00000", "2019-03-31": "-13.90000", "2018-12-31": "-118.50000", "2018-09-30": "-23.70000", "2018-06-30": "-19.00000", "2018-03-31": "-67.80000", "2017-12-31": "-69.90000", "2017-09-30": "39.20000", "2017-06-30": "-26.50000", "2017-03-31": "-18.60000", "2016-12-31": "-57.80000", "2016-09-30": "-76.70000", "2016-06-30": "-68.80000", "2016-03-31": "16.50000", "2015-12-31": "-56.30000", "2015-09-30": "-12.70000", "2015-06-30": "-8.60000", "2015-03-31": "-0.30000", "2014-12-31": "-65.10000", "2014-09-30": "13.50000", "2014-06-30": "-30.40000", "2014-03-31": "-25.00000", "2013-12-31": "-51.30000", "2013-09-30": "-148.40000", "2013-06-30": "-23.50000", "2013-05-31": "", "2013-03-31": "-58.80000", "2013-02-28": "-58.90000", "2012-11-30": "-13.50000", "2012-09-30": "-16.10000", "2012-08-31": "-25.40000", "2012-05-31": "", "2012-02-29": "-16.80000", "2011-11-30": "16.40000", "2011-08-31": "-17.50000", "2011-05-31": "", "2011-02-28": "0.80000", "2010-11-30": "-20.80000", "2010-08-31": "-6.30000", "2010-05-31": "", "2010-02-28": "-5.30000", "2009-11-30": "-24.00000", "2009-08-31": "-6.60000", "2009-05-31": "", "2009-02-28": "-25.30000", "2008-11-30": "-14.90000", "2008-08-31": "-9.70000", "2008-05-31": "", "2008-02-29": "0.70000", "2007-11-30": "-13.70000", "2007-08-31": "-5.60000", "2007-05-31": "", "2007-02-28": "-1.10000", "2006-11-30": "0.60000", "2006-08-31": "1.00000", "2006-05-31": "", "2006-02-28": "3.40000", "2005-11-30": "-1.10000", "2005-08-31": "0.20000", "2005-05-31": "", "2005-02-28": "-1.00000"}, "Operating Expenses": {"2020-09-30": "2283.00000", "2020-06-30": "1958.90000", "2020-03-31": "1864.30000", "2019-12-31": "3270.89900", "2019-09-30": "2613.90000", "2019-06-30": "2418.80000", "2019-03-31": "1697.60000", "2018-12-31": "2262.50000", "2018-09-30": "2534.80000", "2018-06-30": "2008.70000", "2018-03-31": "1853.00000", "2017-12-31": "1964.80000", "2017-09-30": "1770.90000", "2017-06-30": "1660.00000", "2017-03-31": "1548.00000", "2016-12-31": "1788.40000", "2016-09-30": "1882.50000", "2016-06-30": "1662.30000", "2016-03-31": "1510.60000", "2015-12-31": "1958.90000", "2015-09-30": "1859.50000", "2015-06-30": "1977.50000", "2015-03-31": "1820.60000", "2014-12-31": "2014.00000", "2014-09-30": "1973.40000", "2014-06-30": "2037.00000", "2014-03-31": "1719.60000", "2013-12-31": "2002.50000", "2013-09-30": "1764.60000", "2013-06-30": "2093.00000", "2013-05-31": "", "2013-03-31": "1821.30000", "2013-02-28": "1821.50000", "2012-11-30": "1976.60000", "2012-09-30": "2002.00000", "2012-08-31": "1894.90000", "2012-05-31": "", "2012-02-29": "1775.80000", "2011-11-30": "2217.50000", "2011-08-31": "2353.70000", "2011-05-31": "", "2011-02-28": "1443.50000", "2010-11-30": "2016.60000", "2010-08-31": "1778.00000", "2010-05-31": "", "2010-02-28": "1343.00000", "2009-11-30": "1509.60000", "2009-08-31": "1323.00000", "2009-05-31": "", "2009-02-28": "1331.80000", "2008-11-30": "2324.50000", "2008-08-31": "2773.60000", "2008-05-31": "", "2008-02-29": "1499.80000", "2007-11-30": "1665.80000", "2007-08-31": "1553.70000", "2007-05-31": "", "2007-02-28": "1244.50000", "2006-11-30": "1431.30000", "2006-08-31": "1157.00000", "2006-05-31": "", "2006-02-28": "1117.60000", "2005-11-30": "1358.20000", "2005-08-31": "1211.60000", "2005-05-31": "", "2005-02-28": "1073.80000"}, "Operating Income": {"2020-09-30": "98.50000", "2020-06-30": "85.80010", "2020-03-31": "-66.20000", "2019-12-31": "-1194.59900", "2019-09-30": "139.50000", "2019-06-30": "-241.89990", "2019-03-31": "202.10000", "2018-12-31": "257.99980", "2018-09-30": "393.30000", "2018-06-30": "196.29990", "2018-03-31": "80.70000", "2017-12-31": "127.09960", "2017-09-30": "213.90000", "2017-06-30": "94.60000", "2017-03-31": "30.10000", "2016-12-31": "73.59990", "2016-09-30": "69.70000", "2016-06-30": "12.29990", "2016-03-31": "163.39990", "2015-12-31": "204.29980", "2015-09-30": "246.00010", "2015-06-30": "510.00000", "2015-03-31": "318.50000", "2014-12-31": "364.69930", "2014-09-30": "277.29990", "2014-06-30": "403.20000", "2014-03-31": "266.60000", "2013-12-31": "179.00000", "2013-09-30": "144.09990", "2013-06-30": "525.70000", "2013-05-31": "", "2013-03-31": "491.09990", "2013-02-28": "419.10010", "2012-11-30": "559.59990", "2012-09-30": "643.70000", "2012-08-31": "610.20010", "2012-05-31": "", "2012-02-29": "413.70000", "2011-11-30": "796.99980", "2011-08-31": "729.59990", "2011-05-31": "", "2011-02-28": "770.80020", "2010-11-30": "658.20000", "2010-08-31": "410.30000", "2010-05-31": "", "2010-02-28": "388.89990", "2009-11-30": "200.10000", "2009-08-31": "134.20000", "2009-05-31": "", "2009-02-28": "43.69980", "2008-11-30": "682.00000", "2008-08-31": "1548.90000", "2008-05-31": "", "2008-02-29": "647.39990", "2007-11-30": "529.59990", "2007-08-31": "449.60010", "2007-05-31": "", "2007-02-28": "34.20000", "2006-11-30": "90.70000", "2006-08-31": "131.60000", "2006-05-31": "", "2006-02-28": "-44.40000", "2005-11-30": "139.30000", "2005-08-31": "191.99990", "2005-05-31": "", "2005-02-28": "70.70000"}, "Total Non-Operating Income/Expense": {"2020-09-30": "-32.50000", "2020-06-30": "-12.80000", "2020-03-31": "-250.80000", "2019-12-31": "-19.50000", "2019-09-30": "-87.30000", "2019-06-30": "-28.90000", "2019-03-31": "-25.50000", "2018-12-31": "-112.70000", "2018-09-30": "-50.70000", "2018-06-30": "-126.20000", "2018-03-31": "-87.20000", "2017-12-31": "-67.90000", "2017-09-30": "23.50000", "2017-06-30": "-25.90000", "2017-03-31": "-21.40000", "2016-12-31": "-62.00000", "2016-09-30": "-57.40000", "2016-06-30": "-19.50000", "2016-03-31": "62.30000", "2015-12-31": "-62.50000", "2015-09-30": "-73.90000", "2015-06-30": "-47.30000", "2015-03-31": "8.20000", "2014-12-31": "16.50000", "2014-09-30": "7.30000", "2014-06-30": "-70.10000", "2014-03-31": "-48.20000", "2013-12-31": "76.90000", "2013-09-30": "-27.40000", "2013-06-30": "25.40000", "2013-05-31": "", "2013-03-31": "20.20000", "2013-02-28": "35.50000", "2012-11-30": "-12.10000", "2012-09-30": "-22.80000", "2012-08-31": "-23.40000", "2012-05-31": "", "2012-02-29": "-59.00000", "2011-11-30": "58.40000", "2011-08-31": "0.10000", "2011-05-31": "", "2011-02-28": "-48.00000", "2010-11-30": "648.80000", "2010-08-31": "-5.60000", "2010-05-31": "", "2010-02-28": "-31.60000", "2009-11-30": "-28.90000", "2009-08-31": "-1.40000", "2009-05-31": "", "2009-02-28": "39.10000", "2008-11-30": "701.80000", "2008-08-31": "77.60000", "2008-05-31": "", "2008-02-29": "3.30000", "2007-11-30": "-76.70000", "2007-08-31": "-53.40000", "2007-05-31": "", "2007-02-28": "9.50000", "2006-11-30": "-15.10000", "2006-08-31": "-17.60000", "2006-05-31": "", "2006-02-28": "-56.30000", "2005-11-30": "-52.80000", "2005-08-31": "-76.40000", "2005-05-31": "", "2005-02-28": "-73.80000"}, "Pre-Tax Income": {"2020-09-30": "66.00000", "2020-06-30": "73.00000", "2020-03-31": "-317.00000", "2019-12-31": "-1214.10000", "2019-09-30": "52.20000", "2019-06-30": "-270.80000", "2019-03-31": "176.60000", "2018-12-31": "145.30000", "2018-09-30": "342.60000", "2018-06-30": "70.10000", "2018-03-31": "-6.50000", "2017-12-31": "59.20000", "2017-09-30": "237.40000", "2017-06-30": "68.70000", "2017-03-31": "8.70000", "2016-12-31": "11.60000", "2016-09-30": "12.30000", "2016-06-30": "-7.20000", "2016-03-31": "225.70000", "2015-12-31": "141.80000", "2015-09-30": "172.10000", "2015-06-30": "462.70000", "2015-03-31": "326.70000", "2014-12-31": "381.20010", "2014-09-30": "284.60000", "2014-06-30": "333.10000", "2014-03-31": "218.40000", "2013-12-31": "255.90000", "2013-09-30": "116.70000", "2013-06-30": "551.10000", "2013-05-31": "", "2013-03-31": "511.30000", "2013-02-28": "454.60000", "2012-11-30": "547.50000", "2012-09-30": "620.90000", "2012-08-31": "586.80000", "2012-05-31": "", "2012-02-29": "354.70000", "2011-11-30": "855.40000", "2011-08-31": "729.70000", "2011-05-31": "", "2011-02-28": "722.80000", "2010-11-30": "1307.00000", "2010-08-31": "404.70000", "2010-05-31": "", "2010-02-28": "357.30000", "2009-11-30": "171.20000", "2009-08-31": "132.80000", "2009-05-31": "", "2009-02-28": "82.80000", "2008-11-30": "1383.80000", "2008-08-31": "1626.50000", "2008-05-31": "", "2008-02-29": "650.70000", "2007-11-30": "452.90000", "2007-08-31": "396.20000", "2007-05-31": "", "2007-02-28": "43.70000", "2006-11-30": "75.60000", "2006-08-31": "114.00000", "2006-05-31": "", "2006-02-28": "-100.70000", "2005-11-30": "86.50000", "2005-08-31": "115.60000", "2005-05-31": "", "2005-02-28": "57.90000"}, "Income Taxes": {"2020-09-30": "38.10000", "2020-06-30": "-2.70000", "2020-03-31": "-133.00000", "2019-12-31": "-288.80000", "2019-09-30": "69.20000", "2019-06-30": "-51.70000", "2019-03-31": "46.60000", "2018-12-31": "32.70000", "2018-09-30": "90.60000", "2018-06-30": "3.70000", "2018-03-31": "-49.90000", "2017-12-31": "490.20000", "2017-09-30": "17.60000", "2017-06-30": "-22.60000", "2017-03-31": "9.70000", "2016-12-31": "-5.60000", "2016-09-30": "-30.10000", "2016-06-30": "-9.80000", "2016-03-31": "-28.70000", "2015-12-31": "-14.30000", "2015-09-30": "10.10000", "2015-06-30": "72.60000", "2015-03-31": "30.70000", "2014-12-31": "27.00000", "2014-09-30": "77.60000", "2014-06-30": "82.70000", "2014-03-31": "-2.60000", "2013-12-31": "131.20000", "2013-09-30": "-6.60000", "2013-06-30": "126.30000", "2013-05-31": "", "2013-03-31": "133.70000", "2013-02-28": "108.90000", "2012-11-30": "-78.10000", "2012-09-30": "189.00000", "2012-08-31": "163.30000", "2012-05-31": "", "2012-02-29": "87.00000", "2011-11-30": "230.70000", "2011-08-31": "205.10000", "2011-05-31": "", "2011-02-28": "175.90000", "2010-11-30": "281.30000", "2010-08-31": "109.60000", "2010-05-31": "", "2010-02-28": "125.30000", "2009-11-30": "50.40000", "2009-08-31": "32.80000", "2009-05-31": "", "2009-02-28": "30.70000", "2008-11-30": "451.20000", "2008-08-31": "497.70000", "2008-05-31": "", "2008-02-29": "159.20000", "2007-11-30": "100.90000", "2007-08-31": "100.80000", "2007-05-31": "", "2007-02-28": "6.60000", "2006-11-30": "24.10000", "2006-08-31": "7.40000", "2006-05-31": "", "2006-02-28": "-27.20000", "2005-11-30": "42.30000", "2005-08-31": "51.50000", "2005-05-31": "", "2005-02-28": "38.50000"}, "Income After Taxes": {"2020-09-30": "27.90000", "2020-06-30": "75.70000", "2020-03-31": "-184.00000", "2019-12-31": "-925.30000", "2019-09-30": "-17.00000", "2019-06-30": "-219.10000", "2019-03-31": "130.00000", "2018-12-31": "112.60000", "2018-09-30": "252.00000", "2018-06-30": "66.40000", "2018-03-31": "43.40000", "2017-12-31": "-431.00000", "2017-09-30": "219.80000", "2017-06-30": "91.30000", "2017-03-31": "-1.00000", "2016-12-31": "17.20000", "2016-09-30": "42.40000", "2016-06-30": "2.60000", "2016-03-31": "254.40000", "2015-12-31": "156.10010", "2015-09-30": "162.00000", "2015-06-30": "390.10000", "2015-03-31": "296.00000", "2014-12-31": "354.20010", "2014-09-30": "207.00000", "2014-06-30": "250.40000", "2014-03-31": "221.00000", "2013-12-31": "124.70000", "2013-09-30": "123.30000", "2013-06-30": "424.80000", "2013-05-31": "", "2013-03-31": "377.60000", "2013-02-28": "345.70000", "2012-11-30": "625.60000", "2012-09-30": "431.90000", "2012-08-31": "423.50000", "2012-05-31": "", "2012-02-29": "267.70000", "2011-11-30": "624.70000", "2011-08-31": "524.60000", "2011-05-31": "", "2011-02-28": "546.90000", "2010-11-30": "1025.70000", "2010-08-31": "295.10000", "2010-05-31": "", "2010-02-28": "232.00000", "2009-11-30": "120.80000", "2009-08-31": "100.00000", "2009-05-31": "", "2009-02-28": "52.10000", "2008-11-30": "932.60000", "2008-08-31": "1128.80000", "2008-05-31": "", "2008-02-29": "491.50000", "2007-11-30": "352.00000", "2007-08-31": "295.40000", "2007-05-31": "", "2007-02-28": "37.10000", "2006-11-30": "51.50000", "2006-08-31": "106.60000", "2006-05-31": "", "2006-02-28": "-73.50000", "2005-11-30": "44.20000", "2005-08-31": "64.10000", "2005-05-31": "", "2005-02-28": "19.40000"}, "Other Income": {"2020-09-30": "", "2020-06-30": "", "2020-03-31": "", "2019-12-31": "", "2019-09-30": "", "2019-06-30": "", "2019-03-31": "", "2018-12-31": "", "2018-09-30": "", "2018-06-30": "", "2018-03-31": "", "2017-12-31": "", "2017-09-30": "", "2017-06-30": "", "2017-03-31": "", "2016-12-31": "", "2016-09-30": "", "2016-06-30": "", "2016-03-31": "", "2015-12-31": "", "2015-09-30": "", "2015-06-30": "", "2015-03-31": "", "2014-12-31": "", "2014-09-30": "", "2014-06-30": "", "2014-03-31": "", "2013-12-31": "", "2013-09-30": "", "2013-06-30": "", "2013-05-31": "", "2013-03-31": "", "2013-02-28": "", "2012-11-30": "", "2012-09-30": "", "2012-08-31": "", "2012-05-31": "", "2012-02-29": "", "2011-11-30": "", "2011-08-31": "", "2011-05-31": "", "2011-02-28": "", "2010-11-30": "", "2010-08-31": "", "2010-05-31": "", "2010-02-28": "", "2009-11-30": "", "2009-08-31": "", "2009-05-31": "", "2009-02-28": "", "2008-11-30": "", "2008-08-31": "", "2008-05-31": "", "2008-02-29": "", "2007-11-30": "", "2007-08-31": "", "2007-05-31": "", "2007-02-28": "", "2006-11-30": "", "2006-08-31": "", "2006-05-31": "", "2006-02-28": "", "2005-11-30": "", "2005-08-31": "", "2005-05-31": "", "2005-02-28": ""}, "Income From Continuous Operations": {"2020-09-30": "-4.60000", "2020-06-30": "45.90000", "2020-03-31": "-204.00000", "2019-12-31": "-950.40000", "2019-09-30": "-40.00000", "2019-06-30": "-230.30000", "2019-03-31": "129.90000", "2018-12-31": "112.00000", "2018-09-30": "249.70000", "2018-06-30": "68.10000", "2018-03-31": "40.10000", "2017-12-31": "-429.80000", "2017-09-30": "229.60000", "2017-06-30": "97.10000", "2017-03-31": "-1.10000", "2016-12-31": "14.70000", "2016-09-30": "40.70000", "2016-06-30": "-11.10000", "2016-03-31": "256.90000", "2015-12-31": "156.40000", "2015-09-30": "160.70000", "2015-06-30": "390.10000", "2015-03-31": "294.60000", "2014-12-31": "361.60010", "2014-09-30": "202.90000", "2014-06-30": "248.20000", "2014-03-31": "217.70000", "2013-12-31": "128.90000", "2013-09-30": "125.80000", "2013-06-30": "430.00000", "2013-05-31": "", "2013-03-31": "377.60000", "2013-02-28": "345.40000", "2012-11-30": "630.30000", "2012-09-30": "419.00000", "2012-08-31": "430.70000", "2012-05-31": "", "2012-02-29": "271.90000", "2011-11-30": "625.60000", "2011-08-31": "526.40000", "2011-05-31": "", "2011-02-28": "542.60000", "2010-11-30": "1026.80000", "2010-08-31": "298.90000", "2010-05-31": "", "2010-02-28": "223.50000", "2009-11-30": "109.00000", "2009-08-31": "102.50000", "2009-05-31": "", "2009-02-28": "58.10000", "2008-11-30": "961.30000", "2008-08-31": "1188.60000", "2008-05-31": "", "2008-02-29": "520.80000", "2007-11-30": "394.00000", "2007-08-31": "305.50000", "2007-05-31": "", "2007-02-28": "42.20000", "2006-11-30": "65.90000", "2006-08-31": "109.00000", "2006-05-31": "", "2006-02-28": "-71.60000", "2005-11-30": "55.00000", "2005-08-31": "76.10000", "2005-05-31": "", "2005-02-28": "38.80000"}, "Income From Discontinued Operations": {"2020-09-30": "", "2020-06-30": "", "2020-03-31": "", "2019-12-31": "", "2019-09-30": "", "2019-06-30": "", "2019-03-31": "", "2018-12-31": "", "2018-09-30": "", "2018-06-30": "", "2018-03-31": "", "2017-12-31": "", "2017-09-30": "", "2017-06-30": "", "2017-03-31": "", "2016-12-31": "", "2016-09-30": "", "2016-06-30": "", "2016-03-31": "", "2015-12-31": "", "2015-09-30": "", "2015-06-30": "", "2015-03-31": "", "2014-12-31": "", "2014-09-30": "", "2014-06-30": "", "2014-03-31": "", "2013-12-31": "", "2013-09-30": "", "2013-06-30": "", "2013-05-31": "", "2013-03-31": "", "2013-02-28": "", "2012-11-30": "", "2012-09-30": "", "2012-08-31": "", "2012-05-31": "", "2012-02-29": "", "2011-11-30": "", "2011-08-31": "", "2011-05-31": "", "2011-02-28": "", "2010-11-30": "", "2010-08-31": "", "2010-05-31": "", "2010-02-28": "", "2009-11-30": "", "2009-08-31": "", "2009-05-31": "", "2009-02-28": "", "2008-11-30": "", "2008-08-31": "", "2008-05-31": "", "2008-02-29": "", "2007-11-30": "", "2007-08-31": "", "2007-05-31": "", "2007-02-28": "", "2006-11-30": "", "2006-08-31": "", "2006-05-31": "", "2006-02-28": "", "2005-11-30": "", "2005-08-31": "", "2005-05-31": "", "2005-02-28": ""}, "Net Income": {"2020-09-30": "-6.20000", "2020-06-30": "47.40000", "2020-03-31": "-203.00000", "2019-12-31": "-921.00010", "2019-09-30": "-44.10000", "2019-06-30": "-233.10000", "2019-03-31": "130.80000", "2018-12-31": "112.30000", "2018-09-30": "247.50000", "2018-06-30": "67.90000", "2018-03-31": "42.30000", "2017-12-31": "-431.10000", "2017-09-30": "227.50000", "2017-06-30": "97.30000", "2017-03-31": "-0.90000", "2016-12-31": "12.00000", "2016-09-30": "39.20000", "2016-06-30": "-10.20000", "2016-03-31": "256.80000", "2015-12-31": "155.00000", "2015-09-30": "160.00000", "2015-06-30": "390.60000", "2015-03-31": "294.80000", "2014-12-31": "360.79990", "2014-09-30": "201.90000", "2014-06-30": "248.40000", "2014-03-31": "217.50000", "2013-12-31": "125.30000", "2013-09-30": "124.40000", "2013-06-30": "429.80000", "2013-05-31": "", "2013-03-31": "379.80000", "2013-02-28": "344.60000", "2012-11-30": "628.80000", "2012-09-30": "417.40000", "2012-08-31": "429.40000", "2012-05-31": "", "2012-02-29": "273.30000", "2011-11-30": "623.60000", "2011-08-31": "526.00000", "2011-05-31": "", "2011-02-28": "542.10000", "2010-11-30": "1025.60000", "2010-08-31": "297.70000", "2010-05-31": "", "2010-02-28": "222.60000", "2009-11-30": "107.80000", "2009-08-31": "100.60000", "2009-05-31": "", "2009-02-28": "58.80000", "2008-11-30": "959.80000", "2008-08-31": "1184.70000", "2008-05-31": "", "2008-02-29": "520.80000", "2007-11-30": "394.00000", "2007-08-31": "305.50000", "2007-05-31": "", "2007-02-28": "42.20000", "2006-11-30": "65.90000", "2006-08-31": "109.00000", "2006-05-31": "", "2006-02-28": "-74.20000", "2005-11-30": "52.50000", "2005-08-31": "73.50000", "2005-05-31": "", "2005-02-28": "36.30000"}, "EBITDA": {"2020-09-30": "321.10000", "2020-06-30": "317.90010", "2020-03-31": "168.90010", "2019-12-31": "-360.29940", "2019-09-30": "365.90000", "2019-06-30": "-7.79990", "2019-03-31": "435.50000", "2018-12-31": "502.09980", "2018-09-30": "619.00000", "2018-06-30": "409.69990", "2018-03-31": "280.20000", "2017-12-31": "305.19960", "2017-09-30": "389.20000", "2017-06-30": "267.10000", "2017-03-31": "195.40000", "2016-12-31": "249.49990", "2016-09-30": "252.60000", "2016-06-30": "211.99990", "2016-03-31": "356.49990", "2015-12-31": "397.99980", "2015-09-30": "435.10010", "2015-06-30": "708.80000", "2015-03-31": "509.10000", "2014-12-31": "578.99930", "2014-09-30": "479.59990", "2014-06-30": "643.80000", "2014-03-31": "451.40000", "2013-12-31": "71.40010", "2013-09-30": "320.09980", "2013-06-30": "700.30000", "2013-05-31": "", "2013-03-31": "655.89980", "2013-02-28": "583.90010", "2012-11-30": "860.79980", "2012-09-30": "643.70000", "2012-08-31": "610.20010", "2012-05-31": "", "2012-02-29": "714.89990", "2011-11-30": "1145.50000", "2011-08-31": "729.59990", "2011-05-31": "", "2011-02-28": "1119.30000", "2010-11-30": "882.90000", "2010-08-31": "410.30000", "2010-05-31": "", "2010-02-28": "613.59990", "2009-11-30": "463.50000", "2009-08-31": "134.20000", "2009-05-31": "", "2009-02-28": "307.09980", "2008-11-30": "959.10000", "2008-08-31": "1548.90000", "2008-05-31": "", "2008-02-29": "924.49990", "2007-11-30": "712.29990", "2007-08-31": "449.60010", "2007-05-31": "", "2007-02-28": "34.20000", "2006-11-30": "90.70000", "2006-08-31": "131.60000", "2006-05-31": "", "2006-02-28": "-44.40000", "2005-11-30": "139.30000", "2005-08-31": "191.99990", "2005-05-31": "", "2005-02-28": "70.70000"}, "EBIT": {"2020-09-30": "98.50000", "2020-06-30": "85.80010", "2020-03-31": "-66.20000", "2019-12-31": "-1194.59900", "2019-09-30": "139.50000", "2019-06-30": "-241.89990", "2019-03-31": "202.10000", "2018-12-31": "257.99990", "2018-09-30": "393.30000", "2018-06-30": "196.29990", "2018-03-31": "80.70000", "2017-12-31": "127.10020", "2017-09-30": "213.90000", "2017-06-30": "94.60000", "2017-03-31": "30.10000", "2016-12-31": "73.60020", "2016-09-30": "69.70000", "2016-06-30": "12.29990", "2016-03-31": "163.39990", "2015-12-31": "204.29970", "2015-09-30": "246.00010", "2015-06-30": "510.00000", "2015-03-31": "318.50000", "2014-12-31": "364.70000", "2014-09-30": "277.29990", "2014-06-30": "403.20000", "2014-03-31": "266.60000", "2013-12-31": "179.00000", "2013-09-30": "144.09990", "2013-06-30": "525.70000", "2013-05-31": "", "2013-03-31": "491.09990", "2013-02-28": "419.10010", "2012-11-30": "559.59990", "2012-09-30": "643.70000", "2012-08-31": "610.20010", "2012-05-31": "", "2012-02-29": "413.70000", "2011-11-30": "796.99980", "2011-08-31": "729.59990", "2011-05-31": "", "2011-02-28": "770.80020", "2010-11-30": "658.20000", "2010-08-31": "410.30000", "2010-05-31": "", "2010-02-28": "388.89990", "2009-11-30": "200.10000", "2009-08-31": "134.20000", "2009-05-31": "", "2009-02-28": "43.69980", "2008-11-30": "682.00000", "2008-08-31": "1548.90000", "2008-05-31": "", "2008-02-29": "647.39990", "2007-11-30": "529.59990", "2007-08-31": "449.60010", "2007-05-31": "", "2007-02-28": "34.20000", "2006-11-30": "90.70000", "2006-08-31": "131.60000", "2006-05-31": "", "2006-02-28": "-44.40000", "2005-11-30": "139.30000", "2005-08-31": "191.99990", "2005-05-31": "", "2005-02-28": "70.70000"}, "Basic Shares Outstanding": {"2020-09-30": "379.10000", "2020-06-30": "379.10000", "2020-03-31": "378.80000", "2019-12-31": "383.80000", "2019-09-30": "385.00000", "2019-06-30": "385.80000", "2019-03-31": "385.50000", "2018-12-31": "384.80000", "2018-09-30": "385.50000", "2018-06-30": "385.40000", "2018-03-31": "382.60000", "2017-12-31": "350.90000", "2017-09-30": "351.10000", "2017-06-30": "351.00000", "2017-03-31": "350.50000", "2016-12-31": "350.40000", "2016-09-30": "350.10000", "2016-06-30": "349.80000", "2016-03-31": "351.30000", "2015-12-31": "358.50000", "2015-09-30": "354.30000", "2015-06-30": "361.30000", "2015-03-31": "366.00000", "2014-12-31": "374.10000", "2014-09-30": "374.00000", "2014-06-30": "374.20000", "2014-03-31": "378.20000", "2013-12-31": "414.20000", "2013-09-30": "425.90000", "2013-06-30": "425.80000", "2013-05-31": "", "2013-03-31": "425.70000", "2013-02-28": "425.70000", "2012-11-30": "425.70000", "2012-09-30": "425.60000", "2012-08-31": "425.50000", "2012-05-31": "", "2012-02-29": "425.40000", "2011-11-30": "443.40000", "2011-08-31": "446.60000", "2011-05-31": "", "2011-02-28": "446.30000", "2010-11-30": "445.80000", "2010-08-31": "445.50000", "2010-05-31": "", "2010-02-28": "445.20000", "2009-11-30": "445.00000", "2009-08-31": "444.60000", "2009-05-31": "", "2009-02-28": "444.40000", "2008-11-30": "444.30000", "2008-08-31": "444.10000", "2008-05-31": "", "2008-02-29": "443.30000", "2007-11-30": "442.30000", "2007-08-31": "441.40000", "2007-05-31": "", "2007-02-28": "439.50000", "2006-11-30": "438.10000", "2006-08-31": "419.50000", "2006-05-31": "", "2006-02-28": "383.60000", "2005-11-30": "381.10000", "2005-08-31": "380.00000", "2005-05-31": "", "2005-02-28": "377.90000"}, "Shares Outstanding": {"2020-09-30": "379.10000", "2020-06-30": "381.30000", "2020-03-31": "378.80000", "2019-12-31": "383.80000", "2019-09-30": "385.00000", "2019-06-30": "385.80000", "2019-03-31": "387.40000", "2018-12-31": "386.40000", "2018-09-30": "387.50000", "2018-06-30": "387.20000", "2018-03-31": "384.10000", "2017-12-31": "350.90000", "2017-09-30": "352.20000", "2017-06-30": "352.00000", "2017-03-31": "350.50000", "2016-12-31": "351.70000", "2016-09-30": "351.50000", "2016-06-30": "349.80000", "2016-03-31": "353.20000", "2015-12-31": "360.30000", "2015-09-30": "356.00000", "2015-06-30": "363.30000", "2015-03-31": "367.90000", "2014-12-31": "375.60000", "2014-09-30": "375.90000", "2014-06-30": "376.20000", "2014-03-31": "379.60000", "2013-12-31": "415.50000", "2013-09-30": "427.10000", "2013-06-30": "427.20000", "2013-05-31": "", "2013-03-31": "427.20000", "2013-02-28": "427.10000", "2012-11-30": "427.00000", "2012-09-30": "426.80000", "2012-08-31": "426.70000", "2012-05-31": "", "2012-02-29": "426.70000", "2011-11-30": "444.70000", "2011-08-31": "447.90000", "2011-05-31": "", "2011-02-28": "447.70000", "2010-11-30": "447.30000", "2010-08-31": "446.90000", "2010-05-31": "", "2010-02-28": "446.80000", "2009-11-30": "446.50000", "2009-08-31": "446.30000", "2009-05-31": "", "2009-02-28": "445.80000", "2008-11-30": "446.10000", "2008-08-31": "446.50000", "2008-05-31": "", "2008-02-29": "446.10000", "2007-11-30": "445.00000", "2007-08-31": "444.30000", "2007-05-31": "", "2007-02-28": "440.90000", "2006-11-30": "439.40000", "2006-08-31": "438.10000", "2006-05-31": "", "2006-02-28": "383.60000", "2005-11-30": "434.50000", "2005-08-31": "433.90000", "2005-05-31": "", "2005-02-28": "432.80000"}, "Basic EPS": {"2020-09-30": "-0.02000", "2020-06-30": "0.13000", "2020-03-31": "-0.54000", "2019-12-31": "-2.41000", "2019-09-30": "-0.11000", "2019-06-30": "-0.60000", "2019-03-31": "0.34000", "2018-12-31": "0.29000", "2018-09-30": "0.64000", "2018-06-30": "0.18000", "2018-03-31": "0.11000", "2017-12-31": "-1.23740", "2017-09-30": "0.65000", "2017-06-30": "0.28000", "2017-03-31": "-0.00260", "2016-12-31": "0.04000", "2016-09-30": "0.11000", "2016-06-30": "-0.03000", "2016-03-31": "0.73000", "2015-12-31": "0.45000", "2015-09-30": "0.45000", "2015-06-30": "1.08000", "2015-03-31": "0.81000", "2014-12-31": "0.96000", "2014-09-30": "0.54000", "2014-06-30": "0.65000", "2014-03-31": "0.54000", "2013-12-31": "0.30000", "2013-09-30": "0.29000", "2013-06-30": "1.01000", "2013-05-31": "", "2013-03-31": "0.89000", "2013-02-28": "0.81000", "2012-11-30": "1.48000", "2012-09-30": "0.98000", "2012-08-31": "1.01000", "2012-05-31": "", "2012-02-29": "0.64000", "2011-11-30": "1.41000", "2011-08-31": "1.18000", "2011-05-31": "", "2011-02-28": "1.21000", "2010-11-30": "2.30000", "2010-08-31": "0.67000", "2010-05-31": "", "2010-02-28": "0.50000", "2009-11-30": "0.24000", "2009-08-31": "0.23000", "2009-05-31": "", "2009-02-28": "0.13000", "2008-11-30": "2.16000", "2008-08-31": "2.67000", "2008-05-31": "", "2008-02-29": "1.17000", "2007-11-30": "0.89000", "2007-08-31": "0.69000", "2007-05-31": "", "2007-02-28": "0.10000", "2006-11-30": "0.15000", "2006-08-31": "0.26000", "2006-05-31": "", "2006-02-28": "-0.19000", "2005-11-30": "0.14000", "2005-08-31": "0.19000", "2005-05-31": "", "2005-02-28": "0.10000"}, "EPS - Earnings Per Share": {"2020-09-30": "-0.02000", "2020-06-30": "0.12000", "2020-03-31": "-0.54000", "2019-12-31": "-2.41000", "2019-09-30": "-0.11000", "2019-06-30": "-0.60000", "2019-03-31": "0.34000", "2018-12-31": "0.29000", "2018-09-30": "0.64000", "2018-06-30": "0.18000", "2018-03-31": "0.11000", "2017-12-31": "-1.23740", "2017-09-30": "0.65000", "2017-06-30": "0.28000", "2017-03-31": "-0.00260", "2016-12-31": "0.04000", "2016-09-30": "0.11000", "2016-06-30": "-0.03000", "2016-03-31": "0.73000", "2015-12-31": "0.45000", "2015-09-30": "0.45000", "2015-06-30": "1.08000", "2015-03-31": "0.80000", "2014-12-31": "0.96000", "2014-09-30": "0.54000", "2014-06-30": "0.64000", "2014-03-31": "0.54000", "2013-12-31": "0.30000", "2013-09-30": "0.29000", "2013-06-30": "1.01000", "2013-05-31": "0.00000", "2013-03-31": "0.89000", "2013-02-28": "0.81000", "2012-11-30": "1.47000", "2012-09-30": "0.98000", "2012-08-31": "1.01000", "2012-05-31": "0.00000", "2012-02-29": "0.64000", "2011-11-30": "1.40000", "2011-08-31": "1.17000", "2011-05-31": "0.00000", "2011-02-28": "1.21000", "2010-11-30": "2.29000", "2010-08-31": "0.67000", "2010-05-31": "0.00000", "2010-02-28": "0.50000", "2009-11-30": "0.24000", "2009-08-31": "0.23000", "2009-05-31": "0.00000", "2009-02-28": "0.13000", "2008-11-30": "2.15000", "2008-08-31": "2.65000", "2008-05-31": "0.00000", "2008-02-29": "1.17000", "2007-11-30": "0.89000", "2007-08-31": "0.69000", "2007-05-31": "0.00000", "2007-02-28": "0.10000", "2006-11-30": "0.15000", "2006-08-31": "0.25000", "2006-05-31": "0.00000", "2006-02-28": "-0.19000", "2005-11-30": "0.13000", "2005-08-31": "0.18000", "2005-05-31": "0.00000", "2005-02-28": "0.09000"}}, "balance sheet": {"Cash On Hand": {"2019-12-31": "519.10000", "2018-12-31": "847.70000", "2017-12-31": "2153.50000", "2016-12-31": "673.10000", "2015-12-31": "1276.30000", "2014-12-31": "2374.60000", "2013-12-31": "5293.10000", "2013-05-31": "3697.10000", "2012-05-31": "3811.00000", "2011-05-31": "3906.40000", "2010-05-31": "2523.00000", "2009-05-31": "2703.20000", "2008-05-31": "1960.70000", "2007-05-31": "420.60000", "2006-05-31": "173.30000", "2005-05-31": "245.00000"}, "Receivables": {"2019-12-31": "803.90000", "2018-12-31": "838.50000", "2017-12-31": "642.60000", "2016-12-31": "627.80000", "2015-12-31": "675.00000", "2014-12-31": "754.40000", "2013-12-31": "543.10000", "2013-05-31": "1015.70000", "2012-05-31": "751.60000", "2011-05-31": "926.00000", "2010-05-31": "614.80000", "2009-05-31": "597.60000", "2008-05-31": "1039.20000", "2007-05-31": "557.00000", "2006-05-31": "508.20000", "2005-05-31": "654.00000"}, "Inventory": {"2019-12-31": "2076.40000", "2018-12-31": "2270.20000", "2017-12-31": "1547.20000", "2016-12-31": "1391.10000", "2015-12-31": "1563.50000", "2014-12-31": "1718.30000", "2013-12-31": "1432.90000", "2013-05-31": "1557.30000", "2012-05-31": "1237.60000", "2011-05-31": "1266.40000", "2010-05-31": "1002.30000", "2009-05-31": "1125.90000", "2008-05-31": "1350.90000", "2007-05-31": "787.40000", "2006-05-31": "760.90000", "2005-05-31": "753.40000"}, "Pre-Paid Expenses": {"2019-12-31": "", "2018-12-31": "", "2017-12-31": "", "2016-12-31": "", "2015-12-31": "", "2014-12-31": "", "2013-12-31": "", "2013-05-31": "", "2012-05-31": "", "2011-05-31": "", "2010-05-31": "", "2009-05-31": "", "2008-05-31": "", "2007-05-31": "", "2006-05-31": "", "2005-05-31": ""}, "Other Current Assets": {"2019-12-31": "318.80000", "2018-12-31": "280.60000", "2017-12-31": "273.20000", "2016-12-31": "365.70000", "2015-12-31": "628.60000", "2014-12-31": "368.20000", "2013-12-31": "706.80000", "2013-05-31": "534.70000", "2012-05-31": "543.10000", "2011-05-31": "308.30000", "2010-05-31": "719.00000", "2009-05-31": "675.70000", "2008-05-31": "201.80000", "2007-05-31": "155.50000", "2006-05-31": "89.90000", "2005-05-31": "73.70000"}, "Total Current Assets": {"2019-12-31": "3718.20000", "2018-12-31": "4237.00000", "2017-12-31": "4616.50000", "2016-12-31": "3057.70000", "2015-12-31": "4143.40000", "2014-12-31": "5215.50000", "2013-12-31": "8105.80000", "2013-05-31": "6880.50000", "2012-05-31": "6581.10000", "2011-05-31": "6684.90000", "2010-05-31": "4974.80000", "2009-05-31": "5307.80000", "2008-05-31": "4809.50000", "2007-05-31": "1955.50000", "2006-05-31": "1582.80000", "2005-05-31": "1728.30000"}, "Property, Plant, And Equipment": {"2019-12-31": "11690.00000", "2018-12-31": "11746.50000", "2017-12-31": "9711.70000", "2016-12-31": "9198.50000", "2015-12-31": "8721.00000", "2014-12-31": "9313.90000", "2013-12-31": "8576.60000", "2013-05-31": "8486.80000", "2012-05-31": "7545.90000", "2011-05-31": "6635.90000", "2010-05-31": "5465.60000", "2009-05-31": "4899.30000", "2008-05-31": "4648.00000", "2007-05-31": "4449.40000", "2006-05-31": "4416.60000", "2005-05-31": "4121.40000"}, "Long-Term Investments": {"2019-12-31": "763.60000", "2018-12-31": "826.60000", "2017-12-31": "1089.50000", "2016-12-31": "1063.10000", "2015-12-31": "980.50000", "2014-12-31": "849.80000", "2013-12-31": "576.40000", "2013-05-31": "431.50000", "2012-05-31": "454.20000", "2011-05-31": "434.30000", "2010-05-31": "54.70000", "2009-05-31": "357.80000", "2008-05-31": "353.80000", "2007-05-31": "384.90000", "2006-05-31": "318.90000", "2005-05-31": "289.90000"}, "Goodwill And Intangible Assets": {"2019-12-31": "1156.90000", "2018-12-31": "1707.50000", "2017-12-31": "1693.60000", "2016-12-31": "1630.90000", "2015-12-31": "1595.30000", "2014-12-31": "1806.50000", "2013-12-31": "1794.40000", "2013-05-31": "1844.60000", "2012-05-31": "1844.40000", "2011-05-31": "1829.80000", "2010-05-31": "1763.20000", "2009-05-31": "1734.10000", "2008-05-31": "1875.20000", "2007-05-31": "2283.80000", "2006-05-31": "2347.10000", "2005-05-31": "2160.30000"}, "Other Long-Term Assets": {"2019-12-31": "1454.40000", "2018-12-31": "1257.80000", "2017-12-31": "1267.50000", "2016-12-31": "1054.10000", "2015-12-31": "1257.40000", "2014-12-31": "554.20000", "2013-12-31": "348.60000", "2013-05-31": "229.90000", "2012-05-31": "214.20000", "2011-05-31": "195.50000", "2010-05-31": "143.50000", "2009-05-31": "114.90000", "2008-05-31": "123.20000", "2007-05-31": "90.00000", "2006-05-31": "57.60000", "2005-05-31": "70.10000"}, "Total Long-Term Assets": {"2019-12-31": "15580.30000", "2018-12-31": "15882.20000", "2017-12-31": "14016.90000", "2016-12-31": "13783.00000", "2015-12-31": "13246.10000", "2014-12-31": "13067.50000", "2013-12-31": "11448.20000", "2013-05-31": "11205.50000", "2012-05-31": "10109.30000", "2011-05-31": "9102.00000", "2010-05-31": "7732.90000", "2009-05-31": "7368.39900", "2008-05-31": "7010.30000", "2007-05-31": "7208.10000", "2006-05-31": "7140.20000", "2005-05-31": "6683.20000"}, "Total Assets": {"2019-12-31": "19298.50000", "2018-12-31": "20119.20000", "2017-12-31": "18633.40000", "2016-12-31": "16840.70000", "2015-12-31": "17389.50000", "2014-12-31": "18283.00000", "2013-12-31": "19554.00000", "2013-05-31": "18086.00000", "2012-05-31": "16690.40000", "2011-05-31": "15786.90000", "2010-05-31": "12707.70000", "2009-05-31": "12676.20000", "2008-05-31": "11819.80000", "2007-05-31": "9163.60000", "2006-05-31": "8723.00000", "2005-05-31": "8411.50000"}, "Total Current Liabilities": {"2019-12-31": "2591.70000", "2018-12-31": "2483.70000", "2017-12-31": "2031.10000", "2016-12-31": "1476.80000", "2015-12-31": "2047.00000", "2014-12-31": "1596.70000", "2013-12-31": "3265.90000", "2013-05-31": "1764.90000", "2012-05-31": "1917.70000", "2011-05-31": "1928.50000", "2010-05-31": "1303.90000", "2009-05-31": "1621.80000", "2008-05-31": "2186.10000", "2007-05-31": "1629.70000", "2006-05-31": "1128.50000", "2005-05-31": "1152.60000"}, "Long Term Debt": {"2019-12-31": "4525.50000", "2018-12-31": "4491.50000", "2017-12-31": "4878.10000", "2016-12-31": "3779.30000", "2015-12-31": "3769.50000", "2014-12-31": "3778.00000", "2013-12-31": "3008.90000", "2013-05-31": "1009.60000", "2012-05-31": "1010.00000", "2011-05-31": "761.30000", "2010-05-31": "1245.60000", "2009-05-31": "1256.50000", "2008-05-31": "1375.00000", "2007-05-31": "1818.10000", "2006-05-31": "2388.10000", "2005-05-31": "2463.70000"}, "Other Non-Current Liabilities": {"2019-12-31": "1773.00000", "2018-12-31": "1458.70000", "2017-12-31": "967.80000", "2016-12-31": "952.90000", "2015-12-31": "1030.60000", "2014-12-31": "1200.00000", "2013-12-31": "927.10000", "2013-05-31": "907.20000", "2012-05-31": "975.40000", "2011-05-31": "855.10000", "2010-05-31": "908.10000", "2009-05-31": "826.10000", "2008-05-31": "987.90000", "2007-05-31": "875.20000", "2006-05-31": "980.20000", "2005-05-31": "867.70000"}, "Total Long Term Liabilities": {"2019-12-31": "7339.20000", "2018-12-31": "7030.80000", "2017-12-31": "6963.20000", "2016-12-31": "5741.40000", "2015-12-31": "5777.50000", "2014-12-31": "5965.70000", "2013-12-31": "4967.50000", "2013-05-31": "2878.20000", "2012-05-31": "2773.30000", "2011-05-31": "2196.50000", "2010-05-31": "2655.40000", "2009-05-31": "2539.20000", "2008-05-31": "2902.50000", "2007-05-31": "3350.00000", "2006-05-31": "4063.70000", "2005-05-31": "4045.40000"}, "Total Liabilities": {"2019-12-31": "9930.90000", "2018-12-31": "9514.50000", "2017-12-31": "8994.30000", "2016-12-31": "7218.20000", "2015-12-31": "7824.50000", "2014-12-31": "7562.40000", "2013-12-31": "8233.40000", "2013-05-31": "4643.10000", "2012-05-31": "4691.00000", "2011-05-31": "4125.00000", "2010-05-31": "3959.30000", "2009-05-31": "4161.00000", "2008-05-31": "5088.60000", "2007-05-31": "4979.70000", "2006-05-31": "5192.20000", "2005-05-31": "5198.00000"}, "Common Stock Net": {"2019-12-31": "3.80000", "2018-12-31": "3.80000", "2017-12-31": "3.50000", "2016-12-31": "3.50000", "2015-12-31": "3.50000", "2014-12-31": "3.70000", "2013-12-31": "4.30000", "2013-05-31": "4.30000", "2012-05-31": "4.30000", "2011-05-31": "4.50000", "2010-05-31": "4.50000", "2009-05-31": "4.40000", "2008-05-31": "4.40000", "2007-05-31": "4.40000", "2006-05-31": "3.90000", "2005-05-31": "3.90000"}, "Retained Earnings (Accumulated Deficit)": {"2019-12-31": "9921.50000", "2018-12-31": "11064.70000", "2017-12-31": "10631.10000", "2016-12-31": "10863.40000", "2015-12-31": "11014.80000", "2014-12-31": "11168.90000", "2013-12-31": "11182.10000", "2013-05-31": "11603.40000", "2012-05-31": "10141.30000", "2011-05-31": "8330.60000", "2010-05-31": "5905.30000", "2009-05-31": "5746.20000", "2008-05-31": "3485.40000", "2007-05-31": "1402.60000", "2006-05-31": "982.90000", "2005-05-31": "1115.40000"}, "Comprehensive Income": {"2019-12-31": "-1598.20000", "2018-12-31": "-1657.10000", "2017-12-31": "-1061.60000", "2016-12-31": "-1312.20000", "2015-12-31": "-1492.90000", "2014-12-31": "-473.70000", "2013-12-31": "114.30000", "2013-05-31": "326.40000", "2012-05-31": "378.00000", "2011-05-31": "710.20000", "2010-05-31": "289.40000", "2009-05-31": "258.60000", "2008-05-31": "790.60000", "2007-05-31": "458.90000", "2006-05-31": "299.20000", "2005-05-31": "-72.00000"}, "Other Share Holders Equity": {"2019-12-31": "", "2018-12-31": "", "2017-12-31": "", "2016-12-31": "", "2015-12-31": "", "2014-12-31": "", "2013-12-31": "", "2013-05-31": "", "2012-05-31": "", "2011-05-31": "", "2010-05-31": "", "2009-05-31": "", "2008-05-31": "", "2007-05-31": "", "2006-05-31": "", "2005-05-31": ""}, "Share Holder Equity": {"2019-12-31": "9367.60000", "2018-12-31": "10604.70000", "2017-12-31": "9639.10000", "2016-12-31": "9622.50000", "2015-12-31": "9565.00000", "2014-12-31": "10720.60000", "2013-12-31": "11320.60000", "2013-05-31": "13442.90000", "2012-05-31": "11999.40000", "2011-05-31": "11661.90000", "2010-05-31": "8748.40000", "2009-05-31": "8515.20000", "2008-05-31": "6731.20000", "2007-05-31": "4183.90000", "2006-05-31": "3530.80000", "2005-05-31": "3213.50000"}, "Total Liabilities And Share Holders Equity": {"2019-12-31": "19298.50000", "2018-12-31": "20119.20000", "2017-12-31": "18633.40000", "2016-12-31": "16840.70000", "2015-12-31": "17389.50000", "2014-12-31": "18283.00000", "2013-12-31": "19554.00000", "2013-05-31": "18086.00000", "2012-05-31": "16690.40000", "2011-05-31": "15786.90000", "2010-05-31": "12707.70000", "2009-05-31": "12676.20000", "2008-05-31": "11819.80000", "2007-05-31": "9163.60000", "2006-05-31": "8723.00000", "2005-05-31": "8411.50000"}}, "balance sheet, quarterly": {"Cash On Hand": {"2020-09-30": "923.00000", "2020-06-30": "1073.30000", "2020-03-31": "1069.20000", "2019-12-31": "519.10000", "2019-09-30": "641.10000", "2019-06-30": "401.90000", "2019-03-31": "384.60000", "2018-12-31": "847.70000", "2018-09-30": "1029.90000", "2018-06-30": "1035.30000", "2018-03-31": "659.40000", "2017-12-31": "2153.50000", "2017-09-30": "685.70000", "2017-06-30": "660.60000", "2017-03-31": "675.30000", "2016-12-31": "673.10000", "2016-09-30": "653.50000", "2016-06-30": "1059.30000", "2016-03-31": "1057.70000", "2015-12-31": "1276.30000", "2015-09-30": "1284.90000", "2015-06-30": "2209.90000", "2015-03-31": "2517.40000", "2014-12-31": "2374.60000", "2014-09-30": "2970.60000", "2014-06-30": "2367.00000", "2014-03-31": "2490.70000", "2013-12-31": "5293.10000", "2013-09-30": "3338.60000", "2013-06-30": "", "2013-05-31": "3697.10000", "2013-03-31": "", "2013-02-28": "3322.70000", "2012-11-30": "3420.70000", "2012-09-30": "", "2012-08-31": "3594.80000", "2012-05-31": "3811.00000", "2012-02-29": "3201.90000", "2011-11-30": "3627.60000", "2011-08-31": "4038.00000", "2011-05-31": "3906.40000", "2011-02-28": "3352.10000", "2010-11-30": "3659.40000", "2010-08-31": "2362.70000", "2010-05-31": "2523.00000", "2010-02-28": "2291.80000", "2009-11-30": "2648.10000", "2009-08-31": "2598.70000", "2009-05-31": "2703.20000", "2009-02-28": "2529.00000", "2008-11-30": "2811.60000", "2008-08-31": "2189.70000", "2008-05-31": "1960.70000", "2008-02-29": "1134.20000", "2007-11-30": "642.20000", "2007-08-31": "639.20000", "2007-05-31": "420.60000", "2007-02-28": "459.70000", "2006-11-30": "268.40000", "2006-08-31": "214.80000", "2006-05-31": "173.30000", "2006-02-28": "164.60000", "2005-11-30": "166.00000", "2005-08-31": "201.30000", "2005-05-31": "245.00000", "2005-02-28": "110.70000"}, "Receivables": {"2020-09-30": "794.60000", "2020-06-30": "689.60000", "2020-03-31": "723.00000", "2019-12-31": "803.90000", "2019-09-30": "801.40000", "2019-06-30": "711.70000", "2019-03-31": "792.00000", "2018-12-31": "838.50000", "2018-09-30": "834.90000", "2018-06-30": "624.90000", "2018-03-31": "708.40000", "2017-12-31": "642.60000", "2017-09-30": "592.30000", "2017-06-30": "548.00000", "2017-03-31": "577.80000", "2016-12-31": "627.80000", "2016-09-30": "512.40000", "2016-06-30": "399.60000", "2016-03-31": "677.20000", "2015-12-31": "675.00000", "2015-09-30": "675.10000", "2015-06-30": "626.60000", "2015-03-31": "661.40000", "2014-12-31": "754.40000", "2014-09-30": "573.90000", "2014-06-30": "604.20000", "2014-03-31": "597.40000", "2013-12-31": "543.10000", "2013-09-30": "478.70000", "2013-06-30": "", "2013-05-31": "1015.70000", "2013-03-31": "", "2013-02-28": "873.60000", "2012-11-30": "797.50000", "2012-09-30": "", "2012-08-31": "732.00000", "2012-05-31": "751.60000", "2012-02-29": "656.30000", "2011-11-30": "919.20000", "2011-08-31": "784.60000", "2011-05-31": "926.00000", "2011-02-28": "798.40000", "2010-11-30": "671.60000", "2010-08-31": "572.10000", "2010-05-31": "614.80000", "2010-02-28": "595.00000", "2009-11-30": "579.50000", "2009-08-31": "485.50000", "2009-05-31": "597.60000", "2009-02-28": "633.40000", "2008-11-30": "918.10000", "2008-08-31": "1586.30000", "2008-05-31": "1039.20000", "2008-02-29": "699.50000", "2007-11-30": "613.60000", "2007-08-31": "537.40000", "2007-05-31": "557.00000", "2007-02-28": "522.60000", "2006-11-30": "569.80000", "2006-08-31": "466.60000", "2006-05-31": "505.80000", "2006-02-28": "427.70000", "2005-11-30": "571.40000", "2005-08-31": "665.20000", "2005-05-31": "654.00000", "2005-02-28": "556.40000"}, "Inventory": {"2020-09-30": "1681.30000", "2020-06-30": "1954.00000", "2020-03-31": "1930.90000", "2019-12-31": "2076.40000", "2019-09-30": "2294.30000", "2019-06-30": "2713.90000", "2019-03-31": "2572.10000", "2018-12-31": "2270.20000", "2018-09-30": "1957.10000", "2018-06-30": "2168.30000", "2018-03-31": "2059.00000", "2017-12-31": "1547.20000", "2017-09-30": "1666.20000", "2017-06-30": "1683.50000", "2017-03-31": "1533.70000", "2016-12-31": "1391.10000", "2016-09-30": "1500.10000", "2016-06-30": "1702.10000", "2016-03-31": "1566.00000", "2015-12-31": "1563.50000", "2015-09-30": "1549.50000", "2015-06-30": "1612.20000", "2015-03-31": "1523.00000", "2014-12-31": "1718.30000", "2014-09-30": "1471.50000", "2014-06-30": "1579.60000", "2014-03-31": "1606.60000", "2013-12-31": "1432.90000", "2013-09-30": "1495.00000", "2013-06-30": "", "2013-05-31": "1557.30000", "2013-03-31": "", "2013-02-28": "1569.40000", "2012-11-30": "1518.50000", "2012-09-30": "", "2012-08-31": "1484.40000", "2012-05-31": "1237.60000", "2012-02-29": "1327.30000", "2011-11-30": "1206.70000", "2011-08-31": "1402.00000", "2011-05-31": "1266.40000", "2011-02-28": "1133.60000", "2010-11-30": "816.90000", "2010-08-31": "1045.30000", "2010-05-31": "1002.30000", "2010-02-28": "939.60000", "2009-11-30": "969.10000", "2009-08-31": "1046.70000", "2009-05-31": "1125.90000", "2009-02-28": "1434.70000", "2008-11-30": "1614.20000", "2008-08-31": "1945.10000", "2008-05-31": "1350.90000", "2008-02-29": "1037.20000", "2007-11-30": "866.70000", "2007-08-31": "817.80000", "2007-05-31": "787.40000", "2007-02-28": "674.80000", "2006-11-30": "655.40000", "2006-08-31": "772.00000", "2006-05-31": "760.90000", "2006-02-28": "786.10000", "2005-11-30": "786.30000", "2005-08-31": "774.80000", "2005-05-31": "753.40000", "2005-02-28": "784.20000"}, "Pre-Paid Expenses": {"2020-09-30": "", "2020-06-30": "", "2020-03-31": "", "2019-12-31": "", "2019-09-30": "", "2019-06-30": "", "2019-03-31": "", "2018-12-31": "", "2018-09-30": "", "2018-06-30": "", "2018-03-31": "", "2017-12-31": "", "2017-09-30": "", "2017-06-30": "", "2017-03-31": "", "2016-12-31": "", "2016-09-30": "", "2016-06-30": "", "2016-03-31": "", "2015-12-31": "", "2015-09-30": "", "2015-06-30": "", "2015-03-31": "", "2014-12-31": "", "2014-09-30": "", "2014-06-30": "", "2014-03-31": "", "2013-12-31": "", "2013-09-30": "", "2013-06-30": "", "2013-05-31": "", "2013-03-31": "", "2013-02-28": "", "2012-11-30": "", "2012-09-30": "", "2012-08-31": "", "2012-05-31": "", "2012-02-29": "", "2011-11-30": "", "2011-08-31": "", "2011-05-31": "", "2011-02-28": "", "2010-11-30": "", "2010-08-31": "", "2010-05-31": "", "2010-02-28": "", "2009-11-30": "", "2009-08-31": "", "2009-05-31": "", "2009-02-28": "", "2008-11-30": "", "2008-08-31": "", "2008-05-31": "", "2008-02-29": "", "2007-11-30": "", "2007-08-31": "", "2007-05-31": "", "2007-02-28": "", "2006-11-30": "", "2006-08-31": "", "2006-05-31": "", "2006-02-28": "", "2005-11-30": "", "2005-08-31": "", "2005-05-31": "", "2005-02-28": ""}, "Other Current Assets": {"2020-09-30": "349.90000", "2020-06-30": "338.70000", "2020-03-31": "498.00000", "2019-12-31": "318.80000", "2019-09-30": "388.50000", "2019-06-30": "401.30000", "2019-03-31": "397.60000", "2018-12-31": "280.60000", "2018-09-30": "356.10000", "2018-06-30": "341.90000", "2018-03-31": "414.60000", "2017-12-31": "273.20000", "2017-09-30": "431.30000", "2017-06-30": "445.10000", "2017-03-31": "429.40000", "2016-12-31": "365.70000", "2016-09-30": "783.20000", "2016-06-30": "631.50000", "2016-03-31": "656.20000", "2015-12-31": "628.60000", "2015-09-30": "578.50000", "2015-06-30": "503.20000", "2015-03-31": "391.40000", "2014-12-31": "368.20000", "2014-09-30": "470.70000", "2014-06-30": "476.60000", "2014-03-31": "504.20000", "2013-12-31": "706.80000", "2013-09-30": "897.80000", "2013-06-30": "", "2013-05-31": "534.70000", "2013-03-31": "", "2013-02-28": "437.90000", "2012-11-30": "558.60000", "2012-09-30": "", "2012-08-31": "491.90000", "2012-05-31": "543.10000", "2012-02-29": "594.90000", "2011-11-30": "417.70000", "2011-08-31": "309.70000", "2011-05-31": "308.30000", "2011-02-28": "298.20000", "2010-11-30": "264.60000", "2010-08-31": "646.00000", "2010-05-31": "719.00000", "2010-02-28": "778.70000", "2009-11-30": "627.20000", "2009-08-31": "672.00000", "2009-05-31": "675.70000", "2009-02-28": "413.20000", "2008-11-30": "417.70000", "2008-08-31": "241.10000", "2008-05-31": "201.80000", "2008-02-29": "257.20000", "2007-11-30": "117.10000", "2007-08-31": "138.10000", "2007-05-31": "155.50000", "2007-02-28": "72.60000", "2006-11-30": "89.70000", "2006-08-31": "119.00000", "2006-05-31": "89.90000", "2006-02-28": "102.20000", "2005-11-30": "127.40000", "2005-08-31": "115.10000", "2005-05-31": "77.30000", "2005-02-28": "64.90000"}, "Total Current Assets": {"2020-09-30": "3748.80000", "2020-06-30": "4055.60000", "2020-03-31": "4221.10000", "2019-12-31": "3718.20000", "2019-09-30": "4125.30000", "2019-06-30": "4228.80000", "2019-03-31": "4146.30000", "2018-12-31": "4237.00000", "2018-09-30": "4178.00000", "2018-06-30": "4170.40000", "2018-03-31": "3841.40000", "2017-12-31": "4616.50000", "2017-09-30": "3375.50000", "2017-06-30": "3337.20000", "2017-03-31": "3216.20000", "2016-12-31": "3057.70000", "2016-09-30": "3449.20000", "2016-06-30": "3792.50000", "2016-03-31": "3957.10000", "2015-12-31": "4143.40000", "2015-09-30": "4263.00000", "2015-06-30": "5100.10000", "2015-03-31": "5251.60000", "2014-12-31": "5215.50000", "2014-09-30": "5658.50000", "2014-06-30": "5188.40000", "2014-03-31": "5355.40000", "2013-12-31": "8105.80000", "2013-09-30": "6291.30000", "2013-06-30": "", "2013-05-31": "6880.50000", "2013-03-31": "", "2013-02-28": "6342.00000", "2012-11-30": "6533.10000", "2012-09-30": "", "2012-08-31": "6540.90000", "2012-05-31": "6581.10000", "2012-02-29": "5930.40000", "2011-11-30": "6359.40000", "2011-08-31": "6757.80000", "2011-05-31": "6684.90000", "2011-02-28": "5693.60000", "2010-11-30": "5524.30000", "2010-08-31": "4754.80000", "2010-05-31": "4974.80000", "2010-02-28": "4791.30000", "2009-11-30": "5011.30000", "2009-08-31": "5002.20000", "2009-05-31": "5307.80000", "2009-02-28": "5219.60000", "2008-11-30": "5970.50000", "2008-08-31": "6177.00000", "2008-05-31": "4809.50000", "2008-02-29": "3167.20000", "2007-11-30": "2277.80000", "2007-08-31": "2170.00000", "2007-05-31": "1955.50000", "2007-02-28": "1778.80000", "2006-11-30": "1627.40000", "2006-08-31": "1617.80000", "2006-05-31": "1580.40000", "2006-02-28": "1480.60000", "2005-11-30": "1651.10000", "2005-08-31": "1758.20000", "2005-05-31": "1731.90000", "2005-02-28": "1524.60000"}, "Property, Plant, And Equipment": {"2020-09-30": "11318.20000", "2020-06-30": "11153.30000", "2020-03-31": "10989.60000", "2019-12-31": "11690.00000", "2019-09-30": "11943.40000", "2019-06-30": "11982.90000", "2019-03-31": "11942.70000", "2018-12-31": "11746.50000", "2018-09-30": "11891.60000", "2018-06-30": "11559.60000", "2018-03-31": "11865.30000", "2017-12-31": "9711.70000", "2017-09-30": "9696.30000", "2017-06-30": "9434.90000", "2017-03-31": "9295.00000", "2016-12-31": "9198.50000", "2016-09-30": "9230.60000", "2016-06-30": "9197.50000", "2016-03-31": "9020.40000", "2015-12-31": "8721.00000", "2015-09-30": "8734.00000", "2015-06-30": "9041.20000", "2015-03-31": "8899.40000", "2014-12-31": "9313.90000", "2014-09-30": "9413.70000", "2014-06-30": "9694.50000", "2014-03-31": "9551.90000", "2013-12-31": "8576.60000", "2013-09-30": "8513.00000", "2013-06-30": "", "2013-05-31": "8486.80000", "2013-03-31": "", "2013-02-28": "8272.00000", "2012-11-30": "8246.10000", "2012-09-30": "", "2012-08-31": "7944.30000", "2012-05-31": "7545.90000", "2012-02-29": "7379.50000", "2011-11-30": "6975.00000", "2011-08-31": "6890.90000", "2011-05-31": "6635.90000", "2011-02-28": "6330.30000", "2010-11-30": "5969.00000", "2010-08-31": "5658.10000", "2010-05-31": "5465.60000", "2010-02-28": "5253.20000", "2009-11-30": "5157.90000", "2009-08-31": "5007.70000", "2009-05-31": "4899.30000", "2009-02-28": "4379.90000", "2008-11-30": "4331.90000", "2008-08-31": "4559.20000", "2008-05-31": "4648.00000", "2008-02-29": "4602.00000", "2007-11-30": "4578.20000", "2007-08-31": "4447.20000", "2007-05-31": "4449.40000", "2007-02-28": "4250.70000", "2006-11-30": "4304.80000", "2006-08-31": "4390.50000", "2006-05-31": "4416.60000", "2006-02-28": "4468.40000", "2005-11-30": "4317.10000", "2005-08-31": "4234.70000", "2005-05-31": "4121.40000", "2005-02-28": "3869.50000"}, "Long-Term Investments": {"2020-09-30": "683.50000", "2020-06-30": "713.80000", "2020-03-31": "742.30000", "2019-12-31": "763.60000", "2019-09-30": "787.50000", "2019-06-30": "812.40000", "2019-03-31": "823.30000", "2018-12-31": "826.60000", "2018-09-30": "828.50000", "2018-06-30": "837.80000", "2018-03-31": "836.30000", "2017-12-31": "1089.50000", "2017-09-30": "1138.90000", "2017-06-30": "1127.70000", "2017-03-31": "1063.60000", "2016-12-31": "1063.10000", "2016-09-30": "1064.30000", "2016-06-30": "1043.70000", "2016-03-31": "973.70000", "2015-12-31": "980.50000", "2015-09-30": "876.10000", "2015-06-30": "930.50000", "2015-03-31": "862.10000", "2014-12-31": "849.80000", "2014-09-30": "840.00000", "2014-06-30": "720.80000", "2014-03-31": "579.60000", "2013-12-31": "576.40000", "2013-09-30": "562.10000", "2013-06-30": "", "2013-05-31": "431.50000", "2013-03-31": "", "2013-02-28": "452.30000", "2012-11-30": "441.40000", "2012-09-30": "", "2012-08-31": "445.20000", "2012-05-31": "454.20000", "2012-02-29": "438.40000", "2011-11-30": "439.30000", "2011-08-31": "433.10000", "2011-05-31": "434.30000", "2011-02-28": "438.90000", "2010-11-30": "442.00000", "2010-08-31": "442.80000", "2010-05-31": "54.70000", "2010-02-28": "54.10000", "2009-11-30": "389.90000", "2009-08-31": "375.50000", "2009-05-31": "357.80000", "2009-02-28": "300.50000", "2008-11-30": "280.70000", "2008-08-31": "356.40000", "2008-05-31": "353.80000", "2008-02-29": "486.20000", "2007-11-30": "429.30000", "2007-08-31": "379.90000", "2007-05-31": "384.90000", "2007-02-28": "350.50000", "2006-11-30": "350.90000", "2006-08-31": "336.90000", "2006-05-31": "318.90000", "2006-02-28": "328.20000", "2005-11-30": "326.10000", "2005-08-31": "303.20000", "2005-05-31": "289.90000", "2005-02-28": "334.10000"}, "Goodwill And Intangible Assets": {"2020-09-30": "1125.00000", "2020-06-30": "1107.60000", "2020-03-31": "1077.00000", "2019-12-31": "1156.90000", "2019-09-30": "1731.80000", "2019-06-30": "1745.20000", "2019-03-31": "1726.80000", "2018-12-31": "1707.50000", "2018-09-30": "1753.00000", "2018-06-30": "1738.00000", "2018-03-31": "1760.60000", "2017-12-31": "1693.60000", "2017-09-30": "1703.40000", "2017-06-30": "1661.00000", "2017-03-31": "1639.10000", "2016-12-31": "1630.90000", "2016-09-30": "1651.60000", "2016-06-30": "1667.50000", "2016-03-31": "1661.10000", "2015-12-31": "1595.30000", "2015-09-30": "1625.00000", "2015-06-30": "1709.60000", "2015-03-31": "1686.70000", "2014-12-31": "1806.50000", "2014-09-30": "1741.30000", "2014-06-30": "1792.90000", "2014-03-31": "1764.70000", "2013-12-31": "1794.40000", "2013-09-30": "1833.20000", "2013-06-30": "", "2013-05-31": "1844.60000", "2013-03-31": "", "2013-02-28": "1852.60000", "2012-11-30": "1889.40000", "2012-09-30": "", "2012-08-31": "1889.50000", "2012-05-31": "1844.40000", "2012-02-29": "1874.20000", "2011-11-30": "1830.10000", "2011-08-31": "1895.70000", "2011-05-31": "1829.80000", "2011-02-28": "1828.80000", "2010-11-30": "1794.20000", "2010-08-31": "1758.50000", "2010-05-31": "1763.20000", "2010-02-28": "1765.30000", "2009-11-30": "1756.60000", "2009-08-31": "1733.10000", "2009-05-31": "1734.10000", "2009-02-28": "1660.40000", "2008-11-30": "1682.00000", "2008-08-31": "1808.40000", "2008-05-31": "1875.20000", "2008-02-29": "2100.10000", "2007-11-30": "2160.00000", "2007-08-31": "2207.10000", "2007-05-31": "2283.80000", "2007-02-28": "2271.40000", "2006-11-30": "2305.70000", "2006-08-31": "2335.40000", "2006-05-31": "2347.10000", "2006-02-28": "2330.50000", "2005-11-30": "2304.40000", "2005-08-31": "2209.50000", "2005-05-31": "2160.30000", "2005-02-28": "2231.50000"}, "Other Long-Term Assets": {"2020-09-30": "1319.10000", "2020-06-30": "1325.80000", "2020-03-31": "1339.20000", "2019-12-31": "1454.40000", "2019-09-30": "1480.70000", "2019-06-30": "1485.50000", "2019-03-31": "1460.30000", "2018-12-31": "1257.80000", "2018-09-30": "1455.90000", "2018-06-30": "1576.50000", "2018-03-31": "1652.80000", "2017-12-31": "1267.50000", "2017-09-30": "1123.90000", "2017-06-30": "1101.90000", "2017-03-31": "1072.80000", "2016-12-31": "1054.10000", "2016-09-30": "1078.50000", "2016-06-30": "1257.10000", "2016-03-31": "1317.20000", "2015-12-31": "1257.40000", "2015-09-30": "1196.20000", "2015-06-30": "572.50000", "2015-03-31": "548.60000", "2014-12-31": "554.20000", "2014-09-30": "614.50000", "2014-06-30": "704.60000", "2014-03-31": "671.50000", "2013-12-31": "348.60000", "2013-09-30": "244.50000", "2013-06-30": "", "2013-05-31": "229.90000", "2013-03-31": "", "2013-02-28": "222.50000", "2012-11-30": "215.40000", "2012-09-30": "", "2012-08-31": "203.80000", "2012-05-31": "214.20000", "2012-02-29": "220.00000", "2011-11-30": "192.70000", "2011-08-31": "198.60000", "2011-05-31": "195.50000", "2011-02-28": "171.80000", "2010-11-30": "180.10000", "2010-08-31": "164.40000", "2010-05-31": "143.50000", "2010-02-28": "168.00000", "2009-11-30": "121.30000", "2009-08-31": "107.00000", "2009-05-31": "114.90000", "2009-02-28": "212.90000", "2008-11-30": "162.60000", "2008-08-31": "109.10000", "2008-05-31": "133.30000", "2008-02-29": "91.80000", "2007-11-30": "80.60000", "2007-08-31": "85.80000", "2007-05-31": "90.00000", "2007-02-28": "71.70000", "2006-11-30": "64.40000", "2006-08-31": "65.00000", "2006-05-31": "57.60000", "2006-02-28": "96.70000", "2005-11-30": "82.00000", "2005-08-31": "70.10000", "2005-05-31": "66.50000", "2005-02-28": "91.40000"}, "Total Long-Term Assets": {"2020-09-30": "15102.80000", "2020-06-30": "14965.00000", "2020-03-31": "14754.40000", "2019-12-31": "15580.30000", "2019-09-30": "16314.80000", "2019-06-30": "16415.10000", "2019-03-31": "16299.00000", "2018-12-31": "15882.20000", "2018-09-30": "16236.70000", "2018-06-30": "16227.60000", "2018-03-31": "16610.90000", "2017-12-31": "14016.90000", "2017-09-30": "14427.60000", "2017-06-30": "14107.20000", "2017-03-31": "13880.20000", "2016-12-31": "13783.00000", "2016-09-30": "13814.00000", "2016-06-30": "13892.30000", "2016-03-31": "13670.00000", "2015-12-31": "13246.10000", "2015-09-30": "12854.90000", "2015-06-30": "12676.80000", "2015-03-31": "12380.30000", "2014-12-31": "13067.50000", "2014-09-30": "12797.00000", "2014-06-30": "13105.10000", "2014-03-31": "12756.90000", "2013-12-31": "11448.20000", "2013-09-30": "11365.30000", "2013-06-30": "", "2013-05-31": "11205.50000", "2013-03-31": "", "2013-02-28": "10980.10000", "2012-11-30": "10907.60000", "2012-09-30": "", "2012-08-31": "10529.20000", "2012-05-31": "10109.30000", "2012-02-29": "10006.30000", "2011-11-30": "9442.89900", "2011-08-31": "9423.00000", "2011-05-31": "9102.00000", "2011-02-28": "9005.50000", "2010-11-30": "8675.10000", "2010-08-31": "8317.10000", "2010-05-31": "7732.90000", "2010-02-28": "7486.90000", "2009-11-30": "7685.30000", "2009-08-31": "7476.70000", "2009-05-31": "7368.39900", "2009-02-28": "6553.70000", "2008-11-30": "6457.20000", "2008-08-31": "6833.10000", "2008-05-31": "7010.30000", "2008-02-29": "7433.40000", "2007-11-30": "7416.30000", "2007-08-31": "7143.10000", "2007-05-31": "7208.10000", "2007-02-28": "6944.30000", "2006-11-30": "7025.79900", "2006-08-31": "7127.80000", "2006-05-31": "7140.20000", "2006-02-28": "7223.80000", "2005-11-30": "7044.40000", "2005-08-31": "6849.20100", "2005-05-31": "6679.60000", "2005-02-28": "6568.90000"}, "Total Assets": {"2020-09-30": "18851.60000", "2020-06-30": "19020.60000", "2020-03-31": "18975.50000", "2019-12-31": "19298.50000", "2019-09-30": "20440.10000", "2019-06-30": "20643.90000", "2019-03-31": "20445.30000", "2018-12-31": "20119.20000", "2018-09-30": "20414.70000", "2018-06-30": "20398.00000", "2018-03-31": "20452.30000", "2017-12-31": "18633.40000", "2017-09-30": "17803.10000", "2017-06-30": "17444.40000", "2017-03-31": "17096.40000", "2016-12-31": "16840.70000", "2016-09-30": "17263.20000", "2016-06-30": "17684.80000", "2016-03-31": "17627.10000", "2015-12-31": "17389.50000", "2015-09-30": "17117.90000", "2015-06-30": "17776.90000", "2015-03-31": "17631.90000", "2014-12-31": "18283.00000", "2014-09-30": "18455.50000", "2014-06-30": "18293.50000", "2014-03-31": "18112.30000", "2013-12-31": "19554.00000", "2013-09-30": "17656.60000", "2013-06-30": "0.00000", "2013-05-31": "18086.00000", "2013-03-31": "0.00000", "2013-02-28": "17322.10000", "2012-11-30": "17440.70000", "2012-09-30": "0.00000", "2012-08-31": "17070.10000", "2012-05-31": "16690.40000", "2012-02-29": "15936.70000", "2011-11-30": "15802.30000", "2011-08-31": "16180.80000", "2011-05-31": "15786.90000", "2011-02-28": "14699.10000", "2010-11-30": "14199.40000", "2010-08-31": "13071.90000", "2010-05-31": "12707.70000", "2010-02-28": "12278.20000", "2009-11-30": "12696.60000", "2009-08-31": "12478.90000", "2009-05-31": "12676.20000", "2009-02-28": "11773.30000", "2008-11-30": "12427.70000", "2008-08-31": "13010.10000", "2008-05-31": "11819.80000", "2008-02-29": "10600.60000", "2007-11-30": "9694.10000", "2007-08-31": "9313.10000", "2007-05-31": "9163.60000", "2007-02-28": "8723.10000", "2006-11-30": "8653.20000", "2006-08-31": "8745.60000", "2006-05-31": "8720.60000", "2006-02-28": "8704.40000", "2005-11-30": "8695.50000", "2005-08-31": "8607.40000", "2005-05-31": "8411.50000", "2005-02-28": "8093.50000"}, "Total Current Liabilities": {"2020-09-30": "2865.70000", "2020-06-30": "3112.90000", "2020-03-31": "3269.00000", "2019-12-31": "2591.70000", "2019-09-30": "2724.50000", "2019-06-30": "2526.90000", "2019-03-31": "2397.20000", "2018-12-31": "2483.70000", "2018-09-30": "2502.40000", "2018-06-30": "2594.90000", "2018-03-31": "2220.50000", "2017-12-31": "2031.10000", "2017-09-30": "1897.80000", "2017-06-30": "1872.00000", "2017-03-31": "1633.40000", "2016-12-31": "1476.80000", "2016-09-30": "1939.40000", "2016-06-30": "1902.70000", "2016-03-31": "1814.30000", "2015-12-31": "2047.00000", "2015-09-30": "1871.50000", "2015-06-30": "1883.00000", "2015-03-31": "1620.70000", "2014-12-31": "1596.70000", "2014-09-30": "1549.60000", "2014-06-30": "1922.30000", "2014-03-31": "2163.30000", "2013-12-31": "3265.90000", "2013-09-30": "1302.30000", "2013-06-30": "", "2013-05-31": "1764.90000", "2013-03-31": "", "2013-02-28": "1536.60000", "2012-11-30": "1647.40000", "2012-09-30": "", "2012-08-31": "1676.10000", "2012-05-31": "1917.70000", "2012-02-29": "1614.80000", "2011-11-30": "2098.70000", "2011-08-31": "1783.90000", "2011-05-31": "1928.50000", "2011-02-28": "1534.50000", "2010-11-30": "1770.00000", "2010-08-31": "1379.10000", "2010-05-31": "1303.90000", "2010-02-28": "1226.60000", "2009-11-30": "1867.80000", "2009-08-31": "1315.30000", "2009-05-31": "1621.80000", "2009-02-28": "1228.80000", "2008-11-30": "1729.90000", "2008-08-31": "2639.80000", "2008-05-31": "2186.10000", "2008-02-29": "1811.20000", "2007-11-30": "1444.00000", "2007-08-31": "1604.30000", "2007-05-31": "1629.70000", "2007-02-28": "1141.70000", "2006-11-30": "1233.60000", "2006-08-31": "1285.90000", "2006-05-31": "1126.10000", "2006-02-28": "1013.50000", "2005-11-30": "1102.60000", "2005-08-31": "1085.10000", "2005-05-31": "1152.60000", "2005-02-28": "904.30000"}, "Long Term Debt": {"2020-09-30": "4519.50000", "2020-06-30": "4527.90000", "2020-03-31": "4525.20000", "2019-12-31": "4525.50000", "2019-09-30": "4533.20000", "2019-06-30": "4542.20000", "2019-03-31": "4533.00000", "2018-12-31": "4491.50000", "2018-09-30": "4523.10000", "2018-06-30": "4736.50000", "2018-03-31": "4823.10000", "2017-12-31": "4878.10000", "2017-09-30": "3722.30000", "2017-06-30": "3799.70000", "2017-03-31": "3786.60000", "2016-12-31": "3779.30000", "2016-09-30": "3450.30000", "2016-06-30": "3772.60000", "2016-03-31": "3774.00000", "2015-12-31": "3769.50000", "2015-09-30": "3738.10000", "2015-06-30": "3761.80000", "2015-03-31": "3775.20000", "2014-12-31": "3778.00000", "2014-09-30": "3774.20000", "2014-06-30": "3012.90000", "2014-03-31": "3009.10000", "2013-12-31": "3008.90000", "2013-09-30": "1011.50000", "2013-06-30": "", "2013-05-31": "1009.60000", "2013-03-31": "", "2013-02-28": "1010.40000", "2012-11-30": "1010.60000", "2012-09-30": "", "2012-08-31": "1010.90000", "2012-05-31": "1010.00000", "2012-02-29": "1010.60000", "2011-11-30": "1008.90000", "2011-08-31": "737.40000", "2011-05-31": "761.30000", "2011-02-28": "762.20000", "2010-11-30": "788.40000", "2010-08-31": "1244.10000", "2010-05-31": "1245.60000", "2010-02-28": "1246.00000", "2009-11-30": "1250.20000", "2009-08-31": "1253.20000", "2009-05-31": "1256.50000", "2009-02-28": "1268.10000", "2008-11-30": "1272.70000", "2008-08-31": "1311.40000", "2008-05-31": "1375.00000", "2008-02-29": "1378.40000", "2007-11-30": "1382.60000", "2007-08-31": "1585.70000", "2007-05-31": "1818.10000", "2007-02-28": "2427.00000", "2006-11-30": "2210.80000", "2006-08-31": "2224.90000", "2006-05-31": "2388.10000", "2006-02-28": "2407.20000", "2005-11-30": "2423.30000", "2005-08-31": "2444.50000", "2005-05-31": "2463.70000", "2005-02-28": "2515.50000"}, "Other Non-Current Liabilities": {"2020-09-30": "1731.70000", "2020-06-30": "1661.40000", "2020-03-31": "1644.40000", "2019-12-31": "1773.00000", "2019-09-30": "1720.40000", "2019-06-30": "1745.70000", "2019-03-31": "1585.20000", "2018-12-31": "1458.70000", "2018-09-30": "1540.60000", "2018-06-30": "1487.30000", "2018-03-31": "1550.50000", "2017-12-31": "967.80000", "2017-09-30": "954.90000", "2017-06-30": "956.70000", "2017-03-31": "967.60000", "2016-12-31": "952.90000", "2016-09-30": "937.70000", "2016-06-30": "945.70000", "2016-03-31": "941.90000", "2015-12-31": "1030.60000", "2015-09-30": "986.00000", "2015-06-30": "1011.50000", "2015-03-31": "1128.10000", "2014-12-31": "1200.00000", "2014-09-30": "1205.30000", "2014-06-30": "1084.70000", "2014-03-31": "1095.60000", "2013-12-31": "927.10000", "2013-09-30": "830.80000", "2013-06-30": "", "2013-05-31": "907.20000", "2013-03-31": "", "2013-02-28": "828.50000", "2012-11-30": "854.30000", "2012-09-30": "", "2012-08-31": "985.70000", "2012-05-31": "975.40000", "2012-02-29": "869.80000", "2011-11-30": "785.10000", "2011-08-31": "841.10000", "2011-05-31": "855.10000", "2011-02-28": "878.70000", "2010-11-30": "869.10000", "2010-08-31": "908.70000", "2010-05-31": "908.10000", "2010-02-28": "837.00000", "2009-11-30": "854.60000", "2009-08-31": "839.80000", "2009-05-31": "826.10000", "2009-02-28": "861.20000", "2008-11-30": "920.90000", "2008-08-31": "872.70000", "2008-05-31": "987.90000", "2008-02-29": "1048.80000", "2007-11-30": "1062.70000", "2007-08-31": "1034.40000", "2007-05-31": "875.20000", "2007-02-28": "907.20000", "2006-11-30": "925.90000", "2006-08-31": "929.70000", "2006-05-31": "980.20000", "2006-02-28": "690.40000", "2005-11-30": "622.20000", "2005-08-31": "633.30000", "2005-05-31": "650.40000", "2005-02-28": "441.80000"}, "Total Long Term Liabilities": {"2020-09-30": "7281.70000", "2020-06-30": "7244.00000", "2020-03-31": "7146.60000", "2019-12-31": "7339.20000", "2019-09-30": "7404.40000", "2019-06-30": "7434.70000", "2019-03-31": "7240.60000", "2018-12-31": "7030.80000", "2018-09-30": "7259.00000", "2018-06-30": "7387.40000", "2018-03-31": "7552.10000", "2017-12-31": "6963.20000", "2017-09-30": "5749.80000", "2017-06-30": "5777.80000", "2017-03-31": "5802.50000", "2016-12-31": "5741.40000", "2016-09-30": "5449.50000", "2016-06-30": "5787.90000", "2016-03-31": "5781.80000", "2015-12-31": "5777.50000", "2015-09-30": "5619.40000", "2015-06-30": "5742.10000", "2015-03-31": "5804.50000", "2014-12-31": "5965.70000", "2014-09-30": "5943.40000", "2014-06-30": "5106.60000", "2014-03-31": "5097.90000", "2013-12-31": "4967.50000", "2013-09-30": "2803.20000", "2013-06-30": "", "2013-05-31": "2878.20000", "2013-03-31": "", "2013-02-28": "2641.90000", "2012-11-30": "2692.50000", "2012-09-30": "", "2012-08-31": "2814.20000", "2012-05-31": "2773.30000", "2012-02-29": "2491.60000", "2011-11-30": "2383.40000", "2011-08-31": "2158.20000", "2011-05-31": "2196.50000", "2011-02-28": "2155.00000", "2010-11-30": "2158.60000", "2010-08-31": "2634.10000", "2010-05-31": "2655.40000", "2010-02-28": "2559.40000", "2009-11-30": "2575.90000", "2009-08-31": "2549.00000", "2009-05-31": "2539.20000", "2009-02-28": "2769.60000", "2008-11-30": "2845.00000", "2008-08-31": "2702.60000", "2008-05-31": "2902.50000", "2008-02-29": "2953.80000", "2007-11-30": "3060.00000", "2007-08-31": "3160.60000", "2007-05-31": "3350.00000", "2007-02-28": "3944.90000", "2006-11-30": "3771.50000", "2006-08-31": "3815.80000", "2006-05-31": "4063.70000", "2006-02-28": "4065.40000", "2005-11-30": "4009.30000", "2005-08-31": "4062.70000", "2005-05-31": "4045.40000", "2005-02-28": "4026.80000"}, "Total Liabilities": {"2020-09-30": "10147.40000", "2020-06-30": "10356.90000", "2020-03-31": "10415.60000", "2019-12-31": "9930.90000", "2019-09-30": "10128.90000", "2019-06-30": "9961.60000", "2019-03-31": "9637.80000", "2018-12-31": "9514.50000", "2018-09-30": "9761.40000", "2018-06-30": "9982.30000", "2018-03-31": "9772.60000", "2017-12-31": "8994.30000", "2017-09-30": "7647.60000", "2017-06-30": "7649.80000", "2017-03-31": "7435.90000", "2016-12-31": "7218.20000", "2016-09-30": "7388.90000", "2016-06-30": "7690.60000", "2016-03-31": "7596.10000", "2015-12-31": "7824.50000", "2015-09-30": "7490.90000", "2015-06-30": "7625.10000", "2015-03-31": "7425.20000", "2014-12-31": "7562.40000", "2014-09-30": "7493.00000", "2014-06-30": "7028.90000", "2014-03-31": "7261.20000", "2013-12-31": "8233.40000", "2013-09-30": "4105.50000", "2013-06-30": "", "2013-05-31": "4643.10000", "2013-03-31": "", "2013-02-28": "4178.50000", "2012-11-30": "4339.90000", "2012-09-30": "", "2012-08-31": "4490.30000", "2012-05-31": "4691.00000", "2012-02-29": "4106.40000", "2011-11-30": "4482.10000", "2011-08-31": "3942.10000", "2011-05-31": "4125.00000", "2011-02-28": "3689.50000", "2010-11-30": "3928.60000", "2010-08-31": "4013.20000", "2010-05-31": "3959.30000", "2010-02-28": "3786.00000", "2009-11-30": "4443.70000", "2009-08-31": "3864.30000", "2009-05-31": "4161.00000", "2009-02-28": "3998.40000", "2008-11-30": "4574.90000", "2008-08-31": "5342.40000", "2008-05-31": "5088.60000", "2008-02-29": "4765.00000", "2007-11-30": "4504.00000", "2007-08-31": "4764.90000", "2007-05-31": "4979.70000", "2007-02-28": "5086.60000", "2006-11-30": "5005.10000", "2006-08-31": "5101.70000", "2006-05-31": "5189.80000", "2006-02-28": "5078.90000", "2005-11-30": "5111.90000", "2005-08-31": "5147.80000", "2005-05-31": "5198.00000", "2005-02-28": "4931.10000"}, "Common Stock Net": {"2020-09-30": "3.80000", "2020-06-30": "3.80000", "2020-03-31": "3.80000", "2019-12-31": "3.80000", "2019-09-30": "3.80000", "2019-06-30": "3.80000", "2019-03-31": "3.80000", "2018-12-31": "3.80000", "2018-09-30": "3.80000", "2018-06-30": "3.80000", "2018-03-31": "3.80000", "2017-12-31": "3.50000", "2017-09-30": "3.50000", "2017-06-30": "3.50000", "2017-03-31": "3.50000", "2016-12-31": "3.50000", "2016-09-30": "3.50000", "2016-06-30": "3.50000", "2016-03-31": "3.50000", "2015-12-31": "3.50000", "2015-09-30": "3.60000", "2015-06-30": "3.60000", "2015-03-31": "3.70000", "2014-12-31": "3.70000", "2014-09-30": "3.70000", "2014-06-30": "3.80000", "2014-03-31": "3.90000", "2013-12-31": "4.30000", "2013-09-30": "4.30000", "2013-06-30": "", "2013-05-31": "4.30000", "2013-03-31": "", "2013-02-28": "4.30000", "2012-11-30": "4.30000", "2012-09-30": "", "2012-08-31": "4.30000", "2012-05-31": "4.30000", "2012-02-29": "4.30000", "2011-11-30": "4.30000", "2011-08-31": "4.50000", "2011-05-31": "4.50000", "2011-02-28": "4.50000", "2010-11-30": "4.50000", "2010-08-31": "4.50000", "2010-05-31": "4.50000", "2010-02-28": "4.50000", "2009-11-30": "4.50000", "2009-08-31": "4.50000", "2009-05-31": "4.40000", "2009-02-28": "4.40000", "2008-11-30": "4.40000", "2008-08-31": "4.40000", "2008-05-31": "4.40000", "2008-02-29": "4.40000", "2007-11-30": "4.40000", "2007-08-31": "4.40000", "2007-05-31": "4.40000", "2007-02-28": "4.40000", "2006-11-30": "4.40000", "2006-08-31": "4.40000", "2006-05-31": "3.90000", "2006-02-28": "3.90000", "2005-11-30": "3.90000", "2005-08-31": "3.90000", "2005-05-31": "3.90000", "2005-02-28": "3.80000"}, "Retained Earnings (Accumulated Deficit)": {"2020-09-30": "9721.60000", "2020-06-30": "9747.00000", "2020-03-31": "9718.70000", "2019-12-31": "9921.50000", "2019-09-30": "10880.70000", "2019-06-30": "10944.20000", "2019-03-31": "11196.80000", "2018-12-31": "11064.70000", "2018-09-30": "10971.70000", "2018-06-30": "10734.10000", "2018-03-31": "10675.60000", "2017-12-31": "10631.10000", "2017-09-30": "11079.80000", "2017-06-30": "10905.40000", "2017-03-31": "10861.00000", "2016-12-31": "10863.40000", "2016-09-30": "11045.40000", "2016-06-30": "11103.00000", "2016-03-31": "11206.10000", "2015-12-31": "11014.80000", "2015-09-30": "11058.50000", "2015-06-30": "11065.40000", "2015-03-31": "11258.50000", "2014-12-31": "11168.90000", "2014-09-30": "11153.20000", "2014-06-30": "11069.20000", "2014-03-31": "10916.70000", "2013-12-31": "11182.10000", "2013-09-30": "11707.60000", "2013-06-30": "", "2013-05-31": "11603.40000", "2013-03-31": "", "2013-02-28": "11224.10000", "2012-11-30": "10986.20000", "2012-09-30": "", "2012-08-31": "10464.10000", "2012-05-31": "10141.30000", "2012-02-29": "9687.40000", "2011-11-30": "9435.50000", "2011-08-31": "8834.20000", "2011-05-31": "8330.60000", "2011-02-28": "7703.70000", "2010-11-30": "7184.00000", "2010-08-31": "6180.70000", "2010-05-31": "5905.30000", "2010-02-28": "5531.50000", "2009-11-30": "5331.30000", "2009-08-31": "5824.60000", "2009-05-31": "5746.20000", "2009-02-28": "5621.60000", "2008-11-30": "5585.00000", "2008-08-31": "4647.20000", "2008-05-31": "3485.40000", "2008-02-29": "2622.90000", "2007-11-30": "2102.10000", "2007-08-31": "1708.10000", "2007-05-31": "1402.60000", "2007-02-28": "1200.00000", "2006-11-30": "1157.80000", "2006-08-31": "1091.90000", "2006-05-31": "982.90000", "2006-02-28": "1167.20000", "2005-11-30": "1241.40000", "2005-08-31": "1189.00000", "2005-05-31": "1115.40000", "2005-02-28": "1024.00000"}, "Comprehensive Income": {"2020-09-30": "-2053.80000", "2020-06-30": "-2113.20000", "2020-03-31": "-2184.00000", "2019-12-31": "-1598.20000", "2019-09-30": "-1665.40000", "2019-06-30": "-1477.90000", "2019-03-31": "-1595.60000", "2018-12-31": "-1657.10000", "2018-09-30": "-1517.70000", "2018-06-30": "-1523.20000", "2018-03-31": "-1201.60000", "2017-12-31": "-1061.60000", "2017-09-30": "-1008.90000", "2017-06-30": "-1187.10000", "2017-03-31": "-1270.30000", "2016-12-31": "-1312.20000", "2016-09-30": "-1231.50000", "2016-06-30": "-1168.30000", "2016-03-31": "-1225.60000", "2015-12-31": "-1492.90000", "2015-09-30": "-1448.70000", "2015-06-30": "-941.40000", "2015-03-31": "-1083.20000", "2014-12-31": "-473.70000", "2014-09-30": "-212.80000", "2014-06-30": "130.60000", "2014-03-31": "-120.70000", "2013-12-31": "114.30000", "2013-09-30": "312.90000", "2013-06-30": "", "2013-05-31": "326.40000", "2013-03-31": "", "2013-02-28": "410.40000", "2012-11-30": "611.10000", "2012-09-30": "", "2012-08-31": "617.70000", "2012-05-31": "378.00000", "2012-02-29": "664.20000", "2011-11-30": "408.10000", "2011-08-31": "769.20000", "2011-05-31": "710.20000", "2011-02-28": "702.70000", "2010-11-30": "496.70000", "2010-08-31": "309.10000", "2010-05-31": "289.40000", "2010-02-28": "411.00000", "2009-11-30": "384.10000", "2009-08-31": "260.20000", "2009-05-31": "258.60000", "2009-02-28": "-327.70000", "2008-11-30": "-209.30000", "2008-08-31": "551.50000", "2008-05-31": "790.60000", "2008-02-29": "783.10000", "2007-11-30": "717.90000", "2007-08-31": "495.30000", "2007-05-31": "458.90000", "2007-02-28": "133.00000", "2006-11-30": "206.80000", "2006-08-31": "295.10000", "2006-05-31": "299.20000", "2006-02-28": "220.90000", "2005-11-30": "143.20000", "2005-08-31": "73.30000", "2005-05-31": "-72.00000", "2005-02-28": "-58.60000"}, "Other Share Holders Equity": {"2020-09-30": "", "2020-06-30": "", "2020-03-31": "", "2019-12-31": "", "2019-09-30": "", "2019-06-30": "", "2019-03-31": "", "2018-12-31": "", "2018-09-30": "", "2018-06-30": "", "2018-03-31": "", "2017-12-31": "", "2017-09-30": "", "2017-06-30": "", "2017-03-31": "", "2016-12-31": "", "2016-09-30": "", "2016-06-30": "", "2016-03-31": "", "2015-12-31": "", "2015-09-30": "", "2015-06-30": "", "2015-03-31": "", "2014-12-31": "", "2014-09-30": "", "2014-06-30": "", "2014-03-31": "", "2013-12-31": "", "2013-09-30": "", "2013-06-30": "", "2013-05-31": "", "2013-03-31": "", "2013-02-28": "", "2012-11-30": "", "2012-09-30": "", "2012-08-31": "", "2012-05-31": "", "2012-02-29": "", "2011-11-30": "", "2011-08-31": "", "2011-05-31": "", "2011-02-28": "", "2010-11-30": "", "2010-08-31": "", "2010-05-31": "", "2010-02-28": "", "2009-11-30": "", "2009-08-31": "", "2009-05-31": "", "2009-02-28": "", "2008-11-30": "", "2008-08-31": "", "2008-05-31": "", "2008-02-29": "", "2007-11-30": "", "2007-08-31": "", "2007-05-31": "", "2007-02-28": "", "2006-11-30": "", "2006-08-31": "", "2006-05-31": "", "2006-02-28": "", "2005-11-30": "", "2005-08-31": "", "2005-05-31": "", "2005-02-28": ""}, "Share Holder Equity": {"2020-09-30": "8704.20000", "2020-06-30": "8663.70000", "2020-03-31": "8559.90000", "2019-12-31": "9367.60000", "2019-09-30": "10311.20000", "2019-06-30": "10682.30000", "2019-03-31": "10807.50000", "2018-12-31": "10604.70000", "2018-09-30": "10653.30000", "2018-06-30": "10415.70000", "2018-03-31": "10679.70000", "2017-12-31": "9639.10000", "2017-09-30": "10155.50000", "2017-06-30": "9794.60000", "2017-03-31": "9660.50000", "2016-12-31": "9622.50000", "2016-09-30": "9874.30000", "2016-06-30": "9994.20000", "2016-03-31": "10031.00000", "2015-12-31": "9565.00000", "2015-09-30": "9627.00000", "2015-06-30": "10151.80000", "2015-03-31": "10206.70000", "2014-12-31": "10720.60000", "2014-09-30": "10962.50000", "2014-06-30": "11264.60000", "2014-03-31": "10851.10000", "2013-12-31": "11320.60000", "2013-09-30": "13551.10000", "2013-06-30": "", "2013-05-31": "13442.90000", "2013-03-31": "", "2013-02-28": "13143.60000", "2012-11-30": "13100.80000", "2012-09-30": "", "2012-08-31": "12579.80000", "2012-05-31": "11999.40000", "2012-02-29": "11830.30000", "2011-11-30": "11320.20000", "2011-08-31": "12238.70000", "2011-05-31": "11661.90000", "2011-02-28": "11009.60000", "2010-11-30": "10270.80000", "2010-08-31": "9058.70000", "2010-05-31": "8748.40000", "2010-02-28": "8492.20000", "2009-11-30": "8252.90000", "2009-08-31": "8614.60000", "2009-05-31": "8515.20000", "2009-02-28": "7774.90000", "2008-11-30": "7852.80000", "2008-08-31": "7667.70000", "2008-05-31": "6731.20000", "2008-02-29": "5835.60000", "2007-11-30": "5190.10000", "2007-08-31": "4548.20000", "2007-05-31": "4183.90000", "2007-02-28": "3636.50000", "2006-11-30": "3648.10000", "2006-08-31": "3643.90000", "2006-05-31": "3530.80000", "2006-02-28": "3625.50000", "2005-11-30": "3583.60000", "2005-08-31": "3459.60000", "2005-05-31": "3213.50000", "2005-02-28": "3162.40000"}, "Total Liabilities And Share Holders Equity": {"2020-09-30": "18851.60000", "2020-06-30": "19020.60000", "2020-03-31": "18975.50000", "2019-12-31": "19298.50000", "2019-09-30": "20440.10000", "2019-06-30": "20643.90000", "2019-03-31": "20445.30000", "2018-12-31": "20119.20000", "2018-09-30": "20414.70000", "2018-06-30": "20398.00000", "2018-03-31": "20452.30000", "2017-12-31": "18633.40000", "2017-09-30": "17803.10000", "2017-06-30": "17444.40000", "2017-03-31": "17096.40000", "2016-12-31": "16840.70000", "2016-09-30": "17263.20000", "2016-06-30": "17684.80000", "2016-03-31": "17627.10000", "2015-12-31": "17389.50000", "2015-09-30": "17117.90000", "2015-06-30": "17776.90000", "2015-03-31": "17631.90000", "2014-12-31": "18283.00000", "2014-09-30": "18455.50000", "2014-06-30": "18293.50000", "2014-03-31": "18112.30000", "2013-12-31": "19554.00000", "2013-09-30": "17656.60000", "2013-06-30": "", "2013-05-31": "18086.00000", "2013-03-31": "", "2013-02-28": "17322.10000", "2012-11-30": "17440.70000", "2012-09-30": "", "2012-08-31": "17070.10000", "2012-05-31": "16690.40000", "2012-02-29": "15936.70000", "2011-11-30": "15802.30000", "2011-08-31": "16180.80000", "2011-05-31": "15786.90000", "2011-02-28": "14699.10000", "2010-11-30": "14199.40000", "2010-08-31": "13071.90000", "2010-05-31": "12707.70000", "2010-02-28": "12278.20000", "2009-11-30": "12696.60000", "2009-08-31": "12478.90000", "2009-05-31": "12676.20000", "2009-02-28": "11773.30000", "2008-11-30": "12427.70000", "2008-08-31": "13010.10000", "2008-05-31": "11819.80000", "2008-02-29": "10600.60000", "2007-11-30": "9694.10000", "2007-08-31": "9313.10000", "2007-05-31": "9163.60000", "2007-02-28": "8723.10000", "2006-11-30": "8653.20000", "2006-08-31": "8745.60000", "2006-05-31": "8720.60000", "2006-02-28": "8704.40000", "2005-11-30": "8695.50000", "2005-08-31": "8607.40000", "2005-05-31": "8411.50000", "2005-02-28": "8093.50000"}}, "cash flow statement": {"Net Income/Loss": {"2019-12-31": "-1090.80000", "2018-12-31": "469.90000", "2017-12-31": "-104.20000", "2016-12-31": "301.20000", "2015-12-31": "1001.80000", "2014-12-31": "1030.40000", "2013-12-31": "342.50000", "2013-05-31": "1891.80000", "2012-05-31": "1930.80000", "2011-05-31": "2513.50000", "2010-05-31": "831.50000", "2009-05-31": "2356.50000", "2008-05-31": "2091.50000", "2007-05-31": "419.70000", "2006-05-31": "-121.40000", "2005-05-31": "165.60000"}, "Total Depreciation And Amortization - Cash Flow": {"2019-12-31": "1528.20000", "2018-12-31": "882.70000", "2017-12-31": "691.20000", "2016-12-31": "751.60000", "2015-12-31": "772.20000", "2014-12-31": "842.00000", "2013-12-31": "407.80000", "2013-05-31": "638.10000", "2012-05-31": "540.50000", "2011-05-31": "479.00000", "2010-05-31": "474.60000", "2009-05-31": "417.40000", "2008-05-31": "403.10000", "2007-05-31": "337.60000", "2006-05-31": "322.30000", "2005-05-31": "192.50000"}, "Other Non-Cash Items": {"2019-12-31": "677.40000", "2018-12-31": "78.90000", "2017-12-31": "665.40000", "2016-12-31": "-100.90000", "2015-12-31": "184.60000", "2014-12-31": "116.40000", "2013-12-31": "130.50000", "2013-05-31": "259.00000", "2012-05-31": "311.40000", "2011-05-31": "-463.80000", "2010-05-31": "-3.70000", "2009-05-31": "-286.70000", "2008-05-31": "59.10000", "2007-05-31": "-33.30000", "2006-05-31": "222.40000", "2005-05-31": "14.50000"}, "Total Non-Cash Items": {"2019-12-31": "2205.60000", "2018-12-31": "961.60000", "2017-12-31": "1356.60000", "2016-12-31": "650.70000", "2015-12-31": "956.80000", "2014-12-31": "958.40000", "2013-12-31": "538.30000", "2013-05-31": "897.10000", "2012-05-31": "851.90000", "2011-05-31": "15.20000", "2010-05-31": "470.90000", "2009-05-31": "130.70000", "2008-05-31": "462.20000", "2007-05-31": "304.30000", "2006-05-31": "544.70010", "2005-05-31": "207.00000"}, "Change In Accounts Receivable": {"2019-12-31": "34.60000", "2018-12-31": "5.90000", "2017-12-31": "-91.20000", "2016-12-31": "3.50000", "2015-12-31": "-60.70000", "2014-12-31": "-226.50000", "2013-12-31": "404.10000", "2013-05-31": "-296.70000", "2012-05-31": "118.50000", "2011-05-31": "-297.30000", "2010-05-31": "-38.30000", "2009-05-31": "335.50000", "2008-05-31": "-423.40000", "2007-05-31": "-63.20000", "2006-05-31": "144.10000", "2005-05-31": "-126.00000"}, "Change In Inventories": {"2019-12-31": "128.10000", "2018-12-31": "-497.40000", "2017-12-31": "-155.70000", "2016-12-31": "263.00000", "2015-12-31": "-53.70000", "2014-12-31": "-129.70000", "2013-12-31": "30.80000", "2013-05-31": "-315.50000", "2012-05-31": "6.50000", "2011-05-31": "-244.70000", "2010-05-31": "92.00000", "2009-05-31": "-178.70000", "2008-05-31": "-547.10000", "2007-05-31": "-19.30000", "2006-05-31": "-16.80000", "2005-05-31": "-78.20000"}, "Change In Accounts Payable": {"2019-12-31": "-125.40000", "2018-12-31": "342.00000", "2017-12-31": "-65.70000", "2016-12-31": "-243.90000", "2015-12-31": "262.00000", "2014-12-31": "136.00000", "2013-12-31": "-77.70000", "2013-05-31": "-107.50000", "2012-05-31": "-58.40000", "2011-05-31": "240.10000", "2010-05-31": "156.80000", "2009-05-31": "-686.80000", "2008-05-31": "522.90000", "2007-05-31": "30.90000", "2006-05-31": "-61.90000", "2005-05-31": "122.70000"}, "Change In Assets/Liabilities": {"2019-12-31": "-56.70000", "2018-12-31": "127.80000", "2017-12-31": "-4.30000", "2016-12-31": "285.70000", "2015-12-31": "-80.80000", "2014-12-31": "349.80000", "2013-12-31": "-145.90000", "2013-05-31": "-163.50000", "2012-05-31": "-172.80000", "2011-05-31": "-36.30000", "2010-05-31": "244.00000", "2009-05-31": "-671.00000", "2008-05-31": "85.10000", "2007-05-31": "-123.60000", "2006-05-31": "-151.10000", "2005-05-31": "53.60000"}, "Total Change In Assets/Liabilities": {"2019-12-31": "-19.40000", "2018-12-31": "-21.70000", "2017-12-31": "-316.90000", "2016-12-31": "308.30000", "2015-12-31": "66.80000", "2014-12-31": "129.60000", "2013-12-31": "-12.20000", "2013-05-31": "-938.90000", "2012-05-31": "-108.40000", "2011-05-31": "-108.60000", "2010-05-31": "67.30000", "2009-05-31": "-1245.40000", "2008-05-31": "-14.10000", "2007-05-31": "-19.10000", "2006-05-31": "-122.10000", "2005-05-31": "-45.70000"}, "Cash Flow From Operating Activities": {"2019-12-31": "1095.40000", "2018-12-31": "1409.80000", "2017-12-31": "935.50000", "2016-12-31": "1260.20000", "2015-12-31": "2038.30000", "2014-12-31": "2122.10000", "2013-12-31": "912.30000", "2013-05-31": "1880.50000", "2012-05-31": "2705.80000", "2011-05-31": "2426.70000", "2010-05-31": "1356.00000", "2009-05-31": "1242.60000", "2008-05-31": "2546.60000", "2007-05-31": "707.90000", "2006-05-31": "294.40000", "2005-05-31": "331.90000"}, "Net Change In Property, Plant, And Equipment": {"2019-12-31": "-1268.20000", "2018-12-31": "-941.90000", "2017-12-31": "-519.40000", "2016-12-31": "-842.20000", "2015-12-31": "-994.70000", "2014-12-31": "-929.10000", "2013-12-31": "-800.00000", "2013-05-31": "-1588.30000", "2012-05-31": "-1639.30000", "2011-05-31": "-1263.20000", "2010-05-31": "-910.60000", "2009-05-31": "-781.10000", "2008-05-31": "-372.10000", "2007-05-31": "-292.10000", "2006-05-31": "-404.40000", "2005-05-31": "-255.20000"}, "Net Change In Intangible Assets": {"2019-12-31": "", "2018-12-31": "", "2017-12-31": "", "2016-12-31": "", "2015-12-31": "", "2014-12-31": "", "2013-12-31": "", "2013-05-31": "", "2012-05-31": "", "2011-05-31": "", "2010-05-31": "", "2009-05-31": "", "2008-05-31": "", "2007-05-31": "", "2006-05-31": "", "2005-05-31": ""}, "Net Acquisitions/Divestitures": {"2019-12-31": "-55.10000", "2018-12-31": "-985.30000", "2017-12-31": "", "2016-12-31": "", "2015-12-31": "47.90000", "2014-12-31": "-1644.00000", "2013-12-31": "", "2013-05-31": "", "2012-05-31": "", "2011-05-31": "56.40000", "2010-05-31": "17.60000", "2009-05-31": "", "2008-05-31": "7.90000", "2007-05-31": "", "2006-05-31": "", "2005-05-31": "53.00000"}, "Net Change In Short-term Investments": {"2019-12-31": "-13.10000", "2018-12-31": "0.00000", "2017-12-31": "0.00000", "2016-12-31": "", "2015-12-31": "", "2014-12-31": "", "2013-12-31": "", "2013-05-31": "", "2012-05-31": "", "2011-05-31": "1030.00000", "2010-05-31": "", "2009-05-31": "", "2008-05-31": "", "2007-05-31": "", "2006-05-31": "44.00000", "2005-05-31": "-14.30000"}, "Net Change In Long-Term Investments": {"2019-12-31": "-24.50000", "2018-12-31": "-17.20000", "2017-12-31": "-130.20010", "2016-12-31": "-1043.10000", "2015-12-31": "-172.70000", "2014-12-31": "-154.60000", "2013-12-31": "-158.90000", "2013-05-31": "-15.00000", "2012-05-31": "", "2011-05-31": "-385.30000", "2010-05-31": "", "2009-05-31": "728.40000", "2008-05-31": "16.50000", "2007-05-31": "-1.40000", "2006-05-31": "", "2005-05-31": "-5.50000"}, "Net Change In Investments - Total": {"2019-12-31": "-37.60000", "2018-12-31": "-17.20000", "2017-12-31": "-130.20010", "2016-12-31": "-1043.10000", "2015-12-31": "-172.70000", "2014-12-31": "-154.60000", "2013-12-31": "-158.90000", "2013-05-31": "-15.00000", "2012-05-31": "", "2011-05-31": "644.70000", "2010-05-31": "", "2009-05-31": "728.40000", "2008-05-31": "16.50000", "2007-05-31": "-1.40000", "2006-05-31": "44.00000", "2005-05-31": "-19.80000"}, "Investing Activities - Other": {"2019-12-31": "", "2018-12-31": "-0.30000", "2017-12-31": "-18.20000", "2016-12-31": "19.30000", "2015-12-31": "1.10000", "2014-12-31": "-11.40000", "2013-12-31": "1.70000", "2013-05-31": "13.50000", "2012-05-31": "11.90000", "2011-05-31": "-10.00000", "2010-05-31": "26.70000", "2009-05-31": "-28.90000", "2008-05-31": "6.10000", "2007-05-31": "-10.50000", "2006-05-31": "1.20000", "2005-05-31": "6.90000"}, "Cash Flow From Investing Activities": {"2019-12-31": "-1360.90000", "2018-12-31": "-1944.70000", "2017-12-31": "-667.80000", "2016-12-31": "-1866.00000", "2015-12-31": "-1118.40000", "2014-12-31": "-2739.10000", "2013-12-31": "-957.20000", "2013-05-31": "-1589.80000", "2012-05-31": "-1627.40000", "2011-05-31": "-572.10000", "2010-05-31": "-866.30000", "2009-05-31": "-81.60000", "2008-05-31": "-341.60000", "2007-05-31": "-304.00000", "2006-05-31": "-359.20000", "2005-05-31": "-215.10000"}, "Net Long-Term Debt": {"2019-12-31": "-48.30000", "2018-12-31": "-763.60000", "2017-12-31": "1149.20000", "2016-12-31": "-49.10000", "2015-12-31": "-54.90000", "2014-12-31": "809.90000", "2013-12-31": "1998.90000", "2013-05-31": "0.40000", "2012-05-31": "188.00000", "2011-05-31": "-468.70000", "2010-05-31": "-47.30000", "2009-05-31": "-108.70000", "2008-05-31": "-799.00000", "2007-05-31": "-177.60000", "2006-05-31": "-40.20000", "2005-05-31": "304.00000"}, "Net Current Debt": {"2019-12-31": "36.80000", "2018-12-31": "10.70000", "2017-12-31": "30.00000", "2016-12-31": "-24.30000", "2015-12-31": "12.50000", "2014-12-31": "-20.20000", "2013-12-31": "-35.20000", "2013-05-31": "26.00000", "2012-05-31": "19.10000", "2011-05-31": "-59.50000", "2010-05-31": "-9.60000", "2009-05-31": "-34.70000", "2008-05-31": "-8.20000", "2007-05-31": "-13.20000", "2006-05-31": "34.20000", "2005-05-31": "-197.50000"}, "Debt Issuance/Retirement Net - Total": {"2019-12-31": "-11.50000", "2018-12-31": "-752.90000", "2017-12-31": "1179.20000", "2016-12-31": "-73.40000", "2015-12-31": "-42.40000", "2014-12-31": "789.70000", "2013-12-31": "1963.70000", "2013-05-31": "26.40000", "2012-05-31": "207.10000", "2011-05-31": "-528.20000", "2010-05-31": "-56.90000", "2009-05-31": "-143.40000", "2008-05-31": "-807.20000", "2007-05-31": "-190.80000", "2006-05-31": "-6.00000", "2005-05-31": "106.50000"}, "Net Common Equity Issued/Repurchased": {"2019-12-31": "-149.90000", "2018-12-31": "", "2017-12-31": "", "2016-12-31": "-75.00000", "2015-12-31": "-709.50000", "2014-12-31": "-2755.30000", "2013-12-31": "", "2013-05-31": "", "2012-05-31": "-1162.50000", "2011-05-31": "20.30000", "2010-05-31": "12.50000", "2009-05-31": "4.60000", "2008-05-31": "57.20000", "2007-05-31": "48.10000", "2006-05-31": "28.90000", "2005-05-31": "26.40000"}, "Net Total Equity Issued/Repurchased": {"2019-12-31": "-149.90000", "2018-12-31": "", "2017-12-31": "", "2016-12-31": "-75.00000", "2015-12-31": "-709.50000", "2014-12-31": "-2755.30000", "2013-12-31": "", "2013-05-31": "", "2012-05-31": "-1162.50000", "2011-05-31": "20.30000", "2010-05-31": "12.50000", "2009-05-31": "4.60000", "2008-05-31": "57.20000", "2007-05-31": "48.10000", "2006-05-31": "28.90000", "2005-05-31": "26.40000"}, "Total Common And Preferred Stock Dividends Paid": {"2019-12-31": "-67.20000", "2018-12-31": "-38.50000", "2017-12-31": "-210.60000", "2016-12-31": "-385.10000", "2015-12-31": "-384.70000", "2014-12-31": "-382.50000", "2013-12-31": "-213.50000", "2013-05-31": "-426.60000", "2012-05-31": "-119.50000", "2011-05-31": "-89.30000", "2010-05-31": "-668.00000", "2009-05-31": "-88.90000", "2008-05-31": "-12.30000", "2007-05-31": "-8.50000", "2006-05-31": "-16.60000", "2005-05-31": "-9.60000"}, "Financial Activities - Other": {"2019-12-31": "146.40000", "2018-12-31": "66.60000", "2017-12-31": "232.20000", "2016-12-31": "-355.10000", "2015-12-31": "243.20000", "2014-12-31": "179.70000", "2013-12-31": "-67.80000", "2013-05-31": "9.40000", "2012-05-31": "13.80000", "2011-05-31": "12.20000", "2010-05-31": "1.80000", "2009-05-31": "2.80000", "2008-05-31": "52.50000", "2007-05-31": "-22.00000", "2006-05-31": "", "2005-05-31": "-15.20000"}, "Cash Flow From Financial Activities": {"2019-12-31": "-82.20000", "2018-12-31": "-724.80000", "2017-12-31": "1200.80000", "2016-12-31": "-888.60000", "2015-12-31": "-893.40000", "2014-12-31": "-2168.40000", "2013-12-31": "1682.40000", "2013-05-31": "-390.80000", "2012-05-31": "-1061.10000", "2011-05-31": "-585.00000", "2010-05-31": "-710.60000", "2009-05-31": "-224.90000", "2008-05-31": "-709.80000", "2007-05-31": "-173.20000", "2006-05-31": "6.30000", "2005-05-31": "108.10000"}, "Net Cash Flow": {"2019-12-31": "-338.70000", "2018-12-31": "-1323.40000", "2017-12-31": "1483.00000", "2016-12-31": "-1425.60000", "2015-12-31": "-237.60000", "2014-12-31": "-2918.50000", "2013-12-31": "1596.00000", "2013-05-31": "-113.90000", "2012-05-31": "-95.40000", "2011-05-31": "1383.40000", "2010-05-31": "-180.20000", "2009-05-31": "742.50000", "2008-05-31": "1540.10000", "2007-05-31": "247.30000", "2006-05-31": "-71.70000", "2005-05-31": "234.90000"}, "Stock-Based Compensation": {"2019-12-31": "27.90000", "2018-12-31": "27.50000", "2017-12-31": "28.00000", "2016-12-31": "30.50000", "2015-12-31": "41.30000", "2014-12-31": "54.30000", "2013-12-31": "23.30000", "2013-05-31": "28.20000", "2012-05-31": "23.40000", "2011-05-31": "21.10000", "2010-05-31": "23.50000", "2009-05-31": "", "2008-05-31": "", "2007-05-31": "", "2006-05-31": "", "2005-05-31": ""}, "Common Stock Dividends Paid": {"2019-12-31": "-67.20000", "2018-12-31": "-38.50000", "2017-12-31": "-210.60000", "2016-12-31": "-385.10000", "2015-12-31": "-384.70000", "2014-12-31": "-382.50000", "2013-12-31": "-213.50000", "2013-05-31": "-426.60000", "2012-05-31": "-119.50000", "2011-05-31": "-89.30000", "2010-05-31": "-668.00000", "2009-05-31": "-88.90000", "2008-05-31": "-12.30000", "2007-05-31": "-8.50000", "2006-05-31": "-16.60000", "2005-05-31": "-9.60000"}}, "cash flow statement, quarterly": {"Net Income/Loss": {"2020-09-30": -4.6, "2020-06-30": 45.9, "2020-03-31": "-204.00000", "2019-12-31": -950.4, "2019-09-30": -40, "2019-06-30": -230.3, "2019-03-31": "129.90000", "2018-12-31": 112, "2018-09-30": 249.7, "2018-06-30": 68.1, "2018-03-31": "40.10000", "2017-12-31": -429.8, "2017-09-30": 229.6, "2017-06-30": 97.1, "2017-03-31": "-1.10000", "2016-12-31": 14.6, "2016-09-30": 40.7, "2016-06-30": -11, "2016-03-31": "256.90000", "2015-12-31": 155.5, "2015-09-30": 160.7, "2015-06-30": 391, "2015-03-31": "294.60000", "2014-12-31": 361.6, "2014-09-30": 202.9, "2014-06-30": 248.2, "2014-03-31": "217.70000", "2013-12-31": -593.2, "2013-09-30": 125.8, "2013-06-30": 809.9, "2013-05-31": -379.9, "2013-03-31": "379.90000", "2013-02-28": "1406.40000", "2012-11-30": 642, "2012-09-30": -11.7, "2012-08-31": 430.7, "2012-05-31": -1423.9, "2012-02-29": "1423.90000", "2011-11-30": 625.6, "2011-08-31": 526.4, "2011-05-31": -1868.3, "2011-02-28": "1868.30000", "2010-11-30": 1026.8, "2010-08-31": 298.9, "2010-05-31": -435, "2010-02-28": "435.00000", "2009-11-30": 109, "2009-08-31": 102.5, "2009-05-31": -2208, "2009-02-28": "2208.00000", "2008-11-30": 961.3, "2008-08-31": 1188.6, "2008-05-31": -1220.3, "2008-02-29": "1220.30000", "2007-11-30": 394, "2007-08-31": 305.5, "2007-05-31": 0, "2007-02-28": "0.00000", "2006-11-30": 0, "2006-08-31": 0, "2006-05-31": 0, "2006-02-28": "0.00000", "2005-11-30": 0, "2005-08-31": 0, "2005-05-31": 0, "2005-02-28": "0.00000"}, "Total Depreciation And Amortization - Cash Flow": {"2020-09-30": 222.6, "2020-06-30": 232.1, "2020-03-31": "235.10000", "2019-12-31": 834.3, "2019-09-30": 226.4, "2019-06-30": 234.1, "2019-03-31": "233.40000", "2018-12-31": 244.1, "2018-09-30": 225.7, "2018-06-30": 213.4, "2018-03-31": "199.50000", "2017-12-31": 178.1, "2017-09-30": 175.3, "2017-06-30": 172.5, "2017-03-31": "165.30000", "2016-12-31": 175.9, "2016-09-30": 182.9, "2016-06-30": 199.7, "2016-03-31": "193.10000", "2015-12-31": 193.7, "2015-09-30": 189.1, "2015-06-30": 198.8, "2015-03-31": "190.60000", "2014-12-31": 214.3, "2014-09-30": 202.3, "2014-06-30": 240.6, "2014-03-31": "184.80000", "2013-12-31": -107.6, "2013-09-30": 176, "2013-06-30": 339.4, "2013-05-31": -164.8, "2013-03-31": "164.80000", "2013-02-28": "463.00000", "2012-11-30": 153.5, "2012-09-30": 2.2, "2012-08-31": 145.5, "2012-05-31": -389.6, "2012-02-29": "389.60000", "2011-11-30": 127.2, "2011-08-31": 127.4, "2011-05-31": -348.5, "2011-02-28": "348.50000", "2010-11-30": 99.8, "2010-08-31": 124.9, "2010-05-31": -376.3, "2010-02-28": "376.30000", "2009-11-30": 149.2, "2009-08-31": 114.2, "2009-05-31": -312, "2009-02-28": "312.00000", "2008-11-30": 98.9, "2008-08-31": 106.6, "2008-05-31": -277.1, "2008-02-29": "277.10000", "2007-11-30": 88.8, "2007-08-31": 93.9, "2007-05-31": 0, "2007-02-28": "", "2006-11-30": 0, "2006-08-31": 0, "2006-05-31": 0, "2006-02-28": "", "2005-11-30": 0, "2005-08-31": 0, "2005-05-31": 0, "2005-02-28": ""}, "Other Non-Cash Items": {"2020-09-30": -93.1, "2020-06-30": 271.7, "2020-03-31": "-34.80000", "2019-12-31": 222.9, "2019-09-30": 91.7, "2019-06-30": 381.1, "2019-03-31": "-18.30000", "2018-12-31": 40.2, "2018-09-30": 76.7, "2018-06-30": -8, "2018-03-31": "-30.00000", "2017-12-31": 646.5, "2017-09-30": -27, "2017-06-30": -39.9, "2017-03-31": "85.80000", "2016-12-31": -3.7, "2016-09-30": -32.8, "2016-06-30": 12.1, "2016-03-31": "-76.50000", "2015-12-31": 124.5, "2015-09-30": -27.5, "2015-06-30": 67.7, "2015-03-31": "19.90000", "2014-12-31": 49.5, "2014-09-30": 72.5, "2014-06-30": -52.8, "2014-03-31": "47.20000", "2013-12-31": -267.2, "2013-09-30": 100.1, "2013-06-30": 297.6, "2013-05-31": -31.5, "2013-03-31": "31.50000", "2013-02-28": "22.90000", "2012-11-30": -22.5, "2012-09-30": -21.1, "2012-08-31": 16.2, "2012-05-31": -137.3, "2012-02-29": "137.30000", "2011-11-30": 104.3, "2011-08-31": 84.4, "2011-05-31": 629.6, "2011-02-28": "-629.60000", "2010-11-30": -653.2999, "2010-08-31": -18.5, "2010-05-31": 36.6, "2010-02-28": "-36.60000", "2009-11-30": 6.5, "2009-08-31": -29.7, "2009-05-31": 105.4001, "2009-02-28": "-105.40010", "2008-11-30": -202, "2008-08-31": 102, "2008-05-31": 132.7, "2008-02-29": "-132.70000", "2007-11-30": -18.6, "2007-08-31": -4.6, "2007-05-31": 0, "2007-02-28": "", "2006-11-30": 0, "2006-08-31": 0, "2006-05-31": 0, "2006-02-28": "", "2005-11-30": 0, "2005-08-31": 0, "2005-05-31": 0, "2005-02-28": ""}, "Total Non-Cash Items": {"2020-09-30": 129.5, "2020-06-30": 503.8, "2020-03-31": "200.30000", "2019-12-31": 1057.2, "2019-09-30": 318.1001, "2019-06-30": 615.1999, "2019-03-31": "215.10000", "2018-12-31": 284.3, "2018-09-30": 302.4, "2018-06-30": 205.4, "2018-03-31": "169.50000", "2017-12-31": 824.6, "2017-09-30": 148.3, "2017-06-30": 132.6, "2017-03-31": "251.10000", "2016-12-31": 172.2, "2016-09-30": 150.1, "2016-06-30": 211.8, "2016-03-31": "116.60000", "2015-12-31": 318.2, "2015-09-30": 161.6, "2015-06-30": 266.5, "2015-03-31": "210.50000", "2014-12-31": 263.8, "2014-09-30": 274.8, "2014-06-30": 187.8, "2014-03-31": "232.00000", "2013-12-31": -374.7999, "2013-09-30": 276.0998, "2013-06-30": 637.0001, "2013-05-31": -196.3, "2013-03-31": "196.30000", "2013-02-28": "485.90000", "2012-11-30": 131, "2012-09-30": -18.9, "2012-08-31": 161.7, "2012-05-31": -526.9, "2012-02-29": "526.90000", "2011-11-30": 231.5, "2011-08-31": 211.8, "2011-05-31": 281.1, "2011-02-28": "-281.10000", "2010-11-30": -553.5, "2010-08-31": 106.4, "2010-05-31": -339.7, "2010-02-28": "339.70000", "2009-11-30": 155.7, "2009-08-31": 84.5, "2009-05-31": -206.5999, "2009-02-28": "206.59990", "2008-11-30": -103.1, "2008-08-31": 208.6, "2008-05-31": -144.4, "2008-02-29": "144.40000", "2007-11-30": 70.2, "2007-08-31": 89.3, "2007-05-31": 0, "2007-02-28": "", "2006-11-30": 0, "2006-08-31": 0, "2006-05-31": 0, "2006-02-28": "", "2005-11-30": 0, "2005-08-31": 0, "2005-05-31": 0, "2005-02-28": ""}, "Change In Accounts Receivable": {"2020-09-30": -105.1, "2020-06-30": 28, "2020-03-31": "14.80000", "2019-12-31": 1.4, "2019-09-30": -134.7, "2019-06-30": 108.9, "2019-03-31": "59.00000", "2018-12-31": 37.5, "2018-09-30": -163.8, "2018-06-30": 69.7, "2018-03-31": "62.50000", "2017-12-31": -84.4, "2017-09-30": -58.2, "2017-06-30": 5.7, "2017-03-31": "45.70000", "2016-12-31": -118.6, "2016-09-30": -134.9, "2016-06-30": 239.9, "2016-03-31": "17.10000", "2015-12-31": -1.6, "2015-09-30": -104.4, "2015-06-30": 37.3, "2015-03-31": "8.00000", "2014-12-31": -162.5, "2014-09-30": 6.1, "2014-06-30": 14.8, "2014-03-31": "-84.90000", "2013-12-31": 212.5, "2013-09-30": 131.7, "2013-06-30": 59.9, "2013-05-31": 73.5, "2013-03-31": "-73.50000", "2013-02-28": "-141.50000", "2012-11-30": 17.2, "2012-09-30": -92.5, "2012-08-31": 11.5, "2012-05-31": -239.4, "2012-02-29": "239.40000", "2011-11-30": -144.4, "2011-08-31": 130.6, "2011-05-31": 183.9, "2011-02-28": "-183.90000", "2010-11-30": -87.6, "2010-08-31": 41.3, "2010-05-31": 17.3, "2010-02-28": "-17.30000", "2009-11-30": -96.5, "2009-08-31": 111.5, "2009-05-31": -326, "2009-02-28": "326.00000", "2008-11-30": 577.6, "2008-08-31": -521, "2008-05-31": 139.3, "2008-02-29": "-139.30000", "2007-11-30": -73, "2007-08-31": 20.6, "2007-05-31": 0, "2007-02-28": "", "2006-11-30": 0, "2006-08-31": 0, "2006-05-31": 0, "2006-02-28": "", "2005-11-30": 0, "2005-08-31": 0, "2005-05-31": 0, "2005-02-28": ""}, "Change In Inventories": {"2020-09-30": 263, "2020-06-30": -46.2, "2020-03-31": "-24.40000", "2019-12-31": 227.2, "2019-09-30": 314.5, "2019-06-30": -109.1, "2019-03-31": "-304.50000", "2018-12-31": -299.3, "2018-09-30": 171.5, "2018-06-30": -222, "2018-03-31": "-147.60000", "2017-12-31": 98.9, "2017-09-30": 51.1, "2017-06-30": -172.4, "2017-03-31": "-133.30000", "2016-12-31": 104.5, "2016-09-30": 195.1, "2016-06-30": -70.9, "2016-03-31": "34.30000", "2015-12-31": -10.9, "2015-09-30": -73.4, "2015-06-30": -77.9, "2015-03-31": "108.50000", "2014-12-31": -168, "2014-09-30": 74.5, "2014-06-30": -8.9, "2014-03-31": "-27.30000", "2013-12-31": 10.5, "2013-09-30": -2.5, "2013-06-30": 22.8, "2013-05-31": -16.7, "2013-03-31": "16.70000", "2013-02-28": "-334.70000", "2012-11-30": -59.4, "2012-09-30": 33.3, "2012-08-31": -246.4, "2012-05-31": 66.2, "2012-02-29": "-66.20000", "2011-11-30": 193, "2011-08-31": -135.8, "2011-05-31": 129.5, "2011-02-28": "-129.50000", "2010-11-30": 227.7, "2010-08-31": -42.3, "2010-05-31": -172, "2010-02-28": "172.00000", "2009-11-30": 77.8, "2009-08-31": 78.9, "2009-05-31": 415.9, "2009-02-28": "-415.90000", "2008-11-30": -1.9, "2008-08-31": -590.2, "2008-05-31": 243.5, "2008-02-29": "-243.50000", "2007-11-30": -44.8, "2007-08-31": -30.7, "2007-05-31": 0, "2007-02-28": "", "2006-11-30": 0, "2006-08-31": 0, "2006-05-31": 0, "2006-02-28": "", "2005-11-30": 0, "2005-08-31": 0, "2005-05-31": 0, "2005-02-28": ""}, "Change In Accounts Payable": {"2020-09-30": 19.4, "2020-06-30": 58.3, "2020-03-31": "332.70000", "2019-12-31": -94.5, "2019-09-30": 26.5, "2019-06-30": 129.3, "2019-03-31": "-186.70000", "2018-12-31": -124.5, "2018-09-30": -50.6, "2018-06-30": 592, "2018-03-31": "-74.90000", "2017-12-31": -27.3, "2017-09-30": -257.6, "2017-06-30": 180.6, "2017-03-31": "38.60000", "2016-12-31": -81.2, "2016-09-30": -173.8, "2016-06-30": 148.8, "2016-03-31": "-137.70000", "2015-12-31": -106.8, "2015-09-30": 128, "2015-06-30": 83.4, "2015-03-31": "157.40000", "2014-12-31": -4.2, "2014-09-30": -125.6, "2014-06-30": 179, "2014-03-31": "86.80000", "2013-12-31": 51, "2013-09-30": -104.1, "2013-06-30": -24.6, "2013-05-31": -5.2, "2013-03-31": "5.20000", "2013-02-28": "-97.30000", "2012-11-30": -111.3, "2012-09-30": 156.3, "2012-08-31": -28, "2012-05-31": 152.1, "2012-02-29": "-152.10000", "2011-11-30": -114.5, "2011-08-31": -34.2, "2011-05-31": -94.3, "2011-02-28": "94.30000", "2010-11-30": 26.5, "2010-08-31": -27.5, "2010-05-31": -85.5, "2010-02-28": "85.50000", "2009-11-30": 34.8, "2009-08-31": 77, "2009-05-31": 646.9, "2009-02-28": "-646.90000", "2008-11-30": -476.2, "2008-08-31": 273.9, "2008-05-31": -144, "2008-02-29": "144.00000", "2007-11-30": 131.9, "2007-08-31": -28.5, "2007-05-31": 0, "2007-02-28": "", "2006-11-30": 0, "2006-08-31": 0, "2006-05-31": 0, "2006-02-28": "", "2005-11-30": 0, "2005-08-31": 0, "2005-05-31": 0, "2005-02-28": ""}, "Change In Assets/Liabilities": {"2020-09-30": 38.4, "2020-06-30": 223.9, "2020-03-31": "-129.50000", "2019-12-31": 36.7, "2019-09-30": 1.6, "2019-06-30": -6.7, "2019-03-31": "-88.30000", "2018-12-31": 161.2, "2018-09-30": -6.6, "2018-06-30": 102.5, "2018-03-31": "-129.30000", "2017-12-31": 29.2, "2017-09-30": 32.5, "2017-06-30": -11, "2017-03-31": "-55.00000", "2016-12-31": 231.8, "2016-09-30": 16.5, "2016-06-30": 58.7, "2016-03-31": "-21.30000", "2015-12-31": 163, "2015-09-30": -96.7, "2015-06-30": -92.9, "2015-03-31": "-54.20000", "2014-12-31": 119.2, "2014-09-30": 33.2, "2014-06-30": 75.9, "2014-03-31": "121.50000", "2013-12-31": 204.3, "2013-09-30": -251, "2013-06-30": -99.2, "2013-05-31": 82.4, "2013-03-31": "-82.40000", "2013-02-28": "-65.40000", "2012-11-30": -189.6, "2012-09-30": -19, "2012-08-31": 74.8, "2012-05-31": 288, "2012-02-29": "-288.00000", "2011-11-30": -157, "2011-08-31": -14, "2011-05-31": 14.7, "2011-02-28": "-14.70000", "2010-11-30": -32.3, "2010-08-31": 62.2, "2010-05-31": -174.6, "2010-02-28": "174.60000", "2009-11-30": 12.8, "2009-08-31": 18.5, "2009-05-31": 450, "2009-02-28": "-450.00000", "2008-11-30": -208.1, "2008-08-31": -135.6, "2008-05-31": -54, "2008-02-29": "54.00000", "2007-11-30": 41.8, "2007-08-31": 140.8, "2007-05-31": 0, "2007-02-28": "", "2006-11-30": 0, "2006-08-31": 0, "2006-05-31": 0, "2006-02-28": "", "2005-11-30": 0, "2005-08-31": 0, "2005-05-31": 0, "2005-02-28": ""}, "Total Change In Assets/Liabilities": {"2020-09-30": 215.7, "2020-06-30": 264, "2020-03-31": "193.60000", "2019-12-31": 170.8, "2019-09-30": 207.9, "2019-06-30": 122.4, "2019-03-31": "-520.50000", "2018-12-31": -225.1, "2018-09-30": -49.4999, "2018-06-30": 542.1999, "2018-03-31": "-289.30000", "2017-12-31": 16.4, "2017-09-30": -232.2, "2017-06-30": 2.9, "2017-03-31": "-104.00000", "2016-12-31": 136.5, "2016-09-30": -97.1, "2016-06-30": 376.5, "2016-03-31": "-107.60000", "2015-12-31": 43.7, "2015-09-30": -146.5, "2015-06-30": -50.1, "2015-03-31": "219.70000", "2014-12-31": -283.3, "2014-09-30": -115.8, "2014-06-30": 355.4, "2014-03-31": "173.30000", "2013-12-31": 319.9, "2013-09-30": -446.9, "2013-06-30": 114.8, "2013-05-31": -1.8, "2013-03-31": "1.80000", "2013-02-28": "-880.00000", "2012-11-30": -464.4999, "2012-09-30": 49.2, "2012-08-31": -267.2, "2012-05-31": 482.1, "2012-02-29": "-482.10000", "2011-11-30": -338, "2011-08-31": -183.4, "2011-05-31": 135.9, "2011-02-28": "-135.90000", "2010-11-30": 66.3, "2010-08-31": 149.9, "2010-05-31": -46.7, "2010-02-28": "46.70000", "2009-11-30": -92.6, "2009-08-31": -13.9, "2009-05-31": 1476, "2009-02-28": "-1476.00000", "2008-11-30": -466.3, "2008-08-31": -834.7, "2008-05-31": -139.8, "2008-02-29": "139.80000", "2007-11-30": 72.1, "2007-08-31": 44.7, "2007-05-31": 0, "2007-02-28": "", "2006-11-30": 0, "2006-08-31": 0, "2006-05-31": 0, "2006-02-28": "", "2005-11-30": 0, "2005-08-31": 0, "2005-05-31": 0, "2005-02-28": ""}, "Cash Flow From Operating Activities": {"2020-09-30": 340.6, "2020-06-30": 813.7, "2020-03-31": "189.90000", "2019-12-31": 277.6, "2019-09-30": 486, "2019-06-30": 507.3, "2019-03-31": "-175.50000", "2018-12-31": 150, "2018-09-30": 523.8, "2018-06-30": 807, "2018-03-31": "-71.00000", "2017-12-31": 411.2, "2017-09-30": 135.5, "2017-06-30": 242.8, "2017-03-31": "146.00000", "2016-12-31": 322.5, "2016-09-30": 88.3, "2016-06-30": 583.5, "2016-03-31": "265.90000", "2015-12-31": 517.6, "2015-09-30": 188.5, "2015-06-30": 603.3, "2015-03-31": "728.90000", "2014-12-31": 342.3, "2014-09-30": 356.5, "2014-06-30": 796.3, "2014-03-31": "627.00000", "2013-12-31": -604.4, "2013-09-30": -45, "2013-06-30": 1561.7, "2013-05-31": -579.4, "2013-03-31": "579.40000", "2013-02-28": "1032.80000", "2012-11-30": 317.9, "2012-09-30": 4.5, "2012-08-31": 339.3, "2012-05-31": -1476.5, "2012-02-29": "1476.50000", "2011-11-30": 517.7, "2011-08-31": 554.3, "2011-05-31": -1453.8, "2011-02-28": "1453.80000", "2010-11-30": 531.7, "2010-08-31": 556.2, "2010-05-31": -823.9, "2010-02-28": "823.90000", "2009-11-30": 174.8, "2009-08-31": 172.4, "2009-05-31": -936.8, "2009-02-28": "936.80000", "2008-11-30": 386.5, "2008-08-31": 561.5, "2008-05-31": -1508.9, "2008-02-29": "1508.90000", "2007-11-30": 542.5, "2007-08-31": 438.4, "2007-05-31": -454.4, "2007-02-28": "454.40000", "2006-11-30": 149.8, "2006-08-31": 150.6, "2006-05-31": -91.7, "2006-02-28": "91.70000", "2005-11-30": 80.9, "2005-08-31": 81.2, "2005-05-31": -70.6, "2005-02-28": "70.60000"}, "Net Change In Property, Plant, And Equipment": {"2020-09-30": -265.1, "2020-06-30": -257.2, "2020-03-31": "-263.50000", "2019-12-31": -337.1, "2019-09-30": -267.2, "2019-06-30": -350, "2019-03-31": "-313.90000", "2018-12-31": -285.8, "2018-09-30": -231.7, "2018-06-30": -201.1, "2018-03-31": "-223.30000", "2017-12-31": 1.4, "2017-09-30": -128.5, "2017-06-30": -168.5, "2017-03-31": "-223.80000", "2016-12-31": -208.5, "2016-09-30": -196.4, "2016-06-30": -201.7, "2016-03-31": "-235.60000", "2015-12-31": -292.5, "2015-09-30": -245.3, "2015-06-30": -227.4, "2015-03-31": "-229.50000", "2014-12-31": -251.8, "2014-09-30": -188.4, "2014-06-30": -214, "2014-03-31": "-274.90000", "2013-12-31": 274, "2013-09-30": -332.5, "2013-06-30": -741.5, "2013-05-31": 367.5, "2013-03-31": "-367.50000", "2013-02-28": "-1240.40000", "2012-11-30": -458, "2012-09-30": 64.5, "2012-08-31": -449.1, "2012-05-31": 1190.3, "2012-02-29": "-1190.30000", "2011-11-30": -387.1, "2011-08-31": -391.4, "2011-05-31": 897.3, "2011-02-28": "-897.30000", "2010-11-30": -291, "2010-08-31": -294.7, "2010-05-31": 635.6, "2010-02-28": "-635.60000", "2009-11-30": -190.6, "2009-08-31": -236.2, "2009-05-31": 606.8, "2009-02-28": "-606.80000", "2008-11-30": -223.2, "2008-08-31": -186.9, "2008-05-31": 247.8, "2008-02-29": "-247.80000", "2007-11-30": -79.1, "2007-08-31": -82.1, "2007-05-31": 190.6, "2007-02-28": "-190.60000", "2006-11-30": -37, "2006-08-31": -85.2, "2006-05-31": 264.3, "2006-02-28": "-264.30000", "2005-11-30": -91, "2005-08-31": -90.7, "2005-05-31": 151.1, "2005-02-28": "-151.10000"}, "Net Change In Intangible Assets": {"2020-09-30": 0, "2020-06-30": 0, "2020-03-31": "", "2019-12-31": 0, "2019-09-30": 0, "2019-06-30": 0, "2019-03-31": "", "2018-12-31": 0, "2018-09-30": 0, "2018-06-30": 0, "2018-03-31": "", "2017-12-31": 0, "2017-09-30": 0, "2017-06-30": 0, "2017-03-31": "", "2016-12-31": 0, "2016-09-30": 0, "2016-06-30": 0, "2016-03-31": "", "2015-12-31": 0, "2015-09-30": 0, "2015-06-30": 0, "2015-03-31": "", "2014-12-31": 0, "2014-09-30": 0, "2014-06-30": 0, "2014-03-31": "", "2013-12-31": 0, "2013-09-30": 0, "2013-06-30": 0, "2013-05-31": 0, "2013-03-31": "", "2013-02-28": "", "2012-11-30": 0, "2012-09-30": 0, "2012-08-31": 0, "2012-05-31": 0, "2012-02-29": "", "2011-11-30": 0, "2011-08-31": 0, "2011-05-31": 0, "2011-02-28": "", "2010-11-30": 0, "2010-08-31": 0, "2010-05-31": 0, "2010-02-28": "", "2009-11-30": 0, "2009-08-31": 0, "2009-05-31": 0, "2009-02-28": "", "2008-11-30": 0, "2008-08-31": 0, "2008-05-31": 0, "2008-02-29": "", "2007-11-30": 0, "2007-08-31": 0, "2007-05-31": 0, "2007-02-28": "", "2006-11-30": 0, "2006-08-31": 0, "2006-05-31": 0, "2006-02-28": "", "2005-11-30": 0, "2005-08-31": 0, "2005-05-31": 0, "2005-02-28": ""}, "Net Acquisitions/Divestitures": {"2020-09-30": 0, "2020-06-30": 0, "2020-03-31": "", "2019-12-31": -55.1, "2019-09-30": 0, "2019-06-30": 0, "2019-03-31": "", "2018-12-31": 0, "2018-09-30": 0, "2018-06-30": 9.3, "2018-03-31": "-994.60000", "2017-12-31": 0, "2017-09-30": 0, "2017-06-30": 0, "2017-03-31": "", "2016-12-31": 0, "2016-09-30": 0, "2016-06-30": 0, "2016-03-31": "", "2015-12-31": 0, "2015-09-30": 0, "2015-06-30": 0, "2015-03-31": "47.90000", "2014-12-31": -323.2, "2014-09-30": 32.8, "2014-06-30": 0, "2014-03-31": "-1353.60000", "2013-12-31": 0, "2013-09-30": 0, "2013-06-30": 0, "2013-05-31": 15, "2013-03-31": "-15.00000", "2013-02-28": "", "2012-11-30": 0, "2012-09-30": 0, "2012-08-31": 0, "2012-05-31": 0, "2012-02-29": "", "2011-11-30": 0, "2011-08-31": 0, "2011-05-31": -50, "2011-02-28": "50.00000", "2010-11-30": 0, "2010-08-31": 0, "2010-05-31": -12.9, "2010-02-28": "12.90000", "2009-11-30": 12.9, "2009-08-31": 0, "2009-05-31": 0, "2009-02-28": "", "2008-11-30": 0, "2008-08-31": 0, "2008-05-31": -7.9, "2008-02-29": "7.90000", "2007-11-30": -0.3, "2007-08-31": 7.8, "2007-05-31": 0, "2007-02-28": "", "2006-11-30": 0, "2006-08-31": 0, "2006-05-31": 0, "2006-02-28": "", "2005-11-30": 0, "2005-08-31": 0, "2005-05-31": -52.8, "2005-02-28": "52.80000"}, "Net Change In Short-term Investments": {"2020-09-30": 0.9, "2020-06-30": 0, "2020-03-31": "0.10000", "2019-12-31": -0.9, "2019-09-30": -1.5, "2019-06-30": 0, "2019-03-31": "-10.70000", "2018-12-31": 0, "2018-09-30": 0, "2018-06-30": 0, "2018-03-31": "", "2017-12-31": 0, "2017-09-30": 0, "2017-06-30": 0, "2017-03-31": "", "2016-12-31": 0, "2016-09-30": 0, "2016-06-30": 0, "2016-03-31": "", "2015-12-31": 0, "2015-09-30": 0, "2015-06-30": 0, "2015-03-31": "", "2014-12-31": 0, "2014-09-30": 0, "2014-06-30": 0, "2014-03-31": "", "2013-12-31": 0, "2013-09-30": 0, "2013-06-30": 0, "2013-05-31": 0, "2013-03-31": "", "2013-02-28": "", "2012-11-30": 0, "2012-09-30": 0, "2012-08-31": 0, "2012-05-31": 0, "2012-02-29": "", "2011-11-30": 0, "2011-08-31": 0, "2011-05-31": 0, "2011-02-28": "", "2010-11-30": 0, "2010-08-31": 0, "2010-05-31": 0, "2010-02-28": "", "2009-11-30": 0, "2009-08-31": 0, "2009-05-31": 0, "2009-02-28": "", "2008-11-30": 0, "2008-08-31": 0, "2008-05-31": 0, "2008-02-29": "", "2007-11-30": 0, "2007-08-31": 0, "2007-05-31": 0, "2007-02-28": "", "2006-11-30": 0, "2006-08-31": 0, "2006-05-31": -44, "2006-02-28": "44.00000", "2005-11-30": 17.4, "2005-08-31": 11.8, "2005-05-31": 15.2, "2005-02-28": "-15.20000"}, "Net Change In Long-Term Investments": {"2020-09-30": -2.2, "2020-06-30": -1.3, "2020-03-31": "-6.20000", "2019-12-31": -8.4, "2019-09-30": -3.7, "2019-06-30": -7.8, "2019-03-31": "-4.60000", "2018-12-31": 2, "2018-09-30": -7.4, "2018-06-30": -11.4, "2018-03-31": "-0.40000", "2017-12-31": -7.4001, "2017-09-30": -73.7, "2017-06-30": -22.3, "2017-03-31": "-26.80000", "2016-12-31": -73.6, "2016-09-30": -779.5, "2016-06-30": -151.5, "2016-03-31": "-38.50000", "2015-12-31": -102.1, "2015-09-30": 54.4, "2015-06-30": -122, "2015-03-31": "-3.00000", "2014-12-31": -2.6, "2014-09-30": -2.4, "2014-06-30": -143.8, "2014-03-31": "-5.80000", "2013-12-31": -2.6, "2013-09-30": -134.5, "2013-06-30": -21.8, "2013-05-31": 0, "2013-03-31": "", "2013-02-28": "", "2012-11-30": 0, "2012-09-30": 0, "2012-08-31": 0, "2012-05-31": 0, "2012-02-29": "", "2011-11-30": 0, "2011-08-31": 0, "2011-05-31": -644.7, "2011-02-28": "644.70000", "2010-11-30": 1030, "2010-08-31": -385.3, "2010-05-31": 0, "2010-02-28": "", "2009-11-30": 0, "2009-08-31": 0, "2009-05-31": -745.7, "2009-02-28": "745.70000", "2008-11-30": 745.7, "2008-08-31": 0, "2008-05-31": -24.6, "2008-02-29": "24.60000", "2007-11-30": 0, "2007-08-31": 0, "2007-05-31": 0, "2007-02-28": "", "2006-11-30": 0, "2006-08-31": 0, "2006-05-31": 0, "2006-02-28": "", "2005-11-30": 0, "2005-08-31": 0, "2005-05-31": 2.5, "2005-02-28": "-2.50000"}, "Net Change In Investments - Total": {"2020-09-30": -1.3, "2020-06-30": -1.3, "2020-03-31": "-6.10000", "2019-12-31": -9.3, "2019-09-30": -5.2, "2019-06-30": -7.8, "2019-03-31": "-15.30000", "2018-12-31": 2, "2018-09-30": -7.4, "2018-06-30": -11.4, "2018-03-31": "-0.40000", "2017-12-31": -7.4001, "2017-09-30": -73.7, "2017-06-30": -22.3, "2017-03-31": "-26.80000", "2016-12-31": -73.6, "2016-09-30": -779.5, "2016-06-30": -151.5, "2016-03-31": "-38.50000", "2015-12-31": -102.1, "2015-09-30": 54.4, "2015-06-30": -122, "2015-03-31": "-3.00000", "2014-12-31": -2.6, "2014-09-30": -2.4, "2014-06-30": -143.8, "2014-03-31": "-5.80000", "2013-12-31": -2.6, "2013-09-30": -134.5, "2013-06-30": -21.8, "2013-05-31": 0, "2013-03-31": "", "2013-02-28": "", "2012-11-30": 0, "2012-09-30": 0, "2012-08-31": 0, "2012-05-31": 0, "2012-02-29": "", "2011-11-30": 0, "2011-08-31": 0, "2011-05-31": -644.7, "2011-02-28": "644.70000", "2010-11-30": 1030, "2010-08-31": -385.3, "2010-05-31": 0, "2010-02-28": "", "2009-11-30": 0, "2009-08-31": 0, "2009-05-31": -745.7, "2009-02-28": "745.70000", "2008-11-30": 745.7, "2008-08-31": 0, "2008-05-31": -24.6, "2008-02-29": "24.60000", "2007-11-30": 0, "2007-08-31": 0, "2007-05-31": 0, "2007-02-28": "", "2006-11-30": 0, "2006-08-31": 0, "2006-05-31": -44, "2006-02-28": "44.00000", "2005-11-30": 17.4, "2005-08-31": 11.8, "2005-05-31": 17.7, "2005-02-28": "-17.70000"}, "Investing Activities - Other": {"2020-09-30": -0.7, "2020-06-30": 0.6, "2020-03-31": "-0.10000", "2019-12-31": 54.7, "2019-09-30": -54.1, "2019-06-30": -0.9, "2019-03-31": "0.30000", "2018-12-31": 0, "2018-09-30": -4.7, "2018-06-30": 6.5, "2018-03-31": "-2.10000", "2017-12-31": -18.5, "2017-09-30": -18.5, "2017-06-30": 13.8, "2017-03-31": "5.00000", "2016-12-31": 16, "2016-09-30": 0.6, "2016-06-30": 2.4, "2016-03-31": "0.30000", "2015-12-31": 625.1, "2015-09-30": -631.7, "2015-06-30": 6, "2015-03-31": "1.70000", "2014-12-31": -8.8, "2014-09-30": -0.1, "2014-06-30": -2.5, "2014-03-31": "", "2013-12-31": -3, "2013-09-30": 1.3, "2013-06-30": 3.4, "2013-05-31": -4, "2013-03-31": "4.00000", "2013-02-28": "10.40000", "2012-11-30": -6.4, "2012-09-30": 3.8, "2012-08-31": 5.3, "2012-05-31": -8.5, "2012-02-29": "8.50000", "2011-11-30": 2.5, "2011-08-31": -1.1, "2011-05-31": 10.6, "2011-02-28": "-10.60000", "2010-11-30": 1, "2010-08-31": -1.6, "2010-05-31": -27.3, "2010-02-28": "27.30000", "2009-11-30": 23.1, "2009-08-31": 0.1, "2009-05-31": 28.2, "2009-02-28": "-28.20000", "2008-11-30": -31.1, "2008-08-31": -0.9, "2008-05-31": -5.6, "2008-02-29": "5.60000", "2007-11-30": 0.3, "2007-08-31": 0.6, "2007-05-31": 12.4, "2007-02-28": "-12.40000", "2006-11-30": -0.2, "2006-08-31": 0.1, "2006-05-31": 0.1, "2006-02-28": "-0.10000", "2005-11-30": 1, "2005-08-31": -1.2, "2005-05-31": -0.5, "2005-02-28": "0.50000"}, "Cash Flow From Investing Activities": {"2020-09-30": -267.1, "2020-06-30": -257.9, "2020-03-31": "-269.70000", "2019-12-31": -346.8, "2019-09-30": -326.5, "2019-06-30": -358.7, "2019-03-31": "-328.90000", "2018-12-31": -283.8, "2018-09-30": -243.8, "2018-06-30": -196.7, "2018-03-31": "-1220.40000", "2017-12-31": -24.5, "2017-09-30": -220.7, "2017-06-30": -177, "2017-03-31": "-245.60000", "2016-12-31": -266.1, "2016-09-30": -975.3, "2016-06-30": -350.8, "2016-03-31": "-273.80000", "2015-12-31": 230.5, "2015-09-30": -822.6, "2015-06-30": -343.4, "2015-03-31": "-182.90000", "2014-12-31": -586.4, "2014-09-30": -158.1, "2014-06-30": -360.3, "2014-03-31": "-1634.30000", "2013-12-31": 268.4, "2013-09-30": -465.7, "2013-06-30": -759.9, "2013-05-31": 378.5, "2013-03-31": "-378.50000", "2013-02-28": "-1230.00000", "2012-11-30": -464.4, "2012-09-30": 68.3, "2012-08-31": -443.8, "2012-05-31": 1181.8, "2012-02-29": "-1181.80000", "2011-11-30": -384.6, "2011-08-31": -392.5, "2011-05-31": 213.2, "2011-02-28": "-213.20000", "2010-11-30": 740, "2010-08-31": -681.6, "2010-05-31": 595.4, "2010-02-28": "-595.40000", "2009-11-30": -154.6, "2009-08-31": -236.1, "2009-05-31": -110.7, "2009-02-28": "110.70000", "2008-11-30": 491.4, "2008-08-31": -187.8, "2008-05-31": 209.7, "2008-02-29": "-209.70000", "2007-11-30": -79.1, "2007-08-31": -73.7, "2007-05-31": 203, "2007-02-28": "-203.00000", "2006-11-30": -37.2, "2006-08-31": -85.1, "2006-05-31": 220.4, "2006-02-28": "-220.40000", "2005-11-30": -72.6, "2005-08-31": -80.1, "2005-05-31": 115.5, "2005-02-28": "-115.50000"}, "Net Long-Term Debt": {"2020-09-30": -14.8, "2020-06-30": -17.2, "2020-03-31": "-14.20000", "2019-12-31": -15.4, "2019-09-30": -11.5, "2019-06-30": -11.3, "2019-03-31": "-10.10000", "2018-12-31": -80.5, "2018-09-30": -408.4, "2018-06-30": -67.8, "2018-03-31": "-206.90000", "2017-12-31": 1153.9, "2017-09-30": -2.8, "2017-06-30": -1.6, "2017-03-31": "-0.30000", "2016-12-31": -6.1, "2016-09-30": -41.2, "2016-06-30": -0.6, "2016-03-31": "-1.20000", "2015-12-31": -2.4, "2015-09-30": -53.9, "2015-06-30": 2, "2015-03-31": "-0.60000", "2014-12-31": 4.2, "2014-09-30": 802.6, "2014-06-30": 3.2, "2014-03-31": "-0.10000", "2013-12-31": 1997, "2013-09-30": 2, "2013-06-30": -0.1, "2013-05-31": -0.4, "2013-03-31": "0.40000", "2013-02-28": "0.90000", "2012-11-30": 1.1, "2012-09-30": -1.2, "2012-08-31": 0.9, "2012-05-31": -205.5, "2012-02-29": "205.50000", "2011-11-30": 713, "2011-08-31": 3.5, "2011-05-31": 465.6, "2011-02-28": "-465.60000", "2010-11-30": -3.1, "2010-08-31": -3.7, "2010-05-31": 43.7, "2010-02-28": "-43.70000", "2009-11-30": -17.7, "2009-08-31": -22.3, "2009-05-31": 104.8, "2009-02-28": "-104.80000", "2008-11-30": -67.1, "2008-08-31": -33.9, "2008-05-31": 796.3, "2008-02-29": "-796.30000", "2007-11-30": -454.4, "2007-08-31": -183.1, "2007-05-31": -115.7001, "2007-02-28": "115.70010", "2006-11-30": -5.3, "2006-08-31": -5.9, "2006-05-31": 84.8, "2006-02-28": "-84.80000", "2005-11-30": -50.2, "2005-08-31": -10.1, "2005-05-31": 0, "2005-02-28": ""}, "Net Current Debt": {"2020-09-30": -388.8999, "2020-06-30": -399.3, "2020-03-31": "972.80000", "2019-12-31": -42.8, "2019-09-30": -2.2, "2019-06-30": -70.5, "2019-03-31": "152.30000", "2018-12-31": -14.4, "2018-09-30": 6.8, "2018-06-30": -47, "2018-03-31": "65.30000", "2017-12-31": -54.9, "2017-09-30": 6.7, "2017-06-30": -50.3, "2017-03-31": "128.50000", "2016-12-31": -52.5, "2016-09-30": -0.8, "2016-06-30": 12.9, "2016-03-31": "16.10000", "2015-12-31": 7, "2015-09-30": -8.2, "2015-06-30": 17, "2015-03-31": "-3.30000", "2014-12-31": 13.2, "2014-09-30": -12.3, "2014-06-30": -28.6, "2014-03-31": "7.50000", "2013-12-31": -21, "2013-09-30": 14.3, "2013-06-30": -28.5, "2013-05-31": -19, "2013-03-31": "19.00000", "2013-02-28": "18.50000", "2012-11-30": -26.4, "2012-09-30": 29.9, "2012-08-31": -25, "2012-05-31": -58, "2012-02-29": "58.00000", "2011-11-30": 14.7, "2011-08-31": -10, "2011-05-31": 8.9, "2011-02-28": "-8.90000", "2010-11-30": -21.4, "2010-08-31": -7.2, "2010-05-31": -4.1, "2010-02-28": "4.10000", "2009-11-30": 32.9, "2009-08-31": 14.5, "2009-05-31": 42.9, "2009-02-28": "-42.90000", "2008-11-30": 1.6, "2008-08-31": -22.9, "2008-05-31": -89.8, "2008-02-29": "89.80000", "2007-11-30": -48.6, "2007-08-31": 14.5, "2007-05-31": 92.2, "2007-02-28": "-92.20000", "2006-11-30": -52, "2006-08-31": -24.5, "2006-05-31": -115.4, "2006-02-28": "115.40000", "2005-11-30": 19.3, "2005-08-31": -47.7, "2005-05-31": -142.1, "2005-02-28": "142.10000"}, "Debt Issuance/Retirement Net - Total": {"2020-09-30": -403.6999, "2020-06-30": -416.5, "2020-03-31": "958.60000", "2019-12-31": -58.2, "2019-09-30": -13.7, "2019-06-30": -81.8, "2019-03-31": "142.20000", "2018-12-31": -94.8999, "2018-09-30": -401.6001, "2018-06-30": -114.8, "2018-03-31": "-141.60000", "2017-12-31": 1099, "2017-09-30": 3.9, "2017-06-30": -51.9, "2017-03-31": "128.20000", "2016-12-31": -58.6, "2016-09-30": -42, "2016-06-30": 12.3, "2016-03-31": "14.90000", "2015-12-31": 4.6, "2015-09-30": -62.1, "2015-06-30": 19, "2015-03-31": "-3.90000", "2014-12-31": 17.4, "2014-09-30": 790.3, "2014-06-30": -25.4, "2014-03-31": "7.40000", "2013-12-31": 1976, "2013-09-30": 16.3, "2013-06-30": -28.6, "2013-05-31": -19.4, "2013-03-31": "19.40000", "2013-02-28": "19.40000", "2012-11-30": -25.3, "2012-09-30": 28.7, "2012-08-31": -24.1, "2012-05-31": -263.5, "2012-02-29": "263.50000", "2011-11-30": 727.7, "2011-08-31": -6.5, "2011-05-31": 474.5, "2011-02-28": "-474.50000", "2010-11-30": -24.5, "2010-08-31": -10.9, "2010-05-31": 39.6, "2010-02-28": "-39.60000", "2009-11-30": 15.2, "2009-08-31": -7.8, "2009-05-31": 147.7, "2009-02-28": "-147.70000", "2008-11-30": -65.5, "2008-08-31": -56.8, "2008-05-31": 706.5, "2008-02-29": "-706.50000", "2007-11-30": -503, "2007-08-31": -168.6, "2007-05-31": -23.5001, "2007-02-28": "23.50010", "2006-11-30": -57.3, "2006-08-31": -30.4, "2006-05-31": -30.6, "2006-02-28": "30.60000", "2005-11-30": -30.9, "2005-08-31": -57.8, "2005-05-31": -142.1, "2005-02-28": "142.10000"}, "Net Common Equity Issued/Repurchased": {"2020-09-30": 0, "2020-06-30": 0, "2020-03-31": "", "2019-12-31": -32.8, "2019-09-30": -117.1, "2019-06-30": 0, "2019-03-31": "", "2018-12-31": 0, "2018-09-30": 0, "2018-06-30": 0, "2018-03-31": "", "2017-12-31": 0, "2017-09-30": 0, "2017-06-30": 0, "2017-03-31": "", "2016-12-31": 0, "2016-09-30": -2.6, "2016-06-30": 1.8, "2016-03-31": "-74.20000", "2015-12-31": -5.4, "2015-09-30": -73.8, "2015-06-30": -498.8, "2015-03-31": "-131.50000", "2014-12-31": -249.9, "2014-09-30": -374, "2014-06-30": -453.7, "2014-03-31": "-1677.70000", "2013-12-31": -4.3, "2013-09-30": 4.3, "2013-06-30": 0, "2013-05-31": 0, "2013-03-31": "", "2013-02-28": "4.30000", "2012-11-30": 3.9, "2012-09-30": -3.4, "2012-08-31": 1.7, "2012-05-31": 1160, "2012-02-29": "-1160.00000", "2011-11-30": -1161.4, "2011-08-31": 1.2, "2011-05-31": -18.7, "2011-02-28": "18.70000", "2010-11-30": 9.2, "2010-08-31": 1.5, "2010-05-31": -10.8, "2010-02-28": "10.80000", "2009-11-30": 2.8, "2009-08-31": 2.2, "2009-05-31": -4.3, "2009-02-28": "4.30000", "2008-11-30": 3, "2008-08-31": 1.1, "2008-05-31": -48.8, "2008-02-29": "48.80000", "2007-11-30": 19.2, "2007-08-31": 18.4, "2007-05-31": -36.4, "2007-02-28": "36.40000", "2006-11-30": 20.4, "2006-08-31": 1.5, "2006-05-31": -27, "2006-02-28": "27.00000", "2005-11-30": 0.3, "2005-08-31": 23.5, "2005-05-31": -19.1, "2005-02-28": "19.10000"}, "Net Total Equity Issued/Repurchased": {"2020-09-30": 0, "2020-06-30": 0, "2020-03-31": "", "2019-12-31": -32.8, "2019-09-30": -117.1, "2019-06-30": 0, "2019-03-31": "", "2018-12-31": 0, "2018-09-30": 0, "2018-06-30": 0, "2018-03-31": "", "2017-12-31": 0, "2017-09-30": 0, "2017-06-30": 0, "2017-03-31": "", "2016-12-31": 0, "2016-09-30": -2.6, "2016-06-30": 1.8, "2016-03-31": "-74.20000", "2015-12-31": -5.4, "2015-09-30": -73.8, "2015-06-30": -498.8, "2015-03-31": "-131.50000", "2014-12-31": -249.9, "2014-09-30": -374, "2014-06-30": -453.7, "2014-03-31": "-1677.70000", "2013-12-31": -4.3, "2013-09-30": 4.3, "2013-06-30": 0, "2013-05-31": 0, "2013-03-31": "", "2013-02-28": "4.30000", "2012-11-30": 3.9, "2012-09-30": -3.4, "2012-08-31": 1.7, "2012-05-31": 1160, "2012-02-29": "-1160.00000", "2011-11-30": -1161.4, "2011-08-31": 1.2, "2011-05-31": -18.7, "2011-02-28": "18.70000", "2010-11-30": 9.2, "2010-08-31": 1.5, "2010-05-31": -10.8, "2010-02-28": "10.80000", "2009-11-30": 2.8, "2009-08-31": 2.2, "2009-05-31": -4.3, "2009-02-28": "4.30000", "2008-11-30": 3, "2008-08-31": 1.1, "2008-05-31": -48.8, "2008-02-29": "48.80000", "2007-11-30": 19.2, "2007-08-31": 18.4, "2007-05-31": -36.4, "2007-02-28": "36.40000", "2006-11-30": 20.4, "2006-08-31": 1.5, "2006-05-31": -27, "2006-02-28": "27.00000", "2005-11-30": 0.3, "2005-08-31": 23.5, "2005-05-31": -19.1, "2005-02-28": "19.10000"}, "Total Common And Preferred Stock Dividends Paid": {"2020-09-30": -18.9, "2020-06-30": -19, "2020-03-31": "-18.90000", "2019-12-31": -19, "2019-09-30": -19.3, "2019-06-30": -19.3, "2019-03-31": "-9.60000", "2018-12-31": -9.6, "2018-09-30": -9.7, "2018-06-30": -9.6, "2018-03-31": "-9.60000", "2017-12-31": -8.8, "2017-09-30": -52.7, "2017-06-30": -52.7, "2017-03-31": "-96.40000", "2016-12-31": -96.3, "2016-09-30": -96.4, "2016-06-30": -96.2, "2016-03-31": "-96.20000", "2015-12-31": -96.9, "2015-09-30": -98.3, "2015-06-30": -98.1, "2015-03-31": "-91.40000", "2014-12-31": -93.9, "2014-09-30": -93.8, "2014-06-30": -95.1, "2014-03-31": "-99.70000", "2013-12-31": 106.5, "2013-09-30": -106.8, "2013-06-30": -213.2, "2013-05-31": 106.4, "2013-03-31": "-106.40000", "2013-02-28": "-320.00000", "2012-11-30": -106.7, "2012-09-30": 0, "2012-08-31": -106.6, "2012-05-31": 66.1, "2012-02-29": "-66.10000", "2011-11-30": -22.3, "2011-08-31": -22.4, "2011-05-31": 67, "2011-02-28": "-67.00000", "2010-11-30": -22.3, "2010-08-31": -22.3, "2010-05-31": 645.7, "2010-02-28": "-645.70000", "2009-11-30": -23.4, "2009-08-31": -22.3, "2009-05-31": 68.7, "2009-02-28": "-68.70000", "2008-11-30": -22.6, "2008-08-31": -23.6, "2008-05-31": 5.1, "2008-02-29": "-5.10000", "2007-11-30": -3.4, "2007-08-31": -0.1, "2007-05-31": 0, "2007-02-28": "", "2006-11-30": 0, "2006-08-31": 0, "2006-05-31": 7.7, "2006-02-28": "-7.70000", "2005-11-30": -2.5, "2005-08-31": -2.6, "2005-05-31": 7.1, "2005-02-28": "-7.10000"}, "Financial Activities - Other": {"2020-09-30": 204.1, "2020-06-30": -95.2, "2020-03-31": "-241.40000", "2019-12-31": 44.1, "2019-09-30": 255.3, "2019-06-30": -42.7, "2019-03-31": "-110.30000", "2018-12-31": 59.3, "2018-09-30": 114.9, "2018-06-30": -45.5, "2018-03-31": "-62.10000", "2017-12-31": -0.6, "2017-09-30": 143.1, "2017-06-30": 19.3, "2017-03-31": "70.40000", "2016-12-31": -99.6, "2016-09-30": 29.4, "2016-06-30": -160.4, "2016-03-31": "-124.50000", "2015-12-31": 233.1, "2015-09-30": 103.2, "2015-06-30": -19.5, "2015-03-31": "-73.60000", "2014-12-31": 47.4, "2014-09-30": 132.9, "2014-06-30": -0.3, "2014-03-31": "-0.30000", "2013-12-31": -69.2, "2013-09-30": -3.3, "2013-06-30": 4.7, "2013-05-31": -2.2, "2013-03-31": "2.20000", "2013-02-28": "-4.70000", "2012-11-30": -4.4, "2012-09-30": 3.6, "2012-08-31": -2.8, "2012-05-31": 6.5, "2012-02-29": "-6.50000", "2011-11-30": -4.4, "2011-08-31": -1.1, "2011-05-31": -7.2, "2011-02-28": "7.20000", "2010-11-30": 7.4, "2010-08-31": -1.3, "2010-05-31": -2.3, "2010-02-28": "2.30000", "2009-11-30": -0.3, "2009-08-31": 0.4, "2009-05-31": -4.8, "2009-02-28": "4.80000", "2008-11-30": 2, "2008-08-31": 2.8, "2008-05-31": -43.9, "2008-02-29": "43.90000", "2007-11-30": 1.5, "2007-08-31": 0, "2007-05-31": 22.1, "2007-02-28": "-22.10000", "2006-11-30": 0, "2006-08-31": 0, "2006-05-31": 0, "2006-02-28": "", "2005-11-30": 0.4, "2005-08-31": -0.4, "2005-05-31": 12.4, "2005-02-28": "-12.40000"}, "Cash Flow From Financial Activities": {"2020-09-30": -218.5, "2020-06-30": -530.7, "2020-03-31": "698.30000", "2019-12-31": -65.9, "2019-09-30": 105.2, "2019-06-30": -143.8, "2019-03-31": "22.30000", "2018-12-31": -45.2, "2018-09-30": -296.4, "2018-06-30": -169.9, "2018-03-31": "-213.30000", "2017-12-31": 1089.6, "2017-09-30": 94.3, "2017-06-30": -85.3, "2017-03-31": "102.20000", "2016-12-31": -254.5, "2016-09-30": -111.6, "2016-06-30": -242.5, "2016-03-31": "-280.00000", "2015-12-31": 135.4, "2015-09-30": -131, "2015-06-30": -597.4, "2015-03-31": "-300.40000", "2014-12-31": -279, "2014-09-30": 455.4, "2014-06-30": -574.5, "2014-03-31": "-1770.30000", "2013-12-31": 2009, "2013-09-30": -89.5, "2013-06-30": -237.1, "2013-05-31": 84.8, "2013-03-31": "-84.80000", "2013-02-28": "-301.00000", "2012-11-30": -132.5, "2012-09-30": 28.9, "2012-08-31": -131.8, "2012-05-31": 969.1, "2012-02-29": "-969.10000", "2011-11-30": -460.4, "2011-08-31": -28.8, "2011-05-31": 515.6, "2011-02-28": "-515.60000", "2010-11-30": -30.2, "2010-08-31": -33, "2010-05-31": 672.2, "2010-02-28": "-672.20000", "2009-11-30": -5.7, "2009-08-31": -27.5, "2009-05-31": 207.3, "2009-02-28": "-207.30000", "2008-11-30": -83.1, "2008-08-31": -76.5, "2008-05-31": 618.9, "2008-02-29": "-618.90000", "2007-11-30": -485.7, "2007-08-31": -150.3, "2007-05-31": -37.8, "2007-02-28": "37.80000", "2006-11-30": -36.9, "2006-08-31": -28.9, "2006-05-31": -49.9, "2006-02-28": "49.90000", "2005-11-30": -32.7, "2005-08-31": -37.3, "2005-05-31": -141.7, "2005-02-28": "141.70000"}, "Net Cash Flow": {"2020-09-30": -146.5, "2020-06-30": 9.7, "2020-03-31": "549.60000", "2019-12-31": -126.2, "2019-09-30": 240.5, "2019-06-30": 15.6, "2019-03-31": "-468.60000", "2018-12-31": -179.9, "2018-09-30": -27.6, "2018-06-30": 375.4, "2018-03-31": "-1491.30000", "2017-12-31": 1468, "2017-09-30": 27.4, "2017-06-30": -18, "2017-03-31": "5.60000", "2016-12-31": -208.1, "2016-09-30": -1006.6, "2016-06-30": 7.3, "2016-03-31": "-218.20000", "2015-12-31": 852.1, "2015-09-30": -925, "2015-06-30": -307.5, "2015-03-31": "142.80000", "2014-12-31": -596, "2014-09-30": 603.6, "2014-06-30": -123.7, "2014-03-31": "-2802.40000", "2013-12-31": 1662.7, "2013-09-30": -576.9, "2013-06-30": 510.2, "2013-05-31": -106.1, "2013-03-31": "106.10000", "2013-02-28": "-488.30000", "2012-11-30": -282.6, "2012-09-30": 108.5, "2012-08-31": -216.2, "2012-05-31": 704.5, "2012-02-29": "-704.50000", "2011-11-30": -410.4, "2011-08-31": 131.6, "2011-05-31": -829.1, "2011-02-28": "829.10000", "2010-11-30": 1296.7, "2010-08-31": -160.3, "2010-05-31": 411.4, "2010-02-28": "-411.40000", "2009-11-30": 49.4, "2009-08-31": -104.5, "2009-05-31": -568.3, "2009-02-28": "568.30000", "2008-11-30": 621.9, "2008-08-31": 229, "2008-05-31": -713.6, "2008-02-29": "713.60000", "2007-11-30": 3, "2007-08-31": 218.6, "2007-05-31": -286.4, "2007-02-28": "286.40000", "2006-11-30": 53.6, "2006-08-31": 41.5, "2006-05-31": 80.4, "2006-02-28": "-80.40000", "2005-11-30": -35.3, "2005-08-31": -43.7, "2005-05-31": -100.3, "2005-02-28": "100.30000"}, "Stock-Based Compensation": {"2020-09-30": 7.1, "2020-06-30": 8.2, "2020-03-31": "-10.10000", "2019-12-31": 2.9, "2019-09-30": 2.9, "2019-06-30": 6.8, "2019-03-31": "15.30000", "2018-12-31": 1.8, "2018-09-30": 3, "2018-06-30": 7, "2018-03-31": "15.70000", "2017-12-31": 3.5, "2017-09-30": 3.6, "2017-06-30": 5, "2017-03-31": "15.90000", "2016-12-31": 4, "2016-09-30": 4.2, "2016-06-30": 5.4, "2016-03-31": "16.90000", "2015-12-31": 5.4, "2015-09-30": 2, "2015-06-30": 29.3, "2015-03-31": "4.60000", "2014-12-31": 5.1, "2014-09-30": 5.7, "2014-06-30": 8.6, "2014-03-31": "34.90000", "2013-12-31": 3.6, "2013-09-30": 14.1, "2013-06-30": 5.6, "2013-05-31": -3, "2013-03-31": "3.00000", "2013-02-28": "25.50000", "2012-11-30": 4.9, "2012-09-30": -0.1, "2012-08-31": 17.8, "2012-05-31": -20.1, "2012-02-29": "20.10000", "2011-11-30": 3.2, "2011-08-31": 13.8, "2011-05-31": -18.7, "2011-02-28": "18.70000", "2010-11-30": 16.1, "2010-08-31": 0, "2010-05-31": 0, "2010-02-28": "", "2009-11-30": 0, "2009-08-31": 0, "2009-05-31": 0, "2009-02-28": "", "2008-11-30": 0, "2008-08-31": 0, "2008-05-31": 0, "2008-02-29": "", "2007-11-30": 0, "2007-08-31": 0, "2007-05-31": 0, "2007-02-28": "", "2006-11-30": 0, "2006-08-31": 0, "2006-05-31": 0, "2006-02-28": "", "2005-11-30": 0, "2005-08-31": 0, "2005-05-31": 0, "2005-02-28": ""}, "Common Stock Dividends Paid": {"2020-09-30": -18.9, "2020-06-30": -19, "2020-03-31": "-18.90000", "2019-12-31": -19, "2019-09-30": -19.3, "2019-06-30": -19.3, "2019-03-31": "-9.60000", "2018-12-31": -9.6, "2018-09-30": -9.7, "2018-06-30": -9.6, "2018-03-31": "-9.60000", "2017-12-31": -8.8, "2017-09-30": -52.7, "2017-06-30": -52.7, "2017-03-31": "-96.40000", "2016-12-31": -96.3, "2016-09-30": -96.4, "2016-06-30": -96.2, "2016-03-31": "-96.20000", "2015-12-31": -96.9, "2015-09-30": -98.3, "2015-06-30": -98.1, "2015-03-31": "-91.40000", "2014-12-31": -93.9, "2014-09-30": -93.8, "2014-06-30": -95.1, "2014-03-31": "-99.70000", "2013-12-31": 106.5, "2013-09-30": -106.8, "2013-06-30": -213.2, "2013-05-31": 106.4, "2013-03-31": "-106.40000", "2013-02-28": "-320.00000", "2012-11-30": -106.7, "2012-09-30": 0, "2012-08-31": -106.6, "2012-05-31": 66.1, "2012-02-29": "-66.10000", "2011-11-30": -22.3, "2011-08-31": -22.4, "2011-05-31": 67, "2011-02-28": "-67.00000", "2010-11-30": -22.3, "2010-08-31": -22.3, "2010-05-31": 645.7, "2010-02-28": "-645.70000", "2009-11-30": -23.4, "2009-08-31": -22.3, "2009-05-31": 68.7, "2009-02-28": "-68.70000", "2008-11-30": -22.6, "2008-08-31": -23.6, "2008-05-31": 5.1, "2008-02-29": "-5.10000", "2007-11-30": -3.4, "2007-08-31": -0.1, "2007-05-31": 0, "2007-02-28": "", "2006-11-30": 0, "2006-08-31": 0, "2006-05-31": 7.7, "2006-02-28": "-7.70000", "2005-11-30": -2.5, "2005-08-31": -2.6, "2005-05-31": 7.1, "2005-02-28": "-7.10000"}}, "financial ratios": {"Current Ratio": {"2019-12-31": "1.43470", "2018-12-31": "1.70590", "2017-12-31": "2.27290", "2016-12-31": "2.07050", "2015-12-31": "2.02410", "2014-12-31": "3.26640", "2013-12-31": "2.48200", "2013-05-31": "3.89850", "2012-05-31": "3.43180", "2011-05-31": "3.46640", "2010-05-31": "3.81530", "2009-05-31": "3.27280", "2008-05-31": "2.20000", "2007-05-31": "1.19990", "2006-05-31": "1.40260", "2005-05-31": "1.49950"}, "Long-term Debt / Capital": {"2019-12-31": "0.32570", "2018-12-31": "0.29750", "2017-12-31": "0.33600", "2016-12-31": "0.28200", "2015-12-31": "0.28270", "2014-12-31": "0.26060", "2013-12-31": "0.21000", "2013-05-31": "0.06990", "2012-05-31": "0.07760", "2011-05-31": "0.06130", "2010-05-31": "0.12460", "2009-05-31": "0.12860", "2008-05-31": "0.16960", "2007-05-31": "0.30290", "2006-05-31": "0.40350", "2005-05-31": "0.43400"}, "Debt/Equity Ratio": {"2019-12-31": "0.49260", "2018-12-31": "0.42710", "2017-12-31": "0.54230", "2016-12-31": "0.39680", "2015-12-31": "0.40110", "2014-12-31": "0.35750", "2013-12-31": "0.26780", "2013-05-31": "0.08030", "2012-05-31": "0.08780", "2011-05-31": "0.07140", "2010-05-31": "0.15360", "2009-05-31": "0.16350", "2008-05-31": "0.23050", "2007-05-31": "0.56420", "2006-05-31": "0.73930", "2005-05-31": "0.83040"}, "Gross Margin": {"2019-12-31": "10.07490", "2018-12-31": "15.62900", "2017-12-31": "11.37470", "2016-12-31": "11.30840", "2015-12-31": "19.31250", "2014-12-31": "21.27480", "2013-12-31": "17.37970", "2013-05-31": "27.67370", "2012-05-31": "27.77330", "2011-05-31": "31.41340", "2010-05-31": "25.05220", "2009-05-31": "26.86640", "2008-05-31": "32.20860", "2007-05-31": "16.04000", "2006-05-31": "12.01330", "2005-05-31": "11.95220"}, "Operating Margin": {"2019-12-31": "-12.29350", "2018-12-31": "9.68260", "2017-12-31": "6.28530", "2016-12-31": "4.45360", "2015-12-31": "14.37610", "2014-12-31": "14.48570", "2013-12-31": "8.74760", "2013-05-31": "22.15340", "2012-05-31": "23.50690", "2011-05-31": "26.80880", "2010-05-31": "18.80130", "2009-05-31": "23.31420", "2008-05-31": "28.60300", "2007-05-31": "10.67430", "2006-05-31": "1.92050", "2005-05-31": "7.24410"}, "EBIT Margin": {"2019-12-31": "-12.29350", "2018-12-31": "9.68260", "2017-12-31": "6.28530", "2016-12-31": "4.45360", "2015-12-31": "14.37610", "2014-12-31": "14.48570", "2013-12-31": "8.74760", "2013-05-31": "22.15340", "2012-05-31": "23.50690", "2011-05-31": "26.80880", "2010-05-31": "18.80130", "2009-05-31": "23.31420", "2008-05-31": "28.60300", "2007-05-31": "10.67430", "2006-05-31": "1.92050", "2005-05-31": "7.24410"}, "EBITDA Margin": {"2019-12-31": "4.86510", "2018-12-31": "18.88960", "2017-12-31": "15.61400", "2016-12-31": "14.94670", "2015-12-31": "23.05710", "2014-12-31": "23.78370", "2013-12-31": "17.30420", "2013-05-31": "28.55100", "2012-05-31": "28.37290", "2011-05-31": "31.62870", "2010-05-31": "25.82300", "2009-05-31": "27.36750", "2008-05-31": "32.71100", "2007-05-31": "16.52150", "2006-05-31": "7.99500", "2005-05-31": "11.62240"}, "Pre-Tax Profit Margin": {"2019-12-31": "-14.10350", "2018-12-31": "5.75240", "2017-12-31": "5.04760", "2016-12-31": "3.38420", "2015-12-31": "12.40320", "2014-12-31": "13.44220", "2013-12-31": "10.15970", "2013-05-31": "22.20250", "2012-05-31": "23.66720", "2011-05-31": "32.91780", "2010-05-31": "17.60150", "2009-05-31": "28.21620", "2008-05-31": "27.33630", "2007-05-31": "8.75870", "2006-05-31": "-3.01750", "2005-05-31": "4.88780"}, "Net Profit Margin": {"2019-12-31": "-11.98480", "2018-12-31": "4.90230", "2017-12-31": "-1.44680", "2016-12-31": "4.15760", "2015-12-31": "11.24640", "2014-12-31": "11.35850", "2013-12-31": "7.13400", "2013-05-31": "18.93600", "2012-05-31": "17.37700", "2011-05-31": "25.30340", "2010-05-31": "12.23680", "2009-05-31": "22.82190", "2008-05-31": "21.22580", "2007-05-31": "7.26920", "2006-05-31": "-2.49730", "2005-05-31": "3.66870"}, "Asset Turnover": {"2019-12-31": "0.46150", "2018-12-31": "0.47650", "2017-12-31": "0.39760", "2016-12-31": "0.42530", "2015-12-31": "0.51150", "2014-12-31": "0.49530", "2013-12-31": "0.24370", "2013-05-31": "0.55150", "2012-05-31": "0.66550", "2011-05-31": "0.62950", "2010-05-31": "0.53190", "2009-05-31": "0.81240", "2008-05-31": "0.83020", "2007-05-31": "0.63010", "2006-05-31": "0.60830", "2005-05-31": "0.52270"}, "Inventory Turnover Ratio": {"2019-12-31": "3.85720", "2018-12-31": "3.56310", "2017-12-31": "4.24420", "2016-12-31": "4.56670", "2015-12-31": "4.59060", "2014-12-31": "4.14900", "2013-12-31": "2.74800", "2013-05-31": "4.63230", "2012-05-31": "6.48250", "2011-05-31": "5.38220", "2010-05-31": "5.05420", "2009-05-31": "6.68910", "2008-05-31": "4.92420", "2007-05-31": "6.15650", "2006-05-31": "6.13540", "2005-05-31": "5.13830"}, "Receiveable Turnover": {"2019-12-31": "11.07890", "2018-12-31": "11.43390", "2017-12-31": "11.53040", "2016-12-31": "11.40940", "2015-12-31": "13.17820", "2014-12-31": "12.00400", "2013-12-31": "8.77540", "2013-05-31": "9.81990", "2012-05-31": "14.77890", "2011-05-31": "10.73200", "2010-05-31": "10.99400", "2009-05-31": "17.23230", "2008-05-31": "9.44250", "2007-05-31": "10.36570", "2006-05-31": "10.44040", "2005-05-31": "6.72280"}, "Days Sales In Receivables": {"2019-12-31": "32.94560", "2018-12-31": "31.92270", "2017-12-31": "31.65560", "2016-12-31": "31.99130", "2015-12-31": "27.69720", "2014-12-31": "30.40660", "2013-12-31": "41.59370", "2013-05-31": "37.16930", "2012-05-31": "24.69740", "2011-05-31": "34.01060", "2010-05-31": "33.20000", "2009-05-31": "21.18120", "2008-05-31": "38.65520", "2007-05-31": "35.21230", "2006-05-31": "34.96040", "2005-05-31": "54.29300"}, "ROE - Return On Equity": {"2019-12-31": "-11.64440", "2018-12-31": "4.43110", "2017-12-31": "-1.08100", "2016-12-31": "3.13020", "2015-12-31": "10.47360", "2014-12-31": "9.61140", "2013-12-31": "3.02550", "2013-05-31": "14.07290", "2012-05-31": "16.09080", "2011-05-31": "21.55310", "2010-05-31": "9.50460", "2009-05-31": "27.67400", "2008-05-31": "31.07170", "2007-05-31": "10.03130", "2006-05-31": "-3.43830", "2005-05-31": "5.21550"}, "Return On Tangible Equity": {"2019-12-31": "-13.28510", "2018-12-31": "5.28140", "2017-12-31": "-1.31140", "2016-12-31": "3.76900", "2015-12-31": "12.57010", "2014-12-31": "11.55920", "2013-12-31": "3.59530", "2013-05-31": "16.31100", "2012-05-31": "19.01330", "2011-05-31": "25.56420", "2010-05-31": "11.90370", "2009-05-31": "34.75100", "2008-05-31": "43.07040", "2007-05-31": "22.08830", "2006-05-31": "-10.25600", "2005-05-31": "15.91340"}, "ROA - Return On Assets": {"2019-12-31": "-5.65230", "2018-12-31": "2.33560", "2017-12-31": "-0.55920", "2016-12-31": "1.78850", "2015-12-31": "5.76090", "2014-12-31": "5.63580", "2013-12-31": "1.75160", "2013-05-31": "10.46000", "2012-05-31": "11.56830", "2011-05-31": "15.92140", "2010-05-31": "6.54330", "2009-05-31": "18.59000", "2008-05-31": "17.69490", "2007-05-31": "4.58010", "2006-05-31": "-1.39170", "2005-05-31": "1.99250"}, "ROI - Return On Investment": {"2019-12-31": "-7.85140", "2018-12-31": "3.11270", "2017-12-31": "-0.71780", "2016-12-31": "2.24750", "2015-12-31": "7.51280", "2014-12-31": "7.10690", "2013-12-31": "2.39020", "2013-05-31": "13.08980", "2012-05-31": "14.84160", "2011-05-31": "20.23230", "2010-05-31": "8.32000", "2009-05-31": "24.11560", "2008-05-31": "25.80120", "2007-05-31": "6.99270", "2006-05-31": "-2.05110", "2005-05-31": "2.95220"}, "Book Value Per Share": {"2019-12-31": "24.73200", "2018-12-31": "27.51110", "2017-12-31": "27.45790", "2016-12-31": "27.47410", "2015-12-31": "27.13360", "2014-12-31": "29.16850", "2013-12-31": "25.84380", "2013-05-31": "31.56970", "2012-05-31": "28.20260", "2011-05-31": "26.11430", "2010-05-31": "19.63990", "2009-05-31": "19.15630", "2008-05-31": "15.16290", "2007-05-31": "9.49130", "2006-05-31": "9.05670", "2005-05-31": "8.34960"}, "Operating Cash Flow Per Share": {"2019-12-31": -0.7945, "2018-12-31": 0.9826, "2017-12-31": -0.9172, "2016-12-31": -2.074, "2015-12-31": 0.0073, "2014-12-31": 3.4881, "2013-12-31": -2.2432, "2013-05-31": -1.7939, "2012-05-31": 0.7761, "2011-05-31": 2.3865, "2010-05-31": 0.2514, "2009-05-31": -2.9288, "2008-05-31": 4.1059, "2007-05-31": 0.8375, "2006-05-31": -0.1506, "2005-05-31": 0.9209}, "Free Cash Flow Per Share": {"2019-12-31": -1.6611, "2018-12-31": 0.0251, "2017-12-31": -0.0027, "2016-12-31": -1.708, "2015-12-31": -0.2798, "2014-12-31": 2.9102, "2013-12-31": -0.4184, "2013-05-31": -1.7588, "2012-05-31": -0.1567, "2011-05-31": 1.6027, "2010-05-31": -0.037, "2009-05-31": -3.8445, "2008-05-31": 3.9344, "2007-05-31": 1.2322, "2006-05-31": -0.5006, "2005-05-31": 0.2128}}, "financial ratios, quarterly": {"Current Ratio": {"2020-09-30": "1.30820", "2020-06-30": "1.30280", "2020-03-31": "1.29130", "2019-12-31": "1.43470", "2019-09-30": "1.51410", "2019-06-30": "1.67350", "2019-03-31": "1.72960", "2018-12-31": "1.70590", "2018-09-30": "1.66960", "2018-06-30": "1.60720", "2018-03-31": "1.73000", "2017-12-31": "2.27290", "2017-09-30": "1.77860", "2017-06-30": "1.78270", "2017-03-31": "1.96900", "2016-12-31": "2.07050", "2016-09-30": "1.77850", "2016-06-30": "1.99320", "2016-03-31": "2.18110", "2015-12-31": "2.02410", "2015-09-30": "2.27790", "2015-06-30": "2.70850", "2015-03-31": "3.24030", "2014-12-31": "3.26640", "2014-09-30": "3.65160", "2014-06-30": "2.69910", "2014-03-31": "2.47560", "2013-12-31": "2.48200", "2013-09-30": "4.83090", "2013-06-30": "", "2013-05-31": "", "2013-03-31": "", "2013-02-28": "4.12730", "2012-11-30": "3.96570", "2012-09-30": "", "2012-08-31": "3.90250", "2012-05-31": "", "2012-02-29": "3.67250", "2011-11-30": "3.03020", "2011-08-31": "3.78820", "2011-05-31": "", "2011-02-28": "3.71040", "2010-11-30": "3.12110", "2010-08-31": "3.44780", "2010-05-31": "", "2010-02-28": "3.90620", "2009-11-30": "2.68300", "2009-08-31": "3.80310", "2009-05-31": "", "2009-02-28": "4.24770", "2008-11-30": "3.45140", "2008-08-31": "2.34000", "2008-05-31": "", "2008-02-29": "1.74870", "2007-11-30": "1.57740", "2007-08-31": "1.35260", "2007-05-31": "", "2007-02-28": "1.55800", "2006-11-30": "1.31920", "2006-08-31": "1.25810", "2006-05-31": "", "2006-02-28": "1.46090", "2005-11-30": "1.49750", "2005-08-31": "1.62030", "2005-05-31": "", "2005-02-28": "1.68590"}, "Long-term Debt / Capital": {"2020-09-30": "0.34180", "2020-06-30": "0.34320", "2020-03-31": "0.34580", "2019-12-31": "0.32570", "2019-09-30": "0.30540", "2019-06-30": "0.29830", "2019-03-31": "0.29550", "2018-12-31": "0.29750", "2018-09-30": "0.29800", "2018-06-30": "0.31260", "2018-03-31": "0.31110", "2017-12-31": "0.33600", "2017-09-30": "0.26820", "2017-06-30": "0.27950", "2017-03-31": "0.28160", "2016-12-31": "0.28200", "2016-09-30": "0.25890", "2016-06-30": "0.27400", "2016-03-31": "0.27340", "2015-12-31": "0.28270", "2015-09-30": "0.27970", "2015-06-30": "0.27040", "2015-03-31": "0.27000", "2014-12-31": "0.26060", "2014-09-30": "0.25610", "2014-06-30": "0.21100", "2014-03-31": "0.21710", "2013-12-31": "0.21000", "2013-09-30": "0.06950", "2013-06-30": "", "2013-05-31": "", "2013-03-31": "", "2013-02-28": "0.07140", "2012-11-30": "0.07160", "2012-09-30": "", "2012-08-31": "0.07440", "2012-05-31": "", "2012-02-29": "0.07870", "2011-11-30": "0.08180", "2011-08-31": "0.05680", "2011-05-31": "", "2011-02-28": "0.06470", "2010-11-30": "0.07130", "2010-08-31": "0.12080", "2010-05-31": "", "2010-02-28": "0.12790", "2009-11-30": "0.13160", "2009-08-31": "0.12700", "2009-05-31": "", "2009-02-28": "0.14020", "2008-11-30": "0.13950", "2008-08-31": "0.14610", "2008-05-31": "", "2008-02-29": "0.19110", "2007-11-30": "0.21040", "2007-08-31": "0.25850", "2007-05-31": "", "2007-02-28": "0.40030", "2006-11-30": "0.37730", "2006-08-31": "0.37910", "2006-05-31": "", "2006-02-28": "0.39900", "2005-11-30": "0.40340", "2005-08-31": "0.41400", "2005-05-31": "", "2005-02-28": "0.44300"}, "Debt/Equity Ratio": {"2020-09-30": "0.55070", "2020-06-30": "0.59990", "2020-03-31": "0.65190", "2019-12-31": "0.49260", "2019-09-30": "0.45230", "2019-06-30": "0.43810", "2019-03-31": "0.43870", "2018-12-31": "0.42710", "2018-09-30": "0.43270", "2018-06-30": "0.48180", "2018-03-31": "0.48180", "2017-12-31": "0.54230", "2017-09-30": "0.38550", "2017-06-30": "0.39890", "2017-03-31": "0.40900", "2016-12-31": "0.39680", "2016-09-30": "0.39260", "2016-06-30": "0.38710", "2016-03-31": "0.38460", "2015-12-31": "0.40110", "2015-09-30": "0.39450", "2015-06-30": "0.37880", "2015-03-31": "0.37490", "2014-12-31": "0.35750", "2014-09-30": "0.34810", "2014-06-30": "0.26860", "2014-03-31": "0.28120", "2013-12-31": "0.26780", "2013-09-30": "0.07580", "2013-06-30": "", "2013-05-31": "", "2013-03-31": "", "2013-02-28": "0.08160", "2012-11-30": "0.07880", "2012-09-30": "", "2012-08-31": "0.08180", "2012-05-31": "", "2012-02-29": "0.09240", "2011-11-30": "0.13700", "2011-08-31": "0.06740", "2011-05-31": "", "2011-02-28": "0.08050", "2010-11-30": "0.12750", "2010-08-31": "0.14710", "2010-05-31": "", "2010-02-28": "0.16000", "2009-11-30": "0.17040", "2009-08-31": "0.16140", "2009-05-31": "", "2009-02-28": "0.17850", "2008-11-30": "0.18000", "2008-08-31": "0.19430", "2008-05-31": "", "2008-02-29": "0.28330", "2007-11-30": "0.32510", "2007-08-31": "0.48150", "2007-05-31": "", "2007-02-28": "0.70730", "2006-11-30": "0.68620", "2006-08-31": "0.70570", "2006-05-31": "", "2006-02-28": "0.73350", "2005-11-30": "0.71230", "2005-08-31": "0.75090", "2005-05-31": "", "2005-02-28": "0.82660"}, "Gross Margin": {"2020-09-30": "14.91080", "2020-06-30": "12.56910", "2020-03-31": "2.30240", "2019-12-31": "3.88670", "2019-09-30": "10.16560", "2019-06-30": "10.43690", "2019-03-31": "16.29210", "2018-12-31": "18.49630", "2018-09-30": "16.92220", "2018-06-30": "13.36060", "2018-03-31": "12.52000", "2017-12-31": "13.38980", "2017-09-30": "12.13220", "2017-06-30": "10.95980", "2017-03-31": "8.21240", "2016-12-31": "11.06340", "2016-09-30": "10.92610", "2016-06-30": "9.19620", "2016-03-31": "14.13980", "2015-12-31": "16.43400", "2015-09-30": "15.92500", "2015-06-30": "24.43820", "2015-03-31": "19.59700", "2014-12-31": "24.34940", "2014-09-30": "18.42540", "2014-06-30": "21.35480", "2014-03-31": "20.72300", "2013-12-31": "14.73760", "2013-09-30": "20.27030", "2013-06-30": "25.40570", "2013-05-31": "", "2013-03-31": "27.75470", "2013-02-28": "25.36820", "2012-11-30": "26.65010", "2012-09-30": "29.27770", "2012-08-31": "29.83110", "2012-05-31": "", "2012-02-29": "23.83190", "2011-11-30": "29.23210", "2011-08-31": "27.50950", "2011-05-31": "", "2011-02-28": "38.54940", "2010-11-30": "28.72360", "2010-08-31": "23.06360", "2010-05-31": "", "2010-02-28": "27.51310", "2009-11-30": "17.95640", "2009-08-31": "15.24840", "2009-05-31": "", "2009-02-28": "10.19990", "2008-11-30": "25.73420", "2008-08-31": "38.14000", "2008-05-31": "", "2008-02-29": "33.90000", "2007-11-30": "28.38210", "2007-08-31": "26.04700", "2007-05-31": "", "2007-02-28": "8.84490", "2006-11-30": "10.54530", "2006-08-31": "15.23360", "2006-05-31": "", "2006-02-28": "1.30450", "2005-11-30": "13.91650", "2005-08-31": "17.72590", "2005-05-31": "", "2005-02-28": "11.92660"}, "Operating Margin": {"2020-09-30": "4.13600", "2020-06-30": "4.19620", "2020-03-31": "-3.68170", "2019-12-31": "-57.53500", "2019-09-30": "5.06650", "2019-06-30": "-11.11210", "2019-03-31": "10.63850", "2018-12-31": "10.23610", "2018-09-30": "13.43190", "2018-06-30": "8.90250", "2018-03-31": "4.17330", "2017-12-31": "6.07580", "2017-09-30": "10.77690", "2017-06-30": "5.39150", "2017-03-31": "1.90740", "2016-12-31": "3.95270", "2016-09-30": "3.57030", "2016-06-30": "0.73450", "2016-03-31": "9.76100", "2015-12-31": "9.44430", "2015-09-30": "11.68370", "2015-06-30": "20.50250", "2015-03-31": "14.88940", "2014-12-31": "15.33190", "2014-09-30": "12.32060", "2014-06-30": "16.52320", "2014-03-31": "13.42260", "2013-12-31": "8.20540", "2013-09-30": "7.54960", "2013-06-30": "20.07480", "2013-05-31": "", "2013-03-31": "21.23770", "2013-02-28": "18.70480", "2012-11-30": "22.06450", "2012-09-30": "24.33000", "2012-08-31": "24.35830", "2012-05-31": "", "2012-02-29": "18.89470", "2011-11-30": "26.43890", "2011-08-31": "23.66300", "2011-05-31": "", "2011-02-28": "34.81010", "2010-11-30": "24.60740", "2010-08-31": "18.74970", "2010-05-31": "", "2010-02-28": "22.45510", "2009-11-30": "11.70380", "2009-08-31": "9.20940", "2009-05-31": "", "2009-02-28": "3.17700", "2008-11-30": "22.68420", "2008-08-31": "35.83340", "2008-05-31": "", "2008-02-29": "30.15090", "2007-11-30": "24.12320", "2007-08-31": "22.44300", "2007-05-31": "", "2007-02-28": "2.67460", "2006-11-30": "5.95930", "2006-08-31": "10.21260", "2006-05-31": "", "2006-02-28": "-4.13720", "2005-11-30": "9.30220", "2005-08-31": "13.67910", "2005-05-31": "", "2005-02-28": "6.17740"}, "EBIT Margin": {"2020-09-30": "4.13600", "2020-06-30": "4.19620", "2020-03-31": "-3.68170", "2019-12-31": "-57.53500", "2019-09-30": "5.06650", "2019-06-30": "-11.11210", "2019-03-31": "10.63850", "2018-12-31": "10.23610", "2018-09-30": "13.43190", "2018-06-30": "8.90250", "2018-03-31": "4.17330", "2017-12-31": "6.07580", "2017-09-30": "10.77690", "2017-06-30": "5.39150", "2017-03-31": "1.90740", "2016-12-31": "3.95280", "2016-09-30": "3.57030", "2016-06-30": "0.73450", "2016-03-31": "9.76100", "2015-12-31": "9.44430", "2015-09-30": "11.68370", "2015-06-30": "20.50250", "2015-03-31": "14.88940", "2014-12-31": "15.33190", "2014-09-30": "12.32060", "2014-06-30": "16.52320", "2014-03-31": "13.42260", "2013-12-31": "8.20540", "2013-09-30": "7.54960", "2013-06-30": "20.07480", "2013-05-31": "", "2013-03-31": "21.23770", "2013-02-28": "18.70480", "2012-11-30": "22.06450", "2012-09-30": "24.33000", "2012-08-31": "24.35830", "2012-05-31": "", "2012-02-29": "18.89470", "2011-11-30": "26.43890", "2011-08-31": "23.66300", "2011-05-31": "", "2011-02-28": "34.81010", "2010-11-30": "24.60740", "2010-08-31": "18.74970", "2010-05-31": "", "2010-02-28": "22.45510", "2009-11-30": "11.70380", "2009-08-31": "9.20940", "2009-05-31": "", "2009-02-28": "3.17700", "2008-11-30": "22.68420", "2008-08-31": "35.83340", "2008-05-31": "", "2008-02-29": "30.15090", "2007-11-30": "24.12320", "2007-08-31": "22.44300", "2007-05-31": "", "2007-02-28": "2.67460", "2006-11-30": "5.95930", "2006-08-31": "10.21260", "2006-05-31": "", "2006-02-28": "-4.13720", "2005-11-30": "9.30220", "2005-08-31": "13.67910", "2005-05-31": "", "2005-02-28": "6.17740"}, "EBITDA Margin": {"2020-09-30": "", "2020-06-30": "", "2020-03-31": "", "2019-12-31": "", "2019-09-30": "", "2019-06-30": "", "2019-03-31": "", "2018-12-31": "", "2018-09-30": "", "2018-06-30": "", "2018-03-31": "", "2017-12-31": "", "2017-09-30": "", "2017-06-30": "", "2017-03-31": "", "2016-12-31": "", "2016-09-30": "", "2016-06-30": "", "2016-03-31": "", "2015-12-31": "", "2015-09-30": "", "2015-06-30": "", "2015-03-31": "", "2014-12-31": "", "2014-09-30": "", "2014-06-30": "", "2014-03-31": "", "2013-12-31": "", "2013-09-30": "", "2013-06-30": "", "2013-05-31": "", "2013-03-31": "", "2013-02-28": "", "2012-11-30": "", "2012-09-30": "", "2012-08-31": "", "2012-05-31": "", "2012-02-29": "", "2011-11-30": "", "2011-08-31": "", "2011-05-31": "", "2011-02-28": "", "2010-11-30": "", "2010-08-31": "", "2010-05-31": "", "2010-02-28": "", "2009-11-30": "", "2009-08-31": "", "2009-05-31": "", "2009-02-28": "", "2008-11-30": "", "2008-08-31": "", "2008-05-31": "", "2008-02-29": "", "2007-11-30": "", "2007-08-31": "", "2007-05-31": "", "2007-02-28": "", "2006-11-30": "", "2006-08-31": "", "2006-05-31": "", "2006-02-28": "", "2005-11-30": "", "2005-08-31": "", "2005-05-31": "", "2005-02-28": ""}, "Pre-Tax Profit Margin": {"2020-09-30": "2.77140", "2020-06-30": "3.57020", "2020-03-31": "-17.62970", "2019-12-31": "-58.47420", "2019-09-30": "1.89580", "2019-06-30": "-12.43970", "2019-03-31": "9.29620", "2018-12-31": "5.76470", "2018-09-30": "11.70040", "2018-06-30": "3.17910", "2018-03-31": "-0.33610", "2017-12-31": "2.83000", "2017-09-30": "11.96090", "2017-06-30": "3.91540", "2017-03-31": "0.55130", "2016-12-31": "0.62300", "2016-09-30": "0.63010", "2016-06-30": "-0.43000", "2016-03-31": "13.48270", "2015-12-31": "6.55510", "2015-09-30": "8.17380", "2015-06-30": "18.60100", "2015-03-31": "15.27280", "2014-12-31": "16.02560", "2014-09-30": "12.64500", "2014-06-30": "13.65050", "2014-03-31": "10.99590", "2013-12-31": "11.73050", "2013-09-30": "6.11410", "2013-06-30": "21.04480", "2013-05-31": "", "2013-03-31": "22.11120", "2013-02-28": "20.28920", "2012-11-30": "21.58740", "2012-09-30": "23.46830", "2012-08-31": "23.42420", "2012-05-31": "", "2012-02-29": "16.20010", "2011-11-30": "28.37620", "2011-08-31": "23.66620", "2011-05-31": "", "2011-02-28": "32.64240", "2010-11-30": "48.86350", "2010-08-31": "18.49380", "2010-05-31": "", "2010-02-28": "20.63050", "2009-11-30": "10.01350", "2009-08-31": "9.11340", "2009-05-31": "", "2009-02-28": "6.01960", "2008-11-30": "46.02690", "2008-08-31": "37.62870", "2008-05-31": "", "2008-02-29": "30.30460", "2007-11-30": "20.62950", "2007-08-31": "19.77740", "2007-05-31": "", "2007-02-28": "3.41750", "2006-11-30": "4.96710", "2006-08-31": "8.84680", "2006-05-31": "", "2006-02-28": "-9.38320", "2005-11-30": "5.77630", "2005-08-31": "8.23600", "2005-05-31": "", "2005-02-28": "5.05900"}, "Net Profit Margin": {"2020-09-30": "-0.26030", "2020-06-30": "2.31820", "2020-03-31": "-11.28970", "2019-12-31": "-44.35780", "2019-09-30": "-1.60170", "2019-06-30": "-10.70790", "2019-03-31": "6.88530", "2018-12-31": "4.45550", "2018-09-30": "8.45260", "2018-06-30": "3.07940", "2018-03-31": "2.18750", "2017-12-31": "-20.60810", "2017-09-30": "11.46210", "2017-06-30": "5.54540", "2017-03-31": "-0.05700", "2016-12-31": "0.64450", "2016-09-30": "2.00800", "2016-06-30": "-0.60910", "2016-03-31": "15.34050", "2015-12-31": "7.16530", "2015-09-30": "7.59910", "2015-06-30": "15.70250", "2015-03-31": "13.78150", "2014-12-31": "15.16800", "2014-09-30": "8.97050", "2014-06-30": "10.17950", "2014-03-31": "10.95060", "2013-12-31": "5.74380", "2013-09-30": "6.51750", "2013-06-30": "16.41270", "2013-05-31": "", "2013-03-31": "16.42450", "2013-02-28": "15.37980", "2012-11-30": "24.79300", "2012-09-30": "15.77650", "2012-08-31": "17.14100", "2012-05-31": "", "2012-02-29": "12.48230", "2011-11-30": "20.68670", "2011-08-31": "17.05960", "2011-05-31": "", "2011-02-28": "24.48180", "2010-11-30": "38.34310", "2010-08-31": "13.60420", "2010-05-31": "", "2010-02-28": "12.85290", "2009-11-30": "6.30520", "2009-08-31": "6.90370", "2009-05-31": "", "2009-02-28": "4.27480", "2008-11-30": "31.92420", "2008-08-31": "27.40780", "2008-05-31": "", "2008-02-29": "24.25480", "2007-11-30": "17.94660", "2007-08-31": "15.24980", "2007-05-31": "", "2007-02-28": "3.30020", "2006-11-30": "4.32980", "2006-08-31": "8.45880", "2006-05-31": "", "2006-02-28": "-6.91390", "2005-11-30": "3.50580", "2005-08-31": "5.23650", "2005-05-31": "", "2005-02-28": "3.17170"}, "Asset Turnover": {"2020-09-30": "0.12630", "2020-06-30": "0.10750", "2020-03-31": "0.09480", "2019-12-31": "0.10760", "2019-09-30": "0.13470", "2019-06-30": "0.10550", "2019-03-31": "0.09290", "2018-12-31": "0.12530", "2018-09-30": "0.14340", "2018-06-30": "0.10810", "2018-03-31": "0.09450", "2017-12-31": "0.11230", "2017-09-30": "0.11150", "2017-06-30": "0.10060", "2017-03-31": "0.09230", "2016-12-31": "0.11060", "2016-09-30": "0.11310", "2016-06-30": "0.09470", "2016-03-31": "0.09500", "2015-12-31": "0.12440", "2015-09-30": "0.12300", "2015-06-30": "0.13990", "2015-03-31": "0.12130", "2014-12-31": "0.13010", "2014-09-30": "0.12200", "2014-06-30": "0.13340", "2014-03-31": "0.10970", "2013-12-31": "0.11160", "2013-09-30": "0.10810", "2013-06-30": "", "2013-05-31": "", "2013-03-31": "", "2013-02-28": "0.12930", "2012-11-30": "0.14540", "2012-09-30": "", "2012-08-31": "0.14680", "2012-05-31": "", "2012-02-29": "0.13740", "2011-11-30": "0.19080", "2011-08-31": "0.19060", "2011-05-31": "", "2011-02-28": "0.15060", "2010-11-30": "0.18840", "2010-08-31": "0.16740", "2010-05-31": "", "2010-02-28": "0.14110", "2009-11-30": "0.13470", "2009-08-31": "0.11680", "2009-05-31": "", "2009-02-28": "0.11680", "2008-11-30": "0.24190", "2008-08-31": "0.33220", "2008-05-31": "", "2008-02-29": "0.20260", "2007-11-30": "0.22650", "2007-08-31": "0.21510", "2007-05-31": "", "2007-02-28": "0.14660", "2006-11-30": "0.17590", "2006-08-31": "0.14730", "2006-05-31": "", "2006-02-28": "0.12330", "2005-11-30": "0.17220", "2005-08-31": "0.16310", "2005-05-31": "", "2005-02-28": "0.14140"}, "Inventory Turnover Ratio": {"2020-09-30": "1.20530", "2020-06-30": "0.91490", "2020-03-31": "0.90980", "2019-12-31": "0.96110", "2019-09-30": "1.07810", "2019-06-30": "0.71840", "2019-03-31": "0.61820", "2018-12-31": "0.90490", "2018-09-30": "1.24300", "2018-06-30": "0.88110", "2018-03-31": "0.82160", "2017-12-31": "1.17100", "2017-09-30": "1.04670", "2017-06-30": "0.92800", "2017-03-31": "0.94440", "2016-12-31": "1.19040", "2016-09-30": "1.15920", "2016-06-30": "0.89340", "2016-03-31": "0.91780", "2015-12-31": "1.15620", "2015-09-30": "1.14240", "2015-06-30": "1.16590", "2015-03-31": "1.12930", "2014-12-31": "1.04730", "2014-09-30": "1.24770", "2014-06-30": "1.21490", "2014-03-31": "0.98010", "2013-12-31": "1.29810", "2013-09-30": "1.01790", "2013-06-30": "", "2013-05-31": "", "2013-03-31": "", "2013-02-28": "1.06550", "2012-11-30": "1.22510", "2012-09-30": "", "2012-08-31": "1.18420", "2012-05-31": "", "2012-02-29": "1.25650", "2011-11-30": "1.76790", "2011-08-31": "1.59420", "2011-05-31": "", "2011-02-28": "1.20030", "2010-11-30": "2.33380", "2010-08-31": "1.61060", "2010-05-31": "", "2010-02-28": "1.33610", "2009-11-30": "1.44740", "2009-08-31": "1.17990", "2009-05-31": "", "2009-02-28": "0.86090", "2008-11-30": "1.38320", "2008-08-31": "1.37470", "2008-05-31": "", "2008-02-29": "1.36840", "2007-11-30": "1.81410", "2007-08-31": "1.81160", "2007-05-31": "", "2007-02-28": "1.72730", "2006-11-30": "2.07740", "2006-08-31": "1.41490", "2006-05-31": "", "2006-02-28": "1.34740", "2005-11-30": "1.63950", "2005-08-31": "1.49040", "2005-05-31": "", "2005-02-28": "1.28540"}, "Receiveable Turnover": {"2020-09-30": "2.99710", "2020-06-30": "2.96510", "2020-03-31": "2.48700", "2019-12-31": "2.58280", "2019-09-30": "3.43570", "2019-06-30": "3.05870", "2019-03-31": "2.39860", "2018-12-31": "3.00600", "2018-09-30": "3.50710", "2018-06-30": "3.52860", "2018-03-31": "2.72970", "2017-12-31": "3.25540", "2017-09-30": "3.35100", "2017-06-30": "3.20180", "2017-03-31": "2.73120", "2016-12-31": "2.96590", "2016-09-30": "3.80990", "2016-06-30": "4.19070", "2016-03-31": "2.47190", "2015-12-31": "3.20470", "2015-09-30": "3.11880", "2015-06-30": "3.96980", "2015-03-31": "3.23420", "2014-12-31": "3.15310", "2014-09-30": "3.92180", "2014-06-30": "4.03870", "2014-03-31": "3.32470", "2013-12-31": "4.01680", "2013-09-30": "3.98730", "2013-06-30": "", "2013-05-31": "", "2013-03-31": "", "2013-02-28": "2.56480", "2012-11-30": "3.18020", "2012-09-30": "", "2012-08-31": "3.42230", "2012-05-31": "", "2012-02-29": "3.33610", "2011-11-30": "3.27950", "2011-08-31": "3.92980", "2011-05-31": "", "2011-02-28": "2.77340", "2010-11-30": "3.98270", "2010-08-31": "3.82500", "2010-05-31": "", "2010-02-28": "2.91080", "2009-11-30": "2.95030", "2009-08-31": "3.00140", "2009-05-31": "", "2009-02-28": "2.17160", "2008-11-30": "3.27470", "2008-08-31": "2.72490", "2008-05-31": "", "2008-02-29": "3.06960", "2007-11-30": "3.57790", "2007-08-31": "3.72780", "2007-05-31": "", "2007-02-28": "2.44680", "2006-11-30": "2.67110", "2006-08-31": "2.76170", "2006-05-31": "", "2006-02-28": "2.50920", "2005-11-30": "2.62080", "2005-08-31": "2.11000", "2005-05-31": "", "2005-02-28": "2.05700"}, "Days Sales In Receivables": {"2020-09-30": "30.02900", "2020-06-30": "30.35360", "2020-03-31": "36.18820", "2019-12-31": "34.84610", "2019-09-30": "26.19530", "2019-06-30": "29.42400", "2019-03-31": "37.52170", "2018-12-31": "29.94050", "2018-09-30": "25.66200", "2018-06-30": "25.50610", "2018-03-31": "32.97100", "2017-12-31": "27.64660", "2017-09-30": "26.85760", "2017-06-30": "28.10900", "2017-03-31": "32.95230", "2016-12-31": "30.34480", "2016-09-30": "23.62260", "2016-06-30": "21.47620", "2016-03-31": "36.40860", "2015-12-31": "28.08340", "2015-09-30": "28.85730", "2015-06-30": "22.67100", "2015-03-31": "27.82760", "2014-12-31": "28.54330", "2014-09-30": "22.94890", "2014-06-30": "22.28420", "2014-03-31": "27.06980", "2013-12-31": "22.40610", "2013-09-30": "22.57190", "2013-06-30": "", "2013-05-31": "", "2013-03-31": "", "2013-02-28": "35.09060", "2012-11-30": "28.30020", "2012-09-30": "", "2012-08-31": "26.29840", "2012-05-31": "", "2012-02-29": "26.97740", "2011-11-30": "27.44340", "2011-08-31": "22.90210", "2011-05-31": "", "2011-02-28": "32.45090", "2010-11-30": "22.59760", "2010-08-31": "23.52920", "2010-05-31": "", "2010-02-28": "30.91980", "2009-11-30": "30.50540", "2009-08-31": "29.98560", "2009-05-31": "", "2009-02-28": "41.44380", "2008-11-30": "27.48350", "2008-08-31": "33.02880", "2008-05-31": "", "2008-02-29": "29.31960", "2007-11-30": "25.15440", "2007-08-31": "24.14320", "2007-05-31": "", "2007-02-28": "36.78270", "2006-11-30": "33.69380", "2006-08-31": "32.58890", "2006-05-31": "", "2006-02-28": "35.86750", "2005-11-30": "34.34120", "2005-08-31": "42.65320", "2005-05-31": "", "2005-02-28": "43.75360"}, "ROE - Return On Equity": {"2020-09-30": "-0.05280", "2020-06-30": "0.52980", "2020-03-31": "-2.38320", "2019-12-31": "-10.14560", "2019-09-30": "-0.38790", "2019-06-30": "-2.15590", "2019-03-31": "1.20190", "2018-12-31": "1.05610", "2018-09-30": "2.34390", "2018-06-30": "0.65380", "2018-03-31": "0.37550", "2017-12-31": "-4.45890", "2017-09-30": "2.26080", "2017-06-30": "0.99140", "2017-03-31": "-0.01140", "2016-12-31": "0.15280", "2016-09-30": "0.41220", "2016-06-30": "-0.11110", "2016-03-31": "2.56110", "2015-12-31": "1.63510", "2015-09-30": "1.66930", "2015-06-30": "3.84270", "2015-03-31": "2.88630", "2014-12-31": "3.37290", "2014-09-30": "1.85090", "2014-06-30": "2.20340", "2014-03-31": "2.00620", "2013-12-31": "1.13860", "2013-09-30": "0.92830", "2013-06-30": "", "2013-05-31": "", "2013-03-31": "", "2013-02-28": "2.62790", "2012-11-30": "4.81120", "2012-09-30": "", "2012-08-31": "3.42370", "2012-05-31": "", "2012-02-29": "2.29830", "2011-11-30": "5.52640", "2011-08-31": "4.30110", "2011-05-31": "", "2011-02-28": "4.92840", "2010-11-30": "9.99730", "2010-08-31": "3.29960", "2010-05-31": "", "2010-02-28": "2.63180", "2009-11-30": "1.32070", "2009-08-31": "1.18980", "2009-05-31": "", "2009-02-28": "0.74730", "2008-11-30": "12.24150", "2008-08-31": "15.50140", "2008-05-31": "", "2008-02-29": "8.92450", "2007-11-30": "7.59140", "2007-08-31": "6.71690", "2007-05-31": "", "2007-02-28": "1.16050", "2006-11-30": "1.80640", "2006-08-31": "2.99130", "2006-05-31": "", "2006-02-28": "-1.97490", "2005-11-30": "1.53480", "2005-08-31": "2.19970", "2005-05-31": "", "2005-02-28": "1.22690"}, "Return On Tangible Equity": {"2020-09-30": "-0.06070", "2020-06-30": "0.60750", "2020-03-31": "-2.72620", "2019-12-31": "-11.57510", "2019-09-30": "-0.46620", "2019-06-30": "-2.57690", "2019-03-31": "1.43050", "2018-12-31": "1.25880", "2018-09-30": "2.80550", "2018-06-30": "0.78480", "2018-03-31": "0.44960", "2017-12-31": "-5.40940", "2017-09-30": "2.71650", "2017-06-30": "1.19380", "2017-03-31": "-0.01370", "2016-12-31": "0.18390", "2016-09-30": "0.49500", "2016-06-30": "-0.13330", "2016-03-31": "3.06930", "2015-12-31": "1.96240", "2015-09-30": "2.00820", "2015-06-30": "4.62080", "2015-03-31": "3.45770", "2014-12-31": "4.05650", "2014-09-30": "2.20040", "2014-06-30": "2.62040", "2014-03-31": "2.39590", "2013-12-31": "1.35310", "2013-09-30": "1.07360", "2013-06-30": "", "2013-05-31": "", "2013-03-31": "", "2013-02-28": "3.05910", "2012-11-30": "5.62200", "2012-09-30": "", "2012-08-31": "4.02890", "2012-05-31": "", "2012-02-29": "2.73100", "2011-11-30": "6.59210", "2011-08-31": "5.08940", "2011-05-31": "", "2011-02-28": "5.91020", "2010-11-30": "12.11340", "2010-08-31": "4.09440", "2010-05-31": "", "2010-02-28": "3.32250", "2009-11-30": "1.67790", "2009-08-31": "1.48950", "2009-05-31": "", "2009-02-28": "0.95020", "2008-11-30": "15.57820", "2008-08-31": "20.28570", "2008-05-31": "", "2008-02-29": "13.94190", "2007-11-30": "13.00290", "2007-08-31": "13.04940", "2007-05-31": "", "2007-02-28": "3.09140", "2006-11-30": "4.90910", "2006-08-31": "8.33020", "2006-05-31": "", "2006-02-28": "-5.52900", "2005-11-30": "4.29960", "2005-08-31": "6.08750", "2005-05-31": "", "2005-02-28": "4.16800"}, "ROA - Return On Assets": {"2020-09-30": "-0.02440", "2020-06-30": "0.24130", "2020-03-31": "-1.07510", "2019-12-31": "-4.92470", "2019-09-30": "-0.19570", "2019-06-30": "-1.11560", "2019-03-31": "0.63540", "2018-12-31": "0.55670", "2018-09-30": "1.22310", "2018-06-30": "0.33390", "2018-03-31": "0.19610", "2017-12-31": "-2.30660", "2017-09-30": "1.28970", "2017-06-30": "0.55660", "2017-03-31": "-0.00640", "2016-12-31": "0.08730", "2016-09-30": "0.23580", "2016-06-30": "-0.06280", "2016-03-31": "1.45740", "2015-12-31": "0.89940", "2015-09-30": "0.93880", "2015-06-30": "2.19440", "2015-03-31": "1.67080", "2014-12-31": "1.97780", "2014-09-30": "1.09940", "2014-06-30": "1.35680", "2014-03-31": "1.20190", "2013-12-31": "0.65920", "2013-09-30": "0.71250", "2013-06-30": "", "2013-05-31": "", "2013-03-31": "", "2013-02-28": "1.99400", "2012-11-30": "3.61400", "2012-09-30": "", "2012-08-31": "2.52310", "2012-05-31": "", "2012-02-29": "1.70610", "2011-11-30": "3.95890", "2011-08-31": "3.25320", "2011-05-31": "", "2011-02-28": "3.69140", "2010-11-30": "7.23130", "2010-08-31": "2.28660", "2010-05-31": "", "2010-02-28": "1.82030", "2009-11-30": "0.85850", "2009-08-31": "0.82140", "2009-05-31": "", "2009-02-28": "0.49350", "2008-11-30": "7.73510", "2008-08-31": "9.13600", "2008-05-31": "", "2008-02-29": "4.91290", "2007-11-30": "4.06430", "2007-08-31": "3.28030", "2007-05-31": "", "2007-02-28": "0.48380", "2006-11-30": "0.76160", "2006-08-31": "1.24630", "2006-05-31": "", "2006-02-28": "-0.82260", "2005-11-30": "0.63250", "2005-08-31": "0.88410", "2005-05-31": "", "2005-02-28": "0.47940"}, "ROI - Return On Investment": {"2020-09-30": "-0.03480", "2020-06-30": "0.34790", "2020-03-31": "-1.55900", "2019-12-31": "-6.84080", "2019-09-30": "-0.26950", "2019-06-30": "-1.51270", "2019-03-31": "0.84680", "2018-12-31": "0.74190", "2018-09-30": "1.64530", "2018-06-30": "0.44940", "2018-03-31": "0.25870", "2017-12-31": "-2.96060", "2017-09-30": "1.65440", "2017-06-30": "0.71430", "2017-03-31": "-0.00820", "2016-12-31": "0.10970", "2016-09-30": "0.30550", "2016-06-30": "-0.08060", "2016-03-31": "1.86090", "2015-12-31": "1.17290", "2015-09-30": "1.20240", "2015-06-30": "2.80370", "2015-03-31": "2.10700", "2014-12-31": "2.49400", "2014-09-30": "1.37680", "2014-06-30": "1.73840", "2014-03-31": "1.57070", "2013-12-31": "0.89950", "2013-09-30": "0.86390", "2013-06-30": "", "2013-05-31": "", "2013-03-31": "", "2013-02-28": "2.44030", "2012-11-30": "4.46660", "2012-09-30": "", "2012-08-31": "3.16910", "2012-05-31": "", "2012-02-29": "2.11750", "2011-11-30": "5.07420", "2011-08-31": "4.05670", "2011-05-31": "", "2011-02-28": "4.60930", "2010-11-30": "9.28460", "2010-08-31": "2.90120", "2010-05-31": "", "2010-02-28": "2.29510", "2009-11-30": "1.14700", "2009-08-31": "1.03870", "2009-05-31": "", "2009-02-28": "0.64250", "2008-11-30": "10.53420", "2008-08-31": "13.23740", "2008-05-31": "", "2008-02-29": "7.21930", "2007-11-30": "5.99450", "2007-08-31": "4.98050", "2007-05-31": "", "2007-02-28": "0.69600", "2006-11-30": "1.12480", "2006-08-31": "1.85730", "2006-05-31": "", "2006-02-28": "-1.18690", "2005-11-30": "0.91560", "2005-08-31": "1.28890", "2005-05-31": "", "2005-02-28": "0.68340"}, "Book Value Per Share": {"2020-09-30": "22.96080", "2020-06-30": "22.85390", "2020-03-31": "22.58430", "2019-12-31": "24.73200", "2019-09-30": "27.13150", "2019-06-30": "27.68390", "2019-03-31": "27.76550", "2018-12-31": "27.51110", "2018-09-30": "27.63720", "2018-06-30": "27.02160", "2018-03-31": "27.70950", "2017-12-31": "27.45790", "2017-09-30": "28.92890", "2017-06-30": "27.90100", "2017-03-31": "27.52150", "2016-12-31": "27.47410", "2016-09-30": "28.19430", "2016-06-30": "28.56090", "2016-03-31": "28.67660", "2015-12-31": "27.13360", "2015-09-30": "27.31130", "2015-06-30": "28.44820", "2015-03-31": "27.95470", "2014-12-31": "29.16850", "2014-09-30": "29.37950", "2014-06-30": "29.58370", "2014-03-31": "27.83500", "2013-12-31": "25.84380", "2013-09-30": "31.81260", "2013-06-30": "", "2013-05-31": "", "2013-03-31": "", "2013-02-28": "30.87190", "2012-11-30": "30.77640", "2012-09-30": "", "2012-08-31": "29.55490", "2012-05-31": "", "2012-02-29": "27.80720", "2011-11-30": "26.61010", "2011-08-31": "27.40150", "2011-05-31": "", "2011-02-28": "24.65760", "2010-11-30": "23.02350", "2010-08-31": "20.32920", "2010-05-31": "", "2010-02-28": "19.06910", "2009-11-30": "18.54360", "2009-08-31": "19.36220", "2009-05-31": "", "2009-02-28": "17.49520", "2008-11-30": "17.67160", "2008-08-31": "17.26030", "2008-05-31": "", "2008-02-29": "13.15520", "2007-11-30": "11.71650", "2007-08-31": "10.29700", "2007-05-31": "", "2007-02-28": "8.15810", "2006-11-30": "8.30840", "2006-08-31": "8.32990", "2006-05-31": "", "2006-02-28": "9.42010", "2005-11-30": "9.31120", "2005-08-31": "8.94220", "2005-05-31": "", "2005-02-28": "8.23060"}, "Operating Cash Flow Per Share": {"2020-09-30": 0.9138, "2020-06-30": 2.1307, "2020-03-31": "0.50130", "2019-12-31": 0.7299, "2019-09-30": 1.2642, "2019-06-30": 1.313, "2019-03-31": "-0.45300", "2018-12-31": 0.3975, "2018-09-30": 1.3503, "2018-06-30": 2.0856, "2018-03-31": "-0.18480", "2017-12-31": 1.1774, "2017-09-30": 0.3841, "2017-06-30": 0.688, "2017-03-31": "0.41650", "2016-12-31": 0.9155, "2016-09-30": 0.2395, "2016-06-30": 1.6754, "2016-03-31": "0.75280", "2015-12-31": 1.3856, "2015-09-30": 0.6047, "2015-06-30": 1.6857, "2015-03-31": "1.98120", "2014-12-31": 0.9151, "2014-09-30": 0.9514, "2014-06-30": 2.1317, "2014-03-31": "1.65170", "2013-12-31": -1.3555, "2013-09-30": -0.1045, "2013-06-30": 3.6557, "2013-05-31": -1.3563, "2013-03-31": "1.35630", "2013-02-28": "2.41820", "2012-11-30": 0.7441, "2012-09-30": 0.0103, "2012-08-31": 0.7952, "2012-05-31": -3.4603, "2012-02-29": "3.46030", "2011-11-30": 1.173, "2011-08-31": 1.2376, "2011-05-31": -3.2473, "2011-02-28": "3.24730", "2010-11-30": 1.1875, "2010-08-31": 1.2446, "2010-05-31": -1.844, "2010-02-28": "1.84400", "2009-11-30": 0.3913, "2009-08-31": 0.3863, "2009-05-31": -2.1014, "2009-02-28": "2.10140", "2008-11-30": 0.8675, "2008-08-31": 1.2576, "2008-05-31": -3.3824, "2008-02-29": "3.38240", "2007-11-30": 1.2176, "2007-08-31": 0.9867, "2007-05-31": -1.0306, "2007-02-28": "1.03060", "2006-11-30": 0.3399, "2006-08-31": 0.3438, "2006-05-31": -0.2391, "2006-02-28": "0.23910", "2005-11-30": 0.186, "2005-08-31": 0.1871, "2005-05-31": -0.1631, "2005-02-28": "0.16310"}, "Free Cash Flow Per Share": {"2020-09-30": 0.2065, "2020-06-30": 1.4608, "2020-03-31": "-0.19430", "2019-12-31": -0.1559, "2019-09-30": 0.5665, "2019-06-30": 0.4025, "2019-03-31": "-1.26330", "2018-12-31": -0.347, "2018-09-30": 0.7531, "2018-06-30": 1.571, "2018-03-31": "-0.76620", "2017-12-31": 1.1759, "2017-09-30": 0.0198, "2017-06-30": 0.2121, "2017-03-31": "-0.22200", "2016-12-31": 0.3236, "2016-09-30": -0.3132, "2016-06-30": 1.0923, "2016-03-31": "0.08580", "2015-12-31": 0.5973, "2015-09-30": -0.1101, "2015-06-30": 1.0519, "2015-03-31": "1.35740", "2014-12-31": 0.2433, "2014-09-30": 0.4492, "2014-06-30": 1.5562, "2014-03-31": "0.92760", "2013-12-31": -0.7662, "2013-09-30": -0.8834, "2013-06-30": 1.9199, "2013-05-31": -0.496, "2013-03-31": "0.49600", "2013-02-28": "-0.48610", "2012-11-30": -0.3281, "2012-09-30": 0.1617, "2012-08-31": -0.2573, "2012-05-31": -0.6707, "2012-02-29": "0.67070", "2011-11-30": 0.2963, "2011-08-31": 0.3637, "2011-05-31": -1.243, "2011-02-28": "1.24300", "2010-11-30": 0.5376, "2010-08-31": 0.5851, "2010-05-31": -0.4214, "2010-02-28": "0.42140", "2009-11-30": -0.0353, "2009-08-31": -0.143, "2009-05-31": -0.7402, "2009-02-28": "0.74020", "2008-11-30": 0.3668, "2008-08-31": 0.839, "2008-05-31": -2.8269, "2008-02-29": "2.82690", "2007-11-30": 1.0401, "2007-08-31": 0.8019, "2007-05-31": -0.5983, "2007-02-28": "0.59830", "2006-11-30": 0.2563, "2006-08-31": 0.1493, "2006-05-31": 0.4499, "2006-02-28": "-0.44990", "2005-11-30": -0.0232, "2005-08-31": -0.0219, "2005-05-31": 0.186, "2005-02-28": "-0.18600"}}, "revenue": {"Mosaic Annual Revenue (Millions of US $)": {"2019": "$8,906", "2018": "$9,587", "2017": "$7,409", "2016": "$7,163", "2015": "$8,895", "2014": "$9,056", "2013": "$9,974", "2012": "$11,108", "2011": "$9,938", "2010": "$6,759", "2009": "$10,298", "2008": "$9,813", "2007": "$5,774", "2006": "$5,306", "2005": "$4,397"}, "Mosaic Quarterly Revenue (Millions of US $)": {"2020-09-30": "$2,382", "2020-06-30": "$2,045", "2020-03-31": "$1,798", "2019-12-31": "$2,076", "2019-09-30": "$2,753", "2019-06-30": "$2,177", "2019-03-31": "$1,900", "2018-12-31": "$2,521", "2018-09-30": "$2,928", "2018-06-30": "$2,205", "2018-03-31": "$1,934", "2017-12-31": "$2,092", "2017-09-30": "$1,985", "2017-06-30": "$1,755", "2017-03-31": "$1,578", "2016-12-31": "$1,862", "2016-09-30": "$1,952", "2016-06-30": "$1,675", "2016-03-31": "$1,674", "2015-12-31": "$2,163", "2015-09-30": "$2,106", "2015-06-30": "$2,488", "2015-03-31": "$2,139", "2014-12-31": "$2,379", "2014-09-30": "$2,251", "2014-06-30": "$2,440", "2014-03-31": "$1,986", "2013-12-31": "$2,182", "2013-09-30": "$1,909", "2013-06-30": "$2,619", "2013-05-31": "", "2013-03-31": "$2,312", "2013-02-28": "$2,241", "2012-11-30": "$2,536", "2012-09-30": "$2,646", "2012-08-31": "$2,505", "2012-05-31": "", "2012-02-29": "$2,190", "2011-11-30": "$3,015", "2011-08-31": "$3,083", "2011-05-31": "", "2011-02-28": "$2,214", "2010-11-30": "$2,675", "2010-08-31": "$2,188", "2010-05-31": "", "2010-02-28": "$1,732", "2009-11-30": "$1,710", "2009-08-31": "$1,457", "2009-05-31": "", "2009-02-28": "$1,376", "2008-11-30": "$3,007", "2008-08-31": "$4,323", "2008-05-31": "", "2008-02-29": "$2,147", "2007-11-30": "$2,195", "2007-08-31": "$2,003", "2007-05-31": "", "2007-02-28": "$1,279", "2006-11-30": "$1,522", "2006-08-31": "$1,289", "2006-05-31": "", "2006-02-28": "$1,073", "2005-11-30": "$1,498", "2005-08-31": "$1,404", "2005-05-31": "", "2005-02-28": "$1,145"}}, "gross-profit": {"Mosaic Annual Gross Profit (Millions of US $)": {"2019": "$897", "2018": "$1,498", "2017": "$843", "2016": "$810", "2015": "$1,718", "2014": "$1,927", "2013": "$2,760", "2012": "$3,085", "2011": "$3,122", "2010": "$1,693", "2009": "$2,767", "2008": "$3,161", "2007": "$926", "2006": "$637", "2005": "$526"}, "Mosaic Quarterly Gross Profit (Millions of US $)": {"2020-09-30": "$355", "2020-06-30": "$257", "2020-03-31": "$41", "2019-12-31": "$81", "2019-09-30": "$280", "2019-06-30": "$227", "2019-03-31": "$310", "2018-12-31": "$466", "2018-09-30": "$496", "2018-06-30": "$295", "2018-03-31": "$242", "2017-12-31": "$280", "2017-09-30": "$241", "2017-06-30": "$192", "2017-03-31": "$130", "2016-12-31": "$206", "2016-09-30": "$213", "2016-06-30": "$154", "2016-03-31": "$237", "2015-12-31": "$356", "2015-09-30": "$335", "2015-06-30": "$608", "2015-03-31": "$419", "2014-12-31": "$579", "2014-09-30": "$415", "2014-06-30": "$521", "2014-03-31": "$412", "2013-12-31": "$322", "2013-09-30": "$387", "2013-06-30": "$665", "2013-05-31": "", "2013-03-31": "$642", "2013-02-28": "$568", "2012-11-30": "$676", "2012-09-30": "$775", "2012-08-31": "$747", "2012-05-31": "", "2012-02-29": "$522", "2011-11-30": "$881", "2011-08-31": "$848", "2011-05-31": "", "2011-02-28": "$854", "2010-11-30": "$768", "2010-08-31": "$505", "2010-05-31": "", "2010-02-28": "$477", "2009-11-30": "$307", "2009-08-31": "$222", "2009-05-31": "", "2009-02-28": "$140", "2008-11-30": "$774", "2008-08-31": "$1,649", "2008-05-31": "", "2008-02-29": "$728", "2007-11-30": "$623", "2007-08-31": "$522", "2007-05-31": "", "2007-02-28": "$113", "2006-11-30": "$161", "2006-08-31": "$196", "2006-05-31": "", "2006-02-28": "$14", "2005-11-30": "$208", "2005-08-31": "$249", "2005-05-31": "", "2005-02-28": "$137"}}, "operating-income": {"Mosaic Annual Operating Income (Millions of US $)": {"2019": "$-1,095", "2018": "$928", "2017": "$466", "2016": "$319", "2015": "$1,279", "2014": "$1,312", "2013": "$2,210", "2012": "$2,611", "2011": "$2,664", "2010": "$1,271", "2009": "$2,401", "2008": "$2,807", "2007": "$616", "2006": "$102", "2005": "$319"}, "Mosaic Quarterly Operating Income (Millions of US $)": {"2020-09-30": "$99", "2020-06-30": "$86", "2020-03-31": "$-66", "2019-12-31": "$-1,195", "2019-09-30": "$140", "2019-06-30": "$-242", "2019-03-31": "$202", "2018-12-31": "$258", "2018-09-30": "$393", "2018-06-30": "$196", "2018-03-31": "$81", "2017-12-31": "$127", "2017-09-30": "$214", "2017-06-30": "$95", "2017-03-31": "$30", "2016-12-31": "$74", "2016-09-30": "$70", "2016-06-30": "$12", "2016-03-31": "$163", "2015-12-31": "$204", "2015-09-30": "$246", "2015-06-30": "$510", "2015-03-31": "$319", "2014-12-31": "$365", "2014-09-30": "$277", "2014-06-30": "$403", "2014-03-31": "$267", "2013-12-31": "$179", "2013-09-30": "$144", "2013-06-30": "$526", "2013-05-31": "", "2013-03-31": "$491", "2013-02-28": "$419", "2012-11-30": "$560", "2012-09-30": "$644", "2012-08-31": "$610", "2012-05-31": "", "2012-02-29": "$414", "2011-11-30": "$797", "2011-08-31": "$730", "2011-05-31": "", "2011-02-28": "$771", "2010-11-30": "$658", "2010-08-31": "$410", "2010-05-31": "", "2010-02-28": "$389", "2009-11-30": "$200", "2009-08-31": "$134", "2009-05-31": "", "2009-02-28": "$44", "2008-11-30": "$682", "2008-08-31": "$1,549", "2008-05-31": "", "2008-02-29": "$647", "2007-11-30": "$530", "2007-08-31": "$450", "2007-05-31": "", "2007-02-28": "$34", "2006-11-30": "$91", "2006-08-31": "$132", "2006-05-31": "", "2006-02-28": "$-44", "2005-11-30": "$139", "2005-08-31": "$192", "2005-05-31": "", "2005-02-28": "$71"}}, "ebitda": {"Mosaic Annual EBITDA (Millions of US $)": {"2019": "$433", "2018": "$1,811", "2017": "$1,157", "2016": "$1,071", "2015": "$2,051", "2014": "$2,154", "2013": "$2,848", "2012": "$3,152", "2011": "$3,143", "2010": "$1,745", "2009": "$2,818", "2008": "$3,210", "2007": "$954", "2006": "$424", "2005": "$511"}, "Mosaic Quarterly EBITDA (Millions of US $)": {"2020-09-30": "$321", "2020-06-30": "$318", "2020-03-31": "$169", "2019-12-31": "$-360", "2019-09-30": "$366", "2019-06-30": "$-8", "2019-03-31": "$436", "2018-12-31": "$502", "2018-09-30": "$619", "2018-06-30": "$410", "2018-03-31": "$280", "2017-12-31": "$305", "2017-09-30": "$389", "2017-06-30": "$267", "2017-03-31": "$195", "2016-12-31": "$250", "2016-09-30": "$253", "2016-06-30": "$212", "2016-03-31": "$357", "2015-12-31": "$398", "2015-09-30": "$435", "2015-06-30": "$709", "2015-03-31": "$509", "2014-12-31": "$579", "2014-09-30": "$480", "2014-06-30": "$644", "2014-03-31": "$451", "2013-12-31": "$71", "2013-09-30": "$320", "2013-06-30": "$700", "2013-05-31": "", "2013-03-31": "$656", "2013-02-28": "$584", "2012-11-30": "$861", "2012-09-30": "$644", "2012-08-31": "$610", "2012-05-31": "", "2012-02-29": "$715", "2011-11-30": "$1,146", "2011-08-31": "$730", "2011-05-31": "", "2011-02-28": "$1,119", "2010-11-30": "$883", "2010-08-31": "$410", "2010-05-31": "", "2010-02-28": "$614", "2009-11-30": "$464", "2009-08-31": "$134", "2009-05-31": "", "2009-02-28": "$307", "2008-11-30": "$959", "2008-08-31": "$1,549", "2008-05-31": "", "2008-02-29": "$925", "2007-11-30": "$712", "2007-08-31": "$450", "2007-05-31": "", "2007-02-28": "$34", "2006-11-30": "$91", "2006-08-31": "$132", "2006-05-31": "", "2006-02-28": "$-44", "2005-11-30": "$139", "2005-08-31": "$192", "2005-05-31": "", "2005-02-28": "$71"}}, "net-income": {"Mosaic Annual Net Income (Millions of US $)": {"2019": "$-1,067", "2018": "$470", "2017": "$-107", "2016": "$298", "2015": "$1,000", "2014": "$1,029", "2013": "$1,889", "2012": "$1,930", "2011": "$2,515", "2010": "$827", "2009": "$2,350", "2008": "$2,083", "2007": "$420", "2006": "$-133", "2005": "$161"}, "Mosaic Quarterly Net Income (Millions of US $)": {"2020-09-30": "$-6", "2020-06-30": "$47", "2020-03-31": "$-203", "2019-12-31": "$-921", "2019-09-30": "$-44", "2019-06-30": "$-233", "2019-03-31": "$131", "2018-12-31": "$112", "2018-09-30": "$248", "2018-06-30": "$68", "2018-03-31": "$42", "2017-12-31": "$-431", "2017-09-30": "$228", "2017-06-30": "$97", "2017-03-31": "$-1", "2016-12-31": "$12", "2016-09-30": "$39", "2016-06-30": "$-10", "2016-03-31": "$257", "2015-12-31": "$155", "2015-09-30": "$160", "2015-06-30": "$391", "2015-03-31": "$295", "2014-12-31": "$361", "2014-09-30": "$202", "2014-06-30": "$248", "2014-03-31": "$218", "2013-12-31": "$125", "2013-09-30": "$124", "2013-06-30": "$430", "2013-05-31": "", "2013-03-31": "$380", "2013-02-28": "$345", "2012-11-30": "$629", "2012-09-30": "$417", "2012-08-31": "$429", "2012-05-31": "", "2012-02-29": "$273", "2011-11-30": "$624", "2011-08-31": "$526", "2011-05-31": "", "2011-02-28": "$542", "2010-11-30": "$1,026", "2010-08-31": "$298", "2010-05-31": "", "2010-02-28": "$223", "2009-11-30": "$108", "2009-08-31": "$101", "2009-05-31": "", "2009-02-28": "$59", "2008-11-30": "$960", "2008-08-31": "$1,185", "2008-05-31": "", "2008-02-29": "$521", "2007-11-30": "$394", "2007-08-31": "$306", "2007-05-31": "", "2007-02-28": "$42", "2006-11-30": "$66", "2006-08-31": "$109", "2006-05-31": "", "2006-02-28": "$-74", "2005-11-30": "$53", "2005-08-31": "$74", "2005-05-31": "", "2005-02-28": "$36"}}, "eps-earnings-per-share-diluted": {"Mosaic Annual EPS": {"2019": "$-2.78", "2018": "$1.22", "2017": "$-0.31", "2016": "$0.85", "2015": "$2.78", "2014": "$2.68", "2013": "$4.42", "2012": "$4.42", "2011": "$5.62", "2010": "$1.85", "2009": "$5.27", "2008": "$4.67", "2007": "$0.95", "2006": "$-0.35", "2005": "$0.46"}, "Mosaic Quarterly EPS": {"2020-09-30": "$-0.02", "2020-06-30": "$0.12", "2020-03-31": "$-0.54", "2019-12-31": "$-2.41", "2019-09-30": "$-0.11", "2019-06-30": "$-0.60", "2019-03-31": "$0.34", "2018-12-31": "$0.29", "2018-09-30": "$0.64", "2018-06-30": "$0.18", "2018-03-31": "$0.11", "2017-12-31": "$-1.24", "2017-09-30": "$0.65", "2017-06-30": "$0.28", "2017-03-31": "$-0.00", "2016-12-31": "$0.04", "2016-09-30": "$0.11", "2016-06-30": "$-0.03", "2016-03-31": "$0.73", "2015-12-31": "$0.45", "2015-09-30": "$0.45", "2015-06-30": "$1.08", "2015-03-31": "$0.80", "2014-12-31": "$0.96", "2014-09-30": "$0.54", "2014-06-30": "$0.64", "2014-03-31": "$0.54", "2013-12-31": "$0.30", "2013-09-30": "$0.29", "2013-06-30": "$1.01", "2013-05-31": "$0.00", "2013-03-31": "$0.89", "2013-02-28": "$0.81", "2012-11-30": "$1.47", "2012-09-30": "$0.98", "2012-08-31": "$1.01", "2012-05-31": "$0.00", "2012-02-29": "$0.64", "2011-11-30": "$1.40", "2011-08-31": "$1.17", "2011-05-31": "$0.00", "2011-02-28": "$1.21", "2010-11-30": "$2.29", "2010-08-31": "$0.67", "2010-05-31": "$0.00", "2010-02-28": "$0.50", "2009-11-30": "$0.24", "2009-08-31": "$0.23", "2009-05-31": "$0.00", "2009-02-28": "$0.13", "2008-11-30": "$2.15", "2008-08-31": "$2.65", "2008-05-31": "$0.00", "2008-02-29": "$1.17", "2007-11-30": "$0.89", "2007-08-31": "$0.69", "2007-05-31": "$0.00", "2007-02-28": "$0.10", "2006-11-30": "$0.15", "2006-08-31": "$0.25", "2006-05-31": "$0.00", "2006-02-28": "$-0.19", "2005-11-30": "$0.13", "2005-08-31": "$0.18", "2005-05-31": "$0.00", "2005-02-28": "$0.09"}}, "shares-outstanding": {"Mosaic Annual Shares Outstanding (Millions of Shares)": {"2019": "384", "2018": "386", "2017": "351", "2016": "352", "2015": "360", "2014": "376", "2013": "427", "2012": "437", "2011": "448", "2010": "447", "2009": "446", "2008": "446", "2007": "440", "2006": "382", "2005": "360"}, "Mosaic Quarterly Shares Outstanding (Millions of Shares)": {"2020-09-30": "379", "2020-06-30": "381", "2020-03-31": "379", "2019-12-31": "384", "2019-09-30": "385", "2019-06-30": "386", "2019-03-31": "387", "2018-12-31": "386", "2018-09-30": "388", "2018-06-30": "387", "2018-03-31": "384", "2017-12-31": "351", "2017-09-30": "352", "2017-06-30": "352", "2017-03-31": "351", "2016-12-31": "352", "2016-09-30": "352", "2016-06-30": "350", "2016-03-31": "353", "2015-12-31": "360", "2015-09-30": "356", "2015-06-30": "363", "2015-03-31": "368", "2014-12-31": "376", "2014-09-30": "376", "2014-06-30": "376", "2014-03-31": "380", "2013-12-31": "416", "2013-09-30": "427", "2013-06-30": "427", "2013-05-31": "", "2013-03-31": "427", "2013-02-28": "427", "2012-11-30": "427", "2012-09-30": "427", "2012-08-31": "427", "2012-05-31": "", "2012-02-29": "427", "2011-11-30": "445", "2011-08-31": "448", "2011-05-31": "", "2011-02-28": "448", "2010-11-30": "447", "2010-08-31": "447", "2010-05-31": "", "2010-02-28": "447", "2009-11-30": "447", "2009-08-31": "446", "2009-05-31": "", "2009-02-28": "446", "2008-11-30": "446", "2008-08-31": "447", "2008-05-31": "", "2008-02-29": "446", "2007-11-30": "445", "2007-08-31": "444", "2007-05-31": "", "2007-02-28": "441", "2006-11-30": "439", "2006-08-31": "438", "2006-05-31": "", "2006-02-28": "384", "2005-11-30": "435", "2005-08-31": "434", "2005-05-31": "", "2005-02-28": "433"}}, "total-assets": {"Mosaic Annual Total Assets (Millions of US $)": {"2019": "$19,299", "2018": "$20,119", "2017": "$18,633", "2016": "$16,841", "2015": "$17,390", "2014": "$18,283", "2013": "$18,086", "2012": "$16,690", "2011": "$15,787", "2010": "$12,708", "2009": "$12,676", "2008": "$11,820", "2007": "$9,164", "2006": "$8,723", "2005": "$8,412"}, "Mosaic Quarterly Total Assets (Millions of US $)": {"2020-09-30": "$18,852", "2020-06-30": "$19,021", "2020-03-31": "$18,976", "2019-12-31": "$19,299", "2019-09-30": "$20,440", "2019-06-30": "$20,644", "2019-03-31": "$20,445", "2018-12-31": "$20,119", "2018-09-30": "$20,415", "2018-06-30": "$20,398", "2018-03-31": "$20,452", "2017-12-31": "$18,633", "2017-09-30": "$17,803", "2017-06-30": "$17,444", "2017-03-31": "$17,096", "2016-12-31": "$16,841", "2016-09-30": "$17,263", "2016-06-30": "$17,685", "2016-03-31": "$17,627", "2015-12-31": "$17,390", "2015-09-30": "$17,118", "2015-06-30": "$17,777", "2015-03-31": "$17,632", "2014-12-31": "$18,283", "2014-09-30": "$18,456", "2014-06-30": "$18,294", "2014-03-31": "$18,112", "2013-12-31": "$19,554", "2013-09-30": "$17,657", "2013-06-30": "$0", "2013-05-31": "$18,086", "2013-03-31": "$0", "2013-02-28": "$17,322", "2012-11-30": "$17,441", "2012-09-30": "$0", "2012-08-31": "$17,070", "2012-05-31": "$16,690", "2012-02-29": "$15,937", "2011-11-30": "$15,802", "2011-08-31": "$16,181", "2011-05-31": "$15,787", "2011-02-28": "$14,699", "2010-11-30": "$14,199", "2010-08-31": "$13,072", "2010-05-31": "$12,708", "2010-02-28": "$12,278", "2009-11-30": "$12,697", "2009-08-31": "$12,479", "2009-05-31": "$12,676", "2009-02-28": "$11,773", "2008-11-30": "$12,428", "2008-08-31": "$13,010", "2008-05-31": "$11,820", "2008-02-29": "$10,601", "2007-11-30": "$9,694", "2007-08-31": "$9,313", "2007-05-31": "$9,164", "2007-02-28": "$8,723", "2006-11-30": "$8,653", "2006-08-31": "$8,746", "2006-05-31": "$8,721", "2006-02-28": "$8,704", "2005-11-30": "$8,696", "2005-08-31": "$8,607", "2005-05-31": "$8,412", "2005-02-28": "$8,094"}}, "cash-on-hand": {"Mosaic Annual Cash on Hand (Millions of US $)": {"2019": "$519", "2018": "$848", "2017": "$2,154", "2016": "$673", "2015": "$1,276", "2014": "$2,375", "2013": "$3,697", "2012": "$3,811", "2011": "$3,906", "2010": "$2,523", "2009": "$2,703", "2008": "$1,961", "2007": "$421", "2006": "$173", "2005": "$245"}, "Mosaic Quarterly Cash on Hand (Millions of US $)": {"2020-09-30": "$923", "2020-06-30": "$1,073", "2020-03-31": "$1,069", "2019-12-31": "$519", "2019-09-30": "$641", "2019-06-30": "$402", "2019-03-31": "$385", "2018-12-31": "$848", "2018-09-30": "$1,030", "2018-06-30": "$1,035", "2018-03-31": "$659", "2017-12-31": "$2,154", "2017-09-30": "$686", "2017-06-30": "$661", "2017-03-31": "$675", "2016-12-31": "$673", "2016-09-30": "$654", "2016-06-30": "$1,059", "2016-03-31": "$1,058", "2015-12-31": "$1,276", "2015-09-30": "$1,285", "2015-06-30": "$2,210", "2015-03-31": "$2,517", "2014-12-31": "$2,375", "2014-09-30": "$2,971", "2014-06-30": "$2,367", "2014-03-31": "$2,491", "2013-12-31": "$5,293", "2013-09-30": "$3,339", "2013-06-30": "", "2013-05-31": "$3,697", "2013-03-31": "", "2013-02-28": "$3,323", "2012-11-30": "$3,421", "2012-09-30": "", "2012-08-31": "$3,595", "2012-05-31": "$3,811", "2012-02-29": "$3,202", "2011-11-30": "$3,628", "2011-08-31": "$4,038", "2011-05-31": "$3,906", "2011-02-28": "$3,352", "2010-11-30": "$3,659", "2010-08-31": "$2,363", "2010-05-31": "$2,523", "2010-02-28": "$2,292", "2009-11-30": "$2,648", "2009-08-31": "$2,599", "2009-05-31": "$2,703", "2009-02-28": "$2,529", "2008-11-30": "$2,812", "2008-08-31": "$2,190", "2008-05-31": "$1,961", "2008-02-29": "$1,134", "2007-11-30": "$642", "2007-08-31": "$639", "2007-05-31": "$421", "2007-02-28": "$460", "2006-11-30": "$268", "2006-08-31": "$215", "2006-05-31": "$173", "2006-02-28": "$165", "2005-11-30": "$166", "2005-08-31": "$201", "2005-05-31": "$245", "2005-02-28": "$111"}}, "long-term-debt": {"Mosaic Annual Long Term Debt (Millions of US $)": {"2019": "$4,526", "2018": "$4,492", "2017": "$4,878", "2016": "$3,779", "2015": "$3,770", "2014": "$3,778", "2013": "$1,010", "2012": "$1,010", "2011": "$761", "2010": "$1,246", "2009": "$1,257", "2008": "$1,375", "2007": "$1,818", "2006": "$2,388", "2005": "$2,464"}, "Mosaic Quarterly Long Term Debt (Millions of US $)": {"2020-09-30": "$4,520", "2020-06-30": "$4,528", "2020-03-31": "$4,525", "2019-12-31": "$4,526", "2019-09-30": "$4,533", "2019-06-30": "$4,542", "2019-03-31": "$4,533", "2018-12-31": "$4,492", "2018-09-30": "$4,523", "2018-06-30": "$4,737", "2018-03-31": "$4,823", "2017-12-31": "$4,878", "2017-09-30": "$3,722", "2017-06-30": "$3,800", "2017-03-31": "$3,787", "2016-12-31": "$3,779", "2016-09-30": "$3,450", "2016-06-30": "$3,773", "2016-03-31": "$3,774", "2015-12-31": "$3,770", "2015-09-30": "$3,738", "2015-06-30": "$3,762", "2015-03-31": "$3,775", "2014-12-31": "$3,778", "2014-09-30": "$3,774", "2014-06-30": "$3,013", "2014-03-31": "$3,009", "2013-12-31": "$3,009", "2013-09-30": "$1,012", "2013-06-30": "", "2013-05-31": "$1,010", "2013-03-31": "", "2013-02-28": "$1,010", "2012-11-30": "$1,011", "2012-09-30": "", "2012-08-31": "$1,011", "2012-05-31": "$1,010", "2012-02-29": "$1,011", "2011-11-30": "$1,009", "2011-08-31": "$737", "2011-05-31": "$761", "2011-02-28": "$762", "2010-11-30": "$788", "2010-08-31": "$1,244", "2010-05-31": "$1,246", "2010-02-28": "$1,246", "2009-11-30": "$1,250", "2009-08-31": "$1,253", "2009-05-31": "$1,257", "2009-02-28": "$1,268", "2008-11-30": "$1,273", "2008-08-31": "$1,311", "2008-05-31": "$1,375", "2008-02-29": "$1,378", "2007-11-30": "$1,383", "2007-08-31": "$1,586", "2007-05-31": "$1,818", "2007-02-28": "$2,427", "2006-11-30": "$2,211", "2006-08-31": "$2,225", "2006-05-31": "$2,388", "2006-02-28": "$2,407", "2005-11-30": "$2,423", "2005-08-31": "$2,445", "2005-05-31": "$2,464", "2005-02-28": "$2,516"}}, "total-liabilities": {"Mosaic Annual Total Liabilities (Millions of US $)": {"2019": "$9,931", "2018": "$9,515", "2017": "$8,994", "2016": "$7,218", "2015": "$7,825", "2014": "$7,562", "2013": "$4,643", "2012": "$4,691", "2011": "$4,125", "2010": "$3,959", "2009": "$4,161", "2008": "$5,089", "2007": "$4,980", "2006": "$5,192", "2005": "$5,198"}, "Mosaic Quarterly Total Liabilities (Millions of US $)": {"2020-09-30": "$10,147", "2020-06-30": "$10,357", "2020-03-31": "$10,416", "2019-12-31": "$9,931", "2019-09-30": "$10,129", "2019-06-30": "$9,962", "2019-03-31": "$9,638", "2018-12-31": "$9,515", "2018-09-30": "$9,761", "2018-06-30": "$9,982", "2018-03-31": "$9,773", "2017-12-31": "$8,994", "2017-09-30": "$7,648", "2017-06-30": "$7,650", "2017-03-31": "$7,436", "2016-12-31": "$7,218", "2016-09-30": "$7,389", "2016-06-30": "$7,691", "2016-03-31": "$7,596", "2015-12-31": "$7,825", "2015-09-30": "$7,491", "2015-06-30": "$7,625", "2015-03-31": "$7,425", "2014-12-31": "$7,562", "2014-09-30": "$7,493", "2014-06-30": "$7,029", "2014-03-31": "$7,261", "2013-12-31": "$8,233", "2013-09-30": "$4,106", "2013-06-30": "", "2013-05-31": "$4,643", "2013-03-31": "", "2013-02-28": "$4,179", "2012-11-30": "$4,340", "2012-09-30": "", "2012-08-31": "$4,490", "2012-05-31": "$4,691", "2012-02-29": "$4,106", "2011-11-30": "$4,482", "2011-08-31": "$3,942", "2011-05-31": "$4,125", "2011-02-28": "$3,690", "2010-11-30": "$3,929", "2010-08-31": "$4,013", "2010-05-31": "$3,959", "2010-02-28": "$3,786", "2009-11-30": "$4,444", "2009-08-31": "$3,864", "2009-05-31": "$4,161", "2009-02-28": "$3,998", "2008-11-30": "$4,575", "2008-08-31": "$5,342", "2008-05-31": "$5,089", "2008-02-29": "$4,765", "2007-11-30": "$4,504", "2007-08-31": "$4,765", "2007-05-31": "$4,980", "2007-02-28": "$5,087", "2006-11-30": "$5,005", "2006-08-31": "$5,102", "2006-05-31": "$5,190", "2006-02-28": "$5,079", "2005-11-30": "$5,112", "2005-08-31": "$5,148", "2005-05-31": "$5,198", "2005-02-28": "$4,931"}}, "total-share-holder-equity": {"Mosaic Annual Share Holder Equity (Millions of US $)": {"2019": "$9,368", "2018": "$10,605", "2017": "$9,639", "2016": "$9,623", "2015": "$9,565", "2014": "$10,721", "2013": "$13,443", "2012": "$11,999", "2011": "$11,662", "2010": "$8,748", "2009": "$8,515", "2008": "$6,731", "2007": "$4,184", "2006": "$3,531", "2005": "$3,214"}, "Mosaic Quarterly Share Holder Equity (Millions of US $)": {"2020-09-30": "$8,704", "2020-06-30": "$8,664", "2020-03-31": "$8,560", "2019-12-31": "$9,368", "2019-09-30": "$10,311", "2019-06-30": "$10,682", "2019-03-31": "$10,808", "2018-12-31": "$10,605", "2018-09-30": "$10,653", "2018-06-30": "$10,416", "2018-03-31": "$10,680", "2017-12-31": "$9,639", "2017-09-30": "$10,156", "2017-06-30": "$9,795", "2017-03-31": "$9,661", "2016-12-31": "$9,623", "2016-09-30": "$9,874", "2016-06-30": "$9,994", "2016-03-31": "$10,031", "2015-12-31": "$9,565", "2015-09-30": "$9,627", "2015-06-30": "$10,152", "2015-03-31": "$10,207", "2014-12-31": "$10,721", "2014-09-30": "$10,963", "2014-06-30": "$11,265", "2014-03-31": "$10,851", "2013-12-31": "$11,321", "2013-09-30": "$13,551", "2013-06-30": "", "2013-05-31": "$13,443", "2013-03-31": "", "2013-02-28": "$13,144", "2012-11-30": "$13,101", "2012-09-30": "", "2012-08-31": "$12,580", "2012-05-31": "$11,999", "2012-02-29": "$11,830", "2011-11-30": "$11,320", "2011-08-31": "$12,239", "2011-05-31": "$11,662", "2011-02-28": "$11,010", "2010-11-30": "$10,271", "2010-08-31": "$9,059", "2010-05-31": "$8,748", "2010-02-28": "$8,492", "2009-11-30": "$8,253", "2009-08-31": "$8,615", "2009-05-31": "$8,515", "2009-02-28": "$7,775", "2008-11-30": "$7,853", "2008-08-31": "$7,668", "2008-05-31": "$6,731", "2008-02-29": "$5,836", "2007-11-30": "$5,190", "2007-08-31": "$4,548", "2007-05-31": "$4,184", "2007-02-28": "$3,637", "2006-11-30": "$3,648", "2006-08-31": "$3,644", "2006-05-31": "$3,531", "2006-02-28": "$3,626", "2005-11-30": "$3,584", "2005-08-31": "$3,460", "2005-05-31": "$3,214", "2005-02-28": "$3,162"}}, "profit-margins": {"current": "-13.05%"}, "gross margin": {"2020-09-30": "8.84%", "2020-06-30": "7.60%", "2020-03-31": "7.14%", "2019-12-31": "10.08%", "2019-09-30": "13.72%", "2019-06-30": "15.74%", "2019-03-31": "16.40%", "2018-12-31": "15.63%", "2018-09-30": "14.34%", "2018-06-30": "12.88%", "2018-03-31": "12.30%", "2017-12-31": "11.38%", "2017-09-30": "10.71%", "2017-06-30": "10.37%", "2017-03-31": "9.95%", "2016-12-31": "11.31%", "2016-09-30": "12.85%", "2016-06-30": "14.19%", "2016-03-31": "18.21%", "2015-12-31": "19.30%", "2015-09-30": "21.30%", "2015-06-30": "21.83%", "2015-03-31": "21.00%", "2014-12-31": "21.28%", "2014-09-30": "18.85%", "2014-06-30": "19.28%", "2014-03-31": "20.54%", "2013-09-30": "24.77%", "2013-06-30": "26.14%", "2013-03-31": "27.33%", "2013-02-28": "27.86%", "2012-09-30": "27.84%", "2012-08-31": "27.89%", "2011-11-30": "31.08%", "2011-08-31": "30.98%", "2010-11-30": "26.54%", "2010-08-31": "22.90%", "2009-11-30": "14.73%", "2009-08-31": "19.45%", "2008-11-30": "33.25%", "2008-08-31": "34.62%", "2007-11-30": "22.97%", "2007-08-31": "16.57%", "2006-11-30": "9.55%", "2006-08-31": "10.83%", "2005-11-30": "14.68%"}, "operating margin": {"2020-09-30": "-12.96%", "2020-06-30": "-11.93%", "2020-03-31": "-15.48%", "2019-12-31": "-12.30%", "2019-09-30": "3.83%", "2019-06-30": "6.41%", "2019-03-31": "10.98%", "2018-12-31": "9.68%", "2018-09-30": "8.70%", "2018-06-30": "7.52%", "2018-03-31": "6.66%", "2017-12-31": "6.29%", "2017-09-30": "5.75%", "2017-06-30": "3.76%", "2017-03-31": "2.63%", "2016-12-31": "4.45%", "2016-09-30": "6.02%", "2016-06-30": "8.20%", "2016-03-31": "13.32%", "2015-12-31": "14.38%", "2015-09-30": "15.80%", "2015-06-30": "15.89%", "2015-03-31": "14.81%", "2014-12-31": "14.49%", "2014-09-30": "12.71%", "2014-06-30": "11.66%", "2014-03-31": "12.83%", "2013-09-30": "16.97%", "2013-06-30": "20.02%", "2013-03-31": "21.72%", "2013-02-28": "22.49%", "2012-09-30": "22.72%", "2012-08-31": "23.62%", "2011-11-30": "27.65%", "2011-08-31": "27.08%", "2010-11-30": "22.09%", "2010-08-31": "17.74%", "2009-11-30": "8.32%", "2009-08-31": "14.73%", "2008-11-30": "30.37%", "2008-08-31": "31.46%", "2007-11-30": "18.51%", "2007-08-31": "11.97%", "2006-11-30": "4.61%", "2006-08-31": "5.88%", "2005-11-30": "9.93%"}, "ebitda margin": {"2020-09-30": "5.40%", "2020-06-30": "5.68%", "2020-03-31": "1.90%", "2019-12-31": "4.87%", "2019-09-30": "13.86%", "2019-06-30": "16.26%", "2019-03-31": "20.59%", "2018-12-31": "18.89%", "2018-09-30": "17.62%", "2018-06-30": "16.85%", "2018-03-31": "15.98%", "2017-12-31": "15.60%", "2017-09-30": "15.32%", "2017-06-30": "13.49%", "2017-03-31": "12.86%", "2016-12-31": "14.94%", "2016-09-30": "16.33%", "2016-06-30": "18.39%", "2016-03-31": "22.51%", "2015-12-31": "23.06%", "2015-09-30": "24.50%", "2015-06-30": "24.60%", "2015-03-31": "24.02%", "2014-12-31": "23.79%", "2014-09-30": "18.58%", "2014-06-30": "17.45%", "2014-03-31": "17.73%", "2013-09-30": "24.50%", "2013-06-30": "27.05%", "2013-03-31": "28.20%", "2013-02-28": "27.19%", "2012-09-30": "26.82%", "2012-08-31": "32.05%", "2011-11-30": "36.03%", "2011-08-31": "34.27%", "2010-11-30": "28.92%", "2010-08-31": "26.43%", "2009-11-30": "19.92%", "2009-08-31": "23.97%", "2008-11-30": "36.21%", "2008-08-31": "36.76%", "2007-11-30": "21.84%", "2007-08-31": "11.97%", "2006-11-30": "4.61%", "2006-08-31": "5.88%", "2005-11-30": "9.93%"}, "pre tax profit margin": {"2020-09-30": "-16.77%", "2020-06-30": "-16.21%", "2020-03-31": "-19.88%", "2019-12-31": "-14.10%", "2019-09-30": "1.10%", "2019-06-30": "4.14%", "2019-03-31": "7.69%", "2018-12-31": "5.75%", "2018-09-30": "5.08%", "2018-06-30": "4.37%", "2018-03-31": "4.61%", "2017-12-31": "5.05%", "2017-09-30": "4.55%", "2017-06-30": "1.43%", "2017-03-31": "0.37%", "2016-12-31": "3.39%", "2016-09-30": "5.00%", "2016-06-30": "7.00%", "2016-03-31": "11.90%", "2015-12-31": "12.41%", "2015-09-30": "14.74%", "2015-06-30": "15.73%", "2015-03-31": "14.40%", "2014-12-31": "13.44%", "2014-09-30": "12.33%", "2014-06-30": "10.85%", "2014-03-31": "13.13%", "2013-09-30": "17.24%", "2013-06-30": "21.15%", "2013-03-31": "21.93%", "2013-02-28": "22.27%", "2012-09-30": "21.29%", "2012-08-31": "23.31%", "2011-11-30": "27.77%", "2011-08-31": "34.62%", "2010-11-30": "31.37%", "2010-08-31": "16.57%", "2009-11-30": "8.52%", "2009-08-31": "27.40%", "2008-11-30": "38.64%", "2008-08-31": "31.52%", "2007-11-30": "16.30%", "2007-08-31": "10.74%", "2006-11-30": "2.29%", "2006-08-31": "2.59%", "2005-11-30": "6.45%"}, "net profit margin": {"2020-09-30": "-13.05%", "2020-06-30": "-12.93%", "2020-03-31": "-15.91%", "2019-12-31": "-11.98%", "2019-09-30": "-0.36%", "2019-06-30": "2.71%", "2019-03-31": "5.85%", "2018-12-31": "4.90%", "2018-09-30": "-0.80%", "2018-06-30": "-1.13%", "2018-03-31": "-0.82%", "2017-12-31": "-1.44%", "2017-09-30": "4.68%", "2017-06-30": "2.06%", "2017-03-31": "0.57%", "2016-12-31": "4.16%", "2016-09-30": "5.91%", "2016-06-30": "7.38%", "2016-03-31": "11.42%", "2015-12-31": "11.25%", "2015-09-30": "13.25%", "2015-06-30": "13.49%", "2015-03-31": "12.01%", "2014-12-31": "11.36%", "2014-09-30": "8.95%", "2014-06-30": "8.39%", "2014-03-31": "10.32%", "2013-09-30": "13.65%", "2013-06-30": "16.10%", "2013-03-31": "18.19%", "2013-02-28": "18.33%", "2012-09-30": "15.24%", "2012-08-31": "17.20%", "2011-11-30": "20.36%", "2011-08-31": "26.27%", "2010-11-30": "23.46%", "2010-08-31": "11.17%", "2009-11-30": "5.90%", "2009-08-31": "19.18%", "2008-11-30": "28.13%", "2008-08-31": "24.24%", "2007-11-30": "13.55%", "2007-08-31": "8.62%", "2006-11-30": "2.60%", "2006-08-31": "2.28%", "2005-11-30": "4.03%"}, "pe ratio": {"current": "0.00", "2021-02-05": "0.00", "2020-09-30": "0.00", "2020-06-30": "0.00", "2020-03-31": "0.00", "2019-12-31": "0.00", "2019-09-30": "0.00", "2019-06-30": "36.73", "2019-03-31": "18.48", "2018-12-31": "23.47", "2018-09-30": "0.00", "2018-06-30": "0.00", "2018-03-31": "0.00", "2017-12-31": "0.00", "2017-09-30": "21.94", "2017-06-30": "52.64", "2017-03-31": "255.22", "2016-12-31": "33.30", "2016-09-30": "18.47", "2016-06-30": "15.40", "2016-03-31": "9.25", "2015-12-31": "9.12", "2015-09-30": "8.56", "2015-06-30": "12.46", "2015-03-31": "13.99", "2014-12-31": "15.14", "2014-09-30": "19.50", "2014-06-30": "24.65", "2014-03-31": "19.34", "2013-12-31": "23.86", "2013-09-30": "16.68", "2013-06-30": "23.84", "2013-05-31": "64.86", "2013-03-31": "28.18", "2013-02-28": "49.86", "2012-11-30": "45.86", "2012-09-30": "48.64", "2012-08-31": "0.00", "2012-05-31": "0.00", "2012-02-29": "0.00", "2011-11-30": "0.00", "2011-08-31": "0.00", "2011-05-31": "0.00", "2011-02-28": "0.00", "2010-11-30": "0.00", "2010-08-31": "0.00", "2010-05-31": "0.00", "2010-02-28": "0.00", "2009-11-30": "0.00", "2009-08-31": "0.00", "2009-05-31": "0.00", "2009-02-28": "0.00", "2008-11-30": "0.00", "2008-08-31": "0.00", "2008-05-31": "0.00", "2008-02-29": "0.00", "2007-11-30": "0.00", "2007-08-31": "0.00", "2007-05-31": "0.00", "2007-02-28": "0.00", "2006-11-30": "0.00"}, "price sales": {"2021-02-05": "1.27", "2020-09-30": "0.84", "2020-06-30": "0.55", "2020-03-31": "0.47", "2019-12-31": "0.93", "2019-09-30": "0.83", "2019-06-30": "1.00", "2019-03-31": "1.09", "2018-12-31": "1.15", "2018-09-30": "1.31", "2018-06-30": "1.23", "2018-03-31": "1.10", "2017-12-31": "1.19", "2017-09-30": "1.03", "2017-06-30": "1.09", "2017-03-31": "1.39", "2016-12-31": "1.37", "2016-09-30": "1.10", "2016-06-30": "1.14", "2016-03-31": "1.06", "2015-12-31": "1.03", "2015-09-30": "1.13", "2015-06-30": "1.69", "2015-03-31": "1.68", "2014-12-31": "1.69", "2014-09-30": "1.72", "2014-06-30": "2.04", "2014-03-31": "2.08", "2013-12-31": "2.60", "2013-09-30": "2.33", "2013-06-30": "2.77", "2013-05-31": "3.16", "2013-03-31": "2.25", "2013-02-28": "2.17", "2012-11-30": "2.57", "2012-09-30": "2.86", "2012-08-31": "2.78", "2012-05-31": "2.15", "2012-02-29": "2.60", "2011-11-30": "2.40", "2011-08-31": "3.38", "2011-05-31": "3.78", "2011-02-28": "4.58", "2010-11-30": "3.87", "2010-08-31": "3.93", "2010-05-31": "3.55", "2010-02-28": "4.48", "2009-11-30": "4.50", "2009-08-31": "3.03", "2009-05-31": "2.29", "2009-02-28": "1.80", "2008-11-30": "1.17", "2008-08-31": "4.48", "2008-05-31": "7.16", "2008-02-29": "6.36", "2007-11-30": "4.56", "2007-08-31": "3.15", "2007-05-31": "3.08", "2007-02-28": "2.23", "2006-11-30": "1.89"}, "price book": {"current": "1.20", "2021-02-05": "1.20", "2020-09-30": "0.79", "2020-06-30": "0.54", "2020-03-31": "0.47", "2019-12-31": "0.86", "2019-09-30": "0.74", "2019-06-30": "0.89", "2019-03-31": "0.96", "2018-12-31": "1.04", "2018-09-30": "1.15", "2018-06-30": "1.02", "2018-03-31": "0.86", "2017-12-31": "0.91", "2017-09-30": "0.73", "2017-06-30": "0.79", "2017-03-31": "1.02", "2016-12-31": "1.02", "2016-09-30": "0.82", "2016-06-30": "0.86", "2016-03-31": "0.87", "2015-12-31": "0.93", "2015-09-30": "1.03", "2015-06-30": "1.48", "2015-03-31": "1.48", "2014-12-31": "1.40", "2014-09-30": "1.34", "2014-06-30": "1.47", "2014-03-31": "1.58", "2013-12-31": "1.60", "2013-09-30": "1.17", "2013-06-30": "0.00", "2013-05-31": "0.00", "2013-03-31": "0.00", "2013-02-28": "1.63", "2012-11-30": "1.50", "2012-09-30": "0.00", "2012-08-31": "1.67", "2012-05-31": "0.00", "2012-02-29": "1.76", "2011-11-30": "1.68", "2011-08-31": "2.19", "2011-05-31": "0.00", "2011-02-28": "2.94", "2010-11-30": "2.48", "2010-08-31": "2.43", "2010-05-31": "0.00", "2010-02-28": "2.58", "2009-11-30": "2.47", "2009-08-31": "2.05", "2009-05-31": "0.00", "2009-02-28": "2.01", "2008-11-30": "1.40", "2008-08-31": "5.04", "2008-05-31": "0.00", "2008-02-29": "6.89", "2007-11-30": "4.81", "2007-08-31": "3.32", "2007-05-31": "0.00", "2007-02-28": "2.54", "2006-11-30": "2.09", "2006-08-31": "1.59", "2006-05-31": "0.00", "2006-02-28": "1.38"}, "price fcf": {"2021-02-05": "", "2020-09-30": "$1.32", "2020-06-30": "$1.68", "2020-03-31": "$0.62", "2019-12-31": "$-0.45", "2019-09-30": "$-0.64", "2019-06-30": "$-0.45", "2019-03-31": "$0.71", "2018-12-31": "$1.21", "2018-09-30": "$2.73", "2018-06-30": "$2.00", "2018-03-31": "$0.64", "2017-12-31": "$1.19", "2017-09-30": "$0.33", "2017-06-30": "$0.00", "2017-03-31": "$0.88", "2016-12-31": "$1.19", "2016-09-30": "$1.46", "2016-06-30": "$1.67", "2016-03-31": "$1.62", "2015-12-31": "$2.90", "2015-09-30": "$2.54", "2015-06-30": "$3.10", "2015-03-31": "$3.61", "2014-12-31": "$3.18", "2014-09-30": "$2.17", "2014-06-30": "$0.83", "2014-03-31": "$1.20", "2013-12-31": "$-0.23", "2013-09-30": "$1.04", "2013-06-30": "$1.43", "2013-05-31": "$-0.81", "2013-03-31": "$-0.16", "2013-02-28": "$-0.91", "2012-11-30": "$-1.09", "2012-09-30": "$-0.10", "2012-08-31": "$0.04", "2012-05-31": "$0.66", "2012-02-29": "$0.09", "2011-11-30": "$0.66", "2011-08-31": "$0.90", "2011-05-31": "$1.12", "2011-02-28": "$1.94", "2010-11-30": "$1.12", "2010-08-31": "$0.55", "2010-05-31": "$-0.18", "2010-02-28": "$-0.50", "2009-11-30": "$-0.18", "2009-08-31": "$0.22", "2009-05-31": "$1.21", "2009-02-28": "$-0.88", "2008-11-30": "$1.21", "2008-08-31": "$1.88", "2008-05-31": "$1.84", "2008-02-29": "$4.07", "2007-11-30": "$1.84", "2007-08-31": "$1.06", "2007-05-31": "$0.41", "2007-02-28": "$1.45", "2006-11-30": "$0.41"}, "net worth": {"value": "$10.48B"}, "current ratio": {"current": "1.31", "2020-09-30": "1.31", "2020-06-30": "1.30", "2020-03-31": "1.29", "2019-12-31": "1.44", "2019-09-30": "1.51", "2019-06-30": "1.67", "2019-03-31": "1.73", "2018-12-31": "1.71", "2018-09-30": "1.67", "2018-06-30": "1.61", "2018-03-31": "1.73", "2017-12-31": "2.27", "2017-09-30": "1.78", "2017-06-30": "1.78", "2017-03-31": "1.97", "2016-12-31": "2.07", "2016-09-30": "1.78", "2016-06-30": "1.99", "2016-03-31": "2.18", "2015-12-31": "2.02", "2015-09-30": "2.28", "2015-06-30": "2.71", "2015-03-31": "3.24", "2014-12-31": "3.27", "2014-09-30": "3.65", "2014-06-30": "2.70", "2014-03-31": "2.48", "2013-12-31": "2.48", "2013-09-30": "4.83", "2013-06-30": "0.00", "2013-05-31": "3.90", "2013-03-31": "0.00", "2013-02-28": "4.13", "2012-11-30": "3.97", "2012-09-30": "0.00", "2012-08-31": "3.90", "2012-05-31": "3.43", "2012-02-29": "3.67", "2011-11-30": "3.03", "2011-08-31": "3.79", "2011-05-31": "3.47", "2011-02-28": "3.71", "2010-11-30": "3.12", "2010-08-31": "3.45", "2010-05-31": "3.82", "2010-02-28": "3.91", "2009-11-30": "2.68", "2009-08-31": "3.80", "2009-05-31": "3.27", "2009-02-28": "4.25", "2008-11-30": "3.45", "2008-08-31": "2.34", "2008-05-31": "2.20", "2008-02-29": "1.75", "2007-11-30": "1.58", "2007-08-31": "1.35", "2007-05-31": "1.20", "2007-02-28": "1.56", "2006-11-30": "1.32", "2006-08-31": "1.26", "2006-05-31": "1.40", "2006-02-28": "1.46", "2005-11-30": "1.50", "2005-08-31": "1.62", "2005-05-31": "1.50", "2005-02-28": "1.69"}, "quick ratio": {"2020-09-30": "0.72", "2020-06-30": "0.68", "2020-03-31": "0.70", "2019-12-31": "0.63", "2019-09-30": "0.67", "2019-06-30": "0.60", "2019-03-31": "0.66", "2018-12-31": "0.79", "2018-09-30": "0.89", "2018-06-30": "0.77", "2018-03-31": "0.80", "2017-12-31": "1.51", "2017-09-30": "0.90", "2017-06-30": "0.88", "2017-03-31": "1.03", "2016-12-31": "1.13", "2016-09-30": "1.01", "2016-06-30": "1.10", "2016-03-31": "1.32", "2015-12-31": "1.26", "2015-09-30": "1.45", "2015-06-30": "1.85", "2015-03-31": "2.30", "2014-12-31": "2.19", "2014-09-30": "2.70", "2014-06-30": "1.88", "2014-03-31": "1.73", "2013-12-31": "2.04", "2013-09-30": "3.68", "2013-06-30": "0.00", "2013-05-31": "3.02", "2013-03-31": "0.00", "2013-02-28": "3.11", "2012-11-30": "3.04", "2012-09-30": "0.00", "2012-08-31": "3.02", "2012-05-31": "2.79", "2012-02-29": "2.85", "2011-11-30": "2.46", "2011-08-31": "3.00", "2011-05-31": "2.81", "2011-02-28": "2.97", "2010-11-30": "2.66", "2010-08-31": "2.69", "2010-05-31": "3.05", "2010-02-28": "3.14", "2009-11-30": "2.16", "2009-08-31": "3.01", "2009-05-31": "2.58", "2009-02-28": "3.08", "2008-11-30": "2.52", "2008-08-31": "1.60", "2008-05-31": "1.58", "2008-02-29": "1.18", "2007-11-30": "0.98", "2007-08-31": "0.84", "2007-05-31": "0.72", "2007-02-28": "0.97", "2006-11-30": "0.79", "2006-08-31": "0.66", "2006-05-31": "0.73", "2006-02-28": "0.69", "2005-11-30": "0.78", "2005-08-31": "0.91", "2005-05-31": "0.85", "2005-02-28": "0.82"}, "debt equity ratio": {"current": "0.52", "2020-09-30": "1.17", "2020-06-30": "1.20", "2020-03-31": "1.22", "2019-12-31": "1.06", "2019-09-30": "0.98", "2019-06-30": "0.93", "2019-03-31": "0.89", "2018-12-31": "0.90", "2018-09-30": "0.92", "2018-06-30": "0.96", "2018-03-31": "0.92", "2017-12-31": "0.93", "2017-09-30": "0.75", "2017-06-30": "0.78", "2017-03-31": "0.77", "2016-12-31": "0.75", "2016-09-30": "0.75", "2016-06-30": "0.77", "2016-03-31": "0.76", "2015-12-31": "0.82", "2015-09-30": "0.78", "2015-06-30": "0.75", "2015-03-31": "0.73", "2014-12-31": "0.71", "2014-09-30": "0.68", "2014-06-30": "0.62", "2014-03-31": "0.67", "2013-12-31": "0.73", "2013-09-30": "0.30", "2013-06-30": "0.00", "2013-05-31": "0.35", "2013-03-31": "0.00", "2013-02-28": "0.32", "2012-11-30": "0.33", "2012-09-30": "0.00", "2012-08-31": "0.36", "2012-05-31": "0.39", "2012-02-29": "0.35", "2011-11-30": "0.40", "2011-08-31": "0.32", "2011-05-31": "0.35", "2011-02-28": "0.34", "2010-11-30": "0.38", "2010-08-31": "0.44", "2010-05-31": "0.45", "2010-02-28": "0.45", "2009-11-30": "0.54", "2009-08-31": "0.45", "2009-05-31": "0.49", "2009-02-28": "0.51", "2008-11-30": "0.58", "2008-08-31": "0.70", "2008-05-31": "0.76", "2008-02-29": "0.82", "2007-11-30": "0.87", "2007-08-31": "1.05", "2007-05-31": "1.19", "2007-02-28": "1.40", "2006-11-30": "1.37", "2006-08-31": "1.40", "2006-05-31": "1.47", "2006-02-28": "1.40", "2005-11-30": "1.43", "2005-08-31": "1.49", "2005-05-31": "1.62", "2005-02-28": "1.56"}, "return on equity": {"2020-09-30": "-12.27%", "2020-06-30": "-12.15%", "2020-03-31": "-14.40%", "2019-12-31": "-10.37%", "2019-09-30": "-0.32%", "2019-06-30": "2.41%", "2019-03-31": "5.26%", "2018-12-31": "4.44%", "2018-09-30": "-0.71%", "2018-06-30": "-0.91%", "2018-03-31": "-0.64%", "2017-12-31": "-1.09%", "2017-09-30": "3.43%", "2017-06-30": "1.51%", "2017-03-31": "0.41%", "2016-12-31": "3.02%", "2016-09-30": "4.47%", "2016-06-30": "5.73%", "2016-03-31": "9.78%", "2015-12-31": "10.12%", "2015-09-30": "11.86%", "2015-06-30": "11.88%", "2015-03-31": "10.25%", "2014-12-31": "9.40%", "2014-09-30": "7.14%", "2014-06-30": "6.09%", "2014-03-31": "10.04%", "2013-09-30": "13.84%", "2013-06-30": "17.38%", "2013-03-31": "26.99%", "2013-02-28": "18.75%", "2012-09-30": "12.29%", "2012-08-31": "11.11%", "2011-11-30": "14.64%", "2011-08-31": "18.54%", "2010-11-30": "16.92%", "2010-08-31": "7.28%", "2009-11-30": "3.23%", "2009-08-31": "13.68%", "2008-11-30": "37.97%", "2008-08-31": "33.04%", "2007-11-30": "16.90%", "2007-08-31": "10.34%", "2006-11-30": "2.80%", "2006-08-31": "2.45%", "2005-11-30": "4.86%"}, "return on assets": {"2020-09-30": "-5.69%", "2020-06-30": "-5.77%", "2020-03-31": "-7.06%", "2019-12-31": "-5.28%", "2019-09-30": "-0.17%", "2019-06-30": "1.26%", "2019-03-31": "2.75%", "2018-12-31": "2.31%", "2018-09-30": "-0.37%", "2018-06-30": "-0.48%", "2018-03-31": "-0.34%", "2017-12-31": "-0.60%", "2017-09-30": "1.94%", "2017-06-30": "0.86%", "2017-03-31": "0.23%", "2016-12-31": "1.72%", "2016-09-30": "2.52%", "2016-06-30": "3.22%", "2016-03-31": "5.51%", "2015-12-31": "5.73%", "2015-09-30": "6.82%", "2015-06-30": "6.92%", "2015-03-31": "6.09%", "2014-12-31": "5.63%", "2014-09-30": "4.26%", "2014-06-30": "3.88%", "2014-03-31": "6.49%", "2013-09-30": "10.45%", "2013-06-30": "13.05%", "2013-03-31": "20.38%", "2013-02-28": "14.05%", "2012-09-30": "9.01%", "2012-08-31": "8.10%", "2011-11-30": "10.83%", "2011-08-31": "13.76%", "2010-11-30": "11.84%", "2010-08-31": "4.96%", "2009-11-30": "2.16%", "2009-08-31": "9.08%", "2008-11-30": "22.28%", "2008-08-31": "18.61%", "2007-11-30": "8.04%", "2007-08-31": "4.62%", "2006-11-30": "1.16%", "2006-08-31": "1.01%", "2005-11-30": "1.93%"}, "return on investments": {"2020-09-30": "-8.06%", "2020-06-30": "-7.53%", "2020-03-31": "-9.56%", "2019-12-31": "-7.39%", "2019-09-30": "2.37%", "2019-06-30": "4.02%", "2019-03-31": "6.91%", "2018-12-31": "6.09%", "2018-09-30": "5.28%", "2018-06-30": "4.19%", "2018-03-31": "3.60%", "2017-12-31": "3.36%", "2017-09-30": "3.04%", "2017-06-30": "2.00%", "2017-03-31": "1.38%", "2016-12-31": "2.35%", "2016-09-30": "3.31%", "2016-06-30": "4.61%", "2016-03-31": "8.25%", "2015-12-31": "9.37%", "2015-09-30": "10.33%", "2015-06-30": "10.30%", "2015-03-31": "9.49%", "2014-12-31": "9.15%", "2014-09-30": "7.87%", "2014-06-30": "6.96%", "2014-03-31": "10.44%", "2013-09-30": "16.00%", "2013-06-30": "20.08%", "2013-03-31": "29.92%", "2013-02-28": "21.34%", "2012-09-30": "16.92%", "2012-08-31": "14.07%", "2011-11-30": "18.57%", "2011-08-31": "17.91%", "2010-11-30": "14.18%", "2010-08-31": "10.11%", "2009-11-30": "3.96%", "2009-08-31": "9.10%", "2008-11-30": "34.44%", "2008-08-31": "35.32%", "2007-11-30": "16.37%", "2007-08-31": "9.56%", "2006-11-30": "3.02%", "2006-08-31": "3.81%", "2005-11-30": "6.91%"}, "return on tangible equity": {"2020-09-30": "-14.05%", "2020-06-30": "-14.09%", "2020-03-31": "-16.87%", "2019-12-31": "-12.26%", "2019-09-30": "-0.38%", "2019-06-30": "2.88%", "2019-03-31": "6.29%", "2018-12-31": "5.31%", "2018-09-30": "-0.85%", "2018-06-30": "-1.09%", "2018-03-31": "-0.77%", "2017-12-31": "-1.31%", "2017-09-30": "4.12%", "2017-06-30": "1.82%", "2017-03-31": "0.49%", "2016-12-31": "3.62%", "2016-09-30": "5.36%", "2016-06-30": "6.88%", "2016-03-31": "11.75%", "2015-12-31": "12.16%", "2015-09-30": "14.25%", "2015-06-30": "14.23%", "2015-03-31": "12.25%", "2014-12-31": "11.22%", "2014-09-30": "8.50%", "2014-06-30": "7.19%", "2014-03-31": "11.83%", "2013-09-30": "16.02%", "2013-06-30": "20.18%", "2013-03-31": "31.48%", "2013-02-28": "21.93%", "2012-09-30": "14.53%", "2012-08-31": "13.16%", "2011-11-30": "17.42%", "2011-08-31": "22.14%", "2010-11-30": "20.98%", "2010-08-31": "9.15%", "2009-11-30": "4.08%", "2009-08-31": "17.26%", "2008-11-30": "51.71%", "2008-08-31": "48.05%", "2007-11-30": "34.37%", "2007-08-31": "23.83%", "2006-11-30": "7.88%", "2006-08-31": "6.95%", "2005-11-30": "14.45%"}, "dividend yield history": {"last payout": "$0.20", "last yield": "0.72%"}}