{"ticker": "TMO", "price": {"title": "Thermo Fisher Scientific Historical Annual Stock Price Data", "value": 492.56, "historical": {"2021": {"Average Stock Price": "501.7708", "Year Open": "471.8200", "Year High": "518.8300", "Year Low": "471.8200", "Year Close": "492.5600", "Annual % Change": "5.75%"}, "2020": {"Average Stock Price": "383.8584", "Year Open": "326.3700", "Year High": "527.6600", "Year Low": "255.3000", "Year Close": "465.7800", "Annual % Change": "43.37%"}, "2019": {"Average Stock Price": "278.8307", "Year Open": "219.4200", "Year High": "328.0400", "Year Low": "212.1700", "Year Close": "324.8700", "Annual % Change": "45.17%"}, "2018": {"Average Stock Price": "221.7655", "Year Open": "192.9800", "Year High": "251.9800", "Year Low": "192.9800", "Year Close": "223.7900", "Annual % Change": "17.86%"}, "2017": {"Average Stock Price": "173.4549", "Year Open": "143.6700", "Year High": "200.3700", "Year Low": "140.9800", "Year Close": "189.8800", "Annual % Change": "34.57%"}, "2016": {"Average Stock Price": "145.9178", "Year Open": "138.7500", "Year High": "159.5600", "Year Low": "121.9400", "Year Close": "141.1000", "Annual % Change": "-0.53%"}, "2015": {"Average Stock Price": "130.7585", "Year Open": "128.1200", "Year High": "143.0300", "Year Low": "118.1300", "Year Close": "141.8500", "Annual % Change": "13.22%"}, "2014": {"Average Stock Price": "119.9701", "Year Open": "109.6300", "Year High": "129.2900", "Year Low": "109.6300", "Year Close": "125.2900", "Annual % Change": "12.52%"}, "2013": {"Average Stock Price": "86.6948", "Year Open": "65.0000", "Year High": "111.3500", "Year Low": "64.8000", "Year Close": "111.3500", "Annual % Change": "74.58%"}, "2012": {"Average Stock Price": "56.1970", "Year Open": "46.9000", "Year High": "65.2800", "Year Low": "45.9500", "Year Close": "63.7800", "Annual % Change": "41.83%"}, "2011": {"Average Stock Price": "55.2673", "Year Open": "56.4600", "Year High": "65.5700", "Year Low": "43.5400", "Year Close": "44.9700", "Annual % Change": "-18.77%"}, "2010": {"Average Stock Price": "49.8558", "Year Open": "47.5000", "Year High": "55.9400", "Year Low": "42.1200", "Year Close": "55.3600", "Annual % Change": "16.08%"}, "2009": {"Average Stock Price": "41.1662", "Year Open": "35.3600", "Year High": "49.0300", "Year Low": "32.3900", "Year Close": "47.6900", "Annual % Change": "39.98%"}, "2008": {"Average Stock Price": "51.8596", "Year Open": "55.8000", "Year High": "62.7000", "Year Low": "28.9000", "Year Close": "34.0700", "Annual % Change": "-40.93%"}, "2007": {"Average Stock Price": "52.5778", "Year Open": "45.1700", "Year High": "59.5100", "Year Low": "44.1600", "Year Close": "57.6800", "Annual % Change": "27.36%"}, "2006": {"Average Stock Price": "38.0563", "Year Open": "30.2800", "Year High": "46.1600", "Year Low": "30.2800", "Year Close": "45.2900", "Annual % Change": "50.32%"}, "2005": {"Average Stock Price": "28.3203", "Year Open": "29.6800", "Year High": "31.7800", "Year Low": "24.2400", "Year Close": "30.1300", "Annual % Change": "-0.20%"}, "2004": {"Average Stock Price": "28.2671", "Year Open": "25.0300", "Year High": "31.0000", "Year Low": "24.2100", "Year Close": "30.1900", "Annual % Change": "19.80%"}, "2003": {"Average Stock Price": "20.9288", "Year Open": "20.3800", "Year High": "25.3700", "Year Low": "17.0200", "Year Close": "25.2000", "Annual % Change": "25.25%"}, "2002": {"Average Stock Price": "18.7292", "Year Open": "23.5000", "Year High": "24.3700", "Year Low": "14.5000", "Year Close": "20.1200", "Annual % Change": "-15.67%"}, "2001": {"Average Stock Price": "23.6654", "Year Open": "29.0000", "Year High": "30.5100", "Year Low": "17.3800", "Year Close": "23.8600", "Annual % Change": "-19.80%"}, "2000": {"Average Stock Price": "22.1654", "Year Open": "15.0000", "Year High": "31.1000", "Year Low": "14.2500", "Year Close": "29.7500", "Annual % Change": "98.33%"}, "1999": {"Average Stock Price": "15.8504", "Year Open": "16.6900", "Year High": "20.0600", "Year Low": "12.6900", "Year Close": "15.0000", "Annual % Change": "-11.45%"}, "1998": {"Average Stock Price": "28.6088", "Year Open": "43.1900", "Year High": "43.1900", "Year Low": "13.6900", "Year Close": "16.9400", "Annual % Change": "-61.50%"}, "1997": {"Average Stock Price": "36.3346", "Year Open": "39.1300", "Year High": "44.0000", "Year Low": "28.7500", "Year Close": "44.0000", "Annual % Change": "6.67%"}, "1996": {"Average Stock Price": "38.3617", "Year Open": "34.0800", "Year High": "65.8750", "Year Low": "30.3800", "Year Close": "41.2500", "Annual % Change": "18.99%"}, "1995": {"Average Stock Price": "26.5389", "Year Open": "19.7244", "Year High": "34.6667", "Year Low": "19.6667", "Year Close": "34.6667", "Annual % Change": "73.80%"}, "1994": {"Average Stock Price": "18.5885", "Year Open": "18.3333", "Year High": "21.2222", "Year Low": "16.2800", "Year Close": "19.9467", "Annual % Change": "6.86%"}, "1993": {"Average Stock Price": "17.1334", "Year Open": "13.9644", "Year High": "19.1111", "Year Low": "13.9644", "Year Close": "18.6667", "Annual % Change": "33.67%"}, "1992": {"Average Stock Price": "12.5468", "Year Open": "13.7037", "Year High": "14.0000", "Year Low": "11.2593", "Year Close": "13.9644", "Annual % Change": "1.07%"}, "1991": {"Average Stock Price": "11.0396", "Year Open": "8.3704", "Year High": "13.8904", "Year Low": "7.7778", "Year Close": "13.8163", "Annual % Change": "61.46%"}, "1990": {"Average Stock Price": "8.6685", "Year Open": "9.0756", "Year High": "10.3348", "Year Low": "6.4830", "Year Close": "8.5570", "Annual % Change": "-5.47%"}, "1989": {"Average Stock Price": "8.1440", "Year Open": "5.8015", "Year High": "11.1585", "Year Low": "5.6533", "Year Close": "9.0519", "Annual % Change": "51.24%"}, "1988": {"Average Stock Price": "4.9861", "Year Open": "4.0267", "Year High": "6.0207", "Year Low": "3.8430", "Year Close": "5.9852", "Annual % Change": "48.64%"}}}, "market cap": {"value": "$195.22B"}, "income statement": {"Revenue": {"2020-12-31": "32218.00000", "2019-12-31": "25542.00000", "2018-12-31": "24358.00000", "2017-12-31": "20918.00000", "2016-12-31": "18274.00000", "2015-12-31": "16965.00000", "2014-12-31": "16889.60000", "2013-12-31": "13090.30000", "2012-12-31": "12509.90000", "2011-12-31": "11558.80000", "2010-12-31": "10393.10000", "2009-12-31": "9911.60000", "2008-12-31": "10498.00000", "2007-12-31": "9746.40000", "2006-12-31": "3791.60000", "2005-12-31": "2633.00000"}, "Cost Of Goods Sold": {"2020-12-31": "15713.00000", "2019-12-31": "14214.00000", "2018-12-31": "13501.00000", "2017-12-31": "11470.00000", "2016-12-31": "9902.00000", "2015-12-31": "9209.00000", "2014-12-31": "9397.60100", "2013-12-31": "7561.20000", "2012-12-31": "7214.40000", "2011-12-31": "6764.80000", "2010-12-31": "6131.60000", "2009-12-31": "6013.80000", "2008-12-31": "6291.80000", "2007-12-31": "5942.00000", "2006-12-31": "2223.50000", "2005-12-31": "1438.10000"}, "Gross Profit": {"2020-12-31": "16505.00000", "2019-12-31": "11328.00000", "2018-12-31": "10857.00000", "2017-12-31": "9448.00000", "2016-12-31": "8372.00000", "2015-12-31": "7756.00000", "2014-12-31": "7491.99900", "2013-12-31": "5529.10000", "2012-12-31": "5295.50000", "2011-12-31": "4794.00000", "2010-12-31": "4261.50000", "2009-12-31": "3897.80000", "2008-12-31": "4206.20000", "2007-12-31": "3804.40000", "2006-12-31": "1568.10000", "2005-12-31": "1194.90000"}, "Research And Development Expenses": {"2020-12-31": "1181.00000", "2019-12-31": "1003.00000", "2018-12-31": "967.00000", "2017-12-31": "887.00000", "2016-12-31": "754.00000", "2015-12-31": "692.00000", "2014-12-31": "691.10000", "2013-12-31": "395.50000", "2012-12-31": "376.40000", "2011-12-31": "340.20000", "2010-12-31": "284.40000", "2009-12-31": "243.80000", "2008-12-31": "249.10000", "2007-12-31": "238.70000", "2006-12-31": "170.20000", "2005-12-31": "152.80000"}, "SG&A Expenses": {"2020-12-31": "5764.00000", "2019-12-31": "6144.00000", "2018-12-31": "6057.00000", "2017-12-31": "5504.00000", "2016-12-31": "4971.00000", "2015-12-31": "4612.00000", "2014-12-31": "4896.10000", "2013-12-31": "3446.30000", "2012-12-31": "3354.90000", "2011-12-31": "3106.50000", "2010-12-31": "2728.80000", "2009-12-31": "2592.70000", "2008-12-31": "2692.30000", "2007-12-31": "2549.10000", "2006-12-31": "1110.20000", "2005-12-31": "761.70000"}, "Other Operating Income Or Expenses": {"2020-12-31": "", "2019-12-31": "", "2018-12-31": "", "2017-12-31": "", "2016-12-31": "", "2015-12-31": "", "2014-12-31": "", "2013-12-31": "", "2012-12-31": "", "2011-12-31": "", "2010-12-31": "", "2009-12-31": "", "2008-12-31": "", "2007-12-31": "", "2006-12-31": "", "2005-12-31": ""}, "Operating Expenses": {"2020-12-31": "24424.00000", "2019-12-31": "20948.00000", "2018-12-31": "20575.00000", "2017-12-31": "17958.00000", "2016-12-31": "15816.00000", "2015-12-31": "14629.00000", "2014-12-31": "14386.60000", "2013-12-31": "11480.70000", "2012-12-31": "11027.80000", "2011-12-31": "10308.00000", "2010-12-31": "9205.00000", "2009-12-31": "8909.50000", "2008-12-31": "9268.60100", "2007-12-31": "8772.00100", "2006-12-31": "3549.60000", "2005-12-31": "2369.50000"}, "Operating Income": {"2020-12-31": "7794.00000", "2019-12-31": "4594.00000", "2018-12-31": "3783.00000", "2017-12-31": "2960.00000", "2016-12-31": "2458.00000", "2015-12-31": "2336.00000", "2014-12-31": "2502.99900", "2013-12-31": "1609.60000", "2012-12-31": "1482.10200", "2011-12-31": "1250.80000", "2010-12-31": "1188.10000", "2009-12-31": "1002.10000", "2008-12-31": "1229.39900", "2007-12-31": "974.39940", "2006-12-31": "242.00020", "2005-12-31": "263.50000"}, "Total Non-Operating Income/Expense": {"2020-12-31": "-569.00000", "2019-12-31": "-524.00000", "2018-12-31": "-521.00000", "2017-12-31": "-531.00000", "2016-12-31": "-434.00000", "2015-12-31": "-400.00000", "2014-12-31": "-415.80000", "2013-12-31": "-290.10000", "2012-12-31": "-212.70000", "2011-12-31": "-118.00000", "2010-12-31": "-100.40000", "2009-12-31": "-121.70000", "2008-12-31": "-101.40000", "2007-12-31": "-113.80000", "2006-12-31": "-32.60000", "2005-12-31": "22.40000"}, "Pre-Tax Income": {"2020-12-31": "7225.00000", "2019-12-31": "4070.00000", "2018-12-31": "3262.00000", "2017-12-31": "2429.00000", "2016-12-31": "2024.00000", "2015-12-31": "1936.00000", "2014-12-31": "2087.20000", "2013-12-31": "1319.50000", "2012-12-31": "1269.40000", "2011-12-31": "1132.80000", "2010-12-31": "1087.70000", "2009-12-31": "880.40000", "2008-12-31": "1128.00000", "2007-12-31": "860.60000", "2006-12-31": "209.40000", "2005-12-31": "285.90000"}, "Income Taxes": {"2020-12-31": "850.00000", "2019-12-31": "374.00000", "2018-12-31": "324.00000", "2017-12-31": "201.00000", "2016-12-31": "-1.00000", "2015-12-31": "-44.00000", "2014-12-31": "191.70000", "2013-12-31": "40.40000", "2012-12-31": "11.00000", "2011-12-31": "109.40000", "2010-12-31": "101.60000", "2009-12-31": "57.20000", "2008-12-31": "152.60000", "2007-12-31": "93.70000", "2006-12-31": "43.10000", "2005-12-31": "87.60000"}, "Income After Taxes": {"2020-12-31": "6375.00000", "2019-12-31": "3696.00000", "2018-12-31": "2938.00000", "2017-12-31": "2228.00000", "2016-12-31": "2025.00000", "2015-12-31": "1980.00000", "2014-12-31": "1895.50000", "2013-12-31": "1279.10000", "2012-12-31": "1258.40000", "2011-12-31": "1023.40000", "2010-12-31": "986.10000", "2009-12-31": "823.20000", "2008-12-31": "975.40000", "2007-12-31": "766.90000", "2006-12-31": "166.30000", "2005-12-31": "198.30000"}, "Other Income": {"2020-12-31": "", "2019-12-31": "", "2018-12-31": "", "2017-12-31": "", "2016-12-31": "", "2015-12-31": "", "2014-12-31": "", "2013-12-31": "", "2012-12-31": "", "2011-12-31": "", "2010-12-31": "", "2009-12-31": "", "2008-12-31": "", "2007-12-31": "", "2006-12-31": "", "2005-12-31": ""}, "Income From Continuous Operations": {"2020-12-31": "6375.00000", "2019-12-31": "3696.00000", "2018-12-31": "2938.00000", "2017-12-31": "2228.00000", "2016-12-31": "2025.00000", "2015-12-31": "1980.00000", "2014-12-31": "1895.50000", "2013-12-31": "1279.10000", "2012-12-31": "1258.40000", "2011-12-31": "1023.40000", "2010-12-31": "986.10000", "2009-12-31": "823.20000", "2008-12-31": "975.40000", "2007-12-31": "766.90000", "2006-12-31": "166.30000", "2005-12-31": "198.30000"}, "Income From Discontinued Operations": {"2020-12-31": "", "2019-12-31": "", "2018-12-31": "", "2017-12-31": "-3.00000", "2016-12-31": "-3.00000", "2015-12-31": "-5.00000", "2014-12-31": "-1.10000", "2013-12-31": "-5.80000", "2012-12-31": "-80.50000", "2011-12-31": "306.50000", "2010-12-31": "49.50000", "2009-12-31": "27.10000", "2008-12-31": "5.50000", "2007-12-31": "-18.50000", "2006-12-31": "2.60000", "2005-12-31": "24.90000"}, "Net Income": {"2020-12-31": "6375.00000", "2019-12-31": "3696.00000", "2018-12-31": "2938.00000", "2017-12-31": "2225.00000", "2016-12-31": "2022.00000", "2015-12-31": "1975.00000", "2014-12-31": "1894.40000", "2013-12-31": "1273.30000", "2012-12-31": "1177.90000", "2011-12-31": "1329.90000", "2010-12-31": "1035.40000", "2009-12-31": "849.70000", "2008-12-31": "979.40000", "2007-12-31": "747.90000", "2006-12-31": "168.90000", "2005-12-31": "223.20000"}, "EBITDA": {"2020-12-31": "10119.00000", "2019-12-31": "6871.00000", "2018-12-31": "6050.00000", "2017-12-31": "4993.00000", "2016-12-31": "4216.00000", "2015-12-31": "4024.00000", "2014-12-31": "4187.79900", "2013-12-31": "2609.50000", "2012-12-31": "2465.80200", "2011-12-31": "2110.40000", "2010-12-31": "1927.80000", "2009-12-31": "1765.00000", "2008-12-31": "2022.09900", "2007-12-31": "1731.19900", "2006-12-31": "482.70030", "2005-12-31": "386.70000"}, "EBIT": {"2020-12-31": "7794.00000", "2019-12-31": "4594.00000", "2018-12-31": "3783.00000", "2017-12-31": "2960.00000", "2016-12-31": "2458.00000", "2015-12-31": "2336.00000", "2014-12-31": "2502.99900", "2013-12-31": "1609.60000", "2012-12-31": "1482.10200", "2011-12-31": "1250.80000", "2010-12-31": "1188.10000", "2009-12-31": "1002.10000", "2008-12-31": "1229.39900", "2007-12-31": "974.39940", "2006-12-31": "242.00020", "2005-12-31": "263.50000"}, "Basic Shares Outstanding": {"2020-12-31": "396.00000", "2019-12-31": "400.00000", "2018-12-31": "402.00000", "2017-12-31": "395.00000", "2016-12-31": "395.00000", "2015-12-31": "399.00000", "2014-12-31": "398.20000", "2013-12-31": "360.30000", "2012-12-31": "363.80000", "2011-12-31": "380.80000", "2010-12-31": "403.30000", "2009-12-31": "412.40000", "2008-12-31": "418.20000", "2007-12-31": "421.50000", "2006-12-31": "196.10000", "2005-12-31": "161.60000"}, "Shares Outstanding": {"2020-12-31": "399.00000", "2019-12-31": "403.00000", "2018-12-31": "406.00000", "2017-12-31": "398.00000", "2016-12-31": "397.00000", "2015-12-31": "402.00000", "2014-12-31": "402.30000", "2013-12-31": "365.80000", "2012-12-31": "366.60000", "2011-12-31": "384.80000", "2010-12-31": "409.40000", "2009-12-31": "422.80000", "2008-12-31": "422.80000", "2007-12-31": "443.60000", "2006-12-31": "203.70000", "2005-12-31": "165.30000"}, "Basic EPS": {"2020-12-31": "16.09000", "2019-12-31": "9.24000", "2018-12-31": "7.31000", "2017-12-31": "5.64000", "2016-12-31": "5.12000", "2015-12-31": "4.96000", "2014-12-31": "4.76000", "2013-12-31": "3.53000", "2012-12-31": "3.24000", "2011-12-31": "3.49000", "2010-12-31": "2.57000", "2009-12-31": "2.06000", "2008-12-31": "2.33000", "2007-12-31": "1.77000", "2006-12-31": "0.86000", "2005-12-31": "1.38000"}, "EPS - Earnings Per Share": {"2020-12-31": "15.96000", "2019-12-31": "9.17000", "2018-12-31": "7.24000", "2017-12-31": "5.59000", "2016-12-31": "5.09000", "2015-12-31": "4.92000", "2014-12-31": "4.71000", "2013-12-31": "3.48000", "2012-12-31": "3.21000", "2011-12-31": "3.46000", "2010-12-31": "2.53000", "2009-12-31": "2.01000", "2008-12-31": "2.25000", "2007-12-31": "1.69000", "2006-12-31": "0.84000", "2005-12-31": "1.36000"}}, "income statement, quarterly": {"Revenue": {"2020-12-31": "10550.00000", "2020-09-30": "8521.00000", "2020-06-30": "6917.00000", "2020-03-31": "6230.00000", "2019-12-31": "6829.00000", "2019-09-30": "6272.00000", "2019-06-30": "6316.00000", "2019-03-31": "6125.00000", "2018-12-31": "6507.00000", "2018-09-30": "5920.00000", "2018-06-30": "6078.00000", "2018-03-31": "5853.00000", "2017-12-31": "6047.00000", "2017-09-30": "5116.00000", "2017-06-30": "4990.00000", "2017-03-31": "4765.00000", "2016-12-31": "4953.10000", "2016-09-30": "4490.90000", "2016-06-30": "4535.20000", "2016-03-31": "4294.80000", "2015-12-31": "4652.10100", "2015-09-30": "4123.20000", "2015-06-30": "4270.90000", "2015-03-31": "3918.80000", "2014-12-31": "4492.79900", "2014-09-30": "4171.40000", "2014-06-30": "4321.90000", "2014-03-31": "3903.50000", "2013-12-31": "3466.90000", "2013-09-30": "3191.80000", "2013-06-30": "3240.10000", "2013-03-31": "3191.50000", "2012-12-31": "3259.30000", "2012-09-30": "3085.70000", "2012-06-30": "3108.10000", "2012-03-31": "3056.80000", "2011-12-31": "3050.50000", "2011-09-30": "2932.90000", "2011-06-30": "2854.00000", "2011-03-31": "2721.40000", "2010-12-31": "2541.79900", "2010-09-30": "2628.70000", "2010-06-30": "2595.70000", "2010-03-31": "2626.90000", "2009-12-31": "2641.29900", "2009-09-30": "2531.10000", "2009-06-30": "2484.10000", "2009-03-31": "2255.10000", "2008-12-31": "2646.30000", "2008-09-30": "2588.10000", "2008-06-30": "2709.60000", "2008-03-31": "2554.00000", "2007-12-31": "2621.10000", "2007-09-30": "2401.20000", "2007-06-30": "2385.90000", "2007-03-31": "2338.20000", "2006-12-31": "1668.90000", "2006-09-30": "724.90000", "2006-06-30": "713.50000", "2006-03-31": "684.30000", "2005-12-31": "740.76000", "2005-09-30": "679.41100", "2005-06-30": "653.62100", "2005-03-31": "559.20800"}, "Cost Of Goods Sold": {"2020-12-31": "4867.00000", "2020-09-30": "4190.00000", "2020-06-30": "3540.00000", "2020-03-31": "3490.00000", "2019-12-31": "3794.00000", "2019-09-30": "3509.00000", "2019-06-30": "3493.00000", "2019-03-31": "3418.00000", "2018-12-31": "3583.00000", "2018-09-30": "3305.00000", "2018-06-30": "3340.00000", "2018-03-31": "3273.00000", "2017-12-31": "3376.00000", "2017-09-30": "2816.00000", "2017-06-30": "2706.00000", "2017-03-31": "2572.00000", "2016-12-31": "2671.40000", "2016-09-30": "2437.00000", "2016-06-30": "2456.70000", "2016-03-31": "2336.90000", "2015-12-31": "2543.70000", "2015-09-30": "2239.90000", "2015-06-30": "2329.10000", "2015-03-31": "2096.30000", "2014-12-31": "2400.90100", "2014-09-30": "2237.80000", "2014-06-30": "2475.40000", "2014-03-31": "2283.50000", "2013-12-31": "1985.20000", "2013-09-30": "1843.90000", "2013-06-30": "1876.90000", "2013-03-31": "1855.20000", "2012-12-31": "1873.20000", "2012-09-30": "1787.30000", "2012-06-30": "1786.80000", "2012-03-31": "1767.10000", "2011-12-31": "1756.70000", "2011-09-30": "1714.00000", "2011-06-30": "1693.00000", "2011-03-31": "1601.10000", "2010-12-31": "1457.10000", "2010-09-30": "1567.20000", "2010-06-30": "1546.80000", "2010-03-31": "1560.50000", "2009-12-31": "1629.90000", "2009-09-30": "1519.90000", "2009-06-30": "1495.80000", "2009-03-31": "1368.20000", "2008-12-31": "1579.40000", "2008-09-30": "1555.30000", "2008-06-30": "1621.50000", "2008-03-31": "1535.60000", "2007-12-31": "1581.30000", "2007-09-30": "1453.10000", "2007-06-30": "1449.30000", "2007-03-31": "1458.30000", "2006-12-31": "1074.80000", "2006-09-30": "388.10000", "2006-06-30": "388.90000", "2006-03-31": "371.70000", "2005-12-31": "398.24790", "2005-09-30": "373.71200", "2005-06-30": "366.16600", "2005-03-31": "299.97400"}, "Gross Profit": {"2020-12-31": "5683.00000", "2020-09-30": "4331.00000", "2020-06-30": "3377.00000", "2020-03-31": "2740.00000", "2019-12-31": "3035.00000", "2019-09-30": "2763.00000", "2019-06-30": "2823.00000", "2019-03-31": "2707.00000", "2018-12-31": "2924.00000", "2018-09-30": "2615.00000", "2018-06-30": "2738.00000", "2018-03-31": "2580.00000", "2017-12-31": "2671.00000", "2017-09-30": "2300.00000", "2017-06-30": "2284.00000", "2017-03-31": "2193.00000", "2016-12-31": "2281.70000", "2016-09-30": "2053.90000", "2016-06-30": "2078.50000", "2016-03-31": "1957.90000", "2015-12-31": "2108.40100", "2015-09-30": "1883.30000", "2015-06-30": "1941.80000", "2015-03-31": "1822.50000", "2014-12-31": "2091.89800", "2014-09-30": "1933.60000", "2014-06-30": "1846.50000", "2014-03-31": "1620.00000", "2013-12-31": "1481.69900", "2013-09-30": "1347.90000", "2013-06-30": "1363.20000", "2013-03-31": "1336.30000", "2012-12-31": "1386.10000", "2012-09-30": "1298.40000", "2012-06-30": "1321.30000", "2012-03-31": "1289.70000", "2011-12-31": "1293.80100", "2011-09-30": "1218.90000", "2011-06-30": "1161.00000", "2011-03-31": "1120.30000", "2010-12-31": "1084.69900", "2010-09-30": "1061.50000", "2010-06-30": "1048.90000", "2010-03-31": "1066.40000", "2009-12-31": "1011.39900", "2009-09-30": "1011.20000", "2009-06-30": "988.30000", "2009-03-31": "886.90010", "2008-12-31": "1066.90000", "2008-09-30": "1032.80000", "2008-06-30": "1088.10000", "2008-03-31": "1018.40000", "2007-12-31": "1039.80100", "2007-09-30": "948.10000", "2007-06-30": "936.59990", "2007-03-31": "879.89990", "2006-12-31": "594.10010", "2006-09-30": "336.80000", "2006-06-30": "324.60000", "2006-03-31": "312.60000", "2005-12-31": "342.51210", "2005-09-30": "305.69900", "2005-06-30": "287.45500", "2005-03-31": "259.23400"}, "Research And Development Expenses": {"2020-12-31": "376.00000", "2020-09-30": "296.00000", "2020-06-30": "264.00000", "2020-03-31": "245.00000", "2019-12-31": "262.00000", "2019-09-30": "247.00000", "2019-06-30": "246.00000", "2019-03-31": "248.00000", "2018-12-31": "251.00000", "2018-09-30": "240.00000", "2018-06-30": "242.00000", "2018-03-31": "234.00000", "2017-12-31": "233.00000", "2017-09-30": "217.00000", "2017-06-30": "222.00000", "2017-03-31": "215.00000", "2016-12-31": "211.80000", "2016-09-30": "183.30000", "2016-06-30": "182.40000", "2016-03-31": "176.50000", "2015-12-31": "180.00000", "2015-09-30": "171.60000", "2015-06-30": "174.60000", "2015-03-31": "165.80000", "2014-12-31": "182.50000", "2014-09-30": "175.20000", "2014-06-30": "183.70000", "2014-03-31": "149.70000", "2013-12-31": "104.70000", "2013-09-30": "95.90000", "2013-06-30": "96.70000", "2013-03-31": "98.20000", "2012-12-31": "98.50000", "2012-09-30": "92.00000", "2012-06-30": "94.20000", "2012-03-31": "91.70000", "2011-12-31": "95.40000", "2011-09-30": "86.80000", "2011-06-30": "83.20000", "2011-03-31": "74.80000", "2010-12-31": "77.20000", "2010-09-30": "71.50000", "2010-06-30": "69.60000", "2010-03-31": "66.10000", "2009-12-31": "67.00000", "2009-09-30": "60.50000", "2009-06-30": "58.10000", "2009-03-31": "58.20000", "2008-12-31": "60.90000", "2008-09-30": "61.80000", "2008-06-30": "64.40000", "2008-03-31": "62.00000", "2007-12-31": "61.40000", "2007-09-30": "58.80000", "2007-06-30": "58.70000", "2007-03-31": "59.80000", "2006-12-31": "52.20000", "2006-09-30": "38.60000", "2006-06-30": "40.70000", "2006-03-31": "38.70000", "2005-12-31": "38.25600", "2005-09-30": "38.78400", "2005-06-30": "39.43200", "2005-03-31": "36.32800"}, "SG&A Expenses": {"2020-12-31": "1793.00000", "2020-09-30": "1592.00000", "2020-06-30": "1710.00000", "2020-03-31": "1551.00000", "2019-12-31": "1512.00000", "2019-09-30": "1539.00000", "2019-06-30": "1565.00000", "2019-03-31": "1528.00000", "2018-12-31": "1510.00000", "2018-09-30": "1490.00000", "2018-06-30": "1542.00000", "2018-03-31": "1515.00000", "2017-12-31": "1479.00000", "2017-09-30": "1400.00000", "2017-06-30": "1291.00000", "2017-03-31": "1334.00000", "2016-12-31": "1260.40000", "2016-09-30": "1274.60000", "2016-06-30": "1223.10000", "2016-03-31": "1212.90000", "2015-12-31": "1190.30000", "2015-09-30": "1133.30000", "2015-06-30": "1151.00000", "2015-03-31": "1137.40000", "2014-12-31": "1236.60000", "2014-09-30": "1228.70000", "2014-06-30": "1253.80000", "2014-03-31": "1177.00000", "2013-12-31": "898.70010", "2013-09-30": "848.50000", "2013-06-30": "869.60000", "2013-03-31": "829.50000", "2012-12-31": "856.59990", "2012-09-30": "839.00000", "2012-06-30": "835.00000", "2012-03-31": "824.30000", "2011-12-31": "820.40000", "2011-09-30": "804.50000", "2011-06-30": "772.90000", "2011-03-31": "708.70000", "2010-12-31": "680.30010", "2010-09-30": "677.00000", "2010-06-30": "673.20000", "2010-03-31": "698.30000", "2009-12-31": "644.70000", "2009-09-30": "662.10000", "2009-06-30": "660.90000", "2009-03-31": "625.00000", "2008-12-31": "663.00000", "2008-09-30": "669.30000", "2008-06-30": "698.90000", "2008-03-31": "661.10000", "2007-12-31": "675.70010", "2007-09-30": "626.50000", "2007-06-30": "626.60000", "2007-03-31": "620.30000", "2006-12-31": "482.89990", "2006-09-30": "217.90000", "2006-06-30": "206.90000", "2006-03-31": "202.50000", "2005-12-31": "211.28300", "2005-09-30": "194.32300", "2005-06-30": "192.59300", "2005-03-31": "163.50100"}, "Other Operating Income Or Expenses": {"2020-12-31": "", "2020-09-30": "", "2020-06-30": "", "2020-03-31": "", "2019-12-31": "", "2019-09-30": "", "2019-06-30": "", "2019-03-31": "", "2018-12-31": "", "2018-09-30": "", "2018-06-30": "", "2018-03-31": "", "2017-12-31": "", "2017-09-30": "", "2017-06-30": "", "2017-03-31": "", "2016-12-31": "", "2016-09-30": "", "2016-06-30": "", "2016-03-31": "", "2015-12-31": "", "2015-09-30": "", "2015-06-30": "", "2015-03-31": "", "2014-12-31": "", "2014-09-30": "", "2014-06-30": "", "2014-03-31": "", "2013-12-31": "", "2013-09-30": "", "2013-06-30": "", "2013-03-31": "", "2012-12-31": "", "2012-09-30": "", "2012-06-30": "", "2012-03-31": "", "2011-12-31": "", "2011-09-30": "", "2011-06-30": "", "2011-03-31": "", "2010-12-31": "", "2010-09-30": "", "2010-06-30": "", "2010-03-31": "", "2009-12-31": "", "2009-09-30": "", "2009-06-30": "", "2009-03-31": "", "2008-12-31": "", "2008-09-30": "", "2008-06-30": "", "2008-03-31": "", "2007-12-31": "", "2007-09-30": "", "2007-06-30": "", "2007-03-31": "", "2006-12-31": "", "2006-09-30": "", "2006-06-30": "", "2006-03-31": "", "2005-12-31": "", "2005-09-30": "", "2005-06-30": "", "2005-03-31": ""}, "Operating Expenses": {"2020-12-31": "7479.00000", "2020-09-30": "6095.00000", "2020-06-30": "5526.00000", "2020-03-31": "5324.00000", "2019-12-31": "5597.00000", "2019-09-30": "5326.00000", "2019-06-30": "4820.00000", "2019-03-31": "5205.00000", "2018-12-31": "5359.00000", "2018-09-30": "5008.00000", "2018-06-30": "5141.00000", "2018-03-31": "5067.00000", "2017-12-31": "5090.00000", "2017-09-30": "4482.00000", "2017-06-30": "4241.00000", "2017-03-31": "4145.00000", "2016-12-31": "4191.70100", "2016-09-30": "3949.80000", "2016-06-30": "3897.60000", "2016-03-31": "3776.90000", "2015-12-31": "3962.10000", "2015-09-30": "3560.30000", "2015-06-30": "3675.10000", "2015-03-31": "3431.50000", "2014-12-31": "3853.70100", "2014-09-30": "3531.10000", "2014-06-30": "3973.80000", "2014-03-31": "3028.00000", "2013-12-31": "3011.90000", "2013-09-30": "2799.70000", "2013-06-30": "2864.70000", "2013-03-31": "2804.40000", "2012-12-31": "2858.69900", "2012-09-30": "2733.50000", "2012-06-30": "2740.30000", "2012-03-31": "2695.30000", "2011-12-31": "2702.29900", "2011-09-30": "2616.90000", "2011-06-30": "2588.90000", "2011-03-31": "2399.90000", "2010-12-31": "2238.90000", "2010-09-30": "2326.00000", "2010-06-30": "2297.80000", "2010-03-31": "2342.30000", "2009-12-31": "2363.80000", "2009-09-30": "2255.60000", "2009-06-30": "2225.10000", "2009-03-31": "2065.00000", "2008-12-31": "2323.80100", "2008-09-30": "2301.80000", "2008-06-30": "2379.40000", "2008-03-31": "2263.60000", "2007-12-31": "2336.10000", "2007-09-30": "2147.20000", "2007-06-30": "2142.90000", "2007-03-31": "2145.80000", "2006-12-31": "1642.00000", "2006-09-30": "649.80000", "2006-06-30": "641.30000", "2006-03-31": "616.50000", "2005-12-31": "652.26000", "2005-09-30": "617.30100", "2005-06-30": "600.40700", "2005-03-31": "499.53200"}, "Operating Income": {"2020-12-31": "3071.00000", "2020-09-30": "2426.00000", "2020-06-30": "1391.00000", "2020-03-31": "906.00000", "2019-12-31": "1232.00000", "2019-09-30": "946.00000", "2019-06-30": "1496.00000", "2019-03-31": "920.00000", "2018-12-31": "1148.00000", "2018-09-30": "912.00000", "2018-06-30": "937.00000", "2018-03-31": "786.00000", "2017-12-31": "957.00000", "2017-09-30": "634.00000", "2017-06-30": "749.00000", "2017-03-31": "620.00000", "2016-12-31": "761.39890", "2016-09-30": "541.10010", "2016-06-30": "637.60060", "2016-03-31": "517.89990", "2015-12-31": "690.00050", "2015-09-30": "562.90010", "2015-06-30": "595.79980", "2015-03-31": "487.30000", "2014-12-31": "639.09770", "2014-09-30": "640.30000", "2014-06-30": "348.10010", "2014-03-31": "875.50000", "2013-12-31": "455.00000", "2013-09-30": "392.10010", "2013-06-30": "375.40010", "2013-03-31": "387.10010", "2012-12-31": "400.60080", "2012-09-30": "352.20020", "2012-06-30": "367.80000", "2012-03-31": "361.50020", "2011-12-31": "348.20140", "2011-09-30": "315.99980", "2011-06-30": "265.09990", "2011-03-31": "321.49980", "2010-12-31": "302.89890", "2010-09-30": "302.70000", "2010-06-30": "297.89990", "2010-03-31": "284.60010", "2009-12-31": "277.49950", "2009-09-30": "275.50000", "2009-06-30": "259.00000", "2009-03-31": "190.10010", "2008-12-31": "322.49930", "2008-09-30": "286.30000", "2008-06-30": "330.20000", "2008-03-31": "290.40010", "2007-12-31": "285.00000", "2007-09-30": "254.00000", "2007-06-30": "242.99980", "2007-03-31": "192.39990", "2006-12-31": "26.90040", "2006-09-30": "75.10000", "2006-06-30": "72.20000", "2006-03-31": "67.80000", "2005-12-31": "88.50000", "2005-09-30": "62.11010", "2005-06-30": "53.21400", "2005-03-31": "59.67600"}, "Total Non-Operating Income/Expense": {"2020-12-31": "-179.00000", "2020-09-30": "-174.00000", "2020-06-30": "-138.00000", "2020-03-31": "-78.00000", "2019-12-31": "-194.00000", "2019-09-30": "-124.00000", "2019-06-30": "-103.00000", "2019-03-31": "-103.00000", "2018-12-31": "-136.00000", "2018-09-30": "-102.00000", "2018-06-30": "-131.00000", "2018-03-31": "-152.00000", "2017-12-31": "-137.00000", "2017-09-30": "-154.00000", "2017-06-30": "-123.00000", "2017-03-31": "-117.00000", "2016-12-31": "-109.40000", "2016-09-30": "-113.20000", "2016-06-30": "-116.50000", "2016-03-31": "-94.90000", "2015-12-31": "-107.70000", "2015-09-30": "-94.80000", "2015-06-30": "-92.20000", "2015-03-31": "-105.30000", "2014-12-31": "-102.00000", "2014-09-30": "-101.10000", "2014-06-30": "-111.60000", "2014-03-31": "-101.10000", "2013-12-31": "-77.40000", "2013-09-30": "-73.10000", "2013-06-30": "-95.40000", "2013-03-31": "-44.20000", "2012-12-31": "-57.10000", "2012-09-30": "-55.80000", "2012-06-30": "-49.40000", "2012-03-31": "-50.40000", "2011-12-31": "-35.60000", "2011-09-30": "-49.60000", "2011-06-30": "-10.30000", "2011-03-31": "-22.50000", "2010-12-31": "-23.30000", "2010-09-30": "-15.40000", "2010-06-30": "-36.80000", "2010-03-31": "-24.90000", "2009-12-31": "-43.30000", "2009-09-30": "-28.60000", "2009-06-30": "-26.90000", "2009-03-31": "-22.90000", "2008-12-31": "-27.40000", "2008-09-30": "-27.70000", "2008-06-30": "-28.10000", "2008-03-31": "-18.20000", "2007-12-31": "-47.70000", "2007-09-30": "-18.70000", "2007-06-30": "-20.70000", "2007-03-31": "-26.70000", "2006-12-31": "-19.70000", "2006-09-30": "-5.80000", "2006-06-30": "-3.40000", "2006-03-31": "-3.70000", "2005-12-31": "-3.65700", "2005-09-30": "-2.75100", "2005-06-30": "25.50400", "2005-03-31": "3.30400"}, "Pre-Tax Income": {"2020-12-31": "2892.00000", "2020-09-30": "2252.00000", "2020-06-30": "1253.00000", "2020-03-31": "828.00000", "2019-12-31": "1038.00000", "2019-09-30": "822.00000", "2019-06-30": "1393.00000", "2019-03-31": "817.00000", "2018-12-31": "1012.00000", "2018-09-30": "810.00000", "2018-06-30": "806.00000", "2018-03-31": "634.00000", "2017-12-31": "820.00000", "2017-09-30": "480.00000", "2017-06-30": "626.00000", "2017-03-31": "503.00000", "2016-12-31": "652.00000", "2016-09-30": "427.90000", "2016-06-30": "521.10000", "2016-03-31": "423.00000", "2015-12-31": "582.30000", "2015-09-30": "468.10000", "2015-06-30": "503.60000", "2015-03-31": "382.00000", "2014-12-31": "537.10000", "2014-09-30": "539.20000", "2014-06-30": "236.50000", "2014-03-31": "774.40000", "2013-12-31": "377.60000", "2013-09-30": "319.00000", "2013-06-30": "280.00000", "2013-03-31": "342.90000", "2012-12-31": "343.50000", "2012-09-30": "296.40000", "2012-06-30": "318.40000", "2012-03-31": "311.10000", "2011-12-31": "312.60000", "2011-09-30": "266.40000", "2011-06-30": "254.80000", "2011-03-31": "299.00000", "2010-12-31": "279.59990", "2010-09-30": "287.30000", "2010-06-30": "261.10000", "2010-03-31": "259.70000", "2009-12-31": "234.20000", "2009-09-30": "246.90000", "2009-06-30": "232.10000", "2009-03-31": "167.20000", "2008-12-31": "295.10000", "2008-09-30": "258.60000", "2008-06-30": "302.10000", "2008-03-31": "272.20000", "2007-12-31": "237.30000", "2007-09-30": "235.30000", "2007-06-30": "222.30000", "2007-03-31": "165.70000", "2006-12-31": "7.20000", "2006-09-30": "69.30000", "2006-06-30": "68.80000", "2006-03-31": "64.10000", "2005-12-31": "84.84300", "2005-09-30": "59.35900", "2005-06-30": "78.71800", "2005-03-31": "62.98000"}, "Income Taxes": {"2020-12-31": "394.00000", "2020-09-30": "319.00000", "2020-06-30": "97.00000", "2020-03-31": "40.00000", "2019-12-31": "36.00000", "2019-09-30": "62.00000", "2019-06-30": "274.00000", "2019-03-31": "2.00000", "2018-12-31": "114.00000", "2018-09-30": "101.00000", "2018-06-30": "54.00000", "2018-03-31": "55.00000", "2017-12-31": "290.00000", "2017-09-30": "-54.00000", "2017-06-30": "13.00000", "2017-03-31": "-48.00000", "2016-12-31": "19.60000", "2016-09-30": "-45.60000", "2016-06-30": "4.30000", "2016-03-31": "20.70000", "2015-12-31": "-23.70000", "2015-09-30": "-9.20000", "2015-06-30": "-8.00000", "2015-03-31": "-3.10000", "2014-12-31": "-66.90000", "2014-09-30": "69.30000", "2014-06-30": "-42.00000", "2014-03-31": "231.30000", "2013-12-31": "34.60000", "2013-09-30": "1.30000", "2013-06-30": "2.40000", "2013-03-31": "2.10000", "2012-12-31": "-42.30000", "2012-09-30": "-3.00000", "2012-06-30": "26.00000", "2012-03-31": "30.30000", "2011-12-31": "19.80000", "2011-09-30": "0.10000", "2011-06-30": "37.70000", "2011-03-31": "51.80000", "2010-12-31": "5.60000", "2010-09-30": "28.50000", "2010-06-30": "32.40000", "2010-03-31": "35.10000", "2009-12-31": "-12.00000", "2009-09-30": "25.70000", "2009-06-30": "25.20000", "2009-03-31": "18.30000", "2008-12-31": "7.60000", "2008-09-30": "43.70000", "2008-06-30": "59.20000", "2008-03-31": "42.10000", "2007-12-31": "15.70000", "2007-09-30": "16.70000", "2007-06-30": "34.40000", "2007-03-31": "26.90000", "2006-12-31": "-17.70000", "2006-09-30": "20.50000", "2006-06-30": "19.80000", "2006-03-31": "20.50000", "2005-12-31": "29.48300", "2005-09-30": "18.76200", "2005-06-30": "21.95800", "2005-03-31": "17.39700"}, "Income After Taxes": {"2020-12-31": "2498.00000", "2020-09-30": "1933.00000", "2020-06-30": "1156.00000", "2020-03-31": "788.00000", "2019-12-31": "1002.00000", "2019-09-30": "760.00000", "2019-06-30": "1119.00000", "2019-03-31": "815.00000", "2018-12-31": "898.00000", "2018-09-30": "709.00000", "2018-06-30": "752.00000", "2018-03-31": "579.00000", "2017-12-31": "530.00000", "2017-09-30": "534.00000", "2017-06-30": "613.00000", "2017-03-31": "551.00000", "2016-12-31": "632.40000", "2016-09-30": "473.50000", "2016-06-30": "516.80000", "2016-03-31": "402.30000", "2015-12-31": "606.00000", "2015-09-30": "477.30000", "2015-06-30": "511.60000", "2015-03-31": "385.10000", "2014-12-31": "603.99990", "2014-09-30": "469.90000", "2014-06-30": "278.50000", "2014-03-31": "543.10000", "2013-12-31": "342.99990", "2013-09-30": "317.70000", "2013-06-30": "277.60000", "2013-03-31": "340.80000", "2012-12-31": "385.80000", "2012-09-30": "299.40000", "2012-06-30": "292.40000", "2012-03-31": "280.80000", "2011-12-31": "292.80000", "2011-09-30": "266.30000", "2011-06-30": "217.10000", "2011-03-31": "247.20000", "2010-12-31": "274.00000", "2010-09-30": "258.80000", "2010-06-30": "228.70000", "2010-03-31": "224.60000", "2009-12-31": "246.20000", "2009-09-30": "221.20000", "2009-06-30": "206.90000", "2009-03-31": "148.90000", "2008-12-31": "287.50000", "2008-09-30": "214.90000", "2008-06-30": "242.90000", "2008-03-31": "230.10000", "2007-12-31": "221.59990", "2007-09-30": "218.60000", "2007-06-30": "187.90000", "2007-03-31": "138.80000", "2006-12-31": "24.90000", "2006-09-30": "48.80000", "2006-06-30": "49.00000", "2006-03-31": "43.60000", "2005-12-31": "55.36000", "2005-09-30": "40.59700", "2005-06-30": "56.76000", "2005-03-31": "45.58300"}, "Other Income": {"2020-12-31": "", "2020-09-30": "", "2020-06-30": "", "2020-03-31": "", "2019-12-31": "", "2019-09-30": "", "2019-06-30": "", "2019-03-31": "", "2018-12-31": "", "2018-09-30": "", "2018-06-30": "", "2018-03-31": "", "2017-12-31": "", "2017-09-30": "", "2017-06-30": "", "2017-03-31": "", "2016-12-31": "", "2016-09-30": "", "2016-06-30": "", "2016-03-31": "", "2015-12-31": "", "2015-09-30": "", "2015-06-30": "", "2015-03-31": "", "2014-12-31": "", "2014-09-30": "", "2014-06-30": "", "2014-03-31": "", "2013-12-31": "", "2013-09-30": "", "2013-06-30": "", "2013-03-31": "", "2012-12-31": "", "2012-09-30": "", "2012-06-30": "", "2012-03-31": "", "2011-12-31": "", "2011-09-30": "", "2011-06-30": "", "2011-03-31": "", "2010-12-31": "", "2010-09-30": "", "2010-06-30": "", "2010-03-31": "", "2009-12-31": "", "2009-09-30": "", "2009-06-30": "", "2009-03-31": "", "2008-12-31": "", "2008-09-30": "", "2008-06-30": "", "2008-03-31": "", "2007-12-31": "", "2007-09-30": "", "2007-06-30": "", "2007-03-31": "", "2006-12-31": "", "2006-09-30": "", "2006-06-30": "", "2006-03-31": "", "2005-12-31": "", "2005-09-30": "", "2005-06-30": "", "2005-03-31": ""}, "Income From Continuous Operations": {"2020-12-31": "2498.00000", "2020-09-30": "1933.00000", "2020-06-30": "1156.00000", "2020-03-31": "788.00000", "2019-12-31": "1002.00000", "2019-09-30": "760.00000", "2019-06-30": "1119.00000", "2019-03-31": "815.00000", "2018-12-31": "898.00000", "2018-09-30": "709.00000", "2018-06-30": "752.00000", "2018-03-31": "579.00000", "2017-12-31": "530.00000", "2017-09-30": "534.00000", "2017-06-30": "613.00000", "2017-03-31": "551.00000", "2016-12-31": "632.40000", "2016-09-30": "473.50000", "2016-06-30": "516.80000", "2016-03-31": "402.30000", "2015-12-31": "606.00000", "2015-09-30": "477.30000", "2015-06-30": "511.60000", "2015-03-31": "385.10000", "2014-12-31": "603.99990", "2014-09-30": "469.90000", "2014-06-30": "278.50000", "2014-03-31": "543.10000", "2013-12-31": "342.99990", "2013-09-30": "317.70000", "2013-06-30": "277.60000", "2013-03-31": "340.80000", "2012-12-31": "385.80000", "2012-09-30": "299.40000", "2012-06-30": "292.40000", "2012-03-31": "280.80000", "2011-12-31": "292.80000", "2011-09-30": "266.30000", "2011-06-30": "217.10000", "2011-03-31": "247.20000", "2010-12-31": "274.00000", "2010-09-30": "258.80000", "2010-06-30": "228.70000", "2010-03-31": "224.60000", "2009-12-31": "246.20000", "2009-09-30": "221.20000", "2009-06-30": "206.90000", "2009-03-31": "148.90000", "2008-12-31": "287.50000", "2008-09-30": "214.90000", "2008-06-30": "242.90000", "2008-03-31": "230.10000", "2007-12-31": "221.60010", "2007-09-30": "218.60000", "2007-06-30": "187.90000", "2007-03-31": "138.80000", "2006-12-31": "24.90000", "2006-09-30": "48.80000", "2006-06-30": "49.00000", "2006-03-31": "43.60000", "2005-12-31": "55.36000", "2005-09-30": "40.59700", "2005-06-30": "56.76000", "2005-03-31": "45.58300"}, "Income From Discontinued Operations": {"2020-12-31": "", "2020-09-30": "", "2020-06-30": "", "2020-03-31": "", "2019-12-31": "", "2019-09-30": "", "2019-06-30": "", "2019-03-31": "", "2018-12-31": "", "2018-09-30": "", "2018-06-30": "", "2018-03-31": "", "2017-12-31": "-2.00000", "2017-09-30": "", "2017-06-30": "-1.00000", "2017-03-31": "", "2016-12-31": "-2.70000", "2016-09-30": "", "2016-06-30": "-0.20000", "2016-03-31": "-0.10000", "2015-12-31": "-3.80000", "2015-09-30": "-1.20000", "2015-06-30": "", "2015-03-31": "", "2014-12-31": "-2.80000", "2014-09-30": "1.70000", "2014-06-30": "", "2014-03-31": "", "2013-12-31": "-0.90000", "2013-09-30": "-0.10000", "2013-06-30": "-0.20000", "2013-03-31": "-4.60000", "2012-12-31": "-9.40000", "2012-09-30": "-9.00000", "2012-06-30": "-58.60000", "2012-03-31": "-3.50000", "2011-12-31": "-3.90000", "2011-09-30": "-0.90000", "2011-06-30": "306.30000", "2011-03-31": "5.00000", "2010-12-31": "23.50000", "2010-09-30": "9.70000", "2010-06-30": "8.60000", "2010-03-31": "7.70000", "2009-12-31": "", "2009-09-30": "", "2009-06-30": "", "2009-03-31": "", "2008-12-31": "-0.50000", "2008-09-30": "3.20000", "2008-06-30": "3.20000", "2008-03-31": "-0.40000", "2007-12-31": "5.50000", "2007-09-30": "-0.10000", "2007-06-30": "-24.00000", "2007-03-31": "0.10000", "2006-12-31": "0.40000", "2006-09-30": "", "2006-06-30": "-1.10000", "2006-03-31": "3.30000", "2005-12-31": "1.02700", "2005-09-30": "17.13700", "2005-06-30": "3.46300", "2005-03-31": "3.27300"}, "Net Income": {"2020-12-31": "2498.00000", "2020-09-30": "1933.00000", "2020-06-30": "1156.00000", "2020-03-31": "788.00000", "2019-12-31": "1002.00000", "2019-09-30": "760.00000", "2019-06-30": "1119.00000", "2019-03-31": "815.00000", "2018-12-31": "898.00000", "2018-09-30": "709.00000", "2018-06-30": "752.00000", "2018-03-31": "579.00000", "2017-12-31": "528.00000", "2017-09-30": "534.00000", "2017-06-30": "612.00000", "2017-03-31": "551.00000", "2016-12-31": "629.70000", "2016-09-30": "473.50000", "2016-06-30": "516.60000", "2016-03-31": "402.20000", "2015-12-31": "602.20010", "2015-09-30": "476.10000", "2015-06-30": "511.60000", "2015-03-31": "385.10000", "2014-12-31": "601.20010", "2014-09-30": "471.60000", "2014-06-30": "278.50000", "2014-03-31": "543.10000", "2013-12-31": "342.10000", "2013-09-30": "317.60000", "2013-06-30": "277.40000", "2013-03-31": "336.20000", "2012-12-31": "376.40000", "2012-09-30": "290.40000", "2012-06-30": "233.80000", "2012-03-31": "277.30000", "2011-12-31": "288.90000", "2011-09-30": "265.40000", "2011-06-30": "523.40000", "2011-03-31": "252.20000", "2010-12-31": "297.40000", "2010-09-30": "268.50000", "2010-06-30": "237.20000", "2010-03-31": "232.30000", "2009-12-31": "273.20000", "2009-09-30": "221.10000", "2009-06-30": "206.70000", "2009-03-31": "148.70000", "2008-12-31": "286.60000", "2008-09-30": "217.80000", "2008-06-30": "245.70000", "2008-03-31": "229.30000", "2007-12-31": "226.60000", "2007-09-30": "218.50000", "2007-06-30": "163.90000", "2007-03-31": "138.90000", "2006-12-31": "25.30000", "2006-09-30": "48.80000", "2006-06-30": "47.90000", "2006-03-31": "46.90000", "2005-12-31": "56.38700", "2005-09-30": "57.73400", "2005-06-30": "60.22300", "2005-03-31": "48.85600"}, "EBITDA": {"2020-12-31": "", "2020-09-30": "3001.00000", "2020-06-30": "1965.00000", "2020-03-31": "1480.00000", "2019-12-31": "1808.00000", "2019-09-30": "1521.00000", "2019-06-30": "2067.00000", "2019-03-31": "1475.00000", "2018-12-31": "1706.00000", "2018-09-30": "1475.00000", "2018-06-30": "1508.00000", "2018-03-31": "1361.00000", "2017-12-31": "1531.00000", "2017-09-30": "1151.00000", "2017-06-30": "1226.00000", "2017-03-31": "1085.00000", "2016-12-31": "1235.19900", "2016-09-30": "974.10000", "2016-06-30": "1072.70100", "2016-03-31": "933.99990", "2015-12-31": "1114.30100", "2015-09-30": "990.60010", "2015-06-30": "1015.50000", "2015-03-31": "903.60000", "2014-12-31": "1067.79800", "2014-09-30": "1096.00000", "2014-06-30": "782.90010", "2014-03-31": "1241.10000", "2013-12-31": "704.30000", "2013-09-30": "642.50010", "2013-06-30": "624.60020", "2013-03-31": "638.10010", "2012-12-31": "655.00090", "2012-09-30": "597.40010", "2012-06-30": "609.40000", "2012-03-31": "604.00020", "2011-12-31": "593.80140", "2011-09-30": "544.79970", "2011-06-30": "465.99990", "2011-03-31": "505.79970", "2010-12-31": "481.29900", "2010-09-30": "485.09990", "2010-06-30": "483.19990", "2010-03-31": "478.20010", "2009-12-31": "460.29960", "2009-09-30": "471.00000", "2009-06-30": "453.30000", "2009-03-31": "380.40010", "2008-12-31": "516.89930", "2008-09-30": "486.00000", "2008-06-30": "529.99990", "2008-03-31": "489.20010", "2007-12-31": "481.80000", "2007-09-30": "441.60000", "2007-06-30": "430.09970", "2007-03-31": "377.69990", "2006-12-31": "151.40040", "2006-09-30": "114.90000", "2006-06-30": "111.20000", "2006-03-31": "105.20000", "2005-12-31": "126.35600", "2005-09-30": "100.01900", "2005-06-30": "83.08300", "2005-03-31": "77.24200"}, "EBIT": {"2020-12-31": "3071.00000", "2020-09-30": "2426.00000", "2020-06-30": "1391.00000", "2020-03-31": "906.00000", "2019-12-31": "1232.00000", "2019-09-30": "946.00000", "2019-06-30": "1496.00000", "2019-03-31": "920.00000", "2018-12-31": "1148.00000", "2018-09-30": "912.00000", "2018-06-30": "937.00000", "2018-03-31": "786.00000", "2017-12-31": "957.00000", "2017-09-30": "634.00000", "2017-06-30": "749.00000", "2017-03-31": "620.00000", "2016-12-31": "761.39940", "2016-09-30": "541.10010", "2016-06-30": "637.60060", "2016-03-31": "517.89990", "2015-12-31": "690.00000", "2015-09-30": "562.90010", "2015-06-30": "595.79980", "2015-03-31": "487.30000", "2014-12-31": "639.09890", "2014-09-30": "640.30000", "2014-06-30": "348.10010", "2014-03-31": "875.50000", "2013-12-31": "454.99930", "2013-09-30": "392.10010", "2013-06-30": "375.40010", "2013-03-31": "387.10010", "2012-12-31": "400.60110", "2012-09-30": "352.20020", "2012-06-30": "367.80000", "2012-03-31": "361.50020", "2011-12-31": "348.20040", "2011-09-30": "315.99980", "2011-06-30": "265.09990", "2011-03-31": "321.49980", "2010-12-31": "302.89970", "2010-09-30": "302.70000", "2010-06-30": "297.89990", "2010-03-31": "284.60010", "2009-12-31": "277.49950", "2009-09-30": "275.50000", "2009-06-30": "259.00000", "2009-03-31": "190.10010", "2008-12-31": "322.49930", "2008-09-30": "286.30000", "2008-06-30": "330.20000", "2008-03-31": "290.40010", "2007-12-31": "284.99980", "2007-09-30": "254.00000", "2007-06-30": "242.99980", "2007-03-31": "192.39990", "2006-12-31": "26.90020", "2006-09-30": "75.10000", "2006-06-30": "72.20000", "2006-03-31": "67.80000", "2005-12-31": "88.50000", "2005-09-30": "62.11010", "2005-06-30": "53.21400", "2005-03-31": "59.67600"}, "Basic Shares Outstanding": {"2020-12-31": "397.00000", "2020-09-30": "396.00000", "2020-06-30": "395.00000", "2020-03-31": "397.00000", "2019-12-31": "400.00000", "2019-09-30": "401.00000", "2019-06-30": "400.00000", "2019-03-31": "400.00000", "2018-12-31": "402.00000", "2018-09-30": "402.00000", "2018-06-30": "403.00000", "2018-03-31": "402.00000", "2017-12-31": "395.00000", "2017-09-30": "396.00000", "2017-06-30": "390.00000", "2017-03-31": "391.00000", "2016-12-31": "395.00000", "2016-09-30": "394.70000", "2016-06-30": "393.90000", "2016-03-31": "395.80000", "2015-12-31": "399.00000", "2015-09-30": "399.00000", "2015-06-30": "398.40000", "2015-03-31": "397.80000", "2014-12-31": "398.20000", "2014-09-30": "399.90000", "2014-06-30": "399.40000", "2014-03-31": "393.30000", "2013-12-31": "360.30000", "2013-09-30": "361.20000", "2013-06-30": "360.00000", "2013-03-31": "358.10000", "2012-12-31": "363.80000", "2012-09-30": "362.60000", "2012-06-30": "367.00000", "2012-03-31": "367.30000", "2011-12-31": "380.80000", "2011-09-30": "379.50000", "2011-06-30": "381.90000", "2011-03-31": "388.60000", "2010-12-31": "403.30000", "2010-09-30": "400.70000", "2010-06-30": "409.30000", "2010-03-31": "409.60000", "2009-12-31": "412.40000", "2009-09-30": "407.90000", "2009-06-30": "415.30000", "2009-03-31": "417.70000", "2008-12-31": "418.20000", "2008-09-30": "419.00000", "2008-06-30": "418.00000", "2008-03-31": "417.50000", "2007-12-31": "421.50000", "2007-09-30": "424.30000", "2007-06-30": "424.00000", "2007-03-31": "420.10000", "2006-12-31": "196.10000", "2006-09-30": "157.70000", "2006-06-30": "161.30000", "2006-03-31": "163.00000", "2005-12-31": "161.60000", "2005-09-30": "161.79400", "2005-06-30": "161.25500", "2005-03-31": "160.95700"}, "Shares Outstanding": {"2020-12-31": "400.00000", "2020-09-30": "399.00000", "2020-06-30": "398.00000", "2020-03-31": "400.00000", "2019-12-31": "403.00000", "2019-09-30": "404.00000", "2019-06-30": "403.00000", "2019-03-31": "403.00000", "2018-12-31": "406.00000", "2018-09-30": "406.00000", "2018-06-30": "406.00000", "2018-03-31": "406.00000", "2017-12-31": "398.00000", "2017-09-30": "400.00000", "2017-06-30": "393.00000", "2017-03-31": "394.00000", "2016-12-31": "397.00000", "2016-09-30": "397.40000", "2016-06-30": "396.70000", "2016-03-31": "398.70000", "2015-12-31": "402.00000", "2015-09-30": "402.00000", "2015-06-30": "401.50000", "2015-03-31": "401.40000", "2014-12-31": "402.30000", "2014-09-30": "403.70000", "2014-06-30": "403.10000", "2014-03-31": "398.40000", "2013-12-31": "365.80000", "2013-09-30": "367.30000", "2013-06-30": "363.50000", "2013-03-31": "361.70000", "2012-12-31": "366.60000", "2012-09-30": "365.40000", "2012-06-30": "369.20000", "2012-03-31": "370.10000", "2011-12-31": "384.80000", "2011-09-30": "382.70000", "2011-06-30": "385.90000", "2011-03-31": "394.60000", "2010-12-31": "409.40000", "2010-09-30": "404.50000", "2010-06-30": "415.90000", "2010-03-31": "418.20000", "2009-12-31": "422.80000", "2009-09-30": "420.20000", "2009-06-30": "423.70000", "2009-03-31": "425.30000", "2008-12-31": "422.80000", "2008-09-30": "438.30000", "2008-06-30": "437.10000", "2008-03-31": "436.10000", "2007-12-31": "443.60000", "2007-09-30": "446.60000", "2007-06-30": "446.50000", "2007-03-31": "441.10000", "2006-12-31": "203.70000", "2006-09-30": "162.20000", "2006-06-30": "165.50000", "2006-03-31": "167.00000", "2005-12-31": "165.30000", "2005-09-30": "165.63500", "2005-06-30": "164.65800", "2005-03-31": "164.73000"}, "Basic EPS": {"2020-12-31": "6.30000", "2020-09-30": "4.88000", "2020-06-30": "2.92000", "2020-03-31": "1.99000", "2019-12-31": "2.51000", "2019-09-30": "1.89000", "2019-06-30": "2.80000", "2019-03-31": "2.04000", "2018-12-31": "2.24000", "2018-09-30": "1.76000", "2018-06-30": "1.87000", "2018-03-31": "1.44000", "2017-12-31": "1.31000", "2017-09-30": "1.35000", "2017-06-30": "1.57000", "2017-03-31": "1.41000", "2016-12-31": "1.59000", "2016-09-30": "1.20000", "2016-06-30": "1.31000", "2016-03-31": "1.02000", "2015-12-31": "1.52000", "2015-09-30": "1.19000", "2015-06-30": "1.28000", "2015-03-31": "0.97000", "2014-12-31": "1.50000", "2014-09-30": "1.18000", "2014-06-30": "0.70000", "2014-03-31": "1.38000", "2013-12-31": "0.94000", "2013-09-30": "0.88000", "2013-06-30": "0.77000", "2013-03-31": "0.94000", "2012-12-31": "1.04000", "2012-09-30": "0.80000", "2012-06-30": "0.64000", "2012-03-31": "0.76000", "2011-12-31": "0.77000", "2011-09-30": "0.70000", "2011-06-30": "1.37000", "2011-03-31": "0.65000", "2010-12-31": "0.77000", "2010-09-30": "0.67000", "2010-06-30": "0.58000", "2010-03-31": "0.55000", "2009-12-31": "0.66000", "2009-09-30": "0.54000", "2009-06-30": "0.50000", "2009-03-31": "0.36000", "2008-12-31": "0.67000", "2008-09-30": "0.52000", "2008-06-30": "0.59000", "2008-03-31": "0.55000", "2007-12-31": "0.54000", "2007-09-30": "0.51000", "2007-06-30": "0.39000", "2007-03-31": "0.33000", "2006-12-31": "-0.04000", "2006-09-30": "0.31000", "2006-06-30": "0.30000", "2006-03-31": "0.29000", "2005-12-31": "0.35000", "2005-09-30": "0.36000", "2005-06-30": "0.37000", "2005-03-31": "0.30000"}, "EPS - Earnings Per Share": {"2020-12-31": "6.24000", "2020-09-30": "4.84000", "2020-06-30": "2.90000", "2020-03-31": "1.97000", "2019-12-31": "2.50000", "2019-09-30": "1.88000", "2019-06-30": "2.77000", "2019-03-31": "2.02000", "2018-12-31": "2.21000", "2018-09-30": "1.75000", "2018-06-30": "1.85000", "2018-03-31": "1.43000", "2017-12-31": "1.29000", "2017-09-30": "1.34000", "2017-06-30": "1.56000", "2017-03-31": "1.40000", "2016-12-31": "1.59000", "2016-09-30": "1.19000", "2016-06-30": "1.30000", "2016-03-31": "1.01000", "2015-12-31": "1.51000", "2015-09-30": "1.18000", "2015-06-30": "1.27000", "2015-03-31": "0.96000", "2014-12-31": "1.49000", "2014-09-30": "1.17000", "2014-06-30": "0.69000", "2014-03-31": "1.36000", "2013-12-31": "0.93000", "2013-09-30": "0.86000", "2013-06-30": "0.76000", "2013-03-31": "0.93000", "2012-12-31": "1.04000", "2012-09-30": "0.79000", "2012-06-30": "0.63000", "2012-03-31": "0.75000", "2011-12-31": "0.77000", "2011-09-30": "0.69000", "2011-06-30": "1.36000", "2011-03-31": "0.64000", "2010-12-31": "0.75000", "2010-09-30": "0.66000", "2010-06-30": "0.57000", "2010-03-31": "0.55000", "2009-12-31": "0.64000", "2009-09-30": "0.53000", "2009-06-30": "0.49000", "2009-03-31": "0.35000", "2008-12-31": "0.66000", "2008-09-30": "0.50000", "2008-06-30": "0.56000", "2008-03-31": "0.53000", "2007-12-31": "0.52000", "2007-09-30": "0.49000", "2007-06-30": "0.37000", "2007-03-31": "0.31000", "2006-12-31": "-0.03000", "2006-09-30": "0.30000", "2006-06-30": "0.29000", "2006-03-31": "0.28000", "2005-12-31": "0.34000", "2005-09-30": "0.35000", "2005-06-30": "0.37000", "2005-03-31": "0.30000"}}, "balance sheet": {"Cash On Hand": {"2020-12-31": "10325.00000", "2019-12-31": "2399.00000", "2018-12-31": "2103.00000", "2017-12-31": "1335.00000", "2016-12-31": "786.00000", "2015-12-31": "452.10000", "2014-12-31": "1343.50000", "2013-12-31": "5830.50000", "2012-12-31": "809.90000", "2011-12-31": "1020.60000", "2010-12-31": "926.00000", "2009-12-31": "1571.20000", "2008-12-31": "1288.00000", "2007-12-31": "639.20000", "2006-12-31": "691.20000", "2005-12-31": "294.98700"}, "Receivables": {"2020-12-31": "5741.00000", "2019-12-31": "4349.00000", "2018-12-31": "4136.00000", "2017-12-31": "3879.00000", "2016-12-31": "3427.00000", "2015-12-31": "2763.00000", "2014-12-31": "2473.60000", "2013-12-31": "1942.30000", "2012-12-31": "1804.90000", "2011-12-31": "1763.70000", "2010-12-31": "1473.80000", "2009-12-31": "1409.60000", "2008-12-31": "1478.10000", "2007-12-31": "1450.00000", "2006-12-31": "1392.70000", "2005-12-31": "560.17200"}, "Inventory": {"2020-12-31": "4029.00000", "2019-12-31": "3370.00000", "2018-12-31": "3005.00000", "2017-12-31": "2971.00000", "2016-12-31": "2213.00000", "2015-12-31": "1991.70000", "2014-12-31": "1859.50000", "2013-12-31": "1494.50000", "2012-12-31": "1443.30000", "2011-12-31": "1330.10000", "2010-12-31": "1172.90000", "2009-12-31": "1131.40000", "2008-12-31": "1171.40000", "2007-12-31": "1169.90000", "2006-12-31": "1164.50000", "2005-12-31": "359.39200"}, "Pre-Paid Expenses": {"2020-12-31": "", "2019-12-31": "", "2018-12-31": "", "2017-12-31": "", "2016-12-31": "", "2015-12-31": "", "2014-12-31": "", "2013-12-31": "", "2012-12-31": "", "2011-12-31": "", "2010-12-31": "", "2009-12-31": "", "2008-12-31": "", "2007-12-31": "", "2006-12-31": "", "2005-12-31": ""}, "Other Current Assets": {"2020-12-31": "1862.00000", "2019-12-31": "1775.00000", "2018-12-31": "1381.00000", "2017-12-31": "1236.00000", "2016-12-31": "595.00000", "2015-12-31": "534.40000", "2014-12-31": "559.90000", "2013-12-31": "420.90000", "2012-12-31": "594.70000", "2011-12-31": "549.70000", "2010-12-31": "381.00000", "2009-12-31": "258.70000", "2008-12-31": "246.70000", "2007-12-31": "210.40000", "2006-12-31": "201.90000", "2005-12-31": "59.76300"}, "Total Current Assets": {"2020-12-31": "21957.00000", "2019-12-31": "11893.00000", "2018-12-31": "10625.00000", "2017-12-31": "9421.00000", "2016-12-31": "7021.00000", "2015-12-31": "5741.20000", "2014-12-31": "6539.80000", "2013-12-31": "9880.70000", "2012-12-31": "4834.80000", "2011-12-31": "4821.90000", "2010-12-31": "4135.00000", "2009-12-31": "4530.90000", "2008-12-31": "4345.90000", "2007-12-31": "3665.30000", "2006-12-31": "3659.50000", "2005-12-31": "1353.90000"}, "Property, Plant, And Equipment": {"2020-12-31": "5912.00000", "2019-12-31": "4749.00000", "2018-12-31": "4165.00000", "2017-12-31": "4047.00000", "2016-12-31": "2578.00000", "2015-12-31": "2448.80000", "2014-12-31": "2426.50000", "2013-12-31": "1767.40000", "2012-12-31": "1726.40000", "2011-12-31": "1611.30000", "2010-12-31": "1360.20000", "2009-12-31": "1333.40000", "2008-12-31": "1275.30000", "2007-12-31": "1267.40000", "2006-12-31": "1256.70000", "2005-12-31": "280.65400"}, "Long-Term Investments": {"2020-12-31": "", "2019-12-31": "", "2018-12-31": "", "2017-12-31": "", "2016-12-31": "", "2015-12-31": "", "2014-12-31": "", "2013-12-31": "", "2012-12-31": "", "2011-12-31": "", "2010-12-31": "", "2009-12-31": "", "2008-12-31": "", "2007-12-31": "", "2006-12-31": "", "2005-12-31": ""}, "Goodwill And Intangible Assets": {"2020-12-31": "38726.00000", "2019-12-31": "39728.00000", "2018-12-31": "40325.00000", "2017-12-31": "41974.00000", "2016-12-31": "35297.00000", "2015-12-31": "31585.90000", "2014-12-31": "32952.70000", "2013-12-31": "19574.60000", "2012-12-31": "20279.00000", "2011-12-31": "19789.20000", "2010-12-31": "14909.40000", "2009-12-31": "15319.90000", "2008-12-31": "15100.90000", "2007-12-31": "15871.00000", "2006-12-31": "16036.60000", "2005-12-31": "2416.93500"}, "Other Long-Term Assets": {"2020-12-31": "2457.00000", "2019-12-31": "2011.00000", "2018-12-31": "1117.00000", "2017-12-31": "1227.00000", "2016-12-31": "1012.00000", "2015-12-31": "1058.40000", "2014-12-31": "933.10000", "2013-12-31": "640.70000", "2012-12-31": "604.40000", "2011-12-31": "611.30000", "2010-12-31": "944.80000", "2009-12-31": "440.80000", "2008-12-31": "367.90000", "2007-12-31": "403.70000", "2006-12-31": "309.40000", "2005-12-31": "200.08000"}, "Total Long-Term Assets": {"2020-12-31": "47095.00000", "2019-12-31": "46488.00000", "2018-12-31": "45607.00000", "2017-12-31": "47248.00000", "2016-12-31": "38887.00000", "2015-12-31": "35093.10000", "2014-12-31": "36312.30000", "2013-12-31": "21982.70000", "2012-12-31": "22609.80000", "2011-12-31": "22011.80000", "2010-12-31": "17214.40000", "2009-12-31": "17094.10000", "2008-12-31": "16744.10000", "2007-12-31": "17542.10000", "2006-12-31": "17602.70000", "2005-12-31": "2897.66900"}, "Total Assets": {"2020-12-31": "69052.00000", "2019-12-31": "58381.00000", "2018-12-31": "56232.00000", "2017-12-31": "56669.00000", "2016-12-31": "45908.00000", "2015-12-31": "40834.30000", "2014-12-31": "42852.10000", "2013-12-31": "31863.40000", "2012-12-31": "27444.60000", "2011-12-31": "26833.70000", "2010-12-31": "21349.40000", "2009-12-31": "21625.00000", "2008-12-31": "21090.00000", "2007-12-31": "21207.40000", "2006-12-31": "21262.20000", "2005-12-31": "4251.56900"}, "Total Current Liabilities": {"2020-12-31": "10304.00000", "2019-12-31": "6197.00000", "2018-12-31": "6147.00000", "2017-12-31": "7048.00000", "2016-12-31": "4866.00000", "2015-12-31": "4146.30000", "2014-12-31": "5349.80000", "2013-12-31": "3126.00000", "2012-12-31": "2093.30000", "2011-12-31": "3113.10000", "2010-12-31": "1709.80000", "2009-12-31": "1639.30000", "2008-12-31": "1540.20000", "2007-12-31": "1901.60000", "2006-12-31": "2152.30000", "2005-12-31": "791.66200"}, "Long Term Debt": {"2020-12-31": "19107.00000", "2019-12-31": "17076.00000", "2018-12-31": "17719.00000", "2017-12-31": "18873.00000", "2016-12-31": "15372.00000", "2015-12-31": "11420.20000", "2014-12-31": "12351.60000", "2013-12-31": "9499.60000", "2012-12-31": "7031.20000", "2011-12-31": "5755.20000", "2010-12-31": "2031.30000", "2009-12-31": "2065.90000", "2008-12-31": "2027.40000", "2007-12-31": "2045.90000", "2006-12-31": "2180.70000", "2005-12-31": "468.63000"}, "Other Non-Current Liabilities": {"2020-12-31": "5134.00000", "2019-12-31": "3241.00000", "2018-12-31": "2515.00000", "2017-12-31": "2569.00000", "2016-12-31": "1573.00000", "2015-12-31": "1295.00000", "2014-12-31": "1171.90000", "2013-12-31": "771.80000", "2012-12-31": "808.20000", "2011-12-31": "698.00000", "2010-12-31": "621.20000", "2009-12-31": "555.10000", "2008-12-31": "601.70000", "2007-12-31": "491.70000", "2006-12-31": "459.90000", "2005-12-31": "132.95000"}, "Total Long Term Liabilities": {"2020-12-31": "24241.00000", "2019-12-31": "22509.00000", "2018-12-31": "22499.00000", "2017-12-31": "24208.00000", "2016-12-31": "19502.00000", "2015-12-31": "15337.80000", "2014-12-31": "16954.20000", "2013-12-31": "11881.30000", "2012-12-31": "9886.60100", "2011-12-31": "8682.50000", "2010-12-31": "4278.60000", "2009-12-31": "4554.80000", "2008-12-31": "4623.30000", "2007-12-31": "4817.50000", "2006-12-31": "5198.10000", "2005-12-31": "666.59500"}, "Total Liabilities": {"2020-12-31": "34545.00000", "2019-12-31": "28706.00000", "2018-12-31": "28646.00000", "2017-12-31": "31256.00000", "2016-12-31": "24368.00000", "2015-12-31": "19484.10000", "2014-12-31": "22304.00000", "2013-12-31": "15007.30000", "2012-12-31": "11979.90000", "2011-12-31": "11795.60000", "2010-12-31": "5988.40000", "2009-12-31": "6194.10000", "2008-12-31": "6163.50000", "2007-12-31": "6719.10000", "2006-12-31": "7350.40000", "2005-12-31": "1458.25700"}, "Common Stock Net": {"2020-12-31": "", "2019-12-31": "434.00000", "2018-12-31": "432.00000", "2017-12-31": "428.00000", "2016-12-31": "415.00000", "2015-12-31": "411.90000", "2014-12-31": "408.50000", "2013-12-31": "369.60000", "2012-12-31": "413.50000", "2011-12-31": "406.40000", "2010-12-31": "401.80000", "2009-12-31": "423.90000", "2008-12-31": "421.80000", "2007-12-31": "439.30000", "2006-12-31": "424.20000", "2005-12-31": "181.81700"}, "Retained Earnings (Accumulated Deficit)": {"2020-12-31": "", "2019-12-31": "22092.00000", "2018-12-31": "18696.00000", "2017-12-31": "15914.00000", "2016-12-31": "13927.00000", "2015-12-31": "12142.30000", "2014-12-31": "10406.90000", "2013-12-31": "8753.30000", "2012-12-31": "7697.30000", "2011-12-31": "6716.30000", "2010-12-31": "5386.40000", "2009-12-31": "4350.80000", "2008-12-31": "3500.50000", "2007-12-31": "2534.50000", "2006-12-31": "1773.40000", "2005-12-31": "1604.47500"}, "Comprehensive Income": {"2020-12-31": "", "2019-12-31": "-2679.00000", "2018-12-31": "-2498.00000", "2017-12-31": "-2003.00000", "2016-12-31": "-2636.00000", "2015-12-31": "-1997.30000", "2014-12-31": "-1285.00000", "2013-12-31": "-77.20000", "2012-12-31": "-150.40000", "2011-12-31": "-399.50000", "2010-12-31": "43.60000", "2009-12-31": "92.00000", "2008-12-31": "-145.80000", "2007-12-31": "388.40000", "2006-12-31": "150.20000", "2005-12-31": "27.17900"}, "Other Share Holders Equity": {"2020-12-31": "", "2019-12-31": "", "2018-12-31": "", "2017-12-31": "", "2016-12-31": "", "2015-12-31": "", "2014-12-31": "", "2013-12-31": "", "2012-12-31": "", "2011-12-31": "", "2010-12-31": "", "2009-12-31": "", "2008-12-31": "", "2007-12-31": "", "2006-12-31": "", "2005-12-31": ""}, "Share Holder Equity": {"2020-12-31": "34507.00000", "2019-12-31": "29675.00000", "2018-12-31": "27586.00000", "2017-12-31": "25413.00000", "2016-12-31": "21540.00000", "2015-12-31": "21350.20000", "2014-12-31": "20548.10000", "2013-12-31": "16856.10000", "2012-12-31": "15464.70000", "2011-12-31": "15038.10000", "2010-12-31": "15361.00000", "2009-12-31": "15430.90000", "2008-12-31": "14926.50000", "2007-12-31": "14488.30000", "2006-12-31": "13911.80000", "2005-12-31": "2793.31200"}, "Total Liabilities And Share Holders Equity": {"2020-12-31": "69052.00000", "2019-12-31": "58381.00000", "2018-12-31": "56232.00000", "2017-12-31": "56669.00000", "2016-12-31": "45908.00000", "2015-12-31": "40834.30000", "2014-12-31": "42852.10000", "2013-12-31": "31863.40000", "2012-12-31": "27444.60000", "2011-12-31": "26833.70000", "2010-12-31": "21349.40000", "2009-12-31": "21625.00000", "2008-12-31": "21090.00000", "2007-12-31": "21207.40000", "2006-12-31": "21262.20000", "2005-12-31": "4251.56900"}}, "balance sheet, quarterly": {"Cash On Hand": {"2020-12-31": "10325.00000", "2020-09-30": "7540.00000", "2020-06-30": "5818.00000", "2020-03-31": "2981.00000", "2019-12-31": "2399.00000", "2019-09-30": "1273.00000", "2019-06-30": "2288.00000", "2019-03-31": "1106.00000", "2018-12-31": "2103.00000", "2018-09-30": "1098.00000", "2018-06-30": "937.00000", "2018-03-31": "950.00000", "2017-12-31": "1335.00000", "2017-09-30": "741.10000", "2017-06-30": "611.00000", "2017-03-31": "713.30000", "2016-12-31": "786.00000", "2016-09-30": "1970.00000", "2016-06-30": "663.10000", "2016-03-31": "826.80000", "2015-12-31": "452.10000", "2015-09-30": "503.40000", "2015-06-30": "770.40000", "2015-03-31": "873.00000", "2014-12-31": "1343.50000", "2014-09-30": "543.60000", "2014-06-30": "605.90000", "2014-03-31": "1522.70000", "2013-12-31": "5830.50000", "2013-09-30": "1849.80000", "2013-06-30": "1413.10000", "2013-03-31": "1008.30000", "2012-12-31": "809.90000", "2012-09-30": "836.50000", "2012-06-30": "736.60000", "2012-03-31": "792.60000", "2011-12-31": "1020.60000", "2011-09-30": "898.30000", "2011-06-30": "1363.70000", "2011-03-31": "2793.90000", "2010-12-31": "926.00000", "2010-09-30": "939.30000", "2010-06-30": "1316.60000", "2010-03-31": "1440.20000", "2009-12-31": "1571.20000", "2009-09-30": "1756.30000", "2009-06-30": "1426.70000", "2009-03-31": "1570.10000", "2008-12-31": "1288.00000", "2008-09-30": "1249.50000", "2008-06-30": "1020.40000", "2008-03-31": "748.10000", "2007-12-31": "639.20000", "2007-09-30": "846.20000", "2007-06-30": "973.90000", "2007-03-31": "691.40000", "2006-12-31": "691.20000", "2006-09-30": "172.64300", "2006-06-30": "197.98300", "2006-03-31": "310.55300", "2005-12-31": "294.98700", "2005-09-30": "202.14900", "2005-06-30": "170.80500", "2005-03-31": "528.60300"}, "Receivables": {"2020-12-31": "5741.00000", "2020-09-30": "5186.00000", "2020-06-30": "4478.00000", "2020-03-31": "4508.00000", "2019-12-31": "4349.00000", "2019-09-30": "4384.00000", "2019-06-30": "4129.00000", "2019-03-31": "4155.00000", "2018-12-31": "4136.00000", "2018-09-30": "4257.00000", "2018-06-30": "4441.00000", "2018-03-31": "4530.00000", "2017-12-31": "3879.00000", "2017-09-30": "4209.10000", "2017-06-30": "3673.20000", "2017-03-31": "3523.50000", "2016-12-31": "3427.00000", "2016-09-30": "2895.10000", "2016-06-30": "2709.10000", "2016-03-31": "2668.30000", "2015-12-31": "2763.00000", "2015-09-30": "2543.90000", "2015-06-30": "2631.00000", "2015-03-31": "2538.00000", "2014-12-31": "2473.60000", "2014-09-30": "2507.10000", "2014-06-30": "2660.10000", "2014-03-31": "2695.50000", "2013-12-31": "1942.30000", "2013-09-30": "1945.10000", "2013-06-30": "1901.50000", "2013-03-31": "1904.50000", "2012-12-31": "1804.90000", "2012-09-30": "1829.20000", "2012-06-30": "1803.50000", "2012-03-31": "1894.80000", "2011-12-31": "1763.70000", "2011-09-30": "1811.00000", "2011-06-30": "1683.40000", "2011-03-31": "1565.50000", "2010-12-31": "1473.80000", "2010-09-30": "1562.10000", "2010-06-30": "1472.50000", "2010-03-31": "1493.80000", "2009-12-31": "1409.60000", "2009-09-30": "1482.00000", "2009-06-30": "1470.40000", "2009-03-31": "1423.20000", "2008-12-31": "1478.10000", "2008-09-30": "1543.40000", "2008-06-30": "1599.10000", "2008-03-31": "1585.70000", "2007-12-31": "1450.00000", "2007-09-30": "1458.10000", "2007-06-30": "1422.50000", "2007-03-31": "1419.00000", "2006-12-31": "1392.70000", "2006-09-30": "539.83900", "2006-06-30": "544.52000", "2006-03-31": "542.92900", "2005-12-31": "560.17200", "2005-09-30": "521.38100", "2005-06-30": "512.64800", "2005-03-31": "458.55800"}, "Inventory": {"2020-12-31": "4029.00000", "2020-09-30": "3829.00000", "2020-06-30": "3648.00000", "2020-03-31": "3454.00000", "2019-12-31": "3370.00000", "2019-09-30": "3308.00000", "2019-06-30": "3209.00000", "2019-03-31": "3124.00000", "2018-12-31": "3005.00000", "2018-09-30": "2982.00000", "2018-06-30": "2866.00000", "2018-03-31": "2891.00000", "2017-12-31": "2971.00000", "2017-09-30": "3125.50000", "2017-06-30": "2422.20000", "2017-03-31": "2327.10000", "2016-12-31": "2213.00000", "2016-09-30": "2390.90000", "2016-06-30": "2086.30000", "2016-03-31": "2154.90000", "2015-12-31": "1991.70000", "2015-09-30": "1987.20000", "2015-06-30": "1962.30000", "2015-03-31": "1898.80000", "2014-12-31": "1859.50000", "2014-09-30": "1913.70000", "2014-06-30": "1933.80000", "2014-03-31": "2060.50000", "2013-12-31": "1494.50000", "2013-09-30": "1546.80000", "2013-06-30": "1487.10000", "2013-03-31": "1474.60000", "2012-12-31": "1443.30000", "2012-09-30": "1517.00000", "2012-06-30": "1390.70000", "2012-03-31": "1422.30000", "2011-12-31": "1330.10000", "2011-09-30": "1406.10000", "2011-06-30": "1350.40000", "2011-03-31": "1264.00000", "2010-12-31": "1172.90000", "2010-09-30": "1207.70000", "2010-06-30": "1148.50000", "2010-03-31": "1154.60000", "2009-12-31": "1131.40000", "2009-09-30": "1169.60000", "2009-06-30": "1185.10000", "2009-03-31": "1161.70000", "2008-12-31": "1171.40000", "2008-09-30": "1260.40000", "2008-06-30": "1264.10000", "2008-03-31": "1246.70000", "2007-12-31": "1169.90000", "2007-09-30": "1206.20000", "2007-06-30": "1183.20000", "2007-03-31": "1180.50000", "2006-12-31": "1164.50000", "2006-09-30": "407.47200", "2006-06-30": "396.16000", "2006-03-31": "381.50200", "2005-12-31": "359.39200", "2005-09-30": "395.55900", "2005-06-30": "399.69900", "2005-03-31": "345.60500"}, "Pre-Paid Expenses": {"2020-12-31": "", "2020-09-30": "", "2020-06-30": "", "2020-03-31": "", "2019-12-31": "", "2019-09-30": "", "2019-06-30": "", "2019-03-31": "", "2018-12-31": "", "2018-09-30": "", "2018-06-30": "", "2018-03-31": "", "2017-12-31": "", "2017-09-30": "", "2017-06-30": "", "2017-03-31": "", "2016-12-31": "", "2016-09-30": "", "2016-06-30": "", "2016-03-31": "", "2015-12-31": "", "2015-09-30": "", "2015-06-30": "", "2015-03-31": "", "2014-12-31": "", "2014-09-30": "", "2014-06-30": "", "2014-03-31": "", "2013-12-31": "", "2013-09-30": "", "2013-06-30": "", "2013-03-31": "", "2012-12-31": "", "2012-09-30": "", "2012-06-30": "", "2012-03-31": "", "2011-12-31": "", "2011-09-30": "", "2011-06-30": "", "2011-03-31": "", "2010-12-31": "", "2010-09-30": "", "2010-06-30": "", "2010-03-31": "", "2009-12-31": "", "2009-09-30": "", "2009-06-30": "", "2009-03-31": "", "2008-12-31": "", "2008-09-30": "", "2008-06-30": "", "2008-03-31": "", "2007-12-31": "", "2007-09-30": "", "2007-06-30": "", "2007-03-31": "", "2006-12-31": "", "2006-09-30": "", "2006-06-30": "", "2006-03-31": "", "2005-12-31": "", "2005-09-30": "", "2005-06-30": "", "2005-03-31": ""}, "Other Current Assets": {"2020-12-31": "1862.00000", "2020-09-30": "1679.00000", "2020-06-30": "1831.00000", "2020-03-31": "1795.00000", "2019-12-31": "1775.00000", "2019-09-30": "1549.00000", "2019-06-30": "1597.00000", "2019-03-31": "1554.00000", "2018-12-31": "1381.00000", "2018-09-30": "1229.00000", "2018-06-30": "1230.00000", "2018-03-31": "1217.00000", "2017-12-31": "1236.00000", "2017-09-30": "768.30000", "2017-06-30": "746.10000", "2017-03-31": "684.20000", "2016-12-31": "595.00000", "2016-09-30": "948.40000", "2016-06-30": "872.50000", "2016-03-31": "889.00000", "2015-12-31": "534.40000", "2015-09-30": "728.10000", "2015-06-30": "589.40000", "2015-03-31": "571.30000", "2014-12-31": "559.90000", "2014-09-30": "524.90000", "2014-06-30": "507.10000", "2014-03-31": "797.30000", "2013-12-31": "420.90000", "2013-09-30": "687.10000", "2013-06-30": "659.50000", "2013-03-31": "566.70000", "2012-12-31": "594.70000", "2012-09-30": "566.80000", "2012-06-30": "558.30000", "2012-03-31": "499.70000", "2011-12-31": "549.70000", "2011-09-30": "415.10000", "2011-06-30": "412.00000", "2011-03-31": "382.10000", "2010-12-31": "381.00000", "2010-09-30": "292.80000", "2010-06-30": "247.50000", "2010-03-31": "279.00000", "2009-12-31": "258.70000", "2009-09-30": "227.40000", "2009-06-30": "223.50000", "2009-03-31": "212.00000", "2008-12-31": "246.70000", "2008-09-30": "224.30000", "2008-06-30": "248.00000", "2008-03-31": "239.80000", "2007-12-31": "210.40000", "2007-09-30": "238.60000", "2007-06-30": "233.00000", "2007-03-31": "230.00000", "2006-12-31": "201.90000", "2006-09-30": "78.50100", "2006-06-30": "61.07200", "2006-03-31": "64.20500", "2005-12-31": "59.76300", "2005-09-30": "87.06200", "2005-06-30": "59.69000", "2005-03-31": "61.29400"}, "Total Current Assets": {"2020-12-31": "21957.00000", "2020-09-30": "18234.00000", "2020-06-30": "15775.00000", "2020-03-31": "12738.00000", "2019-12-31": "11893.00000", "2019-09-30": "10514.00000", "2019-06-30": "11223.00000", "2019-03-31": "9939.00000", "2018-12-31": "10625.00000", "2018-09-30": "9566.00000", "2018-06-30": "9474.00000", "2018-03-31": "9588.00000", "2017-12-31": "9421.00000", "2017-09-30": "8844.00000", "2017-06-30": "7452.50000", "2017-03-31": "7248.10000", "2016-12-31": "7021.00000", "2016-09-30": "8204.40000", "2016-06-30": "6331.00000", "2016-03-31": "6539.00000", "2015-12-31": "5741.20000", "2015-09-30": "6025.90000", "2015-06-30": "6236.60000", "2015-03-31": "6180.50000", "2014-12-31": "6539.80000", "2014-09-30": "5719.90000", "2014-06-30": "5944.40000", "2014-03-31": "7306.10000", "2013-12-31": "9880.70000", "2013-09-30": "6210.40000", "2013-06-30": "5641.50000", "2013-03-31": "5136.10000", "2012-12-31": "4834.80000", "2012-09-30": "4947.30000", "2012-06-30": "4667.00000", "2012-03-31": "4769.50000", "2011-12-31": "4821.90000", "2011-09-30": "4734.60000", "2011-06-30": "5004.70000", "2011-03-31": "6189.30000", "2010-12-31": "4135.00000", "2010-09-30": "4171.00000", "2010-06-30": "4348.00000", "2010-03-31": "4528.60000", "2009-12-31": "4530.90000", "2009-09-30": "4797.60000", "2009-06-30": "4467.00000", "2009-03-31": "4519.40000", "2008-12-31": "4345.90000", "2008-09-30": "4443.00000", "2008-06-30": "4299.50000", "2008-03-31": "3988.80000", "2007-12-31": "3665.30000", "2007-09-30": "3908.40000", "2007-06-30": "4007.10000", "2007-03-31": "3746.20000", "2006-12-31": "3659.50000", "2006-09-30": "1278.57600", "2006-06-30": "1280.22200", "2006-03-31": "1377.13800", "2005-12-31": "1353.90000", "2005-09-30": "1261.82600", "2005-06-30": "1237.59500", "2005-03-31": "1485.61800"}, "Property, Plant, And Equipment": {"2020-12-31": "5912.00000", "2020-09-30": "5180.00000", "2020-06-30": "4887.00000", "2020-03-31": "4736.00000", "2019-12-31": "4749.00000", "2019-09-30": "4420.00000", "2019-06-30": "4394.00000", "2019-03-31": "4192.00000", "2018-12-31": "4165.00000", "2018-09-30": "3978.00000", "2018-06-30": "3952.00000", "2018-03-31": "4059.00000", "2017-12-31": "4047.00000", "2017-09-30": "3931.60000", "2017-06-30": "2599.70000", "2017-03-31": "2563.30000", "2016-12-31": "2578.00000", "2016-09-30": "2599.30000", "2016-06-30": "2451.60000", "2016-03-31": "2483.10000", "2015-12-31": "2448.80000", "2015-09-30": "2392.20000", "2015-06-30": "2406.90000", "2015-03-31": "2384.20000", "2014-12-31": "2426.50000", "2014-09-30": "2406.10000", "2014-06-30": "2472.00000", "2014-03-31": "2488.70000", "2013-12-31": "1767.40000", "2013-09-30": "1708.70000", "2013-06-30": "1688.80000", "2013-03-31": "1685.80000", "2012-12-31": "1726.40000", "2012-09-30": "1669.90000", "2012-06-30": "1602.50000", "2012-03-31": "1665.30000", "2011-12-31": "1611.30000", "2011-09-30": "1629.20000", "2011-06-30": "1509.50000", "2011-03-31": "1389.00000", "2010-12-31": "1360.20000", "2010-09-30": "1366.00000", "2010-06-30": "1297.70000", "2010-03-31": "1312.30000", "2009-12-31": "1333.40000", "2009-09-30": "1272.30000", "2009-06-30": "1271.70000", "2009-03-31": "1249.30000", "2008-12-31": "1275.30000", "2008-09-30": "1267.70000", "2008-06-30": "1304.50000", "2008-03-31": "1297.50000", "2007-12-31": "1267.40000", "2007-09-30": "1238.60000", "2007-06-30": "1228.50000", "2007-03-31": "1256.20000", "2006-12-31": "1256.70000", "2006-09-30": "280.51600", "2006-06-30": "283.24200", "2006-03-31": "283.10600", "2005-12-31": "280.65400", "2005-09-30": "288.21200", "2005-06-30": "294.52000", "2005-03-31": "238.03000"}, "Long-Term Investments": {"2020-12-31": "", "2020-09-30": "", "2020-06-30": "", "2020-03-31": "", "2019-12-31": "", "2019-09-30": "", "2019-06-30": "", "2019-03-31": "", "2018-12-31": "", "2018-09-30": "", "2018-06-30": "", "2018-03-31": "", "2017-12-31": "", "2017-09-30": "", "2017-06-30": "", "2017-03-31": "", "2016-12-31": "", "2016-09-30": "", "2016-06-30": "", "2016-03-31": "", "2015-12-31": "", "2015-09-30": "", "2015-06-30": "", "2015-03-31": "", "2014-12-31": "", "2014-09-30": "", "2014-06-30": "", "2014-03-31": "", "2013-12-31": "", "2013-09-30": "", "2013-06-30": "", "2013-03-31": "", "2012-12-31": "", "2012-09-30": "", "2012-06-30": "", "2012-03-31": "", "2011-12-31": "", "2011-09-30": "", "2011-06-30": "", "2011-03-31": "", "2010-12-31": "", "2010-09-30": "", "2010-06-30": "", "2010-03-31": "", "2009-12-31": "", "2009-09-30": "", "2009-06-30": "", "2009-03-31": "", "2008-12-31": "", "2008-09-30": "", "2008-06-30": "", "2008-03-31": "", "2007-12-31": "", "2007-09-30": "", "2007-06-30": "", "2007-03-31": "", "2006-12-31": "", "2006-09-30": "", "2006-06-30": "", "2006-03-31": "", "2005-12-31": "", "2005-09-30": "", "2005-06-30": "", "2005-03-31": ""}, "Goodwill And Intangible Assets": {"2020-12-31": "38726.00000", "2020-09-30": "38652.00000", "2020-06-30": "38870.00000", "2020-03-31": "39157.00000", "2019-12-31": "39728.00000", "2019-09-30": "39935.00000", "2019-06-30": "40620.00000", "2019-03-31": "39725.00000", "2018-12-31": "40325.00000", "2018-09-30": "40361.00000", "2018-06-30": "40800.00000", "2018-03-31": "41755.00000", "2017-12-31": "41974.00000", "2017-09-30": "42158.50000", "2017-06-30": "35421.10000", "2017-03-31": "35382.00000", "2016-12-31": "35297.00000", "2016-09-30": "36102.40000", "2016-06-30": "32389.00000", "2016-03-31": "32870.30000", "2015-12-31": "31585.90000", "2015-09-30": "31761.40000", "2015-06-30": "32190.60000", "2015-03-31": "32355.40000", "2014-12-31": "32952.70000", "2014-09-30": "33745.10000", "2014-06-30": "35060.90000", "2014-03-31": "35505.90000", "2013-12-31": "19574.60000", "2013-09-30": "19743.50000", "2013-06-30": "19720.40000", "2013-03-31": "20005.00000", "2012-12-31": "20279.00000", "2012-09-30": "20406.00000", "2012-06-30": "19546.30000", "2012-03-31": "19823.60000", "2011-12-31": "19789.20000", "2011-09-30": "20062.40000", "2011-06-30": "17023.40000", "2011-03-31": "14895.00000", "2010-12-31": "14909.40000", "2010-09-30": "15472.50000", "2010-06-30": "15153.10000", "2010-03-31": "15347.30000", "2009-12-31": "15319.90000", "2009-09-30": "14932.60000", "2009-06-30": "15029.10000", "2009-03-31": "14893.80000", "2008-12-31": "15100.90000", "2008-09-30": "15465.90000", "2008-06-30": "15668.50000", "2008-03-31": "15809.00000", "2007-12-31": "15871.00000", "2007-09-30": "15646.10000", "2007-06-30": "15759.60000", "2007-03-31": "15911.20000", "2006-12-31": "16036.60000", "2006-09-30": "2419.45500", "2006-06-30": "2395.83200", "2006-03-31": "2376.45600", "2005-12-31": "2416.93500", "2005-09-30": "2417.26400", "2005-06-30": "2437.95900", "2005-03-31": "1671.64400"}, "Other Long-Term Assets": {"2020-12-31": "2457.00000", "2020-09-30": "1995.00000", "2020-06-30": "2061.00000", "2020-03-31": "2057.00000", "2019-12-31": "2011.00000", "2019-09-30": "1860.00000", "2019-06-30": "1733.00000", "2019-03-31": "1740.00000", "2018-12-31": "1117.00000", "2018-09-30": "1173.00000", "2018-06-30": "1177.00000", "2018-03-31": "1178.00000", "2017-12-31": "1227.00000", "2017-09-30": "1051.20000", "2017-06-30": "1040.40000", "2017-03-31": "1020.20000", "2016-12-31": "1012.00000", "2016-09-30": "1104.60000", "2016-06-30": "1081.80000", "2016-03-31": "1060.30000", "2015-12-31": "1058.40000", "2015-09-30": "967.60000", "2015-06-30": "940.30000", "2015-03-31": "937.20000", "2014-12-31": "933.10000", "2014-09-30": "819.70000", "2014-06-30": "836.10000", "2014-03-31": "833.00000", "2013-12-31": "640.70000", "2013-09-30": "609.90000", "2013-06-30": "578.80000", "2013-03-31": "583.80000", "2012-12-31": "604.40000", "2012-09-30": "554.80000", "2012-06-30": "545.50000", "2012-03-31": "564.30000", "2011-12-31": "611.30000", "2011-09-30": "565.30000", "2011-06-30": "536.20000", "2011-03-31": "957.30000", "2010-12-31": "944.80000", "2010-09-30": "527.50000", "2010-06-30": "482.10000", "2010-03-31": "436.40000", "2009-12-31": "440.80000", "2009-09-30": "416.00000", "2009-06-30": "387.80000", "2009-03-31": "370.60000", "2008-12-31": "367.90000", "2008-09-30": "422.90000", "2008-06-30": "408.50000", "2008-03-31": "402.60000", "2007-12-31": "403.70000", "2007-09-30": "379.30000", "2007-06-30": "276.90000", "2007-03-31": "258.30000", "2006-12-31": "309.40000", "2006-09-30": "219.69100", "2006-06-30": "216.90700", "2006-03-31": "203.95400", "2005-12-31": "200.08000", "2005-09-30": "178.54300", "2005-06-30": "164.30000", "2005-03-31": "159.17100"}, "Total Long-Term Assets": {"2020-12-31": "47095.00000", "2020-09-30": "45827.00000", "2020-06-30": "45818.00000", "2020-03-31": "45950.00000", "2019-12-31": "46488.00000", "2019-09-30": "46215.00000", "2019-06-30": "46747.00000", "2019-03-31": "45657.00000", "2018-12-31": "45607.00000", "2018-09-30": "45512.00000", "2018-06-30": "45929.00000", "2018-03-31": "46992.00000", "2017-12-31": "47248.00000", "2017-09-30": "47141.30000", "2017-06-30": "39061.20000", "2017-03-31": "38965.50000", "2016-12-31": "38887.00000", "2016-09-30": "39806.30000", "2016-06-30": "35922.40000", "2016-03-31": "36413.70000", "2015-12-31": "35093.10000", "2015-09-30": "35121.20000", "2015-06-30": "35537.80000", "2015-03-31": "35676.80000", "2014-12-31": "36312.30000", "2014-09-30": "36970.90000", "2014-06-30": "38369.00000", "2014-03-31": "38827.60000", "2013-12-31": "21982.70000", "2013-09-30": "22062.10000", "2013-06-30": "21988.00000", "2013-03-31": "22274.60000", "2012-12-31": "22609.80000", "2012-09-30": "22630.70000", "2012-06-30": "21694.30000", "2012-03-31": "22053.20000", "2011-12-31": "22011.80000", "2011-09-30": "22256.90000", "2011-06-30": "19069.10000", "2011-03-31": "17241.30000", "2010-12-31": "17214.40000", "2010-09-30": "17366.00000", "2010-06-30": "16932.90000", "2010-03-31": "17096.00000", "2009-12-31": "17094.10000", "2009-09-30": "16620.90000", "2009-06-30": "16688.60000", "2009-03-31": "16513.70000", "2008-12-31": "16744.10000", "2008-09-30": "17156.50000", "2008-06-30": "17381.50000", "2008-03-31": "17509.10000", "2007-12-31": "17542.10000", "2007-09-30": "17264.00000", "2007-06-30": "17265.00000", "2007-03-31": "17425.70000", "2006-12-31": "17602.70000", "2006-09-30": "2919.66200", "2006-06-30": "2895.98100", "2006-03-31": "2863.51600", "2005-12-31": "2897.66900", "2005-09-30": "2884.01900", "2005-06-30": "2896.77900", "2005-03-31": "2068.84500"}, "Total Assets": {"2020-12-31": "69052.00000", "2020-09-30": "64061.00000", "2020-06-30": "61593.00000", "2020-03-31": "58688.00000", "2019-12-31": "58381.00000", "2019-09-30": "56729.00000", "2019-06-30": "57970.00000", "2019-03-31": "55596.00000", "2018-12-31": "56232.00000", "2018-09-30": "55078.00000", "2018-06-30": "55403.00000", "2018-03-31": "56580.00000", "2017-12-31": "56669.00000", "2017-09-30": "55985.30000", "2017-06-30": "46513.70000", "2017-03-31": "46213.60000", "2016-12-31": "45908.00000", "2016-09-30": "48010.70000", "2016-06-30": "42253.40000", "2016-03-31": "42952.70000", "2015-12-31": "40834.30000", "2015-09-30": "41147.10000", "2015-06-30": "41774.40000", "2015-03-31": "41857.30000", "2014-12-31": "42852.10000", "2014-09-30": "42690.80000", "2014-06-30": "44313.40000", "2014-03-31": "46133.70000", "2013-12-31": "31863.40000", "2013-09-30": "28272.50000", "2013-06-30": "27629.50000", "2013-03-31": "27410.70000", "2012-12-31": "27444.60000", "2012-09-30": "27578.00000", "2012-06-30": "26361.30000", "2012-03-31": "26822.70000", "2011-12-31": "26833.70000", "2011-09-30": "26991.50000", "2011-06-30": "24073.80000", "2011-03-31": "23430.60000", "2010-12-31": "21349.40000", "2010-09-30": "21537.00000", "2010-06-30": "21280.90000", "2010-03-31": "21624.60000", "2009-12-31": "21625.00000", "2009-09-30": "21418.50000", "2009-06-30": "21155.60000", "2009-03-31": "21033.10000", "2008-12-31": "21090.00000", "2008-09-30": "21599.50000", "2008-06-30": "21681.00000", "2008-03-31": "21497.90000", "2007-12-31": "21207.40000", "2007-09-30": "21172.40000", "2007-06-30": "21272.10000", "2007-03-31": "21171.90000", "2006-12-31": "21262.20000", "2006-09-30": "4198.23800", "2006-06-30": "4176.20300", "2006-03-31": "4240.65400", "2005-12-31": "4251.56900", "2005-09-30": "4145.84500", "2005-06-30": "4134.37400", "2005-03-31": "3554.46300"}, "Total Current Liabilities": {"2020-12-31": "10304.00000", "2020-09-30": "6228.00000", "2020-06-30": "6013.00000", "2020-03-31": "5500.00000", "2019-12-31": "6197.00000", "2019-09-30": "5844.00000", "2019-06-30": "7509.00000", "2019-03-31": "5898.00000", "2018-12-31": "6147.00000", "2018-09-30": "5196.00000", "2018-06-30": "5980.00000", "2018-03-31": "7072.00000", "2017-12-31": "7048.00000", "2017-09-30": "7031.30000", "2017-06-30": "5075.80000", "2017-03-31": "5302.90000", "2016-12-31": "4866.00000", "2016-09-30": "5259.90000", "2016-06-30": "5528.20000", "2016-03-31": "6322.80000", "2015-12-31": "4146.30000", "2015-09-30": "5735.10000", "2015-06-30": "6100.40000", "2015-03-31": "6861.00000", "2014-12-31": "5349.80000", "2014-09-30": "6222.10000", "2014-06-30": "6235.60000", "2014-03-31": "5391.50000", "2013-12-31": "3126.00000", "2013-09-30": "2453.00000", "2013-06-30": "2362.90000", "2013-03-31": "2302.80000", "2012-12-31": "2093.30000", "2012-09-30": "2522.50000", "2012-06-30": "2703.20000", "2012-03-31": "2845.40000", "2011-12-31": "3113.10000", "2011-09-30": "2792.50000", "2011-06-30": "1816.80000", "2011-03-31": "4146.00000", "2010-12-31": "1709.80000", "2010-09-30": "1770.60000", "2010-06-30": "1616.00000", "2010-03-31": "1775.70000", "2009-12-31": "1639.30000", "2009-09-30": "1593.80000", "2009-06-30": "1523.60000", "2009-03-31": "1499.60000", "2008-12-31": "1540.20000", "2008-09-30": "1840.00000", "2008-06-30": "1880.10000", "2008-03-31": "1909.20000", "2007-12-31": "1901.60000", "2007-09-30": "1630.90000", "2007-06-30": "1603.00000", "2007-03-31": "1796.50000", "2006-12-31": "2152.30000", "2006-09-30": "722.82300", "2006-06-30": "783.95400", "2006-03-31": "716.56700", "2005-12-31": "791.66200", "2005-09-30": "730.91600", "2005-06-30": "787.54500", "2005-03-31": "548.51900"}, "Long Term Debt": {"2020-12-31": "19107.00000", "2020-09-30": "21091.00000", "2020-06-30": "20638.00000", "2020-03-31": "19231.00000", "2019-12-31": "17076.00000", "2019-09-30": "16392.00000", "2019-06-30": "16663.00000", "2019-03-31": "16812.00000", "2018-12-31": "17719.00000", "2018-09-30": "17760.00000", "2018-06-30": "17709.00000", "2018-03-31": "18122.00000", "2017-12-31": "18873.00000", "2017-09-30": "21117.60000", "2017-06-30": "15255.70000", "2017-03-31": "15188.40000", "2016-12-31": "15372.00000", "2016-09-30": "16940.40000", "2016-06-30": "11631.90000", "2016-03-31": "11653.00000", "2015-12-31": "11420.20000", "2015-09-30": "10277.90000", "2015-06-30": "10663.70000", "2015-03-31": "10696.20000", "2014-12-31": "12351.60000", "2014-09-30": "11388.60000", "2014-06-30": "12502.00000", "2014-03-31": "15196.90000", "2013-12-31": "9499.60000", "2013-09-30": "6717.90000", "2013-06-30": "6721.10000", "2013-03-31": "6724.40000", "2012-12-31": "7031.20000", "2012-09-30": "7037.50000", "2012-06-30": "5745.90000", "2012-03-31": "5751.00000", "2011-12-31": "5755.20000", "2011-09-30": "6115.30000", "2011-06-30": "4008.80000", "2011-03-31": "1800.80000", "2010-12-31": "2031.30000", "2010-09-30": "2060.90000", "2010-06-30": "2032.80000", "2010-03-31": "1930.30000", "2009-12-31": "2065.90000", "2009-09-30": "1964.60000", "2009-06-30": "2028.20000", "2009-03-31": "2024.50000", "2008-12-31": "2027.40000", "2008-09-30": "2043.00000", "2008-06-30": "2044.50000", "2008-03-31": "2045.90000", "2007-12-31": "2045.90000", "2007-09-30": "2181.10000", "2007-06-30": "2177.70000", "2007-03-31": "2182.40000", "2006-12-31": "2180.70000", "2006-09-30": "469.88600", "2006-06-30": "467.46200", "2006-03-31": "469.21000", "2005-12-31": "468.63000", "2005-09-30": "472.09600", "2005-06-30": "472.93700", "2005-03-31": "223.72700"}, "Other Non-Current Liabilities": {"2020-12-31": "5134.00000", "2020-09-30": "3390.00000", "2020-06-30": "3317.00000", "2020-03-31": "3261.00000", "2019-12-31": "3241.00000", "2019-09-30": "3137.00000", "2019-06-30": "3133.00000", "2019-03-31": "3048.00000", "2018-12-31": "2515.00000", "2018-09-30": "2682.00000", "2018-06-30": "2670.00000", "2018-03-31": "2657.00000", "2017-12-31": "2569.00000", "2017-09-30": "", "2017-06-30": "1470.20000", "2017-03-31": "1463.70000", "2016-12-31": "1573.00000", "2016-09-30": "1436.80000", "2016-06-30": "1347.90000", "2016-03-31": "1358.50000", "2015-12-31": "1295.00000", "2015-09-30": "1252.20000", "2015-06-30": "1195.60000", "2015-03-31": "1162.40000", "2014-12-31": "1171.90000", "2014-09-30": "1096.40000", "2014-06-30": "1128.90000", "2014-03-31": "1129.10000", "2013-12-31": "771.80000", "2013-09-30": "811.70000", "2013-06-30": "796.90000", "2013-03-31": "786.40000", "2012-12-31": "808.20000", "2012-09-30": "718.20000", "2012-06-30": "709.70000", "2012-03-31": "718.60000", "2011-12-31": "698.00000", "2011-09-30": "625.40000", "2011-06-30": "625.70000", "2011-03-31": "623.10000", "2010-12-31": "621.20000", "2010-09-30": "540.50000", "2010-06-30": "534.50000", "2010-03-31": "541.00000", "2009-12-31": "555.10000", "2009-09-30": "586.90000", "2009-06-30": "606.20000", "2009-03-31": "588.20000", "2008-12-31": "601.70000", "2008-09-30": "464.20000", "2008-06-30": "486.40000", "2008-03-31": "501.00000", "2007-12-31": "491.70000", "2007-09-30": "552.00000", "2007-06-30": "514.20000", "2007-03-31": "476.50000", "2006-12-31": "459.90000", "2006-09-30": "147.90500", "2006-06-30": "144.31300", "2006-03-31": "136.80600", "2005-12-31": "132.95000", "2005-09-30": "107.54400", "2005-06-30": "100.81500", "2005-03-31": "91.45800"}, "Total Long Term Liabilities": {"2020-12-31": "24241.00000", "2020-09-30": "26009.00000", "2020-06-30": "25705.00000", "2020-03-31": "24629.00000", "2019-12-31": "22509.00000", "2019-09-30": "21530.00000", "2019-06-30": "21732.00000", "2019-03-31": "22005.00000", "2018-12-31": "22499.00000", "2018-09-30": "22992.00000", "2018-06-30": "22978.00000", "2018-03-31": "23385.00000", "2017-12-31": "24208.00000", "2017-09-30": "24252.20000", "2017-06-30": "19046.30000", "2017-03-31": "19115.50000", "2016-12-31": "19502.00000", "2016-09-30": "21092.20000", "2016-06-30": "15461.30000", "2016-03-31": "15705.50000", "2015-12-31": "15337.80000", "2015-09-30": "14561.80000", "2015-06-30": "14994.20000", "2015-03-31": "15081.50000", "2014-12-31": "16954.20000", "2014-09-30": "15958.10000", "2014-06-30": "17419.20000", "2014-03-31": "20311.60000", "2013-12-31": "11881.30000", "2013-09-30": "9382.20000", "2013-06-30": "9463.80100", "2013-03-31": "9508.40000", "2012-12-31": "9886.60100", "2012-09-30": "9765.00000", "2012-06-30": "8563.70000", "2012-03-31": "8688.30000", "2011-12-31": "8682.50000", "2011-09-30": "9003.10000", "2011-06-30": "6591.30000", "2011-03-31": "4029.90000", "2010-12-31": "4278.60000", "2010-09-30": "4369.80000", "2010-06-30": "4319.80000", "2010-03-31": "4368.90000", "2009-12-31": "4554.80000", "2009-09-30": "4425.30000", "2009-06-30": "4555.60000", "2009-03-31": "4541.00000", "2008-12-31": "4623.30000", "2008-09-30": "4623.90000", "2008-06-30": "4730.90000", "2008-03-31": "4802.90000", "2007-12-31": "4817.50000", "2007-09-30": "5098.60000", "2007-06-30": "5137.30000", "2007-03-31": "5142.70000", "2006-12-31": "5198.10000", "2006-09-30": "660.37300", "2006-06-30": "655.24300", "2006-03-31": "650.03910", "2005-12-31": "666.59500", "2005-09-30": "653.71700", "2005-06-30": "653.77500", "2005-03-31": "329.25100"}, "Total Liabilities": {"2020-12-31": "34545.00000", "2020-09-30": "32237.00000", "2020-06-30": "31718.00000", "2020-03-31": "30129.00000", "2019-12-31": "28706.00000", "2019-09-30": "27374.00000", "2019-06-30": "29241.00000", "2019-03-31": "27903.00000", "2018-12-31": "28646.00000", "2018-09-30": "28188.00000", "2018-06-30": "28958.00000", "2018-03-31": "30457.00000", "2017-12-31": "31256.00000", "2017-09-30": "31283.50000", "2017-06-30": "24122.10000", "2017-03-31": "24418.40000", "2016-12-31": "24368.00000", "2016-09-30": "26352.10000", "2016-06-30": "20989.50000", "2016-03-31": "22028.30000", "2015-12-31": "19484.10000", "2015-09-30": "20296.90000", "2015-06-30": "21094.60000", "2015-03-31": "21942.50000", "2014-12-31": "22304.00000", "2014-09-30": "22180.20000", "2014-06-30": "23654.80000", "2014-03-31": "25703.10000", "2013-12-31": "15007.30000", "2013-09-30": "11835.20000", "2013-06-30": "11826.70000", "2013-03-31": "11811.20000", "2012-12-31": "11979.90000", "2012-09-30": "12287.50000", "2012-06-30": "11266.90000", "2012-03-31": "11533.70000", "2011-12-31": "11795.60000", "2011-09-30": "11795.60000", "2011-06-30": "8408.10000", "2011-03-31": "8175.90000", "2010-12-31": "5988.40000", "2010-09-30": "6140.40000", "2010-06-30": "5935.80000", "2010-03-31": "6144.60000", "2009-12-31": "6194.10000", "2009-09-30": "6019.10000", "2009-06-30": "6079.20000", "2009-03-31": "6040.60000", "2008-12-31": "6163.50000", "2008-09-30": "6463.90000", "2008-06-30": "6611.00000", "2008-03-31": "6712.10000", "2007-12-31": "6719.10000", "2007-09-30": "6729.50000", "2007-06-30": "6740.30000", "2007-03-31": "6939.20000", "2006-12-31": "7350.40000", "2006-09-30": "1383.19600", "2006-06-30": "1439.19700", "2006-03-31": "1366.60600", "2005-12-31": "1458.25700", "2005-09-30": "1384.63300", "2005-06-30": "1441.32000", "2005-03-31": "877.77000"}, "Common Stock Net": {"2020-12-31": "", "2020-09-30": "437.00000", "2020-06-30": "436.00000", "2020-03-31": "435.00000", "2019-12-31": "434.00000", "2019-09-30": "434.00000", "2019-06-30": "433.00000", "2019-03-31": "433.00000", "2018-12-31": "432.00000", "2018-09-30": "431.00000", "2018-06-30": "430.00000", "2018-03-31": "429.00000", "2017-12-31": "428.00000", "2017-09-30": "428.00000", "2017-06-30": "416.90000", "2017-03-31": "416.40000", "2016-12-31": "415.00000", "2016-09-30": "415.00000", "2016-06-30": "414.00000", "2016-03-31": "413.30000", "2015-12-31": "411.90000", "2015-09-30": "411.40000", "2015-06-30": "410.60000", "2015-03-31": "410.20000", "2014-12-31": "408.50000", "2014-09-30": "408.00000", "2014-06-30": "407.20000", "2014-03-31": "406.80000", "2013-12-31": "369.60000", "2013-09-30": "419.00000", "2013-06-30": "418.10000", "2013-03-31": "416.50000", "2012-12-31": "413.50000", "2012-09-30": "410.60000", "2012-06-30": "408.70000", "2012-03-31": "408.50000", "2011-12-31": "406.40000", "2011-09-30": "406.30000", "2011-06-30": "405.90000", "2011-03-31": "403.40000", "2010-12-31": "401.80000", "2010-09-30": "426.00000", "2010-06-30": "425.80000", "2010-03-31": "425.10000", "2009-12-31": "423.90000", "2009-09-30": "422.80000", "2009-06-30": "422.60000", "2009-03-31": "422.30000", "2008-12-31": "421.80000", "2008-09-30": "421.50000", "2008-06-30": "445.30000", "2008-03-31": "444.50000", "2007-12-31": "439.30000", "2007-09-30": "437.80000", "2007-06-30": "434.20000", "2007-03-31": "429.60000", "2006-12-31": "424.20000", "2006-09-30": "163.36100", "2006-06-30": "183.15500", "2006-03-31": "182.86700", "2005-12-31": "181.81700", "2005-09-30": "181.50900", "2005-06-30": "180.67100", "2005-03-31": "180.43300"}, "Retained Earnings (Accumulated Deficit)": {"2020-12-31": "", "2020-09-30": "25705.00000", "2020-06-30": "23860.00000", "2020-03-31": "22791.00000", "2019-12-31": "22092.00000", "2019-09-30": "21165.00000", "2019-06-30": "20482.00000", "2019-03-31": "19439.00000", "2018-12-31": "18696.00000", "2018-09-30": "17866.00000", "2018-06-30": "17226.00000", "2018-03-31": "16542.00000", "2017-12-31": "15914.00000", "2017-09-30": "15445.80000", "2017-06-30": "14972.30000", "2017-03-31": "14419.40000", "2016-12-31": "13927.00000", "2016-09-30": "13356.50000", "2016-06-30": "12942.50000", "2016-03-31": "12485.20000", "2015-12-31": "12142.30000", "2015-09-30": "11599.70000", "2015-06-30": "11183.70000", "2015-03-31": "10732.10000", "2014-12-31": "10406.90000", "2014-09-30": "9866.00000", "2014-06-30": "9454.60000", "2014-03-31": "9236.30000", "2013-12-31": "8753.30000", "2013-09-30": "8465.70000", "2013-06-30": "8202.60000", "2013-03-31": "7979.50000", "2012-12-31": "7697.30000", "2012-09-30": "7374.80000", "2012-06-30": "7131.60000", "2012-03-31": "6945.60000", "2011-12-31": "6716.30000", "2011-09-30": "6427.40000", "2011-06-30": "6162.00000", "2011-03-31": "5638.60000", "2010-12-31": "5386.40000", "2010-09-30": "5088.90000", "2010-06-30": "4820.40000", "2010-03-31": "4583.10000", "2009-12-31": "4350.80000", "2009-09-30": "4077.50000", "2009-06-30": "3856.30000", "2009-03-31": "3649.40000", "2008-12-31": "3500.50000", "2008-09-30": "3238.50000", "2008-06-30": "3017.00000", "2008-03-31": "2767.50000", "2007-12-31": "2534.50000", "2007-09-30": "2294.70000", "2007-06-30": "2076.20000", "2007-03-31": "1912.30000", "2006-12-31": "1773.40000", "2006-09-30": "1748.09400", "2006-06-30": "1699.26100", "2006-03-31": "1651.38100", "2005-12-31": "1604.47500", "2005-09-30": "1548.07000", "2005-06-30": "1490.33600", "2005-03-31": "1430.11300"}, "Comprehensive Income": {"2020-12-31": "", "2020-09-30": "-2970.00000", "2020-06-30": "-2989.00000", "2020-03-31": "-3088.00000", "2019-12-31": "-2679.00000", "2019-09-30": "-2722.00000", "2019-06-30": "-2630.00000", "2019-03-31": "-2509.00000", "2018-12-31": "-2498.00000", "2018-09-30": "-2519.00000", "2018-06-30": "-2491.00000", "2018-03-31": "-2042.00000", "2017-12-31": "-2003.00000", "2017-09-30": "-2182.90000", "2017-06-30": "-2256.10000", "2017-03-31": "-2473.50000", "2016-12-31": "-2636.00000", "2016-09-30": "-2154.70000", "2016-06-30": "-2082.10000", "2016-03-31": "-1866.70000", "2015-12-31": "-1997.30000", "2015-09-30": "-1886.40000", "2015-06-30": "-1595.10000", "2015-03-31": "-1846.60000", "2014-12-31": "-1285.00000", "2014-09-30": "-724.30000", "2014-06-30": "-111.70000", "2014-03-31": "-62.80000", "2013-12-31": "-77.20000", "2013-09-30": "-150.40000", "2013-06-30": "-456.00000", "2013-03-31": "-329.30000", "2012-12-31": "-150.40000", "2012-09-30": "-200.30000", "2012-06-30": "-457.70000", "2012-03-31": "-150.90000", "2011-12-31": "-399.50000", "2011-09-30": "-279.40000", "2011-06-30": "266.00000", "2011-03-31": "164.00000", "2010-12-31": "43.60000", "2010-09-30": "79.20000", "2010-06-30": "-150.10000", "2010-03-31": "-47.30000", "2009-12-31": "92.00000", "2009-09-30": "78.80000", "2009-06-30": "4.10000", "2009-03-31": "-257.90000", "2008-12-31": "-145.80000", "2008-09-30": "289.00000", "2008-06-30": "503.30000", "2008-03-31": "510.60000", "2007-12-31": "388.40000", "2007-09-30": "303.20000", "2007-06-30": "219.70000", "2007-03-31": "215.60000", "2006-12-31": "150.20000", "2006-09-30": "77.53500", "2006-06-30": "60.83800", "2006-03-31": "31.44300", "2005-12-31": "27.17900", "2005-09-30": "58.87300", "2005-06-30": "65.53800", "2005-03-31": "116.19200"}, "Other Share Holders Equity": {"2020-12-31": "", "2020-09-30": "", "2020-06-30": "", "2020-03-31": "", "2019-12-31": "", "2019-09-30": "", "2019-06-30": "", "2019-03-31": "", "2018-12-31": "", "2018-09-30": "", "2018-06-30": "", "2018-03-31": "", "2017-12-31": "", "2017-09-30": "", "2017-06-30": "", "2017-03-31": "", "2016-12-31": "", "2016-09-30": "", "2016-06-30": "", "2016-03-31": "", "2015-12-31": "", "2015-09-30": "", "2015-06-30": "", "2015-03-31": "", "2014-12-31": "", "2014-09-30": "", "2014-06-30": "", "2014-03-31": "", "2013-12-31": "", "2013-09-30": "", "2013-06-30": "", "2013-03-31": "", "2012-12-31": "", "2012-09-30": "", "2012-06-30": "", "2012-03-31": "", "2011-12-31": "", "2011-09-30": "", "2011-06-30": "", "2011-03-31": "", "2010-12-31": "", "2010-09-30": "", "2010-06-30": "", "2010-03-31": "", "2009-12-31": "", "2009-09-30": "", "2009-06-30": "", "2009-03-31": "", "2008-12-31": "", "2008-09-30": "", "2008-06-30": "", "2008-03-31": "", "2007-12-31": "", "2007-09-30": "", "2007-06-30": "", "2007-03-31": "", "2006-12-31": "", "2006-09-30": "", "2006-06-30": "", "2006-03-31": "", "2005-12-31": "", "2005-09-30": "", "2005-06-30": "", "2005-03-31": ""}, "Share Holder Equity": {"2020-12-31": "34507.00000", "2020-09-30": "31824.00000", "2020-06-30": "29875.00000", "2020-03-31": "28559.00000", "2019-12-31": "29675.00000", "2019-09-30": "29355.00000", "2019-06-30": "28729.00000", "2019-03-31": "27693.00000", "2018-12-31": "27586.00000", "2018-09-30": "26890.00000", "2018-06-30": "26445.00000", "2018-03-31": "26123.00000", "2017-12-31": "25413.00000", "2017-09-30": "24701.80000", "2017-06-30": "22391.60000", "2017-03-31": "21795.20000", "2016-12-31": "21540.00000", "2016-09-30": "21658.60000", "2016-06-30": "21263.90000", "2016-03-31": "20924.40000", "2015-12-31": "21350.20000", "2015-09-30": "20850.20000", "2015-06-30": "20679.80000", "2015-03-31": "19914.80000", "2014-12-31": "20548.10000", "2014-09-30": "20510.60000", "2014-06-30": "20658.60000", "2014-03-31": "20430.60000", "2013-12-31": "16856.10000", "2013-09-30": "16437.30000", "2013-06-30": "15802.80000", "2013-03-31": "15599.50000", "2012-12-31": "15464.70000", "2012-09-30": "15290.50000", "2012-06-30": "15094.40000", "2012-03-31": "15289.00000", "2011-12-31": "15038.10000", "2011-09-30": "15195.90000", "2011-06-30": "15665.70000", "2011-03-31": "15254.70000", "2010-12-31": "15361.00000", "2010-09-30": "15396.60000", "2010-06-30": "15345.10000", "2010-03-31": "15480.00000", "2009-12-31": "15430.90000", "2009-09-30": "15399.40000", "2009-06-30": "15076.40000", "2009-03-31": "14992.50000", "2008-12-31": "14926.50000", "2008-09-30": "15135.60000", "2008-06-30": "15070.00000", "2008-03-31": "14785.80000", "2007-12-31": "14488.30000", "2007-09-30": "14442.90000", "2007-06-30": "14531.80000", "2007-03-31": "14232.70000", "2006-12-31": "13911.80000", "2006-09-30": "2815.04200", "2006-06-30": "2737.00600", "2006-03-31": "2874.04800", "2005-12-31": "2793.31200", "2005-09-30": "2761.21200", "2005-06-30": "2693.05400", "2005-03-31": "2676.69300"}, "Total Liabilities And Share Holders Equity": {"2020-12-31": "69052.00000", "2020-09-30": "64061.00000", "2020-06-30": "61593.00000", "2020-03-31": "58688.00000", "2019-12-31": "58381.00000", "2019-09-30": "56729.00000", "2019-06-30": "57970.00000", "2019-03-31": "55596.00000", "2018-12-31": "56232.00000", "2018-09-30": "55078.00000", "2018-06-30": "55403.00000", "2018-03-31": "56580.00000", "2017-12-31": "56669.00000", "2017-09-30": "55985.30000", "2017-06-30": "46513.70000", "2017-03-31": "46213.60000", "2016-12-31": "45908.00000", "2016-09-30": "48010.70000", "2016-06-30": "42253.40000", "2016-03-31": "42952.70000", "2015-12-31": "40834.30000", "2015-09-30": "41147.10000", "2015-06-30": "41774.40000", "2015-03-31": "41857.30000", "2014-12-31": "42852.10000", "2014-09-30": "42690.80000", "2014-06-30": "44313.40000", "2014-03-31": "46133.70000", "2013-12-31": "31863.40000", "2013-09-30": "28272.50000", "2013-06-30": "27629.50000", "2013-03-31": "27410.70000", "2012-12-31": "27444.60000", "2012-09-30": "27578.00000", "2012-06-30": "26361.30000", "2012-03-31": "26822.70000", "2011-12-31": "26833.70000", "2011-09-30": "26991.50000", "2011-06-30": "24073.80000", "2011-03-31": "23430.60000", "2010-12-31": "21349.40000", "2010-09-30": "21537.00000", "2010-06-30": "21280.90000", "2010-03-31": "21624.60000", "2009-12-31": "21625.00000", "2009-09-30": "21418.50000", "2009-06-30": "21155.60000", "2009-03-31": "21033.10000", "2008-12-31": "21090.00000", "2008-09-30": "21599.50000", "2008-06-30": "21681.00000", "2008-03-31": "21497.90000", "2007-12-31": "21207.40000", "2007-09-30": "21172.40000", "2007-06-30": "21272.10000", "2007-03-31": "21171.90000", "2006-12-31": "21262.20000", "2006-09-30": "4198.23800", "2006-06-30": "4176.20300", "2006-03-31": "4240.65400", "2005-12-31": "4251.56900", "2005-09-30": "4145.84500", "2005-06-30": "4134.37400", "2005-03-31": "3554.46300"}}, "cash flow statement": {"Net Income/Loss": {"2020-12-31": "6375.00000", "2019-12-31": "3696.00000", "2018-12-31": "2938.00000", "2017-12-31": "2225.00000", "2016-12-31": "2022.00000", "2015-12-31": "1975.00000", "2014-12-31": "1894.40000", "2013-12-31": "1273.30000", "2012-12-31": "1177.90000", "2011-12-31": "1329.90000", "2010-12-31": "1035.60000", "2009-12-31": "850.30000", "2008-12-31": "980.90000", "2007-12-31": "748.40000", "2006-12-31": "168.90000", "2005-12-31": "223.20000"}, "Total Depreciation And Amortization - Cash Flow": {"2020-12-31": "2325.00000", "2019-12-31": "2277.00000", "2018-12-31": "2267.00000", "2017-12-31": "2033.00000", "2016-12-31": "1758.00000", "2015-12-31": "1688.00000", "2014-12-31": "1684.80000", "2013-12-31": "999.90000", "2012-12-31": "983.70000", "2011-12-31": "859.60000", "2010-12-31": "739.70000", "2009-12-31": "762.90000", "2008-12-31": "792.70000", "2007-12-31": "756.80000", "2006-12-31": "240.70000", "2005-12-31": "123.20000"}, "Other Non-Cash Items": {"2020-12-31": "-16.00000", "2019-12-31": "-335.00000", "2018-12-31": "-92.00000", "2017-12-31": "-747.00000", "2016-12-31": "-344.00000", "2015-12-31": "-336.00000", "2014-12-31": "-1127.50000", "2013-12-31": "-383.20000", "2012-12-31": "-87.80000", "2011-12-31": "-233.10000", "2010-12-31": "-115.30000", "2009-12-31": "-69.00000", "2008-12-31": "-35.70000", "2007-12-31": "2.70000", "2006-12-31": "78.30000", "2005-12-31": "-44.80000"}, "Total Non-Cash Items": {"2020-12-31": "2309.00000", "2019-12-31": "1942.00000", "2018-12-31": "2175.00000", "2017-12-31": "1286.00000", "2016-12-31": "1414.00000", "2015-12-31": "1352.00000", "2014-12-31": "557.30020", "2013-12-31": "616.70010", "2012-12-31": "895.90000", "2011-12-31": "626.50000", "2010-12-31": "624.40000", "2009-12-31": "693.90000", "2008-12-31": "757.00010", "2007-12-31": "759.49990", "2006-12-31": "319.00000", "2005-12-31": "78.40000"}, "Change In Accounts Receivable": {"2020-12-31": "", "2019-12-31": "-225.00000", "2018-12-31": "-366.00000", "2017-12-31": "-362.00000", "2016-12-31": "-352.00000", "2015-12-31": "-149.00000", "2014-12-31": "-145.40000", "2013-12-31": "-147.90000", "2012-12-31": "12.00000", "2011-12-31": "-101.20000", "2010-12-31": "-70.80000", "2009-12-31": "124.70000", "2008-12-31": "-50.90000", "2007-12-31": "-10.00000", "2006-12-31": "32.10000", "2005-12-31": "-63.90000"}, "Change In Inventories": {"2020-12-31": "", "2019-12-31": "-458.00000", "2018-12-31": "-324.00000", "2017-12-31": "-81.00000", "2016-12-31": "98.00000", "2015-12-31": "-141.00000", "2014-12-31": "-109.80000", "2013-12-31": "-72.20000", "2012-12-31": "-59.90000", "2011-12-31": "-28.60000", "2010-12-31": "-24.10000", "2009-12-31": "108.40000", "2008-12-31": "-49.60000", "2007-12-31": "-14.00000", "2006-12-31": "7.90000", "2005-12-31": "6.30000"}, "Change In Accounts Payable": {"2020-12-31": "", "2019-12-31": "266.00000", "2018-12-31": "201.00000", "2017-12-31": "274.00000", "2016-12-31": "56.00000", "2015-12-31": "-3.00000", "2014-12-31": "1.20000", "2013-12-31": "47.00000", "2012-12-31": "10.00000", "2011-12-31": "33.80000", "2010-12-31": "-0.50000", "2009-12-31": "-45.20000", "2008-12-31": "-123.90000", "2007-12-31": "6.90000", "2006-12-31": "11.10000", "2005-12-31": "6.70000"}, "Change In Assets/Liabilities": {"2020-12-31": "-395.00000", "2019-12-31": "-248.00000", "2018-12-31": "-81.00000", "2017-12-31": "663.00000", "2016-12-31": "20.00000", "2015-12-31": "-92.00000", "2014-12-31": "421.90000", "2013-12-31": "293.80000", "2012-12-31": "3.60000", "2011-12-31": "-169.40000", "2010-12-31": "-66.80000", "2009-12-31": "-72.90000", "2008-12-31": "-93.30000", "2007-12-31": "6.60000", "2006-12-31": "-133.30000", "2005-12-31": "20.20000"}, "Total Change In Assets/Liabilities": {"2020-12-31": "-395.00000", "2019-12-31": "-665.00000", "2018-12-31": "-570.00000", "2017-12-31": "494.00000", "2016-12-31": "-178.00000", "2015-12-31": "-385.00000", "2014-12-31": "167.90000", "2013-12-31": "120.70000", "2012-12-31": "-34.30000", "2011-12-31": "-265.40000", "2010-12-31": "-162.20000", "2009-12-31": "115.00000", "2008-12-31": "-317.70000", "2007-12-31": "-10.50000", "2006-12-31": "-82.20000", "2005-12-31": "-30.70000"}, "Cash Flow From Operating Activities": {"2020-12-31": "8289.00000", "2019-12-31": "4973.00000", "2018-12-31": "4543.00000", "2017-12-31": "4005.00000", "2016-12-31": "3258.00000", "2015-12-31": "2942.00000", "2014-12-31": "2619.60000", "2013-12-31": "2010.70000", "2012-12-31": "2039.50000", "2011-12-31": "1691.00000", "2010-12-31": "1497.80000", "2009-12-31": "1659.20000", "2008-12-31": "1420.20000", "2007-12-31": "1483.50000", "2006-12-31": "405.70000", "2005-12-31": "270.90000"}, "Net Change In Property, Plant, And Equipment": {"2020-12-31": "-1466.00000", "2019-12-31": "-890.00000", "2018-12-31": "-708.00000", "2017-12-31": "-501.00000", "2016-12-31": "-418.00000", "2015-12-31": "-405.00000", "2014-12-31": "-378.30000", "2013-12-31": "-261.70000", "2012-12-31": "-302.30000", "2011-12-31": "-252.70000", "2010-12-31": "-235.20000", "2009-12-31": "-186.60000", "2008-12-31": "-249.00000", "2007-12-31": "-156.30000", "2006-12-31": "-71.00000", "2005-12-31": "-27.40000"}, "Net Change In Intangible Assets": {"2020-12-31": "", "2019-12-31": "", "2018-12-31": "", "2017-12-31": "", "2016-12-31": "", "2015-12-31": "", "2014-12-31": "", "2013-12-31": "", "2012-12-31": "", "2011-12-31": "", "2010-12-31": "", "2009-12-31": "", "2008-12-31": "", "2007-12-31": "", "2006-12-31": "", "2005-12-31": ""}, "Net Acquisitions/Divestitures": {"2020-12-31": "-38.00000", "2019-12-31": "-715.00000", "2018-12-31": "-536.00000", "2017-12-31": "-7226.00000", "2016-12-31": "-5178.00000", "2015-12-31": "-695.00000", "2014-12-31": "-11538.30000", "2013-12-31": "-11.40000", "2012-12-31": "-1083.40000", "2011-12-31": "-5648.90000", "2010-12-31": "-606.20000", "2009-12-31": "-632.90000", "2008-12-31": "-198.00000", "2007-12-31": "-492.50000", "2006-12-31": "236.50000", "2005-12-31": "-927.50000"}, "Net Change In Short-term Investments": {"2020-12-31": "", "2019-12-31": "", "2018-12-31": "", "2017-12-31": "", "2016-12-31": "", "2015-12-31": "12.00000", "2014-12-31": "88.60000", "2013-12-31": "", "2012-12-31": "", "2011-12-31": "", "2010-12-31": "", "2009-12-31": "", "2008-12-31": "", "2007-12-31": "48.20000", "2006-12-31": "2.80000", "2005-12-31": ""}, "Net Change In Long-Term Investments": {"2020-12-31": "", "2019-12-31": "", "2018-12-31": "", "2017-12-31": "", "2016-12-31": "", "2015-12-31": "", "2014-12-31": "", "2013-12-31": "7.60000", "2012-12-31": "1.90000", "2011-12-31": "19.50000", "2010-12-31": "9.00000", "2009-12-31": "1.20000", "2008-12-31": "", "2007-12-31": "-0.40000", "2006-12-31": "69.70000", "2005-12-31": "131.90000"}, "Net Change In Investments - Total": {"2020-12-31": "", "2019-12-31": "", "2018-12-31": "", "2017-12-31": "", "2016-12-31": "", "2015-12-31": "12.00000", "2014-12-31": "88.60000", "2013-12-31": "7.60000", "2012-12-31": "1.90000", "2011-12-31": "19.50000", "2010-12-31": "9.00000", "2009-12-31": "1.20000", "2008-12-31": "", "2007-12-31": "47.80000", "2006-12-31": "72.50000", "2005-12-31": "131.90000"}, "Investing Activities - Other": {"2020-12-31": "-6.00000", "2019-12-31": "118.00000", "2018-12-31": "-9.00000", "2017-12-31": "-2.00000", "2016-12-31": "76.00000", "2015-12-31": "-5.00000", "2014-12-31": "45.30000", "2013-12-31": "2.20000", "2012-12-31": "12.90000", "2011-12-31": "739.90000", "2010-12-31": "-26.50000", "2009-12-31": "-11.20000", "2008-12-31": "-3.00000", "2007-12-31": "15.00000", "2006-12-31": "45.40000", "2005-12-31": "69.50000"}, "Cash Flow From Investing Activities": {"2020-12-31": "-1510.00000", "2019-12-31": "-1487.00000", "2018-12-31": "-1253.00000", "2017-12-31": "-7729.00000", "2016-12-31": "-5520.00000", "2015-12-31": "-1093.00000", "2014-12-31": "-11782.70000", "2013-12-31": "-263.30000", "2012-12-31": "-1370.90000", "2011-12-31": "-5142.20000", "2010-12-31": "-858.90000", "2009-12-31": "-829.50000", "2008-12-31": "-450.00000", "2007-12-31": "-586.00000", "2006-12-31": "283.40000", "2005-12-31": "-753.50000"}, "Net Long-Term Debt": {"2020-12-31": "2751.00000", "2019-12-31": "-722.00000", "2018-12-31": "-1362.00000", "2017-12-31": "3160.00000", "2016-12-31": "3270.00000", "2015-12-31": "-1991.00000", "2014-12-31": "2126.30000", "2013-12-31": "3166.80000", "2012-12-31": "927.60000", "2011-12-31": "3800.70000", "2010-12-31": "-364.79990", "2009-12-31": "-178.80000", "2008-12-31": "-136.10000", "2007-12-31": "-9.40000", "2006-12-31": "-334.60000", "2005-12-31": "246.70000"}, "Net Current Debt": {"2020-12-31": "-4.00000", "2019-12-31": "-683.00000", "2018-12-31": "-194.00000", "2017-12-31": "-134.00000", "2016-12-31": "904.00000", "2015-12-31": "49.00000", "2014-12-31": "-249.90000", "2013-12-31": "187.90000", "2012-12-31": "-825.30000", "2011-12-31": "908.50000", "2010-12-31": "-7.90000", "2009-12-31": "-21.10000", "2008-12-31": "-15.40000", "2007-12-31": "-463.50000", "2006-12-31": "176.80000", "2005-12-31": "689.00000"}, "Debt Issuance/Retirement Net - Total": {"2020-12-31": "2747.00000", "2019-12-31": "-1405.00000", "2018-12-31": "-1556.00000", "2017-12-31": "3026.00000", "2016-12-31": "4174.00000", "2015-12-31": "-1942.00000", "2014-12-31": "1876.40000", "2013-12-31": "3354.70000", "2012-12-31": "102.30000", "2011-12-31": "4709.20000", "2010-12-31": "-372.69990", "2009-12-31": "-199.90000", "2008-12-31": "-151.50000", "2007-12-31": "-472.90000", "2006-12-31": "-157.80000", "2005-12-31": "935.70000"}, "Net Common Equity Issued/Repurchased": {"2020-12-31": "-1304.00000", "2019-12-31": "-1347.00000", "2018-12-31": "-364.00000", "2017-12-31": "1068.00000", "2016-12-31": "-1163.00000", "2015-12-31": "-428.00000", "2014-12-31": "3097.40000", "2013-12-31": "140.60000", "2012-12-31": "-895.90000", "2011-12-31": "-1179.40000", "2010-12-31": "-935.20000", "2009-12-31": "-360.20000", "2008-12-31": "-102.30000", "2007-12-31": "-552.60000", "2006-12-31": "-119.70000", "2005-12-31": "27.20000"}, "Net Total Equity Issued/Repurchased": {"2020-12-31": "-1304.00000", "2019-12-31": "-1347.00000", "2018-12-31": "-364.00000", "2017-12-31": "1068.00000", "2016-12-31": "-1163.00000", "2015-12-31": "-428.00000", "2014-12-31": "3097.40000", "2013-12-31": "140.60000", "2012-12-31": "-895.90000", "2011-12-31": "-1179.40000", "2010-12-31": "-935.20000", "2009-12-31": "-360.20000", "2008-12-31": "-102.30000", "2007-12-31": "-552.60000", "2006-12-31": "-119.70000", "2005-12-31": "27.20000"}, "Total Common And Preferred Stock Dividends Paid": {"2020-12-31": "-337.00000", "2019-12-31": "-297.00000", "2018-12-31": "-266.00000", "2017-12-31": "-237.00000", "2016-12-31": "-238.00000", "2015-12-31": "-241.00000", "2014-12-31": "-234.80000", "2013-12-31": "-216.20000", "2012-12-31": "-142.20000", "2011-12-31": "", "2010-12-31": "", "2009-12-31": "", "2008-12-31": "", "2007-12-31": "", "2006-12-31": "", "2005-12-31": ""}, "Financial Activities - Other": {"2020-12-31": "-147.00000", "2019-12-31": "-69.00000", "2018-12-31": "-51.00000", "2017-12-31": "-3.00000", "2016-12-31": "-14.00000", "2015-12-31": "-6.00000", "2014-12-31": "57.10000", "2013-12-31": "30.90000", "2012-12-31": "18.10000", "2011-12-31": "20.80000", "2010-12-31": "12.80000", "2009-12-31": "2.60000", "2008-12-31": "25.40000", "2007-12-31": "96.80000", "2006-12-31": "17.40000", "2005-12-31": "-572.00000"}, "Cash Flow From Financial Activities": {"2020-12-31": "959.00000", "2019-12-31": "-3118.00000", "2018-12-31": "-2237.00000", "2017-12-31": "3854.00000", "2016-12-31": "2759.00000", "2015-12-31": "-2617.00000", "2014-12-31": "4796.10000", "2013-12-31": "3310.00000", "2012-12-31": "-917.70000", "2011-12-31": "3550.60000", "2010-12-31": "-1295.10000", "2009-12-31": "-557.50000", "2008-12-31": "-228.40000", "2007-12-31": "-928.70000", "2006-12-31": "-260.10000", "2005-12-31": "390.90000"}, "Net Cash Flow": {"2020-12-31": "7914.00000", "2019-12-31": "305.00000", "2018-12-31": "756.00000", "2017-12-31": "550.00000", "2016-12-31": "345.00000", "2015-12-31": "-898.00000", "2014-12-31": "-4482.50000", "2013-12-31": "5020.40000", "2012-12-31": "-210.70000", "2011-12-31": "99.20000", "2010-12-31": "-647.00000", "2009-12-31": "283.60000", "2008-12-31": "655.40000", "2007-12-31": "-42.30000", "2006-12-31": "453.10000", "2005-12-31": "-112.60000"}, "Stock-Based Compensation": {"2020-12-31": "", "2019-12-31": "181.00000", "2018-12-31": "181.00000", "2017-12-31": "159.00000", "2016-12-31": "133.00000", "2015-12-31": "125.00000", "2014-12-31": "117.10000", "2013-12-31": "90.90000", "2012-12-31": "78.20000", "2011-12-31": "80.00000", "2010-12-31": "81.60000", "2009-12-31": "67.00000", "2008-12-31": "57.10000", "2007-12-31": "51.10000", "2006-12-31": "69.40000", "2005-12-31": "2.80000"}, "Common Stock Dividends Paid": {"2020-12-31": "-337.00000", "2019-12-31": "-297.00000", "2018-12-31": "-266.00000", "2017-12-31": "-237.00000", "2016-12-31": "-238.00000", "2015-12-31": "-241.00000", "2014-12-31": "-234.80000", "2013-12-31": "-216.20000", "2012-12-31": "-142.20000", "2011-12-31": "", "2010-12-31": "0.00000", "2009-12-31": "", "2008-12-31": "", "2007-12-31": "", "2006-12-31": "", "2005-12-31": ""}}, "cash flow statement, quarterly": {"Net Income/Loss": {"2020-12-31": 2498, "2020-09-30": 1933, "2020-06-30": 1156, "2020-03-31": "788.00000", "2019-12-31": 1002, "2019-09-30": 760, "2019-06-30": 1119, "2019-03-31": "815.00000", "2018-12-31": 898, "2018-09-30": 709, "2018-06-30": 752, "2018-03-31": "579.00000", "2017-12-31": 528, "2017-09-30": 534, "2017-06-30": 612, "2017-03-31": "551.00000", "2016-12-31": 629.7, "2016-09-30": 473.5, "2016-06-30": 516.6, "2016-03-31": "402.20000", "2015-12-31": 602.2, "2015-09-30": 476.1, "2015-06-30": 511.6, "2015-03-31": "385.10000", "2014-12-31": 601.2, "2014-09-30": 471.6, "2014-06-30": 278.5, "2014-03-31": "543.10000", "2013-12-31": 342.1, "2013-09-30": 317.6, "2013-06-30": 277.4, "2013-03-31": "336.20000", "2012-12-31": 376.4, "2012-09-30": 290.4, "2012-06-30": 233.8, "2012-03-31": "277.30000", "2011-12-31": 288.9, "2011-09-30": 265.4, "2011-06-30": 523.4, "2011-03-31": "252.20000", "2010-12-31": 297.5, "2010-09-30": 268.5, "2010-06-30": 237.3, "2010-03-31": "232.30000", "2009-12-31": 273.3, "2009-09-30": 221.2, "2009-06-30": 206.9, "2009-03-31": "148.90000", "2008-12-31": 287, "2008-09-30": 218.1, "2008-06-30": 246.1, "2008-03-31": "229.70000", "2007-12-31": 227.1, "2007-09-30": 218.5, "2007-06-30": 163.9, "2007-03-31": "138.90000", "2006-12-31": 25.3, "2006-09-30": 48.8, "2006-06-30": 47.9, "2006-03-31": "46.90000", "2005-12-31": 56.387, "2005-09-30": 57.734, "2005-06-30": 60.223, "2005-03-31": "48.85600"}, "Total Depreciation And Amortization - Cash Flow": {"2020-12-31": 602, "2020-09-30": 575, "2020-06-30": 574, "2020-03-31": "574.00000", "2019-12-31": 576, "2019-09-30": 575, "2019-06-30": 571, "2019-03-31": "555.00000", "2018-12-31": 558, "2018-09-30": 563, "2018-06-30": 571, "2018-03-31": "575.00000", "2017-12-31": 574, "2017-09-30": 517, "2017-06-30": 477, "2017-03-31": "465.00000", "2016-12-31": 473.8, "2016-09-30": 433, "2016-06-30": 435.1, "2016-03-31": "416.10000", "2015-12-31": 424.3, "2015-09-30": 427.7, "2015-06-30": 419.7, "2015-03-31": "416.30000", "2014-12-31": 428.7, "2014-09-30": 455.7, "2014-06-30": 434.8, "2014-03-31": "365.60000", "2013-12-31": 249.3, "2013-09-30": 250.4, "2013-06-30": 249.2, "2013-03-31": "251.00000", "2012-12-31": 254.4, "2012-09-30": 245.2, "2012-06-30": 241.6, "2012-03-31": "242.50000", "2011-12-31": 245.6, "2011-09-30": 228.8, "2011-06-30": 200.9, "2011-03-31": "184.30000", "2010-12-31": 178.4, "2010-09-30": 182.4, "2010-06-30": 185.3, "2010-03-31": "193.60000", "2009-12-31": 182.8, "2009-09-30": 195.5, "2009-06-30": 194.3, "2009-03-31": "190.30000", "2008-12-31": 194.4, "2008-09-30": 199.7, "2008-06-30": 199.8, "2008-03-31": "198.80000", "2007-12-31": 196.8, "2007-09-30": 187.6, "2007-06-30": 187.1, "2007-03-31": "185.30000", "2006-12-31": 124.5, "2006-09-30": 39.8, "2006-06-30": 39, "2006-03-31": "37.40000", "2005-12-31": 37.856, "2005-09-30": 37.909, "2005-06-30": 29.869, "2005-03-31": "17.56600"}, "Other Non-Cash Items": {"2020-12-31": 126, "2020-09-30": -26, "2020-06-30": -185, "2020-03-31": "69.00000", "2019-12-31": 246, "2019-09-30": 172, "2019-06-30": -709, "2019-03-31": "-44.00000", "2018-12-31": 11, "2018-09-30": -158, "2018-06-30": 106, "2018-03-31": "-51.00000", "2017-12-31": -492, "2017-09-30": -104, "2017-06-30": -115, "2017-03-31": "-36.00000", "2016-12-31": -16.2, "2016-09-30": -142.9, "2016-06-30": -148.5, "2016-03-31": "-36.40000", "2015-12-31": -112.1, "2015-09-30": -29.1, "2015-06-30": -95.6, "2015-03-31": "-99.20000", "2014-12-31": -0.5, "2014-09-30": -232.7, "2014-06-30": -68.7, "2014-03-31": "-825.60000", "2013-12-31": -248, "2013-09-30": -123.7, "2013-06-30": -14.2, "2013-03-31": "2.70000", "2012-12-31": -8.6, "2012-09-30": -104, "2012-06-30": 23.2, "2012-03-31": "1.60000", "2011-12-31": 120.9, "2011-09-30": -44.7, "2011-06-30": -301.2, "2011-03-31": "-8.10000", "2010-12-31": -31.6, "2010-09-30": -21.9, "2010-06-30": -51.2, "2010-03-31": "-10.60000", "2009-12-31": -1.8, "2009-09-30": -22.8, "2009-06-30": -18.8, "2009-03-31": "-25.60000", "2008-12-31": 26.5, "2008-09-30": -27.5, "2008-06-30": -46, "2008-03-31": "11.30000", "2007-12-31": -57.1, "2007-09-30": -27, "2007-06-30": 32.4, "2007-03-31": "54.40000", "2006-12-31": 89, "2006-09-30": -9.5, "2006-06-30": -10.4, "2006-03-31": "9.20000", "2005-12-31": -1.224, "2005-09-30": -16.492, "2005-06-30": -21.435, "2005-03-31": "-5.64900"}, "Total Non-Cash Items": {"2020-12-31": 728, "2020-09-30": 549, "2020-06-30": 389, "2020-03-31": "643.00000", "2019-12-31": 822, "2019-09-30": 747, "2019-06-30": -138, "2019-03-31": "511.00000", "2018-12-31": 569, "2018-09-30": 405, "2018-06-30": 677, "2018-03-31": "524.00000", "2017-12-31": 82, "2017-09-30": 413, "2017-06-30": 362, "2017-03-31": "429.00000", "2016-12-31": 457.6, "2016-09-30": 290.1, "2016-06-30": 286.6, "2016-03-31": "379.70000", "2015-12-31": 312.2, "2015-09-30": 398.6, "2015-06-30": 324.1, "2015-03-31": "317.10000", "2014-12-31": 428.2003, "2014-09-30": 222.9999, "2014-06-30": 366.1, "2014-03-31": "-460.00000", "2013-12-31": 1.3002, "2013-09-30": 126.6999, "2013-06-30": 235, "2013-03-31": "253.70000", "2012-12-31": 245.8, "2012-09-30": 141.2, "2012-06-30": 264.8, "2012-03-31": "244.10000", "2011-12-31": 366.5, "2011-09-30": 184.1, "2011-06-30": -100.3, "2011-03-31": "176.20000", "2010-12-31": 146.8, "2010-09-30": 160.5, "2010-06-30": 134.1, "2010-03-31": "183.00000", "2009-12-31": 181, "2009-09-30": 172.7, "2009-06-30": 175.5, "2009-03-31": "164.70000", "2008-12-31": 220.9001, "2008-09-30": 172.2, "2008-06-30": 153.8, "2008-03-31": "210.10000", "2007-12-31": 139.6999, "2007-09-30": 160.6, "2007-06-30": 219.5, "2007-03-31": "239.70000", "2006-12-31": 213.5, "2006-09-30": 30.3, "2006-06-30": 28.6, "2006-03-31": "46.60000", "2005-12-31": 36.632, "2005-09-30": 21.417, "2005-06-30": 8.434, "2005-03-31": "11.91700"}, "Change In Accounts Receivable": {"2020-12-31": 858, "2020-09-30": -663, "2020-06-30": 23, "2020-03-31": "-218.00000", "2019-12-31": 96, "2019-09-30": -326, "2019-06-30": 34, "2019-03-31": "-29.00000", "2018-12-31": -302, "2018-09-30": 33, "2018-06-30": -26, "2018-03-31": "-71.00000", "2017-12-31": -201, "2017-09-30": -34, "2017-06-30": -109, "2017-03-31": "-18.00000", "2016-12-31": -239.6, "2016-09-30": -17.4, "2016-06-30": -65.1, "2016-03-31": "-29.90000", "2015-12-31": -3.1, "2015-09-30": 55.8, "2015-06-30": -77, "2015-03-31": "-124.70000", "2014-12-31": -28.1, "2014-09-30": 36.4, "2014-06-30": 38.9, "2014-03-31": "-192.60000", "2013-12-31": 7.4, "2013-09-30": -16.3, "2013-06-30": -8.2, "2013-03-31": "-130.80000", "2012-12-31": 28.2, "2012-09-30": -4.5, "2012-06-30": 46.7, "2012-03-31": "-58.40000", "2011-12-31": -25.2, "2011-09-30": -8.1, "2011-06-30": -3.9, "2011-03-31": "-64.00000", "2010-12-31": 59.1, "2010-09-30": -30.4, "2010-06-30": 4.2, "2010-03-31": "-103.70000", "2009-12-31": 77.4, "2009-09-30": 5.9, "2009-06-30": 12.4, "2009-03-31": "29.00000", "2008-12-31": 22.3, "2008-09-30": 28.1, "2008-06-30": -5.1, "2008-03-31": "-96.20000", "2007-12-31": 47.1, "2007-09-30": -15.4, "2007-06-30": 0.5, "2007-03-31": "-42.20000", "2006-12-31": -10.6, "2006-09-30": 6.1, "2006-06-30": 9, "2006-03-31": "27.60000", "2005-12-31": -55.12, "2005-09-30": -14.934, "2005-06-30": -2.868, "2005-03-31": "9.02200"}, "Change In Inventories": {"2020-12-31": 427, "2020-09-30": -118, "2020-06-30": -168, "2020-03-31": "-141.00000", "2019-12-31": -9, "2019-09-30": -176, "2019-06-30": -133, "2019-03-31": "-140.00000", "2018-12-31": 9, "2018-09-30": -138, "2018-06-30": -71, "2018-03-31": "-124.00000", "2017-12-31": 127, "2017-09-30": -62, "2017-06-30": -41, "2017-03-31": "-105.00000", "2016-12-31": 75.7, "2016-09-30": 48.2, "2016-06-30": 30.3, "2016-03-31": "-56.20000", "2015-12-31": 34.3, "2015-09-30": -53.2, "2015-06-30": -40.8, "2015-03-31": "-81.30000", "2014-12-31": -0.7, "2014-09-30": -55.3, "2014-06-30": -21.7, "2014-03-31": "-32.10000", "2013-12-31": 57.5, "2013-09-30": -32.1, "2013-06-30": -29.7, "2013-03-31": "-67.90000", "2012-12-31": 72.7, "2012-09-30": -29.3, "2012-06-30": -26.3, "2012-03-31": "-77.00000", "2011-12-31": 33.7, "2011-09-30": 0.1, "2011-06-30": 0.7, "2011-03-31": "-63.10000", "2010-12-31": 37.9, "2010-09-30": -11.1, "2010-06-30": -16.3, "2010-03-31": "-34.60000", "2009-12-31": 53.9, "2009-09-30": 34, "2009-06-30": 32.3, "2009-03-31": "-11.80000", "2008-12-31": 48, "2008-09-30": -33.5, "2008-06-30": -19.5, "2008-03-31": "-44.60000", "2007-12-31": 51.3, "2007-09-30": -7.5, "2007-06-30": -11.1, "2007-03-31": "-46.70000", "2006-12-31": 38.9, "2006-09-30": -2.6, "2006-06-30": -3.4, "2006-03-31": "-25.00000", "2005-12-31": 21.795, "2005-09-30": -0.295, "2005-06-30": 0.072, "2005-03-31": "-15.27200"}, "Change In Accounts Payable": {"2020-12-31": 220, "2020-09-30": 277, "2020-06-30": -256, "2020-03-31": "-241.00000", "2019-12-31": 196, "2019-09-30": 272, "2019-06-30": -73, "2019-03-31": "-129.00000", "2018-12-31": 246, "2018-09-30": -25, "2018-06-30": 74, "2018-03-31": "-94.00000", "2017-12-31": 274, "2017-09-30": -49, "2017-06-30": -65, "2017-03-31": "114.00000", "2016-12-31": -10.1, "2016-09-30": 26.2, "2016-06-30": 5.1, "2016-03-31": "34.80000", "2015-12-31": 23.9, "2015-09-30": -48.6, "2015-06-30": -13.1, "2015-03-31": "34.80000", "2014-12-31": 4.5, "2014-09-30": -6.7, "2014-06-30": 13.2, "2014-03-31": "-9.80000", "2013-12-31": -2.1, "2013-09-30": 15.8, "2013-06-30": -9.2, "2013-03-31": "42.50000", "2012-12-31": -61.2, "2012-09-30": 23.3, "2012-06-30": -19.4, "2012-03-31": "67.30000", "2011-12-31": 4.8, "2011-09-30": -28.4, "2011-06-30": -10.9, "2011-03-31": "68.30000", "2010-12-31": -48, "2010-09-30": -4.1, "2010-06-30": -22.1, "2010-03-31": "73.70000", "2009-12-31": -76.7, "2009-09-30": -3.1, "2009-06-30": -46.9, "2009-03-31": "81.50000", "2008-12-31": -80.4, "2008-09-30": -6.6, "2008-06-30": -82.4, "2008-03-31": "45.50000", "2007-12-31": -4.3, "2007-09-30": 28.4, "2007-06-30": -60.1, "2007-03-31": "42.90000", "2006-12-31": 19.4, "2006-09-30": 3.4, "2006-06-30": -13.2, "2006-03-31": "1.50000", "2005-12-31": 15.047, "2005-09-30": 3.174, "2005-06-30": -4.158, "2005-03-31": "-7.36300"}, "Change In Assets/Liabilities": {"2020-12-31": -1392, "2020-09-30": 730, "2020-06-30": 742, "2020-03-31": "-475.00000", "2019-12-31": -194, "2019-09-30": -160, "2019-06-30": 485, "2019-03-31": "-379.00000", "2018-12-31": 381, "2018-09-30": 236, "2018-06-30": 38, "2018-03-31": "-736.00000", "2017-12-31": 1056, "2017-09-30": 127, "2017-06-30": 90, "2017-03-31": "-610.00000", "2016-12-31": 292, "2016-09-30": -16.2, "2016-06-30": 140.1, "2016-03-31": "-395.90000", "2015-12-31": 383.7, "2015-09-30": -84.8, "2015-06-30": 60.1, "2015-03-31": "-451.00000", "2014-12-31": -51.4, "2014-09-30": 7, "2014-06-30": 213.7, "2014-03-31": "252.60000", "2013-12-31": 322.3, "2013-09-30": 93.8, "2013-06-30": 13.1, "2013-03-31": "-135.40000", "2012-12-31": -1.8, "2012-09-30": 58.8, "2012-06-30": 7.9, "2012-03-31": "-61.30000", "2011-12-31": -31.7, "2011-09-30": -52.4, "2011-06-30": -54.3, "2011-03-31": "-31.00000", "2010-12-31": -55.1, "2010-09-30": 49.4, "2010-06-30": -53.5, "2010-03-31": "-7.60000", "2009-12-31": 29.7, "2009-09-30": -44.1, "2009-06-30": -4.9, "2009-03-31": "-53.60000", "2008-12-31": -37.5, "2008-09-30": -7.9, "2008-06-30": 53.6, "2008-03-31": "-101.50000", "2007-12-31": 88.3, "2007-09-30": 9.5, "2007-06-30": 22.8, "2007-03-31": "-114.00000", "2006-12-31": -81, "2006-09-30": 16, "2006-06-30": -2.6, "2006-03-31": "-65.70000", "2005-12-31": 51.295, "2005-09-30": -11.211, "2005-06-30": -3.006, "2005-03-31": "-16.87800"}, "Total Change In Assets/Liabilities": {"2020-12-31": 113, "2020-09-30": 226, "2020-06-30": 341, "2020-03-31": "-1075.00000", "2019-12-31": 89, "2019-09-30": -390, "2019-06-30": 313, "2019-03-31": "-677.00000", "2018-12-31": 334, "2018-09-30": 106, "2018-06-30": 15, "2018-03-31": "-1025.00000", "2017-12-31": 1256, "2017-09-30": -18, "2017-06-30": -125, "2017-03-31": "-619.00000", "2016-12-31": 118, "2016-09-30": 40.8, "2016-06-30": 110.4, "2016-03-31": "-447.20000", "2015-12-31": 438.8, "2015-09-30": -130.8, "2015-06-30": -70.8, "2015-03-31": "-622.20000", "2014-12-31": -75.7, "2014-09-30": -18.6, "2014-06-30": 244.1, "2014-03-31": "18.10000", "2013-12-31": 385.1, "2013-09-30": 61.2, "2013-06-30": -34, "2013-03-31": "-291.60000", "2012-12-31": 37.9, "2012-09-30": 48.3, "2012-06-30": 8.9, "2012-03-31": "-129.40000", "2011-12-31": -18.4, "2011-09-30": -88.8, "2011-06-30": -68.4, "2011-03-31": "-89.80000", "2010-12-31": -6.1, "2010-09-30": 3.8, "2010-06-30": -87.7, "2010-03-31": "-72.20000", "2009-12-31": 84.3, "2009-09-30": -7.3, "2009-06-30": -7.1, "2009-03-31": "45.10000", "2008-12-31": -47.6, "2008-09-30": -19.9, "2008-06-30": -53.4, "2008-03-31": "-196.80000", "2007-12-31": 182.4, "2007-09-30": 15, "2007-06-30": -47.9, "2007-03-31": "-160.00000", "2006-12-31": -33.3, "2006-09-30": 22.9, "2006-06-30": -10.2, "2006-03-31": "-61.60000", "2005-12-31": 33.017, "2005-09-30": -23.266, "2005-06-30": -9.96, "2005-03-31": "-30.49100"}, "Cash Flow From Operating Activities": {"2020-12-31": 3339, "2020-09-30": 2708, "2020-06-30": 1886, "2020-03-31": "356.00000", "2019-12-31": 1913, "2019-09-30": 1117, "2019-06-30": 1294, "2019-03-31": "649.00000", "2018-12-31": 1801, "2018-09-30": 1220, "2018-06-30": 1444, "2018-03-31": "78.00000", "2017-12-31": 1866, "2017-09-30": 929, "2017-06-30": 849, "2017-03-31": "361.00000", "2016-12-31": 1205.3, "2016-09-30": 804.4, "2016-06-30": 913.6, "2016-03-31": "334.70000", "2015-12-31": 1353.2, "2015-09-30": 743.9, "2015-06-30": 764.9, "2015-03-31": "80.00000", "2014-12-31": 953.7, "2014-09-30": 676, "2014-06-30": 888.7, "2014-03-31": "101.20000", "2013-12-31": 728.5, "2013-09-30": 505.5, "2013-06-30": 478.4, "2013-03-31": "298.30000", "2012-12-31": 660.1, "2012-09-30": 479.9, "2012-06-30": 507.5, "2012-03-31": "392.00000", "2011-12-31": 637, "2011-09-30": 360.7, "2011-06-30": 354.7, "2011-03-31": "338.60000", "2010-12-31": 438.2, "2010-09-30": 432.8, "2010-06-30": 283.7, "2010-03-31": "343.10000", "2009-12-31": 538.6, "2009-09-30": 386.6, "2009-06-30": 375.3, "2009-03-31": "358.70000", "2008-12-31": 460.3, "2008-09-30": 370.4, "2008-06-30": 346.5, "2008-03-31": "243.00000", "2007-12-31": 535.3, "2007-09-30": 394.1, "2007-06-30": 335.5, "2007-03-31": "218.60000", "2006-12-31": 205.5, "2006-09-30": 102, "2006-06-30": 66.3, "2006-03-31": "31.90000", "2005-12-31": 126.036, "2005-09-30": 55.885, "2005-06-30": 58.697, "2005-03-31": "30.28200"}, "Net Change In Property, Plant, And Equipment": {"2020-12-31": -585, "2020-09-30": -365, "2020-06-30": -267, "2020-03-31": "-249.00000", "2019-12-31": -271, "2019-09-30": -210, "2019-06-30": -214, "2019-03-31": "-195.00000", "2018-12-31": -240, "2018-09-30": -170, "2018-06-30": -182, "2018-03-31": "-116.00000", "2017-12-31": -212, "2017-09-30": -110, "2017-06-30": -87, "2017-03-31": "-92.00000", "2016-12-31": -130.2, "2016-09-30": -79.6, "2016-06-30": -99.1, "2016-03-31": "-109.10000", "2015-12-31": -119, "2015-09-30": -99.7, "2015-06-30": -89.7, "2015-03-31": "-96.60000", "2014-12-31": -127.1, "2014-09-30": -83.7, "2014-06-30": -66.2, "2014-03-31": "-101.30000", "2013-12-31": -89.7, "2013-09-30": -44, "2013-06-30": -65, "2013-03-31": "-63.00000", "2012-12-31": -103.2, "2012-09-30": -72.1, "2012-06-30": -61.8, "2012-03-31": "-65.20000", "2011-12-31": -78.7, "2011-09-30": -59.8, "2011-06-30": -51.4, "2011-03-31": "-62.80000", "2010-12-31": -70.7, "2010-09-30": -61.5, "2010-06-30": -54.9, "2010-03-31": "-48.10000", "2009-12-31": -70.4, "2009-09-30": -40.8, "2009-06-30": -27.6, "2009-03-31": "-47.80000", "2008-12-31": -99, "2008-09-30": -46.2, "2008-06-30": -50.5, "2008-03-31": "-53.30000", "2007-12-31": -53, "2007-09-30": -45.6, "2007-06-30": -18.5, "2007-03-31": "-39.20000", "2006-12-31": -43.8, "2006-09-30": -7.5, "2006-06-30": -6.7, "2006-03-31": "-13.00000", "2005-12-31": -10.301, "2005-09-30": -10.192, "2005-06-30": -8.775, "2005-03-31": "1.86800"}, "Net Change In Intangible Assets": {"2020-12-31": 0, "2020-09-30": 0, "2020-06-30": 0, "2020-03-31": "", "2019-12-31": 0, "2019-09-30": 0, "2019-06-30": 0, "2019-03-31": "", "2018-12-31": 0, "2018-09-30": 0, "2018-06-30": 0, "2018-03-31": "", "2017-12-31": 0, "2017-09-30": 0, "2017-06-30": 0, "2017-03-31": "", "2016-12-31": 0, "2016-09-30": 0, "2016-06-30": 0, "2016-03-31": "", "2015-12-31": 0, "2015-09-30": 0, "2015-06-30": 0, "2015-03-31": "", "2014-12-31": 0, "2014-09-30": 0, "2014-06-30": 0, "2014-03-31": "", "2013-12-31": 0, "2013-09-30": 0, "2013-06-30": 0, "2013-03-31": "", "2012-12-31": 0, "2012-09-30": 0, "2012-06-30": 0, "2012-03-31": "", "2011-12-31": 0, "2011-09-30": 0, "2011-06-30": 0, "2011-03-31": "", "2010-12-31": 0, "2010-09-30": 0, "2010-06-30": 0, "2010-03-31": "", "2009-12-31": 0, "2009-09-30": 0, "2009-06-30": 0, "2009-03-31": "", "2008-12-31": 0, "2008-09-30": 0, "2008-06-30": 0, "2008-03-31": "", "2007-12-31": 0, "2007-09-30": 0, "2007-06-30": 0, "2007-03-31": "", "2006-12-31": 0, "2006-09-30": 0, "2006-06-30": 0, "2006-03-31": "", "2005-12-31": 0, "2005-09-30": 0, "2005-06-30": 0, "2005-03-31": ""}, "Net Acquisitions/Divestitures": {"2020-12-31": -35, "2020-09-30": 0, "2020-06-30": 1, "2020-03-31": "-4.00000", "2019-12-31": -156, "2019-09-30": 1, "2019-06-30": -559, "2019-03-31": "-1.00000", "2018-12-31": -477, "2018-09-30": 0, "2018-06-30": -2, "2018-03-31": "-57.00000", "2017-12-31": -66, "2017-09-30": -6853, "2017-06-30": -6, "2017-03-31": "-301.00000", "2016-12-31": -35, "2016-09-30": -4110, "2016-06-30": -0.6, "2016-03-31": "-1032.40000", "2015-12-31": -389, "2015-09-30": -7.4, "2015-06-30": 0, "2015-03-31": "-298.60000", "2014-12-31": -2.2, "2014-09-30": 469.7, "2014-06-30": -6.1, "2014-03-31": "-11999.70000", "2013-12-31": -5.9, "2013-09-30": -0.8, "2013-06-30": -0.9, "2013-03-31": "-3.80000", "2012-12-31": -11, "2012-09-30": -893.7, "2012-06-30": -178.2, "2012-03-31": "-0.50000", "2011-12-31": 28.4, "2011-09-30": -3599.8, "2011-06-30": -2053.8, "2011-03-31": "-23.70000", "2010-12-31": -60.8, "2010-09-30": -257.6, "2010-06-30": -58.7, "2010-03-31": "-229.10000", "2009-12-31": -480.1, "2009-09-30": -9.5, "2009-06-30": -127.3, "2009-03-31": "-16.00000", "2008-12-31": -48.4, "2008-09-30": -110.1, "2008-06-30": -35.7, "2008-03-31": "-3.80000", "2007-12-31": -403.3, "2007-09-30": -54.7, "2007-06-30": -5.1, "2007-03-31": "-29.40000", "2006-12-31": 286.8, "2006-09-30": -32.6, "2006-06-30": -26.6, "2006-03-31": "8.90000", "2005-12-31": 6.275, "2005-09-30": -24.513, "2005-06-30": -874.638, "2005-03-31": "-34.62400"}, "Net Change In Short-term Investments": {"2020-12-31": 0, "2020-09-30": 0, "2020-06-30": 0, "2020-03-31": "", "2019-12-31": 0, "2019-09-30": 0, "2019-06-30": 0, "2019-03-31": "", "2018-12-31": 0, "2018-09-30": 0, "2018-06-30": 0, "2018-03-31": "", "2017-12-31": 0, "2017-09-30": 0, "2017-06-30": 0, "2017-03-31": "", "2016-12-31": -11.7, "2016-09-30": 3.8, "2016-06-30": 4, "2016-03-31": "3.90000", "2015-12-31": 12, "2015-09-30": 0, "2015-06-30": 0, "2015-03-31": "", "2014-12-31": 4.2, "2014-09-30": 19.4, "2014-06-30": 65, "2014-03-31": "", "2013-12-31": 0, "2013-09-30": -0.5, "2013-06-30": 0.5, "2013-03-31": "", "2012-12-31": 0, "2012-09-30": 0, "2012-06-30": 0, "2012-03-31": "", "2011-12-31": 0, "2011-09-30": 0, "2011-06-30": 0, "2011-03-31": "", "2010-12-31": 0, "2010-09-30": 0, "2010-06-30": 0, "2010-03-31": "", "2009-12-31": 0, "2009-09-30": 0, "2009-06-30": 0, "2009-03-31": "", "2008-12-31": 0, "2008-09-30": 0, "2008-06-30": 0, "2008-03-31": "", "2007-12-31": 0, "2007-09-30": 0, "2007-06-30": 0, "2007-03-31": "48.20000", "2006-12-31": 0, "2006-09-30": 2.8, "2006-06-30": -2.8, "2006-03-31": "2.80000", "2005-12-31": 0, "2005-09-30": 0, "2005-06-30": 0, "2005-03-31": ""}, "Net Change In Long-Term Investments": {"2020-12-31": 0, "2020-09-30": 0, "2020-06-30": 0, "2020-03-31": "", "2019-12-31": 0, "2019-09-30": 0, "2019-06-30": 0, "2019-03-31": "", "2018-12-31": 0, "2018-09-30": 0, "2018-06-30": 0, "2018-03-31": "", "2017-12-31": 0, "2017-09-30": 0, "2017-06-30": 0, "2017-03-31": "", "2016-12-31": 0, "2016-09-30": 0, "2016-06-30": 0, "2016-03-31": "", "2015-12-31": 0, "2015-09-30": 0, "2015-06-30": 0, "2015-03-31": "", "2014-12-31": 0, "2014-09-30": 0, "2014-06-30": -33, "2014-03-31": "33.00000", "2013-12-31": 7.1, "2013-09-30": 0.5, "2013-06-30": 0, "2013-03-31": "", "2012-12-31": 1.9, "2012-09-30": 0, "2012-06-30": 0, "2012-03-31": "", "2011-12-31": 19.5, "2011-09-30": 0, "2011-06-30": 0, "2011-03-31": "", "2010-12-31": 9, "2010-09-30": 0, "2010-06-30": 0, "2010-03-31": "", "2009-12-31": 0.6, "2009-09-30": 0.2, "2009-06-30": 0.4, "2009-03-31": "", "2008-12-31": -0.5, "2008-09-30": 0, "2008-06-30": 0, "2008-03-31": "0.50000", "2007-12-31": -0.1, "2007-09-30": -0.2, "2007-06-30": -0.1, "2007-03-31": "", "2006-12-31": 2.7, "2006-09-30": -6.1, "2006-06-30": 71.8, "2006-03-31": "1.30000", "2005-12-31": -74.039, "2005-09-30": 4.246, "2005-06-30": 168.564, "2005-03-31": "33.12900"}, "Net Change In Investments - Total": {"2020-12-31": 0, "2020-09-30": 0, "2020-06-30": 0, "2020-03-31": "", "2019-12-31": 0, "2019-09-30": 0, "2019-06-30": 0, "2019-03-31": "", "2018-12-31": 0, "2018-09-30": 0, "2018-06-30": 0, "2018-03-31": "", "2017-12-31": 0, "2017-09-30": 0, "2017-06-30": 0, "2017-03-31": "", "2016-12-31": -11.7, "2016-09-30": 3.8, "2016-06-30": 4, "2016-03-31": "3.90000", "2015-12-31": 12, "2015-09-30": 0, "2015-06-30": 0, "2015-03-31": "", "2014-12-31": 4.2, "2014-09-30": 19.4, "2014-06-30": 32, "2014-03-31": "33.00000", "2013-12-31": 7.1, "2013-09-30": 0, "2013-06-30": 0.5, "2013-03-31": "", "2012-12-31": 1.9, "2012-09-30": 0, "2012-06-30": 0, "2012-03-31": "", "2011-12-31": 19.5, "2011-09-30": 0, "2011-06-30": 0, "2011-03-31": "", "2010-12-31": 9, "2010-09-30": 0, "2010-06-30": 0, "2010-03-31": "", "2009-12-31": 0.6, "2009-09-30": 0.2, "2009-06-30": 0.4, "2009-03-31": "", "2008-12-31": -0.5, "2008-09-30": 0, "2008-06-30": 0, "2008-03-31": "0.50000", "2007-12-31": -0.1, "2007-09-30": -0.2, "2007-06-30": -0.1, "2007-03-31": "48.20000", "2006-12-31": 2.7, "2006-09-30": -3.3, "2006-06-30": 69, "2006-03-31": "4.10000", "2005-12-31": -74.039, "2005-09-30": 4.246, "2005-06-30": 168.564, "2005-03-31": "33.12900"}, "Investing Activities - Other": {"2020-12-31": -6, "2020-09-30": 0, "2020-06-30": 7, "2020-03-31": "-7.00000", "2019-12-31": 88, "2019-09-30": 11, "2019-06-30": 4, "2019-03-31": "15.00000", "2018-12-31": -4, "2018-09-30": 2, "2018-06-30": -1, "2018-03-31": "-6.00000", "2017-12-31": -5, "2017-09-30": -6, "2017-06-30": -2, "2017-03-31": "11.00000", "2016-12-31": 84.8, "2016-09-30": -6.8, "2016-06-30": -0.7, "2016-03-31": "-1.30000", "2015-12-31": -21, "2015-09-30": 0.4, "2015-06-30": 14.7, "2015-03-31": "0.90000", "2014-12-31": -0.9, "2014-09-30": 12, "2014-06-30": 34.1, "2014-03-31": "0.10000", "2013-12-31": 18.5, "2013-09-30": -15.6, "2013-06-30": -0.3, "2013-03-31": "-0.40000", "2012-12-31": 41.5, "2012-09-30": -29.6, "2012-06-30": 1.5, "2012-03-31": "-0.50000", "2011-12-31": -42, "2011-09-30": -43.9, "2011-06-30": 828.2, "2011-03-31": "-2.40000", "2010-12-31": -29.8, "2010-09-30": 3, "2010-06-30": 1, "2010-03-31": "-0.70000", "2009-12-31": -2.8, "2009-09-30": -8.1, "2009-06-30": 1.6, "2009-03-31": "-1.90000", "2008-12-31": -2.3, "2008-09-30": 4.1, "2008-06-30": -4.8, "2008-03-31": "", "2007-12-31": 6.2, "2007-09-30": -1.7, "2007-06-30": 19.2, "2007-03-31": "-8.70000", "2006-12-31": 40.6, "2006-09-30": 4.8, "2006-06-30": -4.4, "2006-03-31": "4.40000", "2005-12-31": 6.532, "2005-09-30": 59.24, "2005-06-30": -0.981, "2005-03-31": "4.70900"}, "Cash Flow From Investing Activities": {"2020-12-31": -626, "2020-09-30": -365, "2020-06-30": -259, "2020-03-31": "-260.00000", "2019-12-31": -339, "2019-09-30": -198, "2019-06-30": -769, "2019-03-31": "-181.00000", "2018-12-31": -721, "2018-09-30": -168, "2018-06-30": -185, "2018-03-31": "-179.00000", "2017-12-31": -283, "2017-09-30": -6969, "2017-06-30": -95, "2017-03-31": "-382.00000", "2016-12-31": -92.1, "2016-09-30": -4192.6, "2016-06-30": -96.4, "2016-03-31": "-1138.90000", "2015-12-31": -517, "2015-09-30": -106.7, "2015-06-30": -75, "2015-03-31": "-394.30000", "2014-12-31": -126, "2014-09-30": 417.4, "2014-06-30": -6.2, "2014-03-31": "-12067.90000", "2013-12-31": -70, "2013-09-30": -60.4, "2013-06-30": -65.7, "2013-03-31": "-67.20000", "2012-12-31": -70.8, "2012-09-30": -995.4, "2012-06-30": -238.5, "2012-03-31": "-66.20000", "2011-12-31": -72.8, "2011-09-30": -3703.5, "2011-06-30": -1277, "2011-03-31": "-88.90000", "2010-12-31": -152.3, "2010-09-30": -316.1, "2010-06-30": -112.6, "2010-03-31": "-277.90000", "2009-12-31": -552.7, "2009-09-30": -58.2, "2009-06-30": -152.9, "2009-03-31": "-65.70000", "2008-12-31": -150.2, "2008-09-30": -152.2, "2008-06-30": -91, "2008-03-31": "-56.60000", "2007-12-31": -450.2, "2007-09-30": -102.2, "2007-06-30": -4.5, "2007-03-31": "-29.10000", "2006-12-31": 286.3, "2006-09-30": -38.6, "2006-06-30": 31.3, "2006-03-31": "4.40000", "2005-12-31": -71.533, "2005-09-30": 28.781, "2005-06-30": -715.83, "2005-03-31": "5.08200"}, "Net Long-Term Debt": {"2020-12-31": -1, "2020-09-30": -710, "2020-06-30": 1278, "2020-03-31": "2184.00000", "2019-12-31": 980, "2019-09-30": -1699, "2019-06-30": -2, "2019-03-31": "-1.00000", "2018-12-31": -4, "2018-09-30": -5, "2018-06-30": -900, "2018-03-31": "-453.00000", "2017-12-31": -747, "2017-09-30": 4717, "2017-06-30": -626, "2017-03-31": "-184.00000", "2016-12-31": -2028.7, "2016-09-30": 4951.1, "2016-06-30": -649.9, "2016-03-31": "997.50000", "2015-12-31": -52.8, "2015-09-30": -383.5, "2015-06-30": -703.3, "2015-03-31": "-851.40000", "2014-12-31": 557, "2014-09-30": -978, "2014-06-30": -1851.6, "2014-03-31": "4398.90000", "2013-12-31": 3167.7, "2013-09-30": -0.2, "2013-06-30": -0.2, "2013-03-31": "-0.50000", "2012-12-31": -354.7, "2012-09-30": 1282.3, "2012-06-30": 0.4, "2012-03-31": "-0.40000", "2011-12-31": -0.8, "2011-09-30": 2079.6, "2011-06-30": -419, "2011-03-31": "2140.90000", "2010-12-31": -2.3999, "2010-09-30": -1, "2010-06-30": -152, "2010-03-31": "-209.40000", "2009-12-31": -182.5, "2009-09-30": -0.3, "2009-06-30": 4, "2009-03-31": "", "2008-12-31": -133.5, "2008-09-30": -0.4, "2008-06-30": -2.2, "2008-03-31": "", "2007-12-31": 0.1, "2007-09-30": -0.8, "2007-06-30": -1.1, "2007-03-31": "-7.60000", "2006-12-31": -334.6, "2006-09-30": 0, "2006-06-30": 0, "2006-03-31": "", "2005-12-31": -0.265, "2005-09-30": -0.485, "2005-06-30": 247.45, "2005-03-31": ""}, "Net Current Debt": {"2020-12-31": 0, "2020-09-30": 0, "2020-06-30": -65, "2020-03-31": "61.00000", "2019-12-31": -686, "2019-09-30": -37, "2019-06-30": 727, "2019-03-31": "-687.00000", "2018-12-31": 270, "2018-09-30": -570, "2018-06-30": -76, "2018-03-31": "182.00000", "2017-12-31": -355, "2017-09-30": -275, "2017-06-30": -70, "2017-03-31": "566.00000", "2016-12-31": 135.2002, "2016-09-30": -167.3003, "2016-06-30": -237.7999, "2016-03-31": "1173.90000", "2015-12-31": -676.5, "2015-09-30": -396, "2015-06-30": -97.4, "2015-03-31": "1218.90000", "2014-12-31": -433.9, "2014-09-30": -103, "2014-06-30": 73.8, "2014-03-31": "213.20000", "2013-12-31": 188.6, "2013-09-30": 0.9, "2013-06-30": -0.1, "2013-03-31": "-1.50000", "2012-12-31": 9.6, "2012-09-30": -350.6, "2012-06-30": -136.9, "2012-03-31": "-347.40000", "2011-12-31": -100.1, "2011-09-30": 999.4, "2011-06-30": 12, "2011-03-31": "-2.80000", "2010-12-31": 0.8, "2010-09-30": -8.6, "2010-06-30": 0.2, "2010-03-31": "-0.30000", "2009-12-31": -7.7, "2009-09-30": -13.8, "2009-06-30": -3.6, "2009-03-31": "4.00000", "2008-12-31": 3.9, "2008-09-30": -5.9, "2008-06-30": -12.1, "2008-03-31": "-1.30000", "2007-12-31": -5.2, "2007-09-30": -5.8, "2007-06-30": -143.2, "2007-03-31": "-309.30000", "2006-12-31": 243.7, "2006-09-30": -103.5, "2006-06-30": 77.9, "2006-03-31": "-41.30000", "2005-12-31": -36.741, "2005-09-30": -63.409, "2005-06-30": 790.343, "2005-03-31": "-1.19300"}, "Debt Issuance/Retirement Net - Total": {"2020-12-31": -1, "2020-09-30": -710, "2020-06-30": 1213, "2020-03-31": "2245.00000", "2019-12-31": 294, "2019-09-30": -1736, "2019-06-30": 725, "2019-03-31": "-688.00000", "2018-12-31": 266, "2018-09-30": -575, "2018-06-30": -976, "2018-03-31": "-271.00000", "2017-12-31": -1102, "2017-09-30": 4442, "2017-06-30": -696, "2017-03-31": "382.00000", "2016-12-31": -1893.5, "2016-09-30": 4783.8, "2016-06-30": -887.7, "2016-03-31": "2171.40000", "2015-12-31": -729.3, "2015-09-30": -779.5, "2015-06-30": -800.7, "2015-03-31": "367.50000", "2014-12-31": 123.1, "2014-09-30": -1081, "2014-06-30": -1777.8, "2014-03-31": "4612.10000", "2013-12-31": 3356.3, "2013-09-30": 0.7, "2013-06-30": -0.3, "2013-03-31": "-2.00000", "2012-12-31": -345.1001, "2012-09-30": 931.7001, "2012-06-30": -136.5, "2012-03-31": "-347.80000", "2011-12-31": -100.9, "2011-09-30": 3079, "2011-06-30": -407, "2011-03-31": "2138.10000", "2010-12-31": -1.5999, "2010-09-30": -9.6, "2010-06-30": -151.8, "2010-03-31": "-209.70000", "2009-12-31": -190.2, "2009-09-30": -14.1, "2009-06-30": 0.4, "2009-03-31": "4.00000", "2008-12-31": -129.6, "2008-09-30": -6.3, "2008-06-30": -14.3, "2008-03-31": "-1.30000", "2007-12-31": -5.1, "2007-09-30": -6.6, "2007-06-30": -144.3, "2007-03-31": "-316.90000", "2006-12-31": -90.9, "2006-09-30": -103.5, "2006-06-30": 77.9, "2006-03-31": "-41.30000", "2005-12-31": -37.0059, "2005-09-30": -63.8941, "2005-06-30": 1037.793, "2005-03-31": "-1.19300"}, "Net Common Equity Issued/Repurchased": {"2020-12-31": 40, "2020-09-30": 31, "2020-06-30": 77, "2020-03-31": "-1452.00000", "2019-12-31": -712, "2019-09-30": -7, "2019-06-30": 41, "2019-03-31": "-669.00000", "2018-12-31": -211, "2018-09-30": -231, "2018-06-30": 39, "2018-03-31": "39.00000", "2017-12-31": 20, "2017-09-30": 1699, "2017-06-30": -209, "2017-03-31": "-442.00000", "2016-12-31": -238.1, "2016-09-30": -3.3, "2016-06-30": 46.7, "2016-03-31": "-968.30000", "2015-12-31": -24.6, "2015-09-30": 14.9, "2015-06-30": 21.7, "2015-03-31": "-440.00000", "2014-12-31": 22.7, "2014-09-30": 24.1, "2014-06-30": 21.1, "2014-03-31": "3029.50000", "2013-12-31": 25.5, "2013-09-30": 32.6, "2013-06-30": 70.5, "2013-03-31": "12.00000", "2012-12-31": -227.2, "2012-09-30": -332.5, "2012-06-30": -91.3, "2012-03-31": "-244.90000", "2011-12-31": -345.6, "2011-09-30": -213.1, "2011-06-30": -127.7, "2011-03-31": "-493.00000", "2010-12-31": -325.3, "2010-09-30": -471.8, "2010-06-30": -164.9, "2010-03-31": "26.80000", "2009-12-31": 36.9, "2009-09-30": 5.6, "2009-06-30": -407.9, "2009-03-31": "5.20000", "2008-12-31": -82, "2008-09-30": 32.6, "2008-06-30": 20.6, "2008-03-31": "-73.50000", "2007-12-31": -320.9, "2007-09-30": -455.3, "2007-06-30": 110.6, "2007-03-31": "113.00000", "2006-12-31": 81.9, "2006-09-30": 4.3, "2006-06-30": -222.4, "2006-03-31": "16.50000", "2005-12-31": 5.461, "2005-09-30": 13.018, "2005-06-30": 4.126, "2005-03-31": "4.59500"}, "Net Total Equity Issued/Repurchased": {"2020-12-31": 40, "2020-09-30": 31, "2020-06-30": 77, "2020-03-31": "-1452.00000", "2019-12-31": -712, "2019-09-30": -7, "2019-06-30": 41, "2019-03-31": "-669.00000", "2018-12-31": -211, "2018-09-30": -231, "2018-06-30": 39, "2018-03-31": "39.00000", "2017-12-31": 20, "2017-09-30": 1699, "2017-06-30": -209, "2017-03-31": "-442.00000", "2016-12-31": -238.1, "2016-09-30": -3.3, "2016-06-30": 46.7, "2016-03-31": "-968.30000", "2015-12-31": -24.6, "2015-09-30": 14.9, "2015-06-30": 21.7, "2015-03-31": "-440.00000", "2014-12-31": 22.7, "2014-09-30": 24.1, "2014-06-30": 21.1, "2014-03-31": "3029.50000", "2013-12-31": 25.5, "2013-09-30": 32.6, "2013-06-30": 70.5, "2013-03-31": "12.00000", "2012-12-31": -227.2, "2012-09-30": -332.5, "2012-06-30": -91.3, "2012-03-31": "-244.90000", "2011-12-31": -345.6, "2011-09-30": -213.1, "2011-06-30": -127.7, "2011-03-31": "-493.00000", "2010-12-31": -325.3, "2010-09-30": -471.8, "2010-06-30": -164.9, "2010-03-31": "26.80000", "2009-12-31": 36.9, "2009-09-30": 5.6, "2009-06-30": -407.9, "2009-03-31": "5.20000", "2008-12-31": -82, "2008-09-30": 32.6, "2008-06-30": 20.6, "2008-03-31": "-73.50000", "2007-12-31": -320.9, "2007-09-30": -455.3, "2007-06-30": 110.6, "2007-03-31": "113.00000", "2006-12-31": 81.9, "2006-09-30": 4.3, "2006-06-30": -222.4, "2006-03-31": "16.50000", "2005-12-31": 5.461, "2005-09-30": 13.018, "2005-06-30": 4.126, "2005-03-31": "4.59500"}, "Total Common And Preferred Stock Dividends Paid": {"2020-12-31": -87, "2020-09-30": -87, "2020-06-30": -87, "2020-03-31": "-76.00000", "2019-12-31": -76, "2019-09-30": -77, "2019-06-30": -76, "2019-03-31": "-68.00000", "2018-12-31": -68, "2018-09-30": -69, "2018-06-30": -69, "2018-03-31": "-60.00000", "2017-12-31": -60, "2017-09-30": -59, "2017-06-30": -59, "2017-03-31": "-59.00000", "2016-12-31": -58.8, "2016-09-30": -59.8, "2016-06-30": -59.1, "2016-03-31": "-60.30000", "2015-12-31": -60.3, "2015-09-30": -60.2, "2015-06-30": -59.7, "2015-03-31": "-60.80000", "2014-12-31": -60, "2014-09-30": -60.1, "2014-06-30": -59.8, "2014-03-31": "-54.90000", "2013-12-31": -54.2, "2013-09-30": -54.1, "2013-06-30": -53.9, "2013-03-31": "-54.00000", "2012-12-31": -46.9, "2012-09-30": -47.6, "2012-06-30": -47.7, "2012-03-31": "", "2011-12-31": 0, "2011-09-30": 0, "2011-06-30": 0, "2011-03-31": "", "2010-12-31": 0, "2010-09-30": 0, "2010-06-30": 0, "2010-03-31": "", "2009-12-31": 0, "2009-09-30": 0, "2009-06-30": 0, "2009-03-31": "", "2008-12-31": 0, "2008-09-30": 0, "2008-06-30": 0, "2008-03-31": "", "2007-12-31": 0, "2007-09-30": 0, "2007-06-30": 0, "2007-03-31": "", "2006-12-31": 0, "2006-09-30": 0, "2006-06-30": 0, "2006-03-31": "", "2005-12-31": 0, "2005-09-30": 0, "2005-06-30": 0, "2005-03-31": ""}, "Financial Activities - Other": {"2020-12-31": -1, "2020-09-30": -25, "2020-06-30": -23, "2020-03-31": "-98.00000", "2019-12-31": -20, "2019-09-30": -49, "2019-06-30": 0, "2019-03-31": "", "2018-12-31": 0, "2018-09-30": -1, "2018-06-30": 0, "2018-03-31": "-50.00000", "2017-12-31": -2, "2017-09-30": -1, "2017-06-30": 0, "2017-03-31": "", "2016-12-31": -0.4, "2016-09-30": 0, "2016-06-30": -13.2, "2016-03-31": "-0.40000", "2015-12-31": -55.7, "2015-09-30": 7, "2015-06-30": 9.8, "2015-03-31": "32.90000", "2014-12-31": 3.5, "2014-09-30": 2.9, "2014-06-30": 2.3, "2014-03-31": "48.40000", "2013-12-31": -4.1, "2013-09-30": 5.2, "2013-06-30": 13.6, "2013-03-31": "16.20000", "2012-12-31": 11.8, "2012-09-30": 7.1, "2012-06-30": -8.5, "2012-03-31": "7.70000", "2011-12-31": 0.1, "2011-09-30": 5.3, "2011-06-30": 9, "2011-03-31": "6.40000", "2010-12-31": 4.9, "2010-09-30": 0.1, "2010-06-30": 3, "2010-03-31": "4.80000", "2009-12-31": 0.9, "2009-09-30": 0.4, "2009-06-30": 0.7, "2009-03-31": "0.60000", "2008-12-31": 5.3, "2008-09-30": 7.9, "2008-06-30": 5.1, "2008-03-31": "7.10000", "2007-12-31": 32.8, "2007-09-30": 47, "2007-06-30": 7.2, "2007-03-31": "9.80000", "2006-12-31": 10.9, "2006-09-30": 0.9, "2006-06-30": 1.3, "2006-03-31": "4.30000", "2005-12-31": 0.32, "2005-09-30": -0.159, "2005-06-30": -572.027, "2005-03-31": "-0.13400"}, "Cash Flow From Financial Activities": {"2020-12-31": -49, "2020-09-30": -791, "2020-06-30": 1180, "2020-03-31": "619.00000", "2019-12-31": -514, "2019-09-30": -1869, "2019-06-30": 690, "2019-03-31": "-1425.00000", "2018-12-31": -13, "2018-09-30": -876, "2018-06-30": -1006, "2018-03-31": "-342.00000", "2017-12-31": -1144, "2017-09-30": 6081, "2017-06-30": -964, "2017-03-31": "-119.00000", "2016-12-31": -2190.8, "2016-09-30": 4720.7, "2016-06-30": -913.3, "2016-03-31": "1142.40000", "2015-12-31": -869.9, "2015-09-30": -817.8, "2015-06-30": -828.9, "2015-03-31": "-100.40000", "2014-12-31": 89.3, "2014-09-30": -1114.1, "2014-06-30": -1814.2, "2014-03-31": "7635.10000", "2013-12-31": 3323.5, "2013-09-30": -15.6, "2013-06-30": 29.9, "2013-03-31": "-27.80000", "2012-12-31": -607.4, "2012-09-30": 558.7, "2012-06-30": -284, "2012-03-31": "-585.00000", "2011-12-31": -446.4, "2011-09-30": 2871.2, "2011-06-30": -525.7, "2011-03-31": "1651.50000", "2010-12-31": -322, "2010-09-30": -481.3, "2010-06-30": -313.7, "2010-03-31": "-178.10000", "2009-12-31": -152.4, "2009-09-30": -8.1, "2009-06-30": -406.8, "2009-03-31": "9.80000", "2008-12-31": -206.3, "2008-09-30": 34.2, "2008-06-30": 11.4, "2008-03-31": "-67.70000", "2007-12-31": -293.2, "2007-09-30": -414.9, "2007-06-30": -26.5, "2007-03-31": "-194.10000", "2006-12-31": 1.9, "2006-09-30": -98.3, "2006-06-30": -143.2, "2006-03-31": "-20.50000", "2005-12-31": -31.225, "2005-09-30": -51.035, "2005-06-30": 469.892, "2005-03-31": "3.26800"}, "Net Cash Flow": {"2020-12-31": 2766, "2020-09-30": 1733, "2020-06-30": 2827, "2020-03-31": "588.00000", "2019-12-31": 1117, "2019-09-30": -1009, "2019-06-30": 1186, "2019-03-31": "-989.00000", "2018-12-31": 1006, "2018-09-30": 155, "2018-06-30": -19, "2018-03-31": "-386.00000", "2017-12-31": 603, "2017-09-30": 129, "2017-06-30": -108, "2017-03-31": "-74.00000", "2016-12-31": -1188.9, "2016-09-30": 1310.4, "2016-06-30": -151.7, "2016-03-31": "375.20000", "2015-12-31": -57.9, "2015-09-30": -265, "2015-06-30": -96.2, "2015-03-31": "-478.90000", "2014-12-31": 809.2, "2014-09-30": -50.6, "2014-06-30": -912.3, "2014-03-31": "-4328.80000", "2013-12-31": 3980.4, "2013-09-30": 482.9, "2013-06-30": 404.2, "2013-03-31": "152.90000", "2012-12-31": 7.3, "2012-09-30": 66, "2012-06-30": -56, "2012-03-31": "-228.00000", "2011-12-31": 126, "2011-09-30": -465.8, "2011-06-30": -1432.6, "2011-03-31": "1871.60000", "2010-12-31": -13.1, "2010-09-30": -377.2, "2010-06-30": -124.3, "2010-03-31": "-132.40000", "2009-12-31": -181.6, "2009-09-30": 328.3, "2009-06-30": -143.7, "2009-03-31": "280.60000", "2008-12-31": 40.2, "2008-09-30": 233.4, "2008-06-30": 272.9, "2008-03-31": "108.90000", "2007-12-31": -205.7, "2007-09-30": -120.4, "2007-06-30": 280.3, "2007-03-31": "3.50000", "2006-12-31": 509.4, "2006-09-30": -31.7, "2006-06-30": -41.1, "2006-03-31": "16.50000", "2005-12-31": 20.827, "2005-09-30": 33.715, "2005-06-30": -191.816, "2005-03-31": "24.67400"}, "Stock-Based Compensation": {"2020-12-31": -145, "2020-09-30": 52, "2020-06-30": 47, "2020-03-31": "46.00000", "2019-12-31": 43, "2019-09-30": 42, "2019-06-30": 52, "2019-03-31": "44.00000", "2018-12-31": 44, "2018-09-30": 46, "2018-06-30": 48, "2018-03-31": "43.00000", "2017-12-31": 43, "2017-09-30": 45, "2017-06-30": 38, "2017-03-31": "33.00000", "2016-12-31": 31, "2016-09-30": 34.9, "2016-06-30": 33.7, "2016-03-31": "33.40000", "2015-12-31": 33.2, "2015-09-30": 32.5, "2015-06-30": 31.1, "2015-03-31": "28.20000", "2014-12-31": 30.5, "2014-09-30": 30.6, "2014-06-30": 30.8, "2014-03-31": "25.20000", "2013-12-31": 24.3, "2013-09-30": 22.9, "2013-06-30": 23.3, "2013-03-31": "20.40000", "2012-12-31": 20.4, "2012-09-30": 20.3, "2012-06-30": 20.3, "2012-03-31": "17.20000", "2011-12-31": 19.4, "2011-09-30": 18.7, "2011-06-30": 20.3, "2011-03-31": "21.60000", "2010-12-31": 19.9, "2010-09-30": 20.9, "2010-06-30": 22, "2010-03-31": "18.80000", "2009-12-31": 10.6, "2009-09-30": 20.6, "2009-06-30": 20.6, "2009-03-31": "15.20000", "2008-12-31": 13.6, "2008-09-30": 15.8, "2008-06-30": 16.7, "2008-03-31": "11.00000", "2007-12-31": 11.8, "2007-09-30": 13.2, "2007-06-30": 12.3, "2007-03-31": "13.80000", "2006-12-31": 49.3, "2006-09-30": 7.1, "2006-06-30": 6.9, "2006-03-31": "6.10000", "2005-12-31": 0.733, "2005-09-30": 0.728, "2005-06-30": 0.698, "2005-03-31": "0.64100"}, "Common Stock Dividends Paid": {"2020-12-31": -87, "2020-09-30": -87, "2020-06-30": -87, "2020-03-31": "-76.00000", "2019-12-31": -76, "2019-09-30": -77, "2019-06-30": -76, "2019-03-31": "-68.00000", "2018-12-31": -68, "2018-09-30": -69, "2018-06-30": -69, "2018-03-31": "-60.00000", "2017-12-31": -60, "2017-09-30": -59, "2017-06-30": -59, "2017-03-31": "-59.00000", "2016-12-31": -58.8, "2016-09-30": -59.8, "2016-06-30": -59.1, "2016-03-31": "-60.30000", "2015-12-31": -60.3, "2015-09-30": -60.2, "2015-06-30": -59.7, "2015-03-31": "-60.80000", "2014-12-31": -60, "2014-09-30": -60.1, "2014-06-30": -59.8, "2014-03-31": "-54.90000", "2013-12-31": -54.2, "2013-09-30": -54.1, "2013-06-30": -53.9, "2013-03-31": "-54.00000", "2012-12-31": -46.9, "2012-09-30": -47.6, "2012-06-30": -47.7, "2012-03-31": "0.00000", "2011-12-31": 0, "2011-09-30": 0, "2011-06-30": 0, "2011-03-31": "", "2010-12-31": 0, "2010-09-30": 0, "2010-06-30": 0, "2010-03-31": "", "2009-12-31": 0, "2009-09-30": 0, "2009-06-30": 0, "2009-03-31": "", "2008-12-31": 0, "2008-09-30": 0, "2008-06-30": 0, "2008-03-31": "", "2007-12-31": 0, "2007-09-30": 0, "2007-06-30": 0, "2007-03-31": "", "2006-12-31": 0, "2006-09-30": 0, "2006-06-30": 0, "2006-03-31": "", "2005-12-31": 0, "2005-09-30": 0, "2005-06-30": 0, "2005-03-31": ""}}, "financial ratios": {"Current Ratio": {"2019-12-31": "1.91920", "2018-12-31": "1.72850", "2017-12-31": "1.33670", "2016-12-31": "1.44290", "2015-12-31": "1.38470", "2014-12-31": "1.22240", "2013-12-31": "3.16080", "2012-12-31": "2.30970", "2011-12-31": "1.54890", "2010-12-31": "2.41840", "2009-12-31": "2.76390", "2008-12-31": "2.82160", "2007-12-31": "1.92750", "2006-12-31": "1.70030", "2005-12-31": "1.71020"}, "Long-term Debt / Capital": {"2019-12-31": "0.36530", "2018-12-31": "0.39110", "2017-12-31": "0.42620", "2016-12-31": "0.41640", "2015-12-31": "0.34850", "2014-12-31": "0.37540", "2013-12-31": "0.36040", "2012-12-31": "0.31260", "2011-12-31": "0.27680", "2010-12-31": "0.11680", "2009-12-31": "0.11810", "2008-12-31": "0.11960", "2007-12-31": "0.12370", "2006-12-31": "0.13550", "2005-12-31": "0.14370"}, "Debt/Equity Ratio": {"2019-12-31": "0.59820", "2018-12-31": "0.68840", "2017-12-31": "0.82670", "2016-12-31": "0.77190", "2015-12-31": "0.58420", "2014-12-31": "0.70880", "2013-12-31": "0.62220", "2012-12-31": "0.46070", "2011-12-31": "0.46730", "2010-12-31": "0.13910", "2009-12-31": "0.14150", "2008-12-31": "0.13680", "2007-12-31": "0.15150", "2006-12-31": "0.19150", "2005-12-31": "0.21440"}, "Gross Margin": {"2019-12-31": "44.35050", "2018-12-31": "44.57260", "2017-12-31": "45.16680", "2016-12-31": "45.81370", "2015-12-31": "45.71770", "2014-12-31": "44.35870", "2013-12-31": "42.23810", "2012-12-31": "42.33050", "2011-12-31": "41.47490", "2010-12-31": "41.00320", "2009-12-31": "39.32560", "2008-12-31": "40.06670", "2007-12-31": "39.03390", "2006-12-31": "41.35720", "2005-12-31": "45.38170"}, "Operating Margin": {"2019-12-31": "17.98610", "2018-12-31": "15.53080", "2017-12-31": "14.15050", "2016-12-31": "13.45080", "2015-12-31": "13.76950", "2014-12-31": "14.81980", "2013-12-31": "12.29610", "2012-12-31": "11.84740", "2011-12-31": "10.82120", "2010-12-31": "11.43160", "2009-12-31": "10.11040", "2008-12-31": "11.71080", "2007-12-31": "9.99750", "2006-12-31": "6.38250", "2005-12-31": "10.00760"}, "EBIT Margin": {"2019-12-31": "17.98610", "2018-12-31": "15.53080", "2017-12-31": "14.15050", "2016-12-31": "13.45080", "2015-12-31": "13.76950", "2014-12-31": "14.81980", "2013-12-31": "12.29610", "2012-12-31": "11.84740", "2011-12-31": "10.82120", "2010-12-31": "11.43160", "2009-12-31": "10.11040", "2008-12-31": "11.71080", "2007-12-31": "9.99750", "2006-12-31": "6.38250", "2005-12-31": "10.00760"}, "EBITDA Margin": {"2019-12-31": "26.90080", "2018-12-31": "24.83780", "2017-12-31": "23.86940", "2016-12-31": "23.07100", "2015-12-31": "23.71940", "2014-12-31": "24.79510", "2013-12-31": "19.93460", "2012-12-31": "19.71080", "2011-12-31": "18.25800", "2010-12-31": "18.54880", "2009-12-31": "17.80740", "2008-12-31": "19.26180", "2007-12-31": "17.76250", "2006-12-31": "12.73080", "2005-12-31": "14.68670"}, "Pre-Tax Profit Margin": {"2019-12-31": "15.93450", "2018-12-31": "13.39190", "2017-12-31": "11.61200", "2016-12-31": "11.07590", "2015-12-31": "11.41170", "2014-12-31": "12.35790", "2013-12-31": "10.08000", "2012-12-31": "10.14720", "2011-12-31": "9.80030", "2010-12-31": "10.46560", "2009-12-31": "8.88250", "2008-12-31": "10.74490", "2007-12-31": "8.82990", "2006-12-31": "5.52270", "2005-12-31": "10.85830"}, "Net Profit Margin": {"2019-12-31": "14.47030", "2018-12-31": "12.06180", "2017-12-31": "10.63680", "2016-12-31": "11.06490", "2015-12-31": "11.64160", "2014-12-31": "11.21640", "2013-12-31": "9.72710", "2012-12-31": "9.41570", "2011-12-31": "11.50550", "2010-12-31": "9.96240", "2009-12-31": "8.57280", "2008-12-31": "9.32940", "2007-12-31": "7.67360", "2006-12-31": "4.45460", "2005-12-31": "8.47700"}, "Asset Turnover": {"2019-12-31": "0.43750", "2018-12-31": "0.43320", "2017-12-31": "0.36910", "2016-12-31": "0.39810", "2015-12-31": "0.41550", "2014-12-31": "0.39410", "2013-12-31": "0.41080", "2012-12-31": "0.45580", "2011-12-31": "0.43080", "2010-12-31": "0.48680", "2009-12-31": "0.45830", "2008-12-31": "0.49780", "2007-12-31": "0.45960", "2006-12-31": "0.17830", "2005-12-31": "0.61930"}, "Inventory Turnover Ratio": {"2019-12-31": "4.21780", "2018-12-31": "4.49280", "2017-12-31": "3.86070", "2016-12-31": "4.47450", "2015-12-31": "4.62370", "2014-12-31": "5.05380", "2013-12-31": "5.05940", "2012-12-31": "4.99850", "2011-12-31": "5.08590", "2010-12-31": "5.22770", "2009-12-31": "5.31540", "2008-12-31": "5.37120", "2007-12-31": "5.07910", "2006-12-31": "1.90940", "2005-12-31": "4.00150"}, "Receiveable Turnover": {"2019-12-31": "5.87310", "2018-12-31": "5.88930", "2017-12-31": "5.39260", "2016-12-31": "5.33240", "2015-12-31": "6.14010", "2014-12-31": "6.82790", "2013-12-31": "6.73960", "2012-12-31": "6.93110", "2011-12-31": "6.55370", "2010-12-31": "7.05190", "2009-12-31": "7.03150", "2008-12-31": "7.10240", "2007-12-31": "6.72170", "2006-12-31": "2.72250", "2005-12-31": "4.70030"}, "Days Sales In Receivables": {"2019-12-31": "62.14800", "2018-12-31": "61.97720", "2017-12-31": "67.68500", "2016-12-31": "68.45000", "2015-12-31": "59.44560", "2014-12-31": "53.45680", "2013-12-31": "54.15760", "2012-12-31": "52.66140", "2011-12-31": "55.69350", "2010-12-31": "51.75910", "2009-12-31": "51.90930", "2008-12-31": "51.39140", "2007-12-31": "54.30210", "2006-12-31": "134.06880", "2005-12-31": "77.65390"}, "ROE - Return On Equity": {"2019-12-31": "12.45490", "2018-12-31": "10.65030", "2017-12-31": "8.76720", "2016-12-31": "9.40110", "2015-12-31": "9.27390", "2014-12-31": "9.22470", "2013-12-31": "7.58840", "2012-12-31": "8.13720", "2011-12-31": "6.80540", "2010-12-31": "6.41950", "2009-12-31": "5.33480", "2008-12-31": "6.53470", "2007-12-31": "5.29320", "2006-12-31": "1.19540", "2005-12-31": "7.09910"}, "Return On Tangible Equity": {"2019-12-31": "-36.76510", "2018-12-31": "-23.06300", "2017-12-31": "-13.45330", "2016-12-31": "-14.71980", "2015-12-31": "-19.34410", "2014-12-31": "-15.28060", "2013-12-31": "-47.05170", "2012-12-31": "-26.13880", "2011-12-31": "-21.54030", "2010-12-31": "218.35710", "2009-12-31": "741.62160", "2008-12-31": "-559.28770", "2007-12-31": "-55.46400", "2006-12-31": "-7.82660", "2005-12-31": "52.68650"}, "ROA - Return On Assets": {"2019-12-31": "6.33080", "2018-12-31": "5.22480", "2017-12-31": "3.93160", "2016-12-31": "4.41100", "2015-12-31": "4.84890", "2014-12-31": "4.42340", "2013-12-31": "4.01430", "2012-12-31": "4.58520", "2011-12-31": "3.81390", "2010-12-31": "4.61890", "2009-12-31": "3.80670", "2008-12-31": "4.62490", "2007-12-31": "3.61620", "2006-12-31": "0.78210", "2005-12-31": "4.66420"}, "ROI - Return On Investment": {"2019-12-31": "7.90570", "2018-12-31": "6.48490", "2017-12-31": "5.03090", "2016-12-31": "5.48600", "2015-12-31": "6.04200", "2014-12-31": "5.76150", "2013-12-31": "4.85320", "2012-12-31": "5.59390", "2011-12-31": "4.92180", "2010-12-31": "5.66980", "2009-12-31": "4.70490", "2008-12-31": "5.75320", "2007-12-31": "4.63830", "2006-12-31": "1.03340", "2005-12-31": "6.07920"}, "Book Value Per Share": {"2019-12-31": "74.42190", "2018-12-31": "68.60110", "2017-12-31": "63.32430", "2016-12-31": "54.74680", "2015-12-31": "53.42490", "2014-12-31": "51.31000", "2013-12-31": "46.56880", "2012-12-31": "43.26470", "2011-12-31": "40.49220", "2010-12-31": "39.24930", "2009-12-31": "37.69970", "2008-12-31": "35.71220", "2007-12-31": "34.89160", "2006-12-31": "33.37880", "2005-12-31": "17.19150"}, "Operating Cash Flow Per Share": {"2019-12-31": 1.1503, "2018-12-31": 1.1269, "2017-12-31": 1.8563, "2016-12-31": 0.8881, "2015-12-31": 0.8068, "2014-12-31": 1.0149, "2013-12-31": -0.0666, "2012-12-31": 1.1688, "2011-12-31": 0.736, "2010-12-31": -0.2658, "2009-12-31": 0.5653, "2008-12-31": 0.0148, "2007-12-31": 1.3525, "2006-12-31": 0.3529, "2005-12-31": 1.6388}, "Free Cash Flow Per Share": {"2019-12-31": 0.6857, "2018-12-31": 0.6418, "2017-12-31": 1.6503, "2016-12-31": 0.8428, "2015-12-31": 0.7397, "2014-12-31": 0.7899, "2013-12-31": 0.0426, "2012-12-31": 1.0009, "2011-12-31": 0.6538, "2010-12-31": -0.399, "2009-12-31": 0.7129, "2008-12-31": -0.2218, "2007-12-31": 1.3488, "2006-12-31": 0.17, "2005-12-31": 1.4731}}, "financial ratios, quarterly": {"Current Ratio": {"2020-09-30": "2.92770", "2020-06-30": "2.62350", "2020-03-31": "2.31600", "2019-12-31": "1.91920", "2019-09-30": "1.79910", "2019-06-30": "1.49460", "2019-03-31": "1.68510", "2018-12-31": "1.72850", "2018-09-30": "1.84100", "2018-06-30": "1.58430", "2018-03-31": "1.35580", "2017-12-31": "1.33670", "2017-09-30": "1.25780", "2017-06-30": "1.46820", "2017-03-31": "1.36680", "2016-12-31": "1.44290", "2016-09-30": "1.55980", "2016-06-30": "1.14520", "2016-03-31": "1.03420", "2015-12-31": "1.38470", "2015-09-30": "1.05070", "2015-06-30": "1.02230", "2015-03-31": "0.90080", "2014-12-31": "1.22240", "2014-09-30": "0.91930", "2014-06-30": "0.95330", "2014-03-31": "1.35510", "2013-12-31": "3.16080", "2013-09-30": "2.53180", "2013-06-30": "2.38750", "2013-03-31": "2.23040", "2012-12-31": "2.30970", "2012-09-30": "1.96130", "2012-06-30": "1.72650", "2012-03-31": "1.67620", "2011-12-31": "1.54890", "2011-09-30": "1.69550", "2011-06-30": "2.75470", "2011-03-31": "1.49280", "2010-12-31": "2.41840", "2010-09-30": "2.35570", "2010-06-30": "2.69060", "2010-03-31": "2.55030", "2009-12-31": "2.76390", "2009-09-30": "3.01020", "2009-06-30": "2.93190", "2009-03-31": "3.01370", "2008-12-31": "2.82160", "2008-09-30": "2.41470", "2008-06-30": "2.28680", "2008-03-31": "2.08930", "2007-12-31": "1.92750", "2007-09-30": "2.39650", "2007-06-30": "2.49980", "2007-03-31": "2.08530", "2006-12-31": "1.70030", "2006-09-30": "1.76890", "2006-06-30": "1.63300", "2006-03-31": "1.92190", "2005-12-31": "1.71020", "2005-09-30": "1.72640", "2005-06-30": "1.57150", "2005-03-31": "2.70840"}, "Long-term Debt / Capital": {"2020-09-30": "0.39860", "2020-06-30": "0.40860", "2020-03-31": "0.40240", "2019-12-31": "0.36530", "2019-09-30": "0.35830", "2019-06-30": "0.36710", "2019-03-31": "0.37780", "2018-12-31": "0.39110", "2018-09-30": "0.39780", "2018-06-30": "0.40110", "2018-03-31": "0.40960", "2017-12-31": "0.42620", "2017-09-30": "0.46090", "2017-06-30": "0.40520", "2017-03-31": "0.41070", "2016-12-31": "0.41640", "2016-09-30": "0.43890", "2016-06-30": "0.35360", "2016-03-31": "0.35770", "2015-12-31": "0.34850", "2015-09-30": "0.33020", "2015-06-30": "0.34020", "2015-03-31": "0.34940", "2014-12-31": "0.37540", "2014-09-30": "0.35700", "2014-06-30": "0.37700", "2014-03-31": "0.42650", "2013-12-31": "0.36040", "2013-09-30": "0.29010", "2013-06-30": "0.29840", "2013-03-31": "0.30120", "2012-12-31": "0.31260", "2012-09-30": "0.31520", "2012-06-30": "0.27570", "2012-03-31": "0.27330", "2011-12-31": "0.27680", "2011-09-30": "0.28700", "2011-06-30": "0.20380", "2011-03-31": "0.10560", "2010-12-31": "0.11680", "2010-09-30": "0.11810", "2010-06-30": "0.11700", "2010-03-31": "0.11090", "2009-12-31": "0.11810", "2009-09-30": "0.11310", "2009-06-30": "0.11860", "2009-03-31": "0.11900", "2008-12-31": "0.11960", "2008-09-30": "0.11890", "2008-06-30": "0.11950", "2008-03-31": "0.12160", "2007-12-31": "0.12370", "2007-09-30": "0.13120", "2007-06-30": "0.13030", "2007-03-31": "0.13300", "2006-12-31": "0.13550", "2006-09-30": "0.14300", "2006-06-30": "0.14590", "2006-03-31": "0.14030", "2005-12-31": "0.14370", "2005-09-30": "0.14600", "2005-06-30": "0.14940", "2005-03-31": "0.07710"}, "Debt/Equity Ratio": {"2020-09-30": "0.66280", "2020-06-30": "0.71340", "2020-03-31": "0.69920", "2019-12-31": "0.59820", "2019-09-30": "0.58090", "2019-06-30": "0.66270", "2019-03-31": "0.65530", "2018-12-31": "0.68840", "2018-09-30": "0.69820", "2018-06-30": "0.73440", "2018-03-31": "0.80140", "2017-12-31": "0.82670", "2017-09-30": "0.96670", "2017-06-30": "0.75010", "2017-03-31": "0.78320", "2016-12-31": "0.77190", "2016-09-30": "0.87320", "2016-06-30": "0.66530", "2016-03-31": "0.71860", "2015-12-31": "0.58420", "2015-09-30": "0.63850", "2015-06-30": "0.67810", "2015-03-31": "0.74600", "2014-12-31": "0.70880", "2014-09-30": "0.70580", "2014-06-30": "0.75400", "2014-03-31": "0.84980", "2013-12-31": "0.62220", "2013-09-30": "0.43260", "2013-06-30": "0.45020", "2013-03-31": "0.45630", "2012-12-31": "0.46070", "2012-09-30": "0.48870", "2012-06-30": "0.43270", "2012-03-31": "0.43660", "2011-12-31": "0.46730", "2011-09-30": "0.46950", "2011-06-30": "0.25710", "2011-03-31": "0.28190", "2010-12-31": "0.13910", "2010-09-30": "0.14060", "2010-06-30": "0.13940", "2010-03-31": "0.13430", "2009-12-31": "0.14150", "2009-09-30": "0.13210", "2009-06-30": "0.13560", "2009-03-31": "0.13610", "2008-12-31": "0.13680", "2008-09-30": "0.14420", "2008-06-30": "0.14530", "2008-03-31": "0.14860", "2007-12-31": "0.15150", "2007-09-30": "0.15240", "2007-06-30": "0.15160", "2007-03-31": "0.16510", "2006-12-31": "0.19150", "2006-09-30": "0.19130", "2006-06-30": "0.23350", "2006-03-31": "0.19500", "2005-12-31": "0.21440", "2005-09-30": "0.23160", "2005-06-30": "0.26040", "2005-03-31": "0.08940"}, "Gross Margin": {"2020-09-30": "50.82740", "2020-06-30": "48.82170", "2020-03-31": "43.98070", "2019-12-31": "44.44280", "2019-09-30": "44.05290", "2019-06-30": "44.69600", "2019-03-31": "44.19590", "2018-12-31": "44.93620", "2018-09-30": "44.17230", "2018-06-30": "45.04770", "2018-03-31": "44.08000", "2017-12-31": "44.17070", "2017-09-30": "44.95700", "2017-06-30": "45.77150", "2017-03-31": "46.02310", "2016-12-31": "46.06610", "2016-09-30": "45.73470", "2016-06-30": "45.83040", "2016-03-31": "45.58770", "2015-12-31": "45.32150", "2015-09-30": "45.67570", "2015-06-30": "45.46580", "2015-03-31": "46.50660", "2014-12-31": "46.56120", "2014-09-30": "46.35370", "2014-06-30": "42.72430", "2014-03-31": "41.50120", "2013-12-31": "42.73850", "2013-09-30": "42.23010", "2013-06-30": "42.07280", "2013-03-31": "41.87060", "2012-12-31": "42.52750", "2012-09-30": "42.07800", "2012-06-30": "42.51150", "2012-03-31": "42.19120", "2011-12-31": "42.41270", "2011-09-30": "41.55960", "2011-06-30": "40.67980", "2011-03-31": "41.16630", "2010-12-31": "42.67450", "2010-09-30": "40.38120", "2010-06-30": "40.40910", "2010-03-31": "40.59540", "2009-12-31": "38.29180", "2009-09-30": "39.95100", "2009-06-30": "39.78500", "2009-03-31": "39.32860", "2008-12-31": "40.31670", "2008-09-30": "39.90570", "2008-06-30": "40.15720", "2008-03-31": "39.87470", "2007-12-31": "39.67040", "2007-09-30": "39.48440", "2007-06-30": "39.25560", "2007-03-31": "37.63150", "2006-12-31": "35.59830", "2006-09-30": "46.46160", "2006-06-30": "45.49410", "2006-03-31": "45.68170", "2005-12-31": "46.23790", "2005-09-30": "44.99470", "2005-06-30": "43.97890", "2005-03-31": "46.35740"}, "Operating Margin": {"2020-09-30": "28.47080", "2020-06-30": "20.10990", "2020-03-31": "14.54250", "2019-12-31": "18.04070", "2019-09-30": "15.08290", "2019-06-30": "23.68590", "2019-03-31": "15.02040", "2018-12-31": "17.64250", "2018-09-30": "15.40540", "2018-06-30": "15.41630", "2018-03-31": "13.42900", "2017-12-31": "15.82600", "2017-09-30": "12.39250", "2017-06-30": "15.01000", "2017-03-31": "13.01150", "2016-12-31": "15.37220", "2016-09-30": "12.04880", "2016-06-30": "14.05890", "2016-03-31": "12.05880", "2015-12-31": "14.83200", "2015-09-30": "13.65200", "2015-06-30": "13.95020", "2015-03-31": "12.43490", "2014-12-31": "14.22490", "2014-09-30": "15.34980", "2014-06-30": "8.05430", "2014-03-31": "22.42860", "2013-12-31": "13.12410", "2013-09-30": "12.28460", "2013-06-30": "11.58610", "2013-03-31": "12.12910", "2012-12-31": "12.29100", "2012-09-30": "11.41400", "2012-06-30": "11.83360", "2012-03-31": "11.82610", "2011-12-31": "11.41460", "2011-09-30": "10.77430", "2011-06-30": "9.28870", "2011-03-31": "11.81380", "2010-12-31": "11.91670", "2010-09-30": "11.51520", "2010-06-30": "11.47670", "2010-03-31": "10.83410", "2009-12-31": "10.50620", "2009-09-30": "10.88460", "2009-06-30": "10.42630", "2009-03-31": "8.42980", "2008-12-31": "12.18680", "2008-09-30": "11.06220", "2008-06-30": "12.18630", "2008-03-31": "11.37040", "2007-12-31": "10.87330", "2007-09-30": "10.57800", "2007-06-30": "10.18480", "2007-03-31": "8.22850", "2006-12-31": "1.61190", "2006-09-30": "10.36010", "2006-06-30": "10.11910", "2006-03-31": "9.90790", "2005-12-31": "11.94720", "2005-09-30": "9.14170", "2005-06-30": "8.14140", "2005-03-31": "10.67150"}, "EBIT Margin": {"2020-09-30": "28.47080", "2020-06-30": "20.10990", "2020-03-31": "14.54250", "2019-12-31": "18.04070", "2019-09-30": "15.08290", "2019-06-30": "23.68590", "2019-03-31": "15.02040", "2018-12-31": "17.64250", "2018-09-30": "15.40540", "2018-06-30": "15.41630", "2018-03-31": "13.42900", "2017-12-31": "15.82600", "2017-09-30": "12.39250", "2017-06-30": "15.01000", "2017-03-31": "13.01150", "2016-12-31": "15.37220", "2016-09-30": "12.04880", "2016-06-30": "14.05890", "2016-03-31": "12.05880", "2015-12-31": "14.83200", "2015-09-30": "13.65200", "2015-06-30": "13.95020", "2015-03-31": "12.43490", "2014-12-31": "14.22500", "2014-09-30": "15.34980", "2014-06-30": "8.05430", "2014-03-31": "22.42860", "2013-12-31": "13.12410", "2013-09-30": "12.28460", "2013-06-30": "11.58610", "2013-03-31": "12.12910", "2012-12-31": "12.29100", "2012-09-30": "11.41400", "2012-06-30": "11.83360", "2012-03-31": "11.82610", "2011-12-31": "11.41450", "2011-09-30": "10.77430", "2011-06-30": "9.28870", "2011-03-31": "11.81380", "2010-12-31": "11.91670", "2010-09-30": "11.51520", "2010-06-30": "11.47670", "2010-03-31": "10.83410", "2009-12-31": "10.50620", "2009-09-30": "10.88460", "2009-06-30": "10.42630", "2009-03-31": "8.42980", "2008-12-31": "12.18680", "2008-09-30": "11.06220", "2008-06-30": "12.18630", "2008-03-31": "11.37040", "2007-12-31": "10.87330", "2007-09-30": "10.57800", "2007-06-30": "10.18480", "2007-03-31": "8.22850", "2006-12-31": "1.61190", "2006-09-30": "10.36010", "2006-06-30": "10.11910", "2006-03-31": "9.90790", "2005-12-31": "11.94720", "2005-09-30": "9.14170", "2005-06-30": "8.14140", "2005-03-31": "10.67150"}, "EBITDA Margin": {"2020-09-30": "", "2020-06-30": "", "2020-03-31": "", "2019-12-31": "", "2019-09-30": "", "2019-06-30": "", "2019-03-31": "", "2018-12-31": "", "2018-09-30": "", "2018-06-30": "", "2018-03-31": "", "2017-12-31": "", "2017-09-30": "", "2017-06-30": "", "2017-03-31": "", "2016-12-31": "", "2016-09-30": "", "2016-06-30": "", "2016-03-31": "", "2015-12-31": "", "2015-09-30": "", "2015-06-30": "", "2015-03-31": "", "2014-12-31": "", "2014-09-30": "", "2014-06-30": "", "2014-03-31": "", "2013-12-31": "", "2013-09-30": "", "2013-06-30": "", "2013-03-31": "", "2012-12-31": "", "2012-09-30": "", "2012-06-30": "", "2012-03-31": "", "2011-12-31": "", "2011-09-30": "", "2011-06-30": "", "2011-03-31": "", "2010-12-31": "", "2010-09-30": "", "2010-06-30": "", "2010-03-31": "", "2009-12-31": "", "2009-09-30": "", "2009-06-30": "", "2009-03-31": "", "2008-12-31": "", "2008-09-30": "", "2008-06-30": "", "2008-03-31": "", "2007-12-31": "", "2007-09-30": "", "2007-06-30": "", "2007-03-31": "", "2006-12-31": "", "2006-09-30": "", "2006-06-30": "", "2006-03-31": "", "2005-12-31": "", "2005-09-30": "", "2005-06-30": "", "2005-03-31": ""}, "Pre-Tax Profit Margin": {"2020-09-30": "26.42880", "2020-06-30": "18.11480", "2020-03-31": "13.29050", "2019-12-31": "15.19990", "2019-09-30": "13.10590", "2019-06-30": "22.05510", "2019-03-31": "13.33880", "2018-12-31": "15.55250", "2018-09-30": "13.68240", "2018-06-30": "13.26090", "2018-03-31": "10.83210", "2017-12-31": "13.56040", "2017-09-30": "9.38230", "2017-06-30": "12.54510", "2017-03-31": "10.55610", "2016-12-31": "13.16350", "2016-09-30": "9.52820", "2016-06-30": "11.49010", "2016-03-31": "9.84910", "2015-12-31": "12.51690", "2015-09-30": "11.35280", "2015-06-30": "11.79140", "2015-03-31": "9.74790", "2014-12-31": "11.95470", "2014-09-30": "12.92610", "2014-06-30": "5.47210", "2014-03-31": "19.83860", "2013-12-31": "10.89160", "2013-09-30": "9.99440", "2013-06-30": "8.64170", "2013-03-31": "10.74420", "2012-12-31": "10.53910", "2012-09-30": "9.60560", "2012-06-30": "10.24420", "2012-03-31": "10.17730", "2011-12-31": "10.24750", "2011-09-30": "9.08320", "2011-06-30": "8.92780", "2011-03-31": "10.98700", "2010-12-31": "11.00010", "2010-09-30": "10.92940", "2010-06-30": "10.05890", "2010-03-31": "9.88620", "2009-12-31": "8.86680", "2009-09-30": "9.75470", "2009-06-30": "9.34340", "2009-03-31": "7.41430", "2008-12-31": "11.15140", "2008-09-30": "9.99190", "2008-06-30": "11.14930", "2008-03-31": "10.65780", "2007-12-31": "9.05350", "2007-09-30": "9.79930", "2007-06-30": "9.31720", "2007-03-31": "7.08660", "2006-12-31": "0.43140", "2006-09-30": "9.55990", "2006-06-30": "9.64260", "2006-03-31": "9.36720", "2005-12-31": "11.45350", "2005-09-30": "8.73680", "2005-06-30": "12.04340", "2005-03-31": "11.26240"}, "Net Profit Margin": {"2020-09-30": "22.68510", "2020-06-30": "16.71250", "2020-03-31": "12.64850", "2019-12-31": "14.67270", "2019-09-30": "12.11740", "2019-06-30": "17.71690", "2019-03-31": "13.30610", "2018-12-31": "13.80050", "2018-09-30": "11.97640", "2018-06-30": "12.37250", "2018-03-31": "9.89240", "2017-12-31": "8.73160", "2017-09-30": "10.43780", "2017-06-30": "12.26450", "2017-03-31": "11.56350", "2016-12-31": "12.71330", "2016-09-30": "10.54350", "2016-06-30": "11.39090", "2016-03-31": "9.36480", "2015-12-31": "12.94470", "2015-09-30": "11.54690", "2015-06-30": "11.97870", "2015-03-31": "9.82700", "2014-12-31": "13.38140", "2014-09-30": "11.30560", "2014-06-30": "6.44390", "2014-03-31": "13.91320", "2013-12-31": "9.86760", "2013-09-30": "9.95050", "2013-06-30": "8.56150", "2013-03-31": "10.53420", "2012-12-31": "11.54850", "2012-09-30": "9.41120", "2012-06-30": "7.52230", "2012-03-31": "9.07160", "2011-12-31": "9.47060", "2011-09-30": "9.04910", "2011-06-30": "18.33920", "2011-03-31": "9.26730", "2010-12-31": "11.70040", "2010-09-30": "10.21420", "2010-06-30": "9.13820", "2010-03-31": "8.84310", "2009-12-31": "10.34340", "2009-09-30": "8.73530", "2009-06-30": "8.32090", "2009-03-31": "6.59390", "2008-12-31": "10.83020", "2008-09-30": "8.41540", "2008-06-30": "9.06780", "2008-03-31": "8.97810", "2007-12-31": "8.64520", "2007-09-30": "9.09960", "2007-06-30": "6.86950", "2007-03-31": "5.94050", "2006-12-31": "1.51600", "2006-09-30": "6.73200", "2006-06-30": "6.71340", "2006-03-31": "6.85370", "2005-12-31": "7.61200", "2005-09-30": "8.49770", "2005-06-30": "9.21370", "2005-03-31": "8.73660"}, "Asset Turnover": {"2020-09-30": "0.13300", "2020-06-30": "0.11230", "2020-03-31": "0.10620", "2019-12-31": "0.11700", "2019-09-30": "0.11060", "2019-06-30": "0.10900", "2019-03-31": "0.11020", "2018-12-31": "0.11570", "2018-09-30": "0.10750", "2018-06-30": "0.10970", "2018-03-31": "0.10340", "2017-12-31": "0.10670", "2017-09-30": "0.09140", "2017-06-30": "0.10730", "2017-03-31": "0.10310", "2016-12-31": "0.10790", "2016-09-30": "0.09350", "2016-06-30": "0.10730", "2016-03-31": "0.10000", "2015-12-31": "0.11390", "2015-09-30": "0.10020", "2015-06-30": "0.10220", "2015-03-31": "0.09360", "2014-12-31": "0.10480", "2014-09-30": "0.09770", "2014-06-30": "0.09750", "2014-03-31": "0.08460", "2013-12-31": "0.10880", "2013-09-30": "0.11290", "2013-06-30": "0.11730", "2013-03-31": "0.11640", "2012-12-31": "0.11880", "2012-09-30": "0.11190", "2012-06-30": "0.11790", "2012-03-31": "0.11400", "2011-12-31": "0.11370", "2011-09-30": "0.10870", "2011-06-30": "0.11860", "2011-03-31": "0.11610", "2010-12-31": "0.11910", "2010-09-30": "0.12210", "2010-06-30": "0.12200", "2010-03-31": "0.12150", "2009-12-31": "0.12210", "2009-09-30": "0.11820", "2009-06-30": "0.11740", "2009-03-31": "0.10720", "2008-12-31": "0.12550", "2008-09-30": "0.11980", "2008-06-30": "0.12500", "2008-03-31": "0.11880", "2007-12-31": "0.12360", "2007-09-30": "0.11340", "2007-06-30": "0.11220", "2007-03-31": "0.11040", "2006-12-31": "0.07850", "2006-09-30": "0.17270", "2006-06-30": "0.17080", "2006-03-31": "0.16140", "2005-12-31": "0.17420", "2005-09-30": "0.16390", "2005-06-30": "0.15810", "2005-03-31": "0.15730"}, "Inventory Turnover Ratio": {"2020-09-30": "1.09430", "2020-06-30": "0.97040", "2020-03-31": "1.01040", "2019-12-31": "1.12580", "2019-09-30": "1.06080", "2019-06-30": "1.08850", "2019-03-31": "1.09410", "2018-12-31": "1.19230", "2018-09-30": "1.10830", "2018-06-30": "1.16540", "2018-03-31": "1.13210", "2017-12-31": "1.13630", "2017-09-30": "0.90100", "2017-06-30": "1.11720", "2017-03-31": "1.10520", "2016-12-31": "1.20710", "2016-09-30": "1.01930", "2016-06-30": "1.17750", "2016-03-31": "1.08450", "2015-12-31": "1.27720", "2015-09-30": "1.12720", "2015-06-30": "1.18690", "2015-03-31": "1.10400", "2014-12-31": "1.29120", "2014-09-30": "1.16940", "2014-06-30": "1.28010", "2014-03-31": "1.10820", "2013-12-31": "1.32830", "2013-09-30": "1.19210", "2013-06-30": "1.26210", "2013-03-31": "1.25810", "2012-12-31": "1.29790", "2012-09-30": "1.17820", "2012-06-30": "1.28480", "2012-03-31": "1.24240", "2011-12-31": "1.32070", "2011-09-30": "1.21900", "2011-06-30": "1.25370", "2011-03-31": "1.26670", "2010-12-31": "1.24230", "2010-09-30": "1.29770", "2010-06-30": "1.34680", "2010-03-31": "1.35160", "2009-12-31": "1.44060", "2009-09-30": "1.29950", "2009-06-30": "1.26220", "2009-03-31": "1.17780", "2008-12-31": "1.34830", "2008-09-30": "1.23400", "2008-06-30": "1.28270", "2008-03-31": "1.23170", "2007-12-31": "1.35170", "2007-09-30": "1.20470", "2007-06-30": "1.22490", "2007-03-31": "1.23530", "2006-12-31": "0.92300", "2006-09-30": "0.95250", "2006-06-30": "0.98170", "2006-03-31": "0.97430", "2005-12-31": "1.10810", "2005-09-30": "0.94480", "2005-06-30": "0.91610", "2005-03-31": "0.86800"}, "Receiveable Turnover": {"2020-09-30": "1.64310", "2020-06-30": "1.54470", "2020-03-31": "1.38200", "2019-12-31": "1.57020", "2019-09-30": "1.43070", "2019-06-30": "1.52970", "2019-03-31": "1.47410", "2018-12-31": "1.57330", "2018-09-30": "1.39070", "2018-06-30": "1.36860", "2018-03-31": "1.29210", "2017-12-31": "1.55890", "2017-09-30": "1.21550", "2017-06-30": "1.35850", "2017-03-31": "1.35230", "2016-12-31": "1.44530", "2016-09-30": "1.55120", "2016-06-30": "1.67410", "2016-03-31": "1.60960", "2015-12-31": "1.68370", "2015-09-30": "1.62080", "2015-06-30": "1.62330", "2015-03-31": "1.54410", "2014-12-31": "1.81630", "2014-09-30": "1.66380", "2014-06-30": "1.62470", "2014-03-31": "1.44820", "2013-12-31": "1.78490", "2013-09-30": "1.64090", "2013-06-30": "1.70400", "2013-03-31": "1.67580", "2012-12-31": "1.80580", "2012-09-30": "1.68690", "2012-06-30": "1.72340", "2012-03-31": "1.61330", "2011-12-31": "1.72960", "2011-09-30": "1.61950", "2011-06-30": "1.69540", "2011-03-31": "1.73840", "2010-12-31": "1.72470", "2010-09-30": "1.68280", "2010-06-30": "1.76280", "2010-03-31": "1.75850", "2009-12-31": "1.87380", "2009-09-30": "1.70790", "2009-06-30": "1.68940", "2009-03-31": "1.58450", "2008-12-31": "1.79030", "2008-09-30": "1.67690", "2008-06-30": "1.69450", "2008-03-31": "1.61060", "2007-12-31": "1.80770", "2007-09-30": "1.64680", "2007-06-30": "1.67730", "2007-03-31": "1.64780", "2006-12-31": "1.19830", "2006-09-30": "1.34280", "2006-06-30": "1.31030", "2006-03-31": "1.26040", "2005-12-31": "1.32240", "2005-09-30": "1.30310", "2005-06-30": "1.27500", "2005-03-31": "1.21950"}, "Days Sales In Receivables": {"2020-09-30": "54.77530", "2020-06-30": "58.26510", "2020-03-31": "65.12360", "2019-12-31": "57.31590", "2019-09-30": "62.90820", "2019-06-30": "58.83630", "2019-03-31": "61.05310", "2018-12-31": "57.20610", "2018-09-30": "64.71790", "2018-06-30": "65.76010", "2018-03-31": "69.65660", "2017-12-31": "57.73280", "2017-09-30": "74.04590", "2017-06-30": "66.25010", "2017-03-31": "66.55090", "2016-12-31": "62.27010", "2016-09-30": "58.01930", "2016-06-30": "53.76150", "2016-03-31": "55.91580", "2015-12-31": "53.45330", "2015-09-30": "55.52750", "2015-06-30": "55.44270", "2015-03-31": "58.28830", "2014-12-31": "49.55130", "2014-09-30": "54.09190", "2014-06-30": "55.39440", "2014-03-31": "62.14810", "2013-12-31": "50.42170", "2013-09-30": "54.84650", "2013-06-30": "52.81780", "2013-03-31": "53.70670", "2012-12-31": "49.83920", "2012-09-30": "53.35190", "2012-06-30": "52.22320", "2012-03-31": "55.78780", "2011-12-31": "52.03510", "2011-09-30": "55.57300", "2011-06-30": "53.08550", "2011-03-31": "51.77300", "2010-12-31": "52.18430", "2010-09-30": "53.48230", "2010-06-30": "51.05560", "2010-03-31": "51.17900", "2009-12-31": "48.03090", "2009-09-30": "52.69650", "2009-06-30": "53.27320", "2009-03-31": "56.79930", "2008-12-31": "50.26980", "2008-09-30": "53.67100", "2008-06-30": "53.11450", "2008-03-31": "55.87820", "2007-12-31": "49.78830", "2007-09-30": "54.65140", "2007-06-30": "53.65900", "2007-03-31": "54.61890", "2006-12-31": "75.10520", "2006-09-30": "67.02370", "2006-06-30": "68.68510", "2006-03-31": "71.40670", "2005-12-31": "68.05910", "2005-09-30": "69.06610", "2005-06-30": "70.58880", "2005-03-31": "73.80120"}, "ROE - Return On Equity": {"2020-09-30": "6.07400", "2020-06-30": "3.86950", "2020-03-31": "2.75920", "2019-12-31": "3.37660", "2019-09-30": "2.58900", "2019-06-30": "3.89500", "2019-03-31": "2.94300", "2018-12-31": "3.25530", "2018-09-30": "2.63670", "2018-06-30": "2.84360", "2018-03-31": "2.21640", "2017-12-31": "2.08550", "2017-09-30": "2.16180", "2017-06-30": "2.73760", "2017-03-31": "2.52810", "2016-12-31": "2.93590", "2016-09-30": "2.18620", "2016-06-30": "2.43040", "2016-03-31": "1.92260", "2015-12-31": "2.83840", "2015-09-30": "2.28920", "2015-06-30": "2.47390", "2015-03-31": "1.93370", "2014-12-31": "2.93940", "2014-09-30": "2.29100", "2014-06-30": "1.34810", "2014-03-31": "2.65830", "2013-12-31": "2.03490", "2013-09-30": "1.93280", "2013-06-30": "1.75670", "2013-03-31": "2.18470", "2012-12-31": "2.49470", "2012-09-30": "1.95810", "2012-06-30": "1.93710", "2012-03-31": "1.83660", "2011-12-31": "1.94710", "2011-09-30": "1.75240", "2011-06-30": "1.38580", "2011-03-31": "1.62050", "2010-12-31": "1.78370", "2010-09-30": "1.68090", "2010-06-30": "1.49040", "2010-03-31": "1.45090", "2009-12-31": "1.59550", "2009-09-30": "1.43640", "2009-06-30": "1.37230", "2009-03-31": "0.99320", "2008-12-31": "1.92610", "2008-09-30": "1.41980", "2008-06-30": "1.61180", "2008-03-31": "1.55620", "2007-12-31": "1.52950", "2007-09-30": "1.51350", "2007-06-30": "1.29300", "2007-03-31": "0.97520", "2006-12-31": "0.17900", "2006-09-30": "1.73350", "2006-06-30": "1.79030", "2006-03-31": "1.51700", "2005-12-31": "1.98190", "2005-09-30": "1.47030", "2005-06-30": "2.10760", "2005-03-31": "1.70300"}, "Return On Tangible Equity": {"2020-09-30": "-28.30990", "2020-06-30": "-12.85160", "2020-03-31": "-7.43540", "2019-12-31": "-9.96720", "2019-09-30": "-7.18340", "2019-06-30": "-9.41050", "2019-03-31": "-6.77360", "2018-12-31": "-7.04920", "2018-09-30": "-5.26320", "2018-06-30": "-5.23860", "2018-03-31": "-3.70390", "2017-12-31": "-3.20030", "2017-09-30": "-3.05900", "2017-06-30": "-4.70470", "2017-03-31": "-4.05540", "2016-12-31": "-4.59690", "2016-09-30": "-3.27820", "2016-06-30": "-4.64540", "2016-03-31": "-3.36770", "2015-12-31": "-5.92050", "2015-09-30": "-4.37440", "2015-06-30": "-4.44450", "2015-03-31": "-3.09550", "2014-12-31": "-4.86920", "2014-09-30": "-3.55060", "2014-06-30": "-1.93370", "2014-03-31": "-3.60260", "2013-12-31": "-12.61730", "2013-09-30": "-9.60920", "2013-06-30": "-7.08600", "2013-03-31": "-7.73580", "2012-12-31": "-8.01360", "2012-09-30": "-5.85280", "2012-06-30": "-6.56800", "2012-03-31": "-6.19240", "2011-12-31": "-6.16280", "2011-09-30": "-5.47210", "2011-06-30": "-15.99030", "2011-03-31": "68.72410", "2010-12-31": "60.67320", "2010-09-30": "-340.97320", "2010-06-30": "119.11400", "2010-03-31": "169.25500", "2009-12-31": "221.80180", "2009-09-30": "47.38640", "2009-06-30": "437.42250", "2009-03-31": "150.86240", "2008-12-31": "-164.85050", "2008-09-30": "-65.06210", "2008-06-30": "-40.58480", "2008-03-31": "-22.48830", "2007-12-31": "-16.02660", "2007-09-30": "-18.16820", "2007-06-30": "-15.30380", "2007-03-31": "-8.26930", "2006-12-31": "-1.17190", "2006-09-30": "12.33610", "2006-06-30": "14.36220", "2006-03-31": "8.76220", "2005-12-31": "14.70870", "2005-09-30": "11.80320", "2005-06-30": "22.25050", "2005-03-31": "4.53540"}, "ROA - Return On Assets": {"2020-09-30": "3.01740", "2020-06-30": "1.87680", "2020-03-31": "1.34270", "2019-12-31": "1.71630", "2019-09-30": "1.33970", "2019-06-30": "1.93030", "2019-03-31": "1.46590", "2018-12-31": "1.59700", "2018-09-30": "1.28730", "2018-06-30": "1.35730", "2018-03-31": "1.02330", "2017-12-31": "0.93530", "2017-09-30": "0.95380", "2017-06-30": "1.31790", "2017-03-31": "1.19230", "2016-12-31": "1.37750", "2016-09-30": "0.98620", "2016-06-30": "1.22310", "2016-03-31": "0.93660", "2015-12-31": "1.48400", "2015-09-30": "1.16000", "2015-06-30": "1.22470", "2015-03-31": "0.92000", "2014-12-31": "1.40950", "2014-09-30": "1.10070", "2014-06-30": "0.62850", "2014-03-31": "1.17720", "2013-12-31": "1.07650", "2013-09-30": "1.12370", "2013-06-30": "1.00470", "2013-03-31": "1.24330", "2012-12-31": "1.40570", "2012-09-30": "1.08560", "2012-06-30": "1.10920", "2012-03-31": "1.04690", "2011-12-31": "1.09120", "2011-09-30": "0.98660", "2011-06-30": "0.90180", "2011-03-31": "1.05500", "2010-12-31": "1.28340", "2010-09-30": "1.20170", "2010-06-30": "1.07470", "2010-03-31": "1.03860", "2009-12-31": "1.13850", "2009-09-30": "1.03280", "2009-06-30": "0.97800", "2009-03-31": "0.70790", "2008-12-31": "1.36320", "2008-09-30": "0.99490", "2008-06-30": "1.12030", "2008-03-31": "1.07030", "2007-12-31": "1.04490", "2007-09-30": "1.03250", "2007-06-30": "0.88330", "2007-03-31": "0.65560", "2006-12-31": "0.11710", "2006-09-30": "1.16240", "2006-06-30": "1.17330", "2006-03-31": "1.02810", "2005-12-31": "1.30210", "2005-09-30": "0.97920", "2005-06-30": "1.37290", "2005-03-31": "1.28240"}, "ROI - Return On Investment": {"2020-09-30": "3.65300", "2020-06-30": "2.28850", "2020-03-31": "1.64890", "2019-12-31": "2.14330", "2019-09-30": "1.66130", "2019-06-30": "2.46520", "2019-03-31": "1.83130", "2018-12-31": "1.98210", "2018-09-30": "1.58790", "2018-06-30": "1.70310", "2018-03-31": "1.30860", "2017-12-31": "1.19680", "2017-09-30": "1.16540", "2017-06-30": "1.62830", "2017-03-31": "1.48980", "2016-12-31": "1.71330", "2016-09-30": "1.22670", "2016-06-30": "1.57100", "2016-03-31": "1.23490", "2015-12-31": "1.84920", "2015-09-30": "1.53330", "2015-06-30": "1.63220", "2015-03-31": "1.25800", "2014-12-31": "1.83590", "2014-09-30": "1.47310", "2014-06-30": "0.83990", "2014-03-31": "1.52440", "2013-12-31": "1.30140", "2013-09-30": "1.37200", "2013-06-30": "1.23250", "2013-03-31": "1.52660", "2012-12-31": "1.71500", "2012-09-30": "1.34090", "2012-06-30": "1.40310", "2012-03-31": "1.33460", "2011-12-31": "1.40810", "2011-09-30": "1.24960", "2011-06-30": "1.10350", "2011-03-31": "1.44940", "2010-12-31": "1.57540", "2010-09-30": "1.48250", "2010-06-30": "1.31600", "2010-03-31": "1.29000", "2009-12-31": "1.40710", "2009-09-30": "1.27390", "2009-06-30": "1.20960", "2009-03-31": "0.87500", "2008-12-31": "1.69580", "2008-09-30": "1.25100", "2008-06-30": "1.41930", "2008-03-31": "1.36710", "2007-12-31": "1.34030", "2007-09-30": "1.31500", "2007-06-30": "1.12450", "2007-03-31": "0.84560", "2006-12-31": "0.15470", "2006-09-30": "1.48560", "2006-06-30": "1.52910", "2006-03-31": "1.30410", "2005-12-31": "1.69710", "2005-09-30": "1.25560", "2005-06-30": "1.79280", "2005-03-31": "1.57160"}, "Book Value Per Share": {"2020-09-30": "80.29570", "2020-06-30": "75.52030", "2020-03-31": "72.31020", "2019-12-31": "74.42190", "2019-09-30": "73.20610", "2019-06-30": "71.73710", "2019-03-31": "69.23580", "2018-12-31": "68.60110", "2018-09-30": "66.79490", "2018-06-30": "65.65360", "2018-03-31": "64.93040", "2017-12-31": "63.32430", "2017-09-30": "61.60130", "2017-06-30": "57.39670", "2017-03-31": "55.71090", "2016-12-31": "54.74680", "2016-09-30": "54.82840", "2016-06-30": "53.93330", "2016-03-31": "53.17350", "2015-12-31": "53.42490", "2015-09-30": "52.24330", "2015-06-30": "51.89570", "2015-03-31": "50.03000", "2014-12-31": "51.31000", "2014-09-30": "51.27330", "2014-06-30": "51.72990", "2014-03-31": "51.21250", "2013-12-31": "46.56880", "2013-09-30": "45.48650", "2013-06-30": "43.83380", "2013-03-31": "43.46220", "2012-12-31": "43.26470", "2012-09-30": "42.44830", "2012-06-30": "41.29210", "2012-03-31": "41.62500", "2011-12-31": "40.49220", "2011-09-30": "40.17100", "2011-06-30": "41.02330", "2011-03-31": "39.80260", "2010-12-31": "39.24930", "2010-09-30": "38.73570", "2010-06-30": "37.66310", "2010-03-31": "37.71880", "2009-12-31": "37.69970", "2009-09-30": "37.71450", "2009-06-30": "36.93810", "2009-03-31": "35.84040", "2008-12-31": "35.71220", "2008-09-30": "36.01880", "2008-06-30": "35.96540", "2008-03-31": "35.35510", "2007-12-31": "34.89160", "2007-09-30": "34.38250", "2007-06-30": "34.06580", "2007-03-31": "33.73240", "2006-12-31": "33.37880", "2006-09-30": "17.84370", "2006-06-30": "17.37150", "2006-03-31": "17.57590", "2005-12-31": "17.19150", "2005-09-30": "17.02620", "2005-06-30": "16.69100", "2005-03-31": "16.61390"}, "Operating Cash Flow Per Share": {"2020-09-30": 6.7728, "2020-06-30": 4.7432, "2020-03-31": "0.89000", "2019-12-31": 4.7657, "2019-09-30": 2.753, "2019-06-30": 3.2109, "2019-03-31": "1.61040", "2018-12-31": 4.436, "2018-09-30": 3.0049, "2018-06-30": 3.5567, "2018-03-31": "0.19210", "2017-12-31": 4.7153, "2017-09-30": 2.2686, "2017-06-30": 2.1627, "2017-03-31": "0.91620", "2016-12-31": 3.0412, "2016-09-30": 2.0186, "2016-06-30": 2.3072, "2016-03-31": "0.83950", "2015-12-31": 3.3662, "2015-09-30": 1.8478, "2015-06-30": 1.9051, "2015-03-31": "0.19930", "2014-12-31": 2.385, "2014-09-30": 1.6709, "2014-06-30": 2.2017, "2014-03-31": "0.25400", "2013-12-31": 2.0058, "2013-09-30": 1.3542, "2013-06-30": 1.312, "2013-03-31": "0.82470", "2012-12-31": 1.7883, "2012-09-30": 1.3387, "2012-06-30": 1.3771, "2012-03-31": "1.05920", "2011-12-31": 1.6404, "2011-09-30": 0.9575, "2011-06-30": 0.9385, "2011-03-31": "0.85810", "2010-12-31": 1.039, "2010-09-30": 1.1124, "2010-06-30": 0.6867, "2010-03-31": "0.82040", "2009-12-31": 1.2575, "2009-09-30": 0.9344, "2009-06-30": 0.889, "2009-03-31": "0.84340", "2008-12-31": 1.1689, "2008-09-30": 0.8414, "2008-06-30": 0.7915, "2008-03-31": "0.55720", "2007-12-31": 1.221, "2007-09-30": 0.8822, "2007-06-30": 0.7454, "2007-03-31": "0.49560", "2006-12-31": 0.7574, "2006-09-30": 0.6409, "2006-06-30": 0.4024, "2006-03-31": "0.19100", "2005-12-31": 0.7642, "2005-09-30": 0.3342, "2005-06-30": 0.3566, "2005-03-31": "0.18380"}, "Free Cash Flow Per Share": {"2020-09-30": 5.8613, "2020-06-30": 4.0692, "2020-03-31": "0.26750", "2019-12-31": 4.0894, "2019-09-30": 2.2356, "2019-06-30": 2.6799, "2019-03-31": "1.12660", "2018-12-31": 3.8448, "2018-09-30": 2.5862, "2018-06-30": 3.1084, "2018-03-31": "-0.09360", "2017-12-31": 4.179, "2017-09-30": 2.0016, "2017-06-30": 1.9407, "2017-03-31": "0.68270", "2016-12-31": 2.7126, "2016-09-30": 1.8192, "2016-06-30": 2.0561, "2016-03-31": "0.56580", "2015-12-31": 3.0701, "2015-09-30": 1.6005, "2015-06-30": 1.6817, "2015-03-31": "-0.04140", "2014-12-31": 2.0669, "2014-09-30": 1.4641, "2014-06-30": 2.0405, "2014-03-31": "-0.00030", "2013-12-31": 1.7587, "2013-09-30": 1.238, "2013-06-30": 1.1341, "2013-03-31": "0.65050", "2012-12-31": 1.5085, "2012-09-30": 1.1378, "2012-06-30": 1.2094, "2012-03-31": "0.88300", "2011-12-31": 1.4383, "2011-09-30": 0.7989, "2011-06-30": 0.8017, "2011-03-31": "0.69890", "2010-12-31": 0.8711, "2010-09-30": 0.9535, "2010-06-30": 0.554, "2010-03-31": "0.70540", "2009-12-31": 1.0927, "2009-09-30": 0.8359, "2009-06-30": 0.8234, "2009-03-31": "0.73100", "2008-12-31": 0.9223, "2008-09-30": 0.7366, "2008-06-30": 0.6762, "2008-03-31": "0.43500", "2007-12-31": 1.1, "2007-09-30": 0.7801, "2007-06-30": 0.7051, "2007-03-31": "0.40670", "2006-12-31": 0.5765, "2006-09-30": 0.5923, "2006-06-30": 0.3611, "2006-03-31": "0.11320", "2005-12-31": 0.7017, "2005-09-30": 0.273, "2005-06-30": 0.3032, "2005-03-31": "0.19520"}}, "revenue": {"Thermo Fisher Scientific Annual Revenue (Millions of US $)": {"2020": "$32,218", "2019": "$25,542", "2018": "$24,358", "2017": "$20,918", "2016": "$18,274", "2015": "$16,965", "2014": "$16,890", "2013": "$13,090", "2012": "$12,510", "2011": "$11,559", "2010": "$10,393", "2009": "$9,912", "2008": "$10,498", "2007": "$9,746", "2006": "$3,792", "2005": "$2,633"}, "Thermo Fisher Scientific Quarterly Revenue (Millions of US $)": {"2020-12-31": "$10,550", "2020-09-30": "$8,521", "2020-06-30": "$6,917", "2020-03-31": "$6,230", "2019-12-31": "$6,829", "2019-09-30": "$6,272", "2019-06-30": "$6,316", "2019-03-31": "$6,125", "2018-12-31": "$6,507", "2018-09-30": "$5,920", "2018-06-30": "$6,078", "2018-03-31": "$5,853", "2017-12-31": "$6,047", "2017-09-30": "$5,116", "2017-06-30": "$4,990", "2017-03-31": "$4,765", "2016-12-31": "$4,953", "2016-09-30": "$4,491", "2016-06-30": "$4,535", "2016-03-31": "$4,295", "2015-12-31": "$4,652", "2015-09-30": "$4,123", "2015-06-30": "$4,271", "2015-03-31": "$3,919", "2014-12-31": "$4,493", "2014-09-30": "$4,171", "2014-06-30": "$4,322", "2014-03-31": "$3,904", "2013-12-31": "$3,467", "2013-09-30": "$3,192", "2013-06-30": "$3,240", "2013-03-31": "$3,192", "2012-12-31": "$3,259", "2012-09-30": "$3,086", "2012-06-30": "$3,108", "2012-03-31": "$3,057", "2011-12-31": "$3,051", "2011-09-30": "$2,933", "2011-06-30": "$2,854", "2011-03-31": "$2,721", "2010-12-31": "$2,542", "2010-09-30": "$2,629", "2010-06-30": "$2,596", "2010-03-31": "$2,627", "2009-12-31": "$2,641", "2009-09-30": "$2,531", "2009-06-30": "$2,484", "2009-03-31": "$2,255", "2008-12-31": "$2,646", "2008-09-30": "$2,588", "2008-06-30": "$2,710", "2008-03-31": "$2,554", "2007-12-31": "$2,621", "2007-09-30": "$2,401", "2007-06-30": "$2,386", "2007-03-31": "$2,338", "2006-12-31": "$1,669", "2006-09-30": "$725", "2006-06-30": "$714", "2006-03-31": "$684", "2005-12-31": "$741", "2005-09-30": "$679", "2005-06-30": "$654", "2005-03-31": "$559"}}, "gross-profit": {"Thermo Fisher Scientific Annual Gross Profit (Millions of US $)": {"2020": "$16,505", "2019": "$11,328", "2018": "$10,857", "2017": "$9,448", "2016": "$8,372", "2015": "$7,756", "2014": "$7,492", "2013": "$5,529", "2012": "$5,296", "2011": "$4,794", "2010": "$4,262", "2009": "$3,898", "2008": "$4,206", "2007": "$3,804", "2006": "$1,568", "2005": "$1,195"}, "Thermo Fisher Scientific Quarterly Gross Profit (Millions of US $)": {"2020-12-31": "$5,683", "2020-09-30": "$4,331", "2020-06-30": "$3,377", "2020-03-31": "$2,740", "2019-12-31": "$3,035", "2019-09-30": "$2,763", "2019-06-30": "$2,823", "2019-03-31": "$2,707", "2018-12-31": "$2,924", "2018-09-30": "$2,615", "2018-06-30": "$2,738", "2018-03-31": "$2,580", "2017-12-31": "$2,671", "2017-09-30": "$2,300", "2017-06-30": "$2,284", "2017-03-31": "$2,193", "2016-12-31": "$2,282", "2016-09-30": "$2,054", "2016-06-30": "$2,079", "2016-03-31": "$1,958", "2015-12-31": "$2,108", "2015-09-30": "$1,883", "2015-06-30": "$1,942", "2015-03-31": "$1,823", "2014-12-31": "$2,092", "2014-09-30": "$1,934", "2014-06-30": "$1,847", "2014-03-31": "$1,620", "2013-12-31": "$1,482", "2013-09-30": "$1,348", "2013-06-30": "$1,363", "2013-03-31": "$1,336", "2012-12-31": "$1,386", "2012-09-30": "$1,298", "2012-06-30": "$1,321", "2012-03-31": "$1,290", "2011-12-31": "$1,294", "2011-09-30": "$1,219", "2011-06-30": "$1,161", "2011-03-31": "$1,120", "2010-12-31": "$1,085", "2010-09-30": "$1,062", "2010-06-30": "$1,049", "2010-03-31": "$1,066", "2009-12-31": "$1,011", "2009-09-30": "$1,011", "2009-06-30": "$988", "2009-03-31": "$887", "2008-12-31": "$1,067", "2008-09-30": "$1,033", "2008-06-30": "$1,088", "2008-03-31": "$1,018", "2007-12-31": "$1,040", "2007-09-30": "$948", "2007-06-30": "$937", "2007-03-31": "$880", "2006-12-31": "$594", "2006-09-30": "$337", "2006-06-30": "$325", "2006-03-31": "$313", "2005-12-31": "$343", "2005-09-30": "$306", "2005-06-30": "$287", "2005-03-31": "$259"}}, "operating-income": {"Thermo Fisher Scientific Annual Operating Income (Millions of US $)": {"2020": "$7,794", "2019": "$4,594", "2018": "$3,783", "2017": "$2,960", "2016": "$2,458", "2015": "$2,336", "2014": "$2,503", "2013": "$1,610", "2012": "$1,482", "2011": "$1,251", "2010": "$1,188", "2009": "$1,002", "2008": "$1,229", "2007": "$974", "2006": "$242", "2005": "$264"}, "Thermo Fisher Scientific Quarterly Operating Income (Millions of US $)": {"2020-12-31": "$3,071", "2020-09-30": "$2,426", "2020-06-30": "$1,391", "2020-03-31": "$906", "2019-12-31": "$1,232", "2019-09-30": "$946", "2019-06-30": "$1,496", "2019-03-31": "$920", "2018-12-31": "$1,148", "2018-09-30": "$912", "2018-06-30": "$937", "2018-03-31": "$786", "2017-12-31": "$957", "2017-09-30": "$634", "2017-06-30": "$749", "2017-03-31": "$620", "2016-12-31": "$761", "2016-09-30": "$541", "2016-06-30": "$638", "2016-03-31": "$518", "2015-12-31": "$690", "2015-09-30": "$563", "2015-06-30": "$596", "2015-03-31": "$487", "2014-12-31": "$639", "2014-09-30": "$640", "2014-06-30": "$348", "2014-03-31": "$876", "2013-12-31": "$455", "2013-09-30": "$392", "2013-06-30": "$375", "2013-03-31": "$387", "2012-12-31": "$401", "2012-09-30": "$352", "2012-06-30": "$368", "2012-03-31": "$362", "2011-12-31": "$348", "2011-09-30": "$316", "2011-06-30": "$265", "2011-03-31": "$322", "2010-12-31": "$303", "2010-09-30": "$303", "2010-06-30": "$298", "2010-03-31": "$285", "2009-12-31": "$278", "2009-09-30": "$276", "2009-06-30": "$259", "2009-03-31": "$190", "2008-12-31": "$322", "2008-09-30": "$286", "2008-06-30": "$330", "2008-03-31": "$290", "2007-12-31": "$285", "2007-09-30": "$254", "2007-06-30": "$243", "2007-03-31": "$192", "2006-12-31": "$27", "2006-09-30": "$75", "2006-06-30": "$72", "2006-03-31": "$68", "2005-12-31": "$89", "2005-09-30": "$62", "2005-06-30": "$53", "2005-03-31": "$60"}}, "ebitda": {"Thermo Fisher Scientific Annual EBITDA (Millions of US $)": {"2019": "$6,871", "2018": "$6,050", "2017": "$4,993", "2016": "$4,216", "2015": "$4,024", "2014": "$4,188", "2013": "$2,610", "2012": "$2,466", "2011": "$2,110", "2010": "$1,928", "2009": "$1,765", "2008": "$2,022", "2007": "$1,731", "2006": "$483", "2005": "$387"}, "Thermo Fisher Scientific Quarterly EBITDA (Millions of US $)": {"2020-09-30": "$3,001", "2020-06-30": "$1,965", "2020-03-31": "$1,480", "2019-12-31": "$1,808", "2019-09-30": "$1,521", "2019-06-30": "$2,067", "2019-03-31": "$1,475", "2018-12-31": "$1,706", "2018-09-30": "$1,475", "2018-06-30": "$1,508", "2018-03-31": "$1,361", "2017-12-31": "$1,531", "2017-09-30": "$1,151", "2017-06-30": "$1,226", "2017-03-31": "$1,085", "2016-12-31": "$1,235", "2016-09-30": "$974", "2016-06-30": "$1,073", "2016-03-31": "$934", "2015-12-31": "$1,114", "2015-09-30": "$991", "2015-06-30": "$1,016", "2015-03-31": "$904", "2014-12-31": "$1,068", "2014-09-30": "$1,096", "2014-06-30": "$783", "2014-03-31": "$1,241", "2013-12-31": "$704", "2013-09-30": "$643", "2013-06-30": "$625", "2013-03-31": "$638", "2012-12-31": "$655", "2012-09-30": "$597", "2012-06-30": "$609", "2012-03-31": "$604", "2011-12-31": "$594", "2011-09-30": "$545", "2011-06-30": "$466", "2011-03-31": "$506", "2010-12-31": "$481", "2010-09-30": "$485", "2010-06-30": "$483", "2010-03-31": "$478", "2009-12-31": "$460", "2009-09-30": "$471", "2009-06-30": "$453", "2009-03-31": "$380", "2008-12-31": "$517", "2008-09-30": "$486", "2008-06-30": "$530", "2008-03-31": "$489", "2007-12-31": "$482", "2007-09-30": "$442", "2007-06-30": "$430", "2007-03-31": "$378", "2006-12-31": "$151", "2006-09-30": "$115", "2006-06-30": "$111", "2006-03-31": "$105", "2005-12-31": "$126", "2005-09-30": "$100", "2005-06-30": "$83", "2005-03-31": "$77"}}, "net-income": {"Thermo Fisher Scientific Annual Net Income (Millions of US $)": {"2020": "$6,375", "2019": "$3,696", "2018": "$2,938", "2017": "$2,225", "2016": "$2,022", "2015": "$1,975", "2014": "$1,894", "2013": "$1,273", "2012": "$1,178", "2011": "$1,330", "2010": "$1,035", "2009": "$850", "2008": "$979", "2007": "$748", "2006": "$169", "2005": "$223"}, "Thermo Fisher Scientific Quarterly Net Income (Millions of US $)": {"2020-12-31": "$2,498", "2020-09-30": "$1,933", "2020-06-30": "$1,156", "2020-03-31": "$788", "2019-12-31": "$1,002", "2019-09-30": "$760", "2019-06-30": "$1,119", "2019-03-31": "$815", "2018-12-31": "$898", "2018-09-30": "$709", "2018-06-30": "$752", "2018-03-31": "$579", "2017-12-31": "$528", "2017-09-30": "$534", "2017-06-30": "$612", "2017-03-31": "$551", "2016-12-31": "$630", "2016-09-30": "$474", "2016-06-30": "$517", "2016-03-31": "$402", "2015-12-31": "$602", "2015-09-30": "$476", "2015-06-30": "$512", "2015-03-31": "$385", "2014-12-31": "$601", "2014-09-30": "$472", "2014-06-30": "$279", "2014-03-31": "$543", "2013-12-31": "$342", "2013-09-30": "$318", "2013-06-30": "$277", "2013-03-31": "$336", "2012-12-31": "$376", "2012-09-30": "$290", "2012-06-30": "$234", "2012-03-31": "$277", "2011-12-31": "$289", "2011-09-30": "$265", "2011-06-30": "$523", "2011-03-31": "$252", "2010-12-31": "$297", "2010-09-30": "$269", "2010-06-30": "$237", "2010-03-31": "$232", "2009-12-31": "$273", "2009-09-30": "$221", "2009-06-30": "$207", "2009-03-31": "$149", "2008-12-31": "$287", "2008-09-30": "$218", "2008-06-30": "$246", "2008-03-31": "$229", "2007-12-31": "$227", "2007-09-30": "$219", "2007-06-30": "$164", "2007-03-31": "$139", "2006-12-31": "$25", "2006-09-30": "$49", "2006-06-30": "$48", "2006-03-31": "$47", "2005-12-31": "$56", "2005-09-30": "$58", "2005-06-30": "$60", "2005-03-31": "$49"}}, "eps-earnings-per-share-diluted": {"Thermo Fisher Scientific Annual EPS": {"2020": "$15.96", "2019": "$9.17", "2018": "$7.24", "2017": "$5.59", "2016": "$5.09", "2015": "$4.92", "2014": "$4.71", "2013": "$3.48", "2012": "$3.21", "2011": "$3.46", "2010": "$2.53", "2009": "$2.01", "2008": "$2.25", "2007": "$1.69", "2006": "$0.84", "2005": "$1.36"}, "Thermo Fisher Scientific Quarterly EPS": {"2020-12-31": "$6.24", "2020-09-30": "$4.84", "2020-06-30": "$2.90", "2020-03-31": "$1.97", "2019-12-31": "$2.50", "2019-09-30": "$1.88", "2019-06-30": "$2.77", "2019-03-31": "$2.02", "2018-12-31": "$2.21", "2018-09-30": "$1.75", "2018-06-30": "$1.85", "2018-03-31": "$1.43", "2017-12-31": "$1.29", "2017-09-30": "$1.34", "2017-06-30": "$1.56", "2017-03-31": "$1.40", "2016-12-31": "$1.59", "2016-09-30": "$1.19", "2016-06-30": "$1.30", "2016-03-31": "$1.01", "2015-12-31": "$1.51", "2015-09-30": "$1.18", "2015-06-30": "$1.27", "2015-03-31": "$0.96", "2014-12-31": "$1.49", "2014-09-30": "$1.17", "2014-06-30": "$0.69", "2014-03-31": "$1.36", "2013-12-31": "$0.93", "2013-09-30": "$0.86", "2013-06-30": "$0.76", "2013-03-31": "$0.93", "2012-12-31": "$1.04", "2012-09-30": "$0.79", "2012-06-30": "$0.63", "2012-03-31": "$0.75", "2011-12-31": "$0.77", "2011-09-30": "$0.69", "2011-06-30": "$1.36", "2011-03-31": "$0.64", "2010-12-31": "$0.75", "2010-09-30": "$0.66", "2010-06-30": "$0.57", "2010-03-31": "$0.55", "2009-12-31": "$0.64", "2009-09-30": "$0.53", "2009-06-30": "$0.49", "2009-03-31": "$0.35", "2008-12-31": "$0.66", "2008-09-30": "$0.50", "2008-06-30": "$0.56", "2008-03-31": "$0.53", "2007-12-31": "$0.52", "2007-09-30": "$0.49", "2007-06-30": "$0.37", "2007-03-31": "$0.31", "2006-12-31": "$-0.03", "2006-09-30": "$0.30", "2006-06-30": "$0.29", "2006-03-31": "$0.28", "2005-12-31": "$0.34", "2005-09-30": "$0.35", "2005-06-30": "$0.37", "2005-03-31": "$0.30"}}, "shares-outstanding": {"Thermo Fisher Scientific Annual Shares Outstanding (Millions of Shares)": {"2020": "399", "2019": "403", "2018": "406", "2017": "398", "2016": "397", "2015": "402", "2014": "402", "2013": "366", "2012": "367", "2011": "385", "2010": "409", "2009": "423", "2008": "423", "2007": "444", "2006": "204", "2005": "165"}, "Thermo Fisher Scientific Quarterly Shares Outstanding (Millions of Shares)": {"2020-12-31": "400", "2020-09-30": "399", "2020-06-30": "398", "2020-03-31": "400", "2019-12-31": "403", "2019-09-30": "404", "2019-06-30": "403", "2019-03-31": "403", "2018-12-31": "406", "2018-09-30": "406", "2018-06-30": "406", "2018-03-31": "406", "2017-12-31": "398", "2017-09-30": "400", "2017-06-30": "393", "2017-03-31": "394", "2016-12-31": "397", "2016-09-30": "397", "2016-06-30": "397", "2016-03-31": "399", "2015-12-31": "402", "2015-09-30": "402", "2015-06-30": "402", "2015-03-31": "401", "2014-12-31": "402", "2014-09-30": "404", "2014-06-30": "403", "2014-03-31": "398", "2013-12-31": "366", "2013-09-30": "367", "2013-06-30": "364", "2013-03-31": "362", "2012-12-31": "367", "2012-09-30": "365", "2012-06-30": "369", "2012-03-31": "370", "2011-12-31": "385", "2011-09-30": "383", "2011-06-30": "386", "2011-03-31": "395", "2010-12-31": "409", "2010-09-30": "405", "2010-06-30": "416", "2010-03-31": "418", "2009-12-31": "423", "2009-09-30": "420", "2009-06-30": "424", "2009-03-31": "425", "2008-12-31": "423", "2008-09-30": "438", "2008-06-30": "437", "2008-03-31": "436", "2007-12-31": "444", "2007-09-30": "447", "2007-06-30": "447", "2007-03-31": "441", "2006-12-31": "204", "2006-09-30": "162", "2006-06-30": "166", "2006-03-31": "167", "2005-12-31": "165", "2005-09-30": "166", "2005-06-30": "165", "2005-03-31": "165"}}, "total-assets": {"Thermo Fisher Scientific Annual Total Assets (Millions of US $)": {"2019": "$58,381", "2018": "$56,232", "2017": "$56,669", "2016": "$45,908", "2015": "$40,834", "2014": "$42,852", "2013": "$31,863", "2012": "$27,445", "2011": "$26,834", "2010": "$21,349", "2009": "$21,625", "2008": "$21,090", "2007": "$21,207", "2006": "$21,262", "2005": "$4,252"}, "Thermo Fisher Scientific Quarterly Total Assets (Millions of US $)": {"2020-09-30": "$64,061", "2020-06-30": "$61,593", "2020-03-31": "$58,688", "2019-12-31": "$58,381", "2019-09-30": "$56,729", "2019-06-30": "$57,970", "2019-03-31": "$55,596", "2018-12-31": "$56,232", "2018-09-30": "$55,078", "2018-06-30": "$55,403", "2018-03-31": "$56,580", "2017-12-31": "$56,669", "2017-09-30": "$55,985", "2017-06-30": "$46,514", "2017-03-31": "$46,214", "2016-12-31": "$45,908", "2016-09-30": "$48,011", "2016-06-30": "$42,253", "2016-03-31": "$42,953", "2015-12-31": "$40,834", "2015-09-30": "$41,147", "2015-06-30": "$41,774", "2015-03-31": "$41,857", "2014-12-31": "$42,852", "2014-09-30": "$42,691", "2014-06-30": "$44,313", "2014-03-31": "$46,134", "2013-12-31": "$31,863", "2013-09-30": "$28,273", "2013-06-30": "$27,630", "2013-03-31": "$27,411", "2012-12-31": "$27,445", "2012-09-30": "$27,578", "2012-06-30": "$26,361", "2012-03-31": "$26,823", "2011-12-31": "$26,834", "2011-09-30": "$26,992", "2011-06-30": "$24,074", "2011-03-31": "$23,431", "2010-12-31": "$21,349", "2010-09-30": "$21,537", "2010-06-30": "$21,281", "2010-03-31": "$21,625", "2009-12-31": "$21,625", "2009-09-30": "$21,419", "2009-06-30": "$21,156", "2009-03-31": "$21,033", "2008-12-31": "$21,090", "2008-09-30": "$21,600", "2008-06-30": "$21,681", "2008-03-31": "$21,498", "2007-12-31": "$21,207", "2007-09-30": "$21,172", "2007-06-30": "$21,272", "2007-03-31": "$21,172", "2006-12-31": "$21,262", "2006-09-30": "$4,198", "2006-06-30": "$4,176", "2006-03-31": "$4,241", "2005-12-31": "$4,252", "2005-09-30": "$4,146", "2005-06-30": "$4,134", "2005-03-31": "$3,554"}}, "cash-on-hand": {"Thermo Fisher Scientific Annual Cash on Hand (Millions of US $)": {"2019": "$2,399", "2018": "$2,103", "2017": "$1,335", "2016": "$786", "2015": "$452", "2014": "$1,344", "2013": "$5,831", "2012": "$810", "2011": "$1,021", "2010": "$926", "2009": "$1,571", "2008": "$1,288", "2007": "$639", "2006": "$691", "2005": "$295"}, "Thermo Fisher Scientific Quarterly Cash on Hand (Millions of US $)": {"2020-09-30": "$7,540", "2020-06-30": "$5,818", "2020-03-31": "$2,981", "2019-12-31": "$2,399", "2019-09-30": "$1,273", "2019-06-30": "$2,288", "2019-03-31": "$1,106", "2018-12-31": "$2,103", "2018-09-30": "$1,098", "2018-06-30": "$937", "2018-03-31": "$950", "2017-12-31": "$1,335", "2017-09-30": "$741", "2017-06-30": "$611", "2017-03-31": "$713", "2016-12-31": "$786", "2016-09-30": "$1,970", "2016-06-30": "$663", "2016-03-31": "$827", "2015-12-31": "$452", "2015-09-30": "$503", "2015-06-30": "$770", "2015-03-31": "$873", "2014-12-31": "$1,344", "2014-09-30": "$544", "2014-06-30": "$606", "2014-03-31": "$1,523", "2013-12-31": "$5,831", "2013-09-30": "$1,850", "2013-06-30": "$1,413", "2013-03-31": "$1,008", "2012-12-31": "$810", "2012-09-30": "$837", "2012-06-30": "$737", "2012-03-31": "$793", "2011-12-31": "$1,021", "2011-09-30": "$898", "2011-06-30": "$1,364", "2011-03-31": "$2,794", "2010-12-31": "$926", "2010-09-30": "$939", "2010-06-30": "$1,317", "2010-03-31": "$1,440", "2009-12-31": "$1,571", "2009-09-30": "$1,756", "2009-06-30": "$1,427", "2009-03-31": "$1,570", "2008-12-31": "$1,288", "2008-09-30": "$1,250", "2008-06-30": "$1,020", "2008-03-31": "$748", "2007-12-31": "$639", "2007-09-30": "$846", "2007-06-30": "$974", "2007-03-31": "$691", "2006-12-31": "$691", "2006-09-30": "$173", "2006-06-30": "$198", "2006-03-31": "$311", "2005-12-31": "$295", "2005-09-30": "$202", "2005-06-30": "$171", "2005-03-31": "$529"}}, "long-term-debt": {"Thermo Fisher Scientific Annual Long Term Debt (Millions of US $)": {"2019": "$17,076", "2018": "$17,719", "2017": "$18,873", "2016": "$15,372", "2015": "$11,420", "2014": "$12,352", "2013": "$9,500", "2012": "$7,031", "2011": "$5,755", "2010": "$2,031", "2009": "$2,066", "2008": "$2,027", "2007": "$2,046", "2006": "$2,181", "2005": "$469"}, "Thermo Fisher Scientific Quarterly Long Term Debt (Millions of US $)": {"2020-09-30": "$21,091", "2020-06-30": "$20,638", "2020-03-31": "$19,231", "2019-12-31": "$17,076", "2019-09-30": "$16,392", "2019-06-30": "$16,663", "2019-03-31": "$16,812", "2018-12-31": "$17,719", "2018-09-30": "$17,760", "2018-06-30": "$17,709", "2018-03-31": "$18,122", "2017-12-31": "$18,873", "2017-09-30": "$21,118", "2017-06-30": "$15,256", "2017-03-31": "$15,188", "2016-12-31": "$15,372", "2016-09-30": "$16,940", "2016-06-30": "$11,632", "2016-03-31": "$11,653", "2015-12-31": "$11,420", "2015-09-30": "$10,278", "2015-06-30": "$10,664", "2015-03-31": "$10,696", "2014-12-31": "$12,352", "2014-09-30": "$11,389", "2014-06-30": "$12,502", "2014-03-31": "$15,197", "2013-12-31": "$9,500", "2013-09-30": "$6,718", "2013-06-30": "$6,721", "2013-03-31": "$6,724", "2012-12-31": "$7,031", "2012-09-30": "$7,038", "2012-06-30": "$5,746", "2012-03-31": "$5,751", "2011-12-31": "$5,755", "2011-09-30": "$6,115", "2011-06-30": "$4,009", "2011-03-31": "$1,801", "2010-12-31": "$2,031", "2010-09-30": "$2,061", "2010-06-30": "$2,033", "2010-03-31": "$1,930", "2009-12-31": "$2,066", "2009-09-30": "$1,965", "2009-06-30": "$2,028", "2009-03-31": "$2,025", "2008-12-31": "$2,027", "2008-09-30": "$2,043", "2008-06-30": "$2,045", "2008-03-31": "$2,046", "2007-12-31": "$2,046", "2007-09-30": "$2,181", "2007-06-30": "$2,178", "2007-03-31": "$2,182", "2006-12-31": "$2,181", "2006-09-30": "$470", "2006-06-30": "$467", "2006-03-31": "$469", "2005-12-31": "$469", "2005-09-30": "$472", "2005-06-30": "$473", "2005-03-31": "$224"}}, "total-liabilities": {"Thermo Fisher Scientific Annual Total Liabilities (Millions of US $)": {"2019": "$28,706", "2018": "$28,646", "2017": "$31,256", "2016": "$24,368", "2015": "$19,484", "2014": "$22,304", "2013": "$15,007", "2012": "$11,980", "2011": "$11,796", "2010": "$5,988", "2009": "$6,194", "2008": "$6,164", "2007": "$6,719", "2006": "$7,350", "2005": "$1,458"}, "Thermo Fisher Scientific Quarterly Total Liabilities (Millions of US $)": {"2020-09-30": "$32,237", "2020-06-30": "$31,718", "2020-03-31": "$30,129", "2019-12-31": "$28,706", "2019-09-30": "$27,374", "2019-06-30": "$29,241", "2019-03-31": "$27,903", "2018-12-31": "$28,646", "2018-09-30": "$28,188", "2018-06-30": "$28,958", "2018-03-31": "$30,457", "2017-12-31": "$31,256", "2017-09-30": "$31,284", "2017-06-30": "$24,122", "2017-03-31": "$24,418", "2016-12-31": "$24,368", "2016-09-30": "$26,352", "2016-06-30": "$20,990", "2016-03-31": "$22,028", "2015-12-31": "$19,484", "2015-09-30": "$20,297", "2015-06-30": "$21,095", "2015-03-31": "$21,943", "2014-12-31": "$22,304", "2014-09-30": "$22,180", "2014-06-30": "$23,655", "2014-03-31": "$25,703", "2013-12-31": "$15,007", "2013-09-30": "$11,835", "2013-06-30": "$11,827", "2013-03-31": "$11,811", "2012-12-31": "$11,980", "2012-09-30": "$12,288", "2012-06-30": "$11,267", "2012-03-31": "$11,534", "2011-12-31": "$11,796", "2011-09-30": "$11,796", "2011-06-30": "$8,408", "2011-03-31": "$8,176", "2010-12-31": "$5,988", "2010-09-30": "$6,140", "2010-06-30": "$5,936", "2010-03-31": "$6,145", "2009-12-31": "$6,194", "2009-09-30": "$6,019", "2009-06-30": "$6,079", "2009-03-31": "$6,041", "2008-12-31": "$6,164", "2008-09-30": "$6,464", "2008-06-30": "$6,611", "2008-03-31": "$6,712", "2007-12-31": "$6,719", "2007-09-30": "$6,730", "2007-06-30": "$6,740", "2007-03-31": "$6,939", "2006-12-31": "$7,350", "2006-09-30": "$1,383", "2006-06-30": "$1,439", "2006-03-31": "$1,367", "2005-12-31": "$1,458", "2005-09-30": "$1,385", "2005-06-30": "$1,441", "2005-03-31": "$878"}}, "total-share-holder-equity": {"Thermo Fisher Scientific Annual Share Holder Equity (Millions of US $)": {"2019": "$29,675", "2018": "$27,586", "2017": "$25,413", "2016": "$21,540", "2015": "$21,350", "2014": "$20,548", "2013": "$16,856", "2012": "$15,465", "2011": "$15,038", "2010": "$15,361", "2009": "$15,431", "2008": "$14,927", "2007": "$14,488", "2006": "$13,912", "2005": "$2,793"}, "Thermo Fisher Scientific Quarterly Share Holder Equity (Millions of US $)": {"2020-09-30": "$31,824", "2020-06-30": "$29,875", "2020-03-31": "$28,559", "2019-12-31": "$29,675", "2019-09-30": "$29,355", "2019-06-30": "$28,729", "2019-03-31": "$27,693", "2018-12-31": "$27,586", "2018-09-30": "$26,890", "2018-06-30": "$26,445", "2018-03-31": "$26,123", "2017-12-31": "$25,413", "2017-09-30": "$24,702", "2017-06-30": "$22,392", "2017-03-31": "$21,795", "2016-12-31": "$21,540", "2016-09-30": "$21,659", "2016-06-30": "$21,264", "2016-03-31": "$20,924", "2015-12-31": "$21,350", "2015-09-30": "$20,850", "2015-06-30": "$20,680", "2015-03-31": "$19,915", "2014-12-31": "$20,548", "2014-09-30": "$20,511", "2014-06-30": "$20,659", "2014-03-31": "$20,431", "2013-12-31": "$16,856", "2013-09-30": "$16,437", "2013-06-30": "$15,803", "2013-03-31": "$15,600", "2012-12-31": "$15,465", "2012-09-30": "$15,291", "2012-06-30": "$15,094", "2012-03-31": "$15,289", "2011-12-31": "$15,038", "2011-09-30": "$15,196", "2011-06-30": "$15,666", "2011-03-31": "$15,255", "2010-12-31": "$15,361", "2010-09-30": "$15,397", "2010-06-30": "$15,345", "2010-03-31": "$15,480", "2009-12-31": "$15,431", "2009-09-30": "$15,399", "2009-06-30": "$15,076", "2009-03-31": "$14,993", "2008-12-31": "$14,927", "2008-09-30": "$15,136", "2008-06-30": "$15,070", "2008-03-31": "$14,786", "2007-12-31": "$14,488", "2007-09-30": "$14,443", "2007-06-30": "$14,532", "2007-03-31": "$14,233", "2006-12-31": "$13,912", "2006-09-30": "$2,815", "2006-06-30": "$2,737", "2006-03-31": "$2,874", "2005-12-31": "$2,793", "2005-09-30": "$2,761", "2005-06-30": "$2,693", "2005-03-31": "$2,677"}}, "profit-margins": {"current": "19.79%"}, "gross margin": {"2020-12-31": "50.07%", "2020-09-30": "47.31%", "2020-06-30": "45.39%", "2020-03-31": "44.30%", "2019-12-31": "44.35%", "2019-09-30": "44.48%", "2019-06-30": "44.51%", "2019-03-31": "44.60%", "2018-12-31": "44.57%", "2018-09-30": "44.37%", "2018-06-30": "44.55%", "2018-03-31": "44.69%", "2017-12-31": "45.17%", "2017-09-30": "45.70%", "2017-06-30": "45.90%", "2017-03-31": "45.92%", "2016-12-31": "45.82%", "2016-09-30": "45.62%", "2016-06-30": "45.60%", "2016-03-31": "45.50%", "2015-12-31": "45.72%", "2015-09-30": "46.05%", "2015-06-30": "46.23%", "2015-03-31": "45.52%", "2014-12-31": "44.36%", "2014-09-30": "43.39%", "2014-06-30": "42.30%", "2014-03-31": "42.11%", "2013-12-31": "42.24%", "2013-09-30": "42.17%", "2013-06-30": "42.13%", "2013-03-31": "42.24%", "2012-12-31": "42.33%", "2012-09-30": "42.29%", "2012-06-30": "42.18%", "2012-03-31": "41.73%", "2011-12-31": "41.47%", "2011-09-30": "41.49%", "2011-06-30": "41.21%", "2011-03-31": "41.15%", "2010-12-31": "41.00%", "2010-09-30": "39.91%", "2010-06-30": "39.80%", "2010-03-31": "39.64%", "2009-12-31": "39.32%", "2009-09-30": "39.86%", "2009-06-30": "39.86%", "2009-03-31": "39.95%", "2008-12-31": "40.06%", "2008-09-30": "39.90%", "2008-06-30": "39.80%", "2008-03-31": "39.58%", "2007-12-31": "39.04%", "2007-09-30": "38.20%", "2007-06-30": "38.61%", "2007-03-31": "39.22%", "2006-12-31": "41.38%", "2006-09-30": "46.02%", "2006-06-30": "45.67%", "2006-03-31": "45.29%", "2005-12-31": "45.39%"}, "operating margin": {"2020-12-31": "24.19%", "2020-09-30": "20.90%", "2020-06-30": "17.05%", "2020-03-31": "17.86%", "2019-12-31": "17.99%", "2019-09-30": "17.88%", "2019-06-30": "18.00%", "2019-03-31": "15.90%", "2018-12-31": "15.53%", "2018-09-30": "15.03%", "2018-06-30": "14.35%", "2018-03-31": "14.21%", "2017-12-31": "14.15%", "2017-09-30": "13.94%", "2017-06-30": "13.91%", "2017-03-31": "13.66%", "2016-12-31": "13.45%", "2016-09-30": "13.28%", "2016-06-30": "13.68%", "2016-03-31": "13.65%", "2015-12-31": "13.77%", "2015-09-30": "13.60%", "2015-06-30": "14.01%", "2015-03-31": "12.51%", "2014-12-31": "14.82%", "2014-09-30": "14.62%", "2014-06-30": "13.91%", "2014-03-31": "15.20%", "2013-12-31": "12.29%", "2013-09-30": "12.07%", "2013-06-30": "11.86%", "2013-03-31": "11.93%", "2012-12-31": "11.85%", "2012-09-30": "11.62%", "2012-06-30": "11.47%", "2012-03-31": "10.85%", "2011-12-31": "10.81%", "2011-09-30": "10.90%", "2011-06-30": "11.09%", "2011-03-31": "11.68%", "2010-12-31": "11.44%", "2010-09-30": "11.08%", "2010-06-30": "10.93%", "2010-03-31": "10.67%", "2009-12-31": "10.11%", "2009-09-30": "10.56%", "2009-06-30": "10.60%", "2009-03-31": "11.06%", "2008-12-31": "11.70%", "2008-09-30": "11.37%", "2008-06-30": "11.27%", "2008-03-31": "10.76%", "2007-12-31": "9.99%", "2007-09-30": "8.14%", "2007-06-30": "7.54%", "2007-03-31": "6.72%", "2006-12-31": "6.38%", "2006-09-30": "10.61%", "2006-06-30": "10.33%", "2006-03-31": "9.86%", "2005-12-31": "10.03%"}, "ebitda margin": {"2020-09-30": "28.96%", "2020-06-30": "25.81%", "2020-03-31": "26.81%", "2019-12-31": "26.90%", "2019-09-30": "26.84%", "2019-06-30": "27.03%", "2019-03-31": "25.03%", "2018-12-31": "24.84%", "2018-09-30": "24.58%", "2018-06-30": "24.04%", "2018-03-31": "23.94%", "2017-12-31": "23.87%", "2017-09-30": "23.69%", "2017-06-30": "23.54%", "2017-03-31": "23.30%", "2016-12-31": "23.07%", "2016-09-30": "22.78%", "2016-06-30": "23.36%", "2016-03-31": "23.38%", "2015-12-31": "23.73%", "2015-09-30": "23.68%", "2015-06-30": "24.23%", "2015-03-31": "22.78%", "2014-12-31": "24.80%", "2014-09-30": "24.10%", "2014-06-30": "22.65%", "2014-03-31": "23.28%", "2013-12-31": "19.94%", "2013-09-30": "19.88%", "2013-06-30": "19.68%", "2013-03-31": "19.76%", "2012-12-31": "19.70%", "2012-09-30": "19.54%", "2012-06-30": "19.36%", "2012-03-31": "18.57%", "2011-12-31": "18.26%", "2011-09-30": "18.08%", "2011-06-30": "18.03%", "2011-03-31": "18.64%", "2010-12-31": "18.54%", "2010-09-30": "18.16%", "2010-06-30": "18.20%", "2010-03-31": "18.11%", "2009-12-31": "17.80%", "2009-09-30": "18.36%", "2009-06-30": "18.41%", "2009-03-31": "18.76%", "2008-12-31": "19.26%", "2008-09-30": "18.97%", "2008-06-30": "18.89%", "2008-03-31": "18.50%", "2007-12-31": "17.77%", "2007-09-30": "15.93%", "2007-06-30": "15.09%", "2007-03-31": "13.86%", "2006-12-31": "12.71%", "2006-09-30": "15.96%", "2006-06-30": "15.68%", "2006-03-31": "15.01%", "2005-12-31": "14.66%"}, "pre tax profit margin": {"2020-12-31": "22.43%", "2020-09-30": "18.85%", "2020-06-30": "15.01%", "2020-03-31": "15.91%", "2019-12-31": "15.93%", "2019-09-30": "16.03%", "2019-06-30": "16.21%", "2019-03-31": "13.99%", "2018-12-31": "13.39%", "2018-09-30": "12.85%", "2018-06-30": "11.86%", "2018-03-31": "11.63%", "2017-12-31": "11.61%", "2017-09-30": "11.41%", "2017-06-30": "11.51%", "2017-03-31": "11.22%", "2016-12-31": "11.08%", "2016-09-30": "10.87%", "2016-06-30": "11.33%", "2016-03-31": "11.40%", "2015-12-31": "11.41%", "2015-09-30": "11.25%", "2015-06-30": "11.64%", "2015-03-31": "10.03%", "2014-12-31": "12.36%", "2014-09-30": "12.15%", "2014-06-30": "11.47%", "2014-03-31": "12.69%", "2013-12-31": "10.08%", "2013-09-30": "9.98%", "2013-06-30": "9.88%", "2013-03-31": "10.29%", "2012-12-31": "10.14%", "2012-09-30": "10.06%", "2012-06-30": "9.94%", "2012-03-31": "9.63%", "2011-12-31": "9.80%", "2011-09-30": "9.95%", "2011-06-30": "10.43%", "2011-03-31": "10.75%", "2010-12-31": "10.47%", "2010-09-30": "9.93%", "2010-06-30": "9.64%", "2010-03-31": "9.46%", "2009-12-31": "8.88%", "2009-09-30": "9.49%", "2009-06-30": "9.56%", "2009-03-31": "10.03%", "2008-12-31": "10.74%", "2008-09-30": "10.22%", "2008-06-30": "10.17%", "2008-03-31": "9.70%", "2007-12-31": "8.82%", "2007-09-30": "7.16%", "2007-06-30": "6.52%", "2007-03-31": "5.71%", "2006-12-31": "5.51%", "2006-09-30": "10.02%", "2006-06-30": "9.83%", "2006-03-31": "10.41%", "2005-12-31": "10.86%"}, "net profit margin": {"2020-12-31": "19.79%", "2020-09-30": "17.12%", "2020-06-30": "14.12%", "2020-03-31": "14.31%", "2019-12-31": "14.47%", "2019-09-30": "14.24%", "2019-06-30": "14.24%", "2019-03-31": "12.89%", "2018-12-31": "12.06%", "2018-09-30": "10.75%", "2018-06-30": "10.36%", "2018-03-31": "10.24%", "2017-12-31": "10.64%", "2017-09-30": "11.74%", "2017-06-30": "11.81%", "2017-03-31": "11.59%", "2016-12-31": "11.07%", "2016-09-30": "11.10%", "2016-06-30": "11.34%", "2016-03-31": "11.49%", "2015-12-31": "11.64%", "2015-09-30": "11.75%", "2015-06-30": "11.69%", "2015-03-31": "10.28%", "2014-12-31": "11.22%", "2014-09-30": "10.31%", "2014-06-30": "9.96%", "2014-03-31": "10.72%", "2013-12-31": "9.72%", "2013-09-30": "10.15%", "2013-06-30": "10.01%", "2013-03-31": "9.77%", "2012-12-31": "9.41%", "2012-09-30": "8.86%", "2012-06-30": "8.77%", "2012-03-31": "11.38%", "2011-12-31": "11.50%", "2011-09-30": "12.10%", "2011-06-30": "12.48%", "2011-03-31": "10.06%", "2010-12-31": "9.96%", "2010-09-30": "9.63%", "2010-06-30": "9.26%", "2010-03-31": "9.07%", "2009-12-31": "8.58%", "2009-09-30": "8.71%", "2009-06-30": "8.63%", "2009-03-31": "8.82%", "2008-12-31": "9.34%", "2008-09-30": "8.78%", "2008-06-30": "8.95%", "2008-03-31": "8.42%", "2007-12-31": "7.69%", "2007-09-30": "6.22%", "2007-06-30": "5.30%", "2007-03-31": "4.79%", "2006-12-31": "4.46%", "2006-09-30": "6.98%", "2006-06-30": "7.42%", "2006-03-31": "8.01%", "2005-12-31": "8.47%"}, "pe ratio": {"current": "25.19", "2021-02-05": "50.73", "2020-12-31": "47.97", "2020-09-30": "36.17", "2020-06-30": "39.18", "2020-03-31": "31.05", "2019-12-31": "35.34", "2019-09-30": "32.63", "2019-06-30": "33.37", "2019-03-31": "34.77", "2018-12-31": "30.71", "2018-09-30": "38.34", "2018-06-30": "34.77", "2018-03-31": "36.41", "2017-12-31": "33.64", "2017-09-30": "31.84", "2017-06-30": "30.11", "2017-03-31": "27.74", "2016-12-31": "27.41", "2016-09-30": "31.42", "2016-06-30": "29.22", "2016-03-31": "28.14", "2015-12-31": "28.45", "2015-09-30": "24.54", "2015-06-30": "26.07", "2015-03-31": "30.58", "2014-12-31": "26.07", "2014-09-30": "28.78", "2014-06-30": "30.12", "2014-03-31": "30.11", "2013-12-31": "31.30", "2013-09-30": "25.00", "2013-06-30": "23.38", "2013-03-31": "21.90", "2012-12-31": "19.25", "2012-09-30": "19.34", "2012-06-30": "17.63", "2012-03-31": "15.19", "2011-12-31": "12.47", "2011-09-30": "14.13", "2011-06-30": "18.12", "2011-03-31": "20.35", "2010-12-31": "20.92", "2010-09-30": "18.83", "2010-06-30": "20.38", "2010-03-31": "22.14", "2009-12-31": "22.66", "2009-09-30": "20.44", "2009-06-30": "19.27", "2009-03-31": "16.22", "2008-12-31": "14.28", "2008-09-30": "24.55", "2008-06-30": "25.11", "2008-03-31": "28.26", "2007-12-31": "32.37", "2007-09-30": "44.31", "2007-06-30": "46.82", "2007-03-31": "45.78", "2006-12-31": "45.75"}, "price sales": {"2021-02-05": "6.10", "2020-12-31": "5.77", "2020-09-30": "6.19", "2020-06-30": "5.53", "2020-03-31": "4.44", "2019-12-31": "5.12", "2019-09-30": "4.65", "2019-06-30": "4.76", "2019-03-31": "4.48", "2018-12-31": "3.71", "2018-09-30": "4.10", "2018-06-30": "3.59", "2018-03-31": "3.72", "2017-12-31": "3.57", "2017-09-30": "3.75", "2017-06-30": "3.56", "2017-03-31": "3.21", "2016-12-31": "3.03", "2016-09-30": "3.49", "2016-06-30": "3.31", "2016-03-31": "3.23", "2015-12-31": "3.31", "2015-09-30": "2.88", "2015-06-30": "3.04", "2015-03-31": "3.14", "2014-12-31": "2.92", "2014-09-30": "2.95", "2014-06-30": "2.98", "2014-03-31": "3.18", "2013-12-31": "3.02", "2013-09-30": "2.54", "2013-06-30": "2.35", "2013-03-31": "2.15", "2012-12-31": "1.82", "2012-09-30": "1.72", "2012-06-30": "1.55", "2012-03-31": "1.74", "2011-12-31": "1.44", "2011-09-30": "1.73", "2011-06-30": "2.29", "2011-03-31": "2.06", "2010-12-31": "2.11", "2010-09-30": "1.82", "2010-06-30": "1.90", "2010-03-31": "2.02", "2009-12-31": "1.95", "2009-09-30": "1.79", "2009-06-30": "1.68", "2009-03-31": "1.45", "2008-12-31": "1.35", "2008-09-30": "2.21", "2008-06-30": "2.29", "2008-03-31": "2.43", "2007-12-31": "2.52", "2007-09-30": "2.29", "2007-06-30": "2.13", "2007-03-31": "2.01", "2006-12-31": "2.06"}, "price book": {"current": "5.66", "2021-02-05": "6.13", "2020-09-30": "5.50", "2020-06-30": "4.79", "2020-03-31": "3.92", "2019-12-31": "4.35", "2019-09-30": "3.97", "2019-06-30": "4.08", "2019-03-31": "3.94", "2018-12-31": "3.25", "2018-09-30": "3.63", "2018-06-30": "3.13", "2018-03-31": "3.16", "2017-12-31": "2.97", "2017-09-30": "3.04", "2017-06-30": "3.01", "2017-03-31": "2.73", "2016-12-31": "2.55", "2016-09-30": "2.87", "2016-06-30": "2.70", "2016-03-31": "2.62", "2015-12-31": "2.61", "2015-09-30": "2.30", "2015-06-30": "2.46", "2015-03-31": "2.63", "2014-12-31": "2.39", "2014-09-30": "2.32", "2014-06-30": "2.23", "2014-03-31": "2.29", "2013-12-31": "2.33", "2013-09-30": "1.97", "2013-06-30": "1.88", "2013-03-31": "1.71", "2012-12-31": "1.43", "2012-09-30": "1.34", "2012-06-30": "1.21", "2012-03-31": "1.30", "2011-12-31": "1.07", "2011-09-30": "1.21", "2011-06-30": "1.51", "2011-03-31": "1.34", "2010-12-31": "1.35", "2010-09-30": "1.19", "2010-06-30": "1.25", "2010-03-31": "1.31", "2009-12-31": "1.21", "2009-09-30": "1.11", "2009-06-30": "1.06", "2009-03-31": "0.96", "2008-12-31": "0.92", "2008-09-30": "1.47", "2008-06-30": "1.49", "2008-03-31": "1.54", "2007-12-31": "1.59", "2007-09-30": "1.61", "2007-06-30": "1.46", "2007-03-31": "1.33", "2006-12-31": "1.30", "2006-09-30": "2.12", "2006-06-30": "2.00", "2006-03-31": "2.03"}, "price fcf": {"2021-02-05": "", "2020-09-30": "$14.29", "2020-06-30": "$10.66", "2020-03-31": "$9.27", "2019-12-31": "$10.13", "2019-09-30": "$9.89", "2019-06-30": "$10.24", "2019-03-31": "$10.67", "2018-12-31": "$9.45", "2018-09-30": "$9.78", "2018-06-30": "$9.20", "2018-03-31": "$8.03", "2017-12-31": "$8.80", "2017-09-30": "$7.34", "2017-06-30": "$7.16", "2017-03-31": "$7.27", "2016-12-31": "$7.15", "2016-09-30": "$7.51", "2016-06-30": "$7.29", "2016-03-31": "$6.92", "2015-12-31": "$6.31", "2015-09-30": "$5.31", "2015-06-30": "$5.17", "2015-03-31": "$5.53", "2014-12-31": "$5.57", "2014-09-30": "$5.26", "2014-06-30": "$5.04", "2014-03-31": "$4.13", "2013-12-31": "$4.78", "2013-09-30": "$4.53", "2013-06-30": "$4.43", "2013-03-31": "$4.51", "2012-12-31": "$4.74", "2012-09-30": "$4.67", "2012-06-30": "$4.33", "2012-03-31": "$3.92", "2011-12-31": "$3.74", "2011-09-30": "$3.17", "2011-06-30": "$3.33", "2011-03-31": "$3.08", "2010-12-31": "$3.08", "2010-09-30": "$3.31", "2010-06-30": "$3.19", "2010-03-31": "$3.46", "2009-12-31": "$3.48", "2009-09-30": "$3.31", "2009-06-30": "$3.21", "2009-03-31": "$3.07", "2008-12-31": "$2.77", "2008-09-30": "$2.95", "2008-06-30": "$2.99", "2008-03-31": "$3.02", "2007-12-31": "$2.99", "2007-09-30": "$2.47", "2007-06-30": "$2.28", "2007-03-31": "$1.94", "2006-12-31": "$1.64"}, "net worth": {"value": "$195.22B"}, "current ratio": {"2020-12-31": "2.13", "2020-09-30": "2.93", "2020-06-30": "2.62", "2020-03-31": "2.32", "2019-12-31": "1.92", "2019-09-30": "1.80", "2019-06-30": "1.50", "2019-03-31": "1.69", "2018-12-31": "1.73", "2018-09-30": "1.84", "2018-06-30": "1.58", "2018-03-31": "1.36", "2017-12-31": "1.34", "2017-09-30": "1.26", "2017-06-30": "1.47", "2017-03-31": "1.37", "2016-12-31": "1.44", "2016-09-30": "1.56", "2016-06-30": "1.15", "2016-03-31": "1.03", "2015-12-31": "1.39", "2015-09-30": "1.05", "2015-06-30": "1.02", "2015-03-31": "0.90", "2014-12-31": "1.22", "2014-09-30": "0.92", "2014-06-30": "0.95", "2014-03-31": "1.36", "2013-12-31": "3.16", "2013-09-30": "2.53", "2013-06-30": "2.39", "2013-03-31": "2.23", "2012-12-31": "2.31", "2012-09-30": "1.96", "2012-06-30": "1.73", "2012-03-31": "1.68", "2011-12-31": "1.55", "2011-09-30": "1.70", "2011-06-30": "2.76", "2011-03-31": "1.49", "2010-12-31": "2.42", "2010-09-30": "2.36", "2010-06-30": "2.69", "2010-03-31": "2.55", "2009-12-31": "2.76", "2009-09-30": "3.01", "2009-06-30": "2.93", "2009-03-31": "3.01", "2008-12-31": "2.82", "2008-09-30": "2.42", "2008-06-30": "2.29", "2008-03-31": "2.09", "2007-12-31": "1.93", "2007-09-30": "2.40", "2007-06-30": "2.50", "2007-03-31": "2.09", "2006-12-31": "1.70", "2006-09-30": "1.77", "2006-06-30": "1.63", "2006-03-31": "1.92", "2005-12-31": "1.71", "2005-09-30": "1.73", "2005-06-30": "1.57", "2005-03-31": "2.71"}, "quick ratio": {"2020-12-31": "1.74", "2020-09-30": "2.31", "2020-06-30": "2.02", "2020-03-31": "1.69", "2019-12-31": "1.38", "2019-09-30": "1.23", "2019-06-30": "1.07", "2019-03-31": "1.16", "2018-12-31": "1.24", "2018-09-30": "1.27", "2018-06-30": "1.11", "2018-03-31": "0.95", "2017-12-31": "0.92", "2017-09-30": "0.81", "2017-06-30": "0.99", "2017-03-31": "0.93", "2016-12-31": "0.99", "2016-09-30": "1.11", "2016-06-30": "0.77", "2016-03-31": "0.69", "2015-12-31": "0.90", "2015-09-30": "0.70", "2015-06-30": "0.70", "2015-03-31": "0.62", "2014-12-31": "0.88", "2014-09-30": "0.61", "2014-06-30": "0.64", "2014-03-31": "0.97", "2013-12-31": "2.68", "2013-09-30": "1.90", "2013-06-30": "1.76", "2013-03-31": "1.59", "2012-12-31": "1.62", "2012-09-30": "1.36", "2012-06-30": "1.21", "2012-03-31": "1.18", "2011-12-31": "1.12", "2011-09-30": "1.19", "2011-06-30": "2.01", "2011-03-31": "1.19", "2010-12-31": "1.73", "2010-09-30": "1.67", "2010-06-30": "1.98", "2010-03-31": "1.90", "2009-12-31": "2.07", "2009-09-30": "2.28", "2009-06-30": "2.15", "2009-03-31": "2.24", "2008-12-31": "2.06", "2008-09-30": "1.73", "2008-06-30": "1.61", "2008-03-31": "1.44", "2007-12-31": "1.31", "2007-09-30": "1.66", "2007-06-30": "1.76", "2007-03-31": "1.43", "2006-12-31": "1.16", "2006-09-30": "1.21", "2006-06-30": "1.13", "2006-03-31": "1.39", "2005-12-31": "1.26", "2005-09-30": "1.19", "2005-06-30": "1.06", "2005-03-31": "2.08"}, "debt equity ratio": {"current": "0.55", "2020-12-31": "1.00", "2020-09-30": "1.01", "2020-06-30": "1.06", "2020-03-31": "1.06", "2019-12-31": "0.97", "2019-09-30": "0.93", "2019-06-30": "1.02", "2019-03-31": "1.01", "2018-12-31": "1.04", "2018-09-30": "1.05", "2018-06-30": "1.10", "2018-03-31": "1.17", "2017-12-31": "1.23", "2017-09-30": "1.27", "2017-06-30": "1.08", "2017-03-31": "1.12", "2016-12-31": "1.13", "2016-09-30": "1.22", "2016-06-30": "0.99", "2016-03-31": "1.05", "2015-12-31": "0.91", "2015-09-30": "0.97", "2015-06-30": "1.02", "2015-03-31": "1.10", "2014-12-31": "1.09", "2014-09-30": "1.08", "2014-06-30": "1.15", "2014-03-31": "1.26", "2013-12-31": "0.89", "2013-09-30": "0.72", "2013-06-30": "0.75", "2013-03-31": "0.76", "2012-12-31": "0.78", "2012-09-30": "0.80", "2012-06-30": "0.75", "2012-03-31": "0.75", "2011-12-31": "0.78", "2011-09-30": "0.78", "2011-06-30": "0.54", "2011-03-31": "0.54", "2010-12-31": "0.39", "2010-09-30": "0.40", "2010-06-30": "0.39", "2010-03-31": "0.40", "2009-12-31": "0.40", "2009-09-30": "0.39", "2009-06-30": "0.40", "2009-03-31": "0.40", "2008-12-31": "0.41", "2008-09-30": "0.43", "2008-06-30": "0.44", "2008-03-31": "0.45", "2007-12-31": "0.46", "2007-09-30": "0.47", "2007-06-30": "0.46", "2007-03-31": "0.49", "2006-12-31": "0.53", "2006-09-30": "0.49", "2006-06-30": "0.53", "2006-03-31": "0.48", "2005-12-31": "0.52", "2005-09-30": "0.50", "2005-06-30": "0.54", "2005-03-31": "0.33"}, "return on equity": {"2020-12-31": "20.44%", "2020-09-30": "16.27%", "2020-06-30": "12.62%", "2020-03-31": "12.62%", "2019-12-31": "12.81%", "2019-09-30": "12.67%", "2019-06-30": "12.77%", "2019-03-31": "11.69%", "2018-12-31": "10.98%", "2018-09-30": "9.79%", "2018-06-30": "9.32%", "2018-03-31": "9.14%", "2017-12-31": "9.44%", "2017-09-30": "10.29%", "2017-06-30": "10.38%", "2017-03-31": "10.07%", "2016-12-31": "9.48%", "2016-09-30": "9.37%", "2016-06-30": "9.47%", "2016-03-31": "9.51%", "2015-12-31": "9.54%", "2015-09-30": "9.63%", "2015-06-30": "9.65%", "2015-03-31": "8.51%", "2014-12-31": "9.23%", "2014-09-30": "8.34%", "2014-06-30": "7.97%", "2014-03-31": "8.51%", "2013-12-31": "7.87%", "2013-09-30": "8.26%", "2013-06-30": "8.23%", "2013-03-31": "8.05%", "2012-12-31": "7.70%", "2012-09-30": "7.18%", "2012-06-30": "7.03%", "2012-03-31": "8.85%", "2011-12-31": "8.69%", "2011-09-30": "8.70%", "2011-06-30": "8.70%", "2011-03-31": "6.88%", "2010-12-31": "6.72%", "2010-09-30": "6.56%", "2010-06-30": "6.25%", "2010-03-31": "6.08%", "2009-12-31": "5.58%", "2009-09-30": "5.72%", "2009-06-30": "5.73%", "2009-03-31": "5.99%", "2008-12-31": "6.54%", "2008-09-30": "6.19%", "2008-06-30": "6.27%", "2008-03-31": "5.76%", "2007-12-31": "5.19%", "2007-09-30": "3.83%", "2007-06-30": "3.31%", "2007-03-31": "3.10%", "2006-12-31": "3.03%", "2006-09-30": "7.13%", "2006-06-30": "7.49%", "2006-03-31": "7.95%", "2005-12-31": "8.17%"}, "return on assets": {"2020-12-31": "10.06%", "2020-09-30": "8.04%", "2020-06-30": "6.30%", "2020-03-31": "6.33%", "2019-12-31": "6.47%", "2019-09-30": "6.34%", "2019-06-30": "6.30%", "2019-03-31": "5.71%", "2018-12-31": "5.26%", "2018-09-30": "4.59%", "2018-06-30": "4.26%", "2018-03-31": "4.18%", "2017-12-31": "4.33%", "2017-09-30": "4.78%", "2017-06-30": "4.86%", "2017-03-31": "4.76%", "2016-12-31": "4.52%", "2016-09-30": "4.58%", "2016-06-30": "4.78%", "2016-03-31": "4.78%", "2015-12-31": "4.77%", "2015-09-30": "4.71%", "2015-06-30": "4.66%", "2015-03-31": "4.05%", "2014-12-31": "4.31%", "2014-09-30": "3.97%", "2014-06-30": "3.94%", "2014-03-31": "4.42%", "2013-12-31": "4.42%", "2013-09-30": "4.72%", "2013-06-30": "4.65%", "2013-03-31": "4.54%", "2012-12-31": "4.35%", "2012-09-30": "4.05%", "2012-06-30": "3.98%", "2012-03-31": "5.17%", "2011-12-31": "5.25%", "2011-09-30": "5.58%", "2011-06-30": "5.93%", "2011-03-31": "4.82%", "2010-12-31": "4.83%", "2010-09-30": "4.70%", "2010-06-30": "4.48%", "2010-03-31": "4.35%", "2009-12-31": "3.99%", "2009-09-30": "4.08%", "2009-06-30": "4.06%", "2009-03-31": "4.22%", "2008-12-31": "4.57%", "2008-09-30": "4.28%", "2008-06-30": "4.31%", "2008-03-31": "3.94%", "2007-12-31": "3.53%", "2007-09-30": "2.58%", "2007-06-30": "2.22%", "2007-03-31": "2.05%", "2006-12-31": "2.00%", "2006-09-30": "4.74%", "2006-06-30": "4.97%", "2006-03-31": "5.27%", "2005-12-31": "5.55%"}, "return on investments": {"2020-12-31": "15.22%", "2020-09-30": "12.03%", "2020-06-30": "9.38%", "2020-03-31": "9.87%", "2019-12-31": "10.07%", "2019-09-30": "9.97%", "2019-06-30": "9.95%", "2019-03-31": "8.77%", "2018-12-31": "8.48%", "2018-09-30": "8.10%", "2018-06-30": "7.43%", "2018-03-31": "7.27%", "2017-12-31": "7.19%", "2017-09-30": "7.03%", "2017-06-30": "7.12%", "2017-03-31": "7.04%", "2016-12-31": "6.97%", "2016-09-30": "6.98%", "2016-06-30": "7.45%", "2016-03-31": "7.41%", "2015-12-31": "7.42%", "2015-09-30": "7.25%", "2015-06-30": "7.45%", "2015-03-31": "6.58%", "2014-12-31": "7.49%", "2014-09-30": "7.30%", "2014-06-30": "7.00%", "2014-03-31": "7.79%", "2013-12-31": "6.82%", "2013-09-30": "6.87%", "2013-06-30": "6.76%", "2013-03-31": "6.86%", "2012-12-31": "6.84%", "2012-09-30": "6.73%", "2012-06-30": "6.64%", "2012-03-31": "6.24%", "2011-12-31": "6.34%", "2011-09-30": "6.39%", "2011-06-30": "6.66%", "2011-03-31": "7.07%", "2010-12-31": "6.83%", "2010-09-30": "6.67%", "2010-06-30": "6.52%", "2010-03-31": "6.32%", "2009-12-31": "5.81%", "2009-09-30": "6.12%", "2009-06-30": "6.19%", "2009-03-31": "6.61%", "2008-12-31": "7.22%", "2008-09-30": "7.04%", "2008-06-30": "6.91%", "2008-03-31": "6.43%", "2007-12-31": "5.88%", "2007-09-30": "4.35%", "2007-06-30": "4.09%", "2007-03-31": "3.75%", "2006-12-31": "3.73%", "2006-09-30": "9.29%", "2006-06-30": "8.93%", "2006-03-31": "8.37%", "2005-12-31": "8.41%"}, "return on tangible equity": {"2020-09-30": "-53.51%", "2020-06-30": "-36.85%", "2020-03-31": "-34.03%", "2019-12-31": "-33.18%", "2019-09-30": "-30.41%", "2019-06-30": "-28.25%", "2019-03-31": "-24.14%", "2018-12-31": "-20.91%", "2018-09-30": "-17.11%", "2018-06-30": "-14.96%", "2018-03-31": "-14.38%", "2017-12-31": "-14.68%", "2017-09-30": "-16.10%", "2017-06-30": "-16.54%", "2017-03-31": "-16.42%", "2016-12-31": "-15.78%", "2016-09-30": "-16.71%", "2016-06-30": "-18.07%", "2016-03-31": "-17.86%", "2015-12-31": "-17.52%", "2015-09-30": "-16.70%", "2015-06-30": "-15.89%", "2015-03-31": "-13.24%", "2014-12-31": "-13.75%", "2014-09-30": "-14.40%", "2014-06-30": "-16.70%", "2014-03-31": "-23.66%", "2013-12-31": "-35.49%", "2013-09-30": "-31.79%", "2013-06-30": "-28.03%", "2013-03-31": "-26.31%", "2012-12-31": "-24.89%", "2012-09-30": "-23.13%", "2012-06-30": "-22.90%", "2012-03-31": "-34.92%", "2011-12-31": "-50.08%", "2011-09-30": "-98.80%", "2011-06-30": "-862.38%", "2011-03-31": "454.74%", "2010-12-31": "590.58%", "2010-09-30": "1123.33%", "2010-06-30": "426.58%", "2010-03-31": "492.35%", "2009-12-31": "469.61%", "2009-09-30": "787.24%", "2009-06-30": "-962.01%", "2009-03-31": "-358.57%", "2008-12-31": "-184.38%", "2008-09-30": "-110.34%", "2008-06-30": "-87.55%", "2008-03-31": "-69.38%", "2007-12-31": "-54.54%", "2007-09-30": "-35.09%", "2007-06-30": "-32.53%", "2007-03-31": "-34.04%", "2006-12-31": "-75.96%", "2006-09-30": "49.66%", "2006-06-30": "53.62%", "2006-03-31": "60.01%", "2005-12-31": "45.05%"}, "dividend yield history": {"last payout": "$0.88", "last yield": "0.18%"}}