{"ticker": "THO", "price": {"title": "Thor Industries Historical Annual Stock Price Data", "value": 121.09, "historical": {"2021": {"Average Stock Price": "109.6008", "Year Open": "93.8000", "Year High": "123.0000", "Year Low": "93.8000", "Year Close": "121.0900", "Annual % Change": "30.22%"}, "2020": {"Average Stock Price": "86.4081", "Year Open": "73.8500", "Year High": "120.7400", "Year Low": "34.6100", "Year Close": "92.9900", "Annual % Change": "25.17%"}, "2019": {"Average Stock Price": "60.2062", "Year Open": "52.2400", "Year High": "76.5200", "Year Low": "42.7200", "Year Close": "74.2900", "Annual % Change": "42.87%"}, "2018": {"Average Stock Price": "99.4886", "Year Open": "155.3600", "Year High": "157.0200", "Year Low": "48.9600", "Year Close": "52.0000", "Annual % Change": "-65.50%"}, "2017": {"Average Stock Price": "111.9131", "Year Open": "100.4800", "Year High": "155.2500", "Year Low": "89.4100", "Year Close": "150.7200", "Annual % Change": "50.64%"}, "2016": {"Average Stock Price": "71.7848", "Year Open": "55.3400", "Year High": "106.7100", "Year Low": "48.0600", "Year Close": "100.0500", "Annual % Change": "78.18%"}, "2015": {"Average Stock Price": "57.5525", "Year Open": "55.4800", "Year High": "64.3800", "Year Low": "50.6800", "Year Close": "56.1500", "Annual % Change": "0.50%"}, "2014": {"Average Stock Price": "55.7347", "Year Open": "54.9600", "Year High": "64.1600", "Year Low": "49.0300", "Year Close": "55.8700", "Annual % Change": "1.16%"}, "2013": {"Average Stock Price": "47.1541", "Year Open": "38.4500", "Year High": "59.7900", "Year Low": "35.1200", "Year Close": "55.2300", "Annual % Change": "47.56%"}, "2012": {"Average Stock Price": "32.8251", "Year Open": "27.7700", "Year High": "44.2500", "Year Low": "26.9000", "Year Close": "37.4300", "Annual % Change": "36.46%"}, "2011": {"Average Stock Price": "28.1592", "Year Open": "34.0500", "Year High": "37.7100", "Year Low": "18.0000", "Year Close": "27.4300", "Annual % Change": "-19.23%"}, "2010": {"Average Stock Price": "30.6208", "Year Open": "31.0900", "Year High": "36.3900", "Year Low": "23.2400", "Year Close": "33.9600", "Annual % Change": "8.15%"}, "2009": {"Average Stock Price": "21.5975", "Year Open": "13.5400", "Year High": "32.6100", "Year Low": "9.7100", "Year Close": "31.4000", "Annual % Change": "138.24%"}, "2008": {"Average Stock Price": "24.5124", "Year Open": "37.6400", "Year High": "37.6400", "Year Low": "12.2100", "Year Close": "13.1800", "Annual % Change": "-65.32%"}, "2007": {"Average Stock Price": "42.5646", "Year Open": "44.6100", "Year High": "52.0000", "Year Low": "34.0000", "Year Close": "38.0100", "Annual % Change": "-13.59%"}, "2006": {"Average Stock Price": "45.6640", "Year Open": "40.6500", "Year High": "55.9400", "Year Low": "39.5800", "Year Close": "43.9900", "Annual % Change": "9.78%"}, "2005": {"Average Stock Price": "33.2560", "Year Open": "36.3000", "Year High": "40.7200", "Year Low": "26.7700", "Year Close": "40.0700", "Annual % Change": "8.15%"}, "2004": {"Average Stock Price": "29.4723", "Year Open": "27.6450", "Year High": "37.9100", "Year Low": "23.3500", "Year Close": "37.0500", "Annual % Change": "31.80%"}, "2003": {"Average Stock Price": "21.4246", "Year Open": "18.2450", "Year High": "32.9000", "Year Low": "10.9000", "Year Close": "28.1100", "Annual % Change": "63.29%"}, "2002": {"Average Stock Price": "15.3356", "Year Open": "9.4375", "Year High": "20.1800", "Year Low": "9.4375", "Year Close": "17.2150", "Annual % Change": "85.86%"}, "2001": {"Average Stock Price": "7.2251", "Year Open": "4.9850", "Year High": "9.9875", "Year Low": "4.9850", "Year Close": "9.2625", "Annual % Change": "87.59%"}, "2000": {"Average Stock Price": "5.9568", "Year Open": "7.5475", "Year High": "7.5775", "Year Low": "4.8275", "Year Close": "4.9375", "Annual % Change": "-35.12%"}, "1999": {"Average Stock Price": "6.6285", "Year Open": "6.2200", "Year High": "7.8750", "Year Low": "5.6100", "Year Close": "7.6100", "Annual % Change": "19.37%"}, "1998": {"Average Stock Price": "6.1055", "Year Open": "5.6567", "Year High": "7.2817", "Year Low": "5.0300", "Year Close": "6.3750", "Annual % Change": "11.48%"}, "1997": {"Average Stock Price": "4.4585", "Year Open": "4.1867", "Year High": "5.7500", "Year Low": "3.3950", "Year Close": "5.7183", "Annual % Change": "35.88%"}, "1996": {"Average Stock Price": "3.4670", "Year Open": "3.2917", "Year High": "4.3750", "Year Low": "2.7500", "Year Close": "4.2083", "Annual % Change": "30.29%"}, "1995": {"Average Stock Price": "3.1587", "Year Open": "3.1867", "Year High": "3.6250", "Year Low": "2.6250", "Year Close": "3.2300", "Annual % Change": "-0.62%"}, "1994": {"Average Stock Price": "3.8434", "Year Open": "4.2917", "Year High": "5.0000", "Year Low": "3.1250", "Year Close": "3.2500", "Annual % Change": "-24.27%"}, "1993": {"Average Stock Price": "3.5192", "Year Open": "4.1250", "Year High": "4.6867", "Year Low": "2.6050", "Year Close": "4.2917", "Annual % Change": "2.51%"}, "1992": {"Average Stock Price": "2.7087", "Year Open": "2.3889", "Year High": "4.4167", "Year Low": "2.0417", "Year Close": "4.1867", "Annual % Change": "69.35%"}, "1991": {"Average Stock Price": "1.3679", "Year Open": "1.0689", "Year High": "2.5000", "Year Low": "1.0556", "Year Close": "2.4722", "Annual % Change": "122.50%"}, "1990": {"Average Stock Price": "0.9916", "Year Open": "1.1667", "Year High": "1.2078", "Year Low": "0.7500", "Year Close": "1.1111", "Annual % Change": "-2.44%"}, "1989": {"Average Stock Price": "1.2609", "Year Open": "1.4578", "Year High": "1.5556", "Year Low": "1.0556", "Year Close": "1.1389", "Annual % Change": "-22.64%"}, "1988": {"Average Stock Price": "1.3529", "Year Open": "1.2222", "Year High": "1.5967", "Year Low": "1.1389", "Year Close": "1.4722", "Annual % Change": "17.78%"}}}, "market cap": {"value": "$6.7B"}, "income statement": {"Revenue": {"2020-07-31": "8167.93300", "2019-07-31": "7864.75800", "2018-07-31": "8328.90900", "2017-07-31": "7246.95200", "2016-07-31": "4582.11200", "2015-07-31": "4006.81900", "2014-07-31": "3525.45600", "2013-07-31": "3241.79500", "2012-07-31": "2639.79800", "2011-07-31": "2340.44200", "2010-07-31": "2276.55700", "2009-07-31": "1521.89600", "2008-07-31": "2640.68000", "2007-07-31": "2856.30800", "2006-07-31": "3066.27600", "2005-07-31": "2558.14100"}, "Cost Of Goods Sold": {"2020-07-31": "7049.72600", "2019-07-31": "6891.66400", "2018-07-31": "7164.24300", "2017-07-31": "6203.36900", "2016-07-31": "3855.78700", "2015-07-31": "3449.27400", "2014-07-31": "3055.06000", "2013-07-31": "2817.25600", "2012-07-31": "2320.26800", "2011-07-31": "2041.50600", "2010-07-31": "1969.47100", "2009-07-31": "1369.35900", "2008-07-31": "2318.25400", "2007-07-31": "2493.01300", "2006-07-31": "2634.81800", "2005-07-31": "2222.60600"}, "Gross Profit": {"2020-07-31": "1118.20700", "2019-07-31": "973.09380", "2018-07-31": "1164.66600", "2017-07-31": "1043.58300", "2016-07-31": "726.32470", "2015-07-31": "557.54520", "2014-07-31": "470.39600", "2013-07-31": "424.53880", "2012-07-31": "319.53000", "2011-07-31": "298.93590", "2010-07-31": "307.08590", "2009-07-31": "152.53700", "2008-07-31": "322.42600", "2007-07-31": "363.29520", "2006-07-31": "431.45780", "2005-07-31": "335.53520"}, "Research And Development Expenses": {"2020-07-31": "", "2019-07-31": "", "2018-07-31": "", "2017-07-31": "", "2016-07-31": "", "2015-07-31": "", "2014-07-31": "", "2013-07-31": "", "2012-07-31": "", "2011-07-31": "", "2010-07-31": "", "2009-07-31": "", "2008-07-31": "", "2007-07-31": "", "2006-07-31": "", "2005-07-31": ""}, "SG&A Expenses": {"2020-07-31": "634.11900", "2019-07-31": "536.04400", "2018-07-31": "477.44400", "2017-07-31": "419.84700", "2016-07-31": "306.26900", "2015-07-31": "250.89100", "2014-07-31": "208.71200", "2013-07-31": "194.65000", "2012-07-31": "148.26000", "2011-07-31": "160.53200", "2010-07-31": "147.40700", "2009-07-31": "124.57800", "2008-07-31": "177.06800", "2007-07-31": "177.69700", "2006-07-31": "183.92600", "2005-07-31": "152.49900"}, "Other Operating Income Or Expenses": {"2020-07-31": "", "2019-07-31": "", "2018-07-31": "", "2017-07-31": "", "2016-07-31": "", "2015-07-31": "", "2014-07-31": "", "2013-07-31": "", "2012-07-31": "", "2011-07-31": "", "2010-07-31": "", "2009-07-31": "-10.28100", "2008-07-31": "", "2007-07-31": "", "2006-07-31": "", "2005-07-31": ""}, "Operating Expenses": {"2020-07-31": "7791.13600", "2019-07-31": "7618.21200", "2018-07-31": "7696.80500", "2017-07-31": "6687.14100", "2016-07-31": "4190.01800", "2015-07-31": "3716.18000", "2014-07-31": "3276.69200", "2013-07-31": "3022.36600", "2012-07-31": "2479.17900", "2011-07-31": "2211.63300", "2010-07-31": "2117.88800", "2009-07-31": "1504.69400", "2008-07-31": "2503.67000", "2007-07-31": "2671.64500", "2006-07-31": "2819.69300", "2005-07-31": "2376.07200"}, "Operating Income": {"2020-07-31": "376.79690", "2019-07-31": "246.54540", "2018-07-31": "632.10400", "2017-07-31": "559.81100", "2016-07-31": "392.09380", "2015-07-31": "290.63920", "2014-07-31": "248.76420", "2013-07-31": "219.42900", "2012-07-31": "160.61910", "2011-07-31": "128.80880", "2010-07-31": "158.66890", "2009-07-31": "17.20200", "2008-07-31": "137.01000", "2007-07-31": "184.66310", "2006-07-31": "246.58280", "2005-07-31": "182.06910"}, "Total Non-Operating Income/Expense": {"2020-07-31": "-103.90100", "2019-07-31": "-61.88000", "2018-07-31": "0.92500", "2017-07-31": "-3.42500", "2016-07-31": "-8.78100", "2015-07-31": "2.25600", "2014-07-31": "4.05500", "2013-07-31": "2.54300", "2012-07-31": "4.76900", "2011-07-31": "3.52800", "2010-07-31": "12.72400", "2009-07-31": "6.19300", "2008-07-31": "15.39700", "2007-07-31": "12.19700", "2006-07-31": "9.52800", "2005-07-31": "7.31000"}, "Pre-Tax Income": {"2020-07-31": "272.89600", "2019-07-31": "184.66600", "2018-07-31": "633.02900", "2017-07-31": "556.38600", "2016-07-31": "383.31300", "2015-07-31": "292.89500", "2014-07-31": "252.81900", "2013-07-31": "221.97200", "2012-07-31": "165.38800", "2011-07-31": "132.33700", "2010-07-31": "171.39300", "2009-07-31": "23.39500", "2008-07-31": "152.40700", "2007-07-31": "196.86000", "2006-07-31": "256.11100", "2005-07-31": "189.37900"}, "Income Taxes": {"2020-07-31": "51.51200", "2019-07-31": "52.20100", "2018-07-31": "202.87800", "2017-07-31": "182.13200", "2016-07-31": "125.29100", "2015-07-31": "90.88600", "2014-07-31": "77.30300", "2013-07-31": "70.29600", "2012-07-31": "53.95300", "2011-07-31": "40.69000", "2010-07-31": "61.32900", "2009-07-31": "6.25200", "2008-07-31": "59.70100", "2007-07-31": "62.12900", "2006-07-31": "92.70600", "2005-07-31": "70.23600"}, "Income After Taxes": {"2020-07-31": "221.38400", "2019-07-31": "132.46500", "2018-07-31": "430.15100", "2017-07-31": "374.25400", "2016-07-31": "258.02200", "2015-07-31": "202.00900", "2014-07-31": "175.51600", "2013-07-31": "151.67600", "2012-07-31": "111.43500", "2011-07-31": "91.64700", "2010-07-31": "110.06400", "2009-07-31": "17.14300", "2008-07-31": "92.70600", "2007-07-31": "134.73100", "2006-07-31": "163.40500", "2005-07-31": "119.14300"}, "Other Income": {"2020-07-31": "", "2019-07-31": "", "2018-07-31": "", "2017-07-31": "", "2016-07-31": "", "2015-07-31": "", "2014-07-31": "", "2013-07-31": "", "2012-07-31": "", "2011-07-31": "", "2010-07-31": "", "2009-07-31": "", "2008-07-31": "", "2007-07-31": "", "2006-07-31": "", "2005-07-31": ""}, "Income From Continuous Operations": {"2020-07-31": "221.38400", "2019-07-31": "132.46500", "2018-07-31": "430.15100", "2017-07-31": "374.25400", "2016-07-31": "258.02200", "2015-07-31": "202.00900", "2014-07-31": "175.51600", "2013-07-31": "151.67600", "2012-07-31": "111.43500", "2011-07-31": "91.64700", "2010-07-31": "110.06400", "2009-07-31": "17.14300", "2008-07-31": "92.70600", "2007-07-31": "134.73100", "2006-07-31": "163.40500", "2005-07-31": "119.14300"}, "Income From Discontinued Operations": {"2020-07-31": "", "2019-07-31": "", "2018-07-31": "", "2017-07-31": "", "2016-07-31": "-1.50300", "2015-07-31": "-2.62400", "2014-07-31": "3.48600", "2013-07-31": "1.18600", "2012-07-31": "10.30400", "2011-07-31": "14.62600", "2010-07-31": "", "2009-07-31": "", "2008-07-31": "", "2007-07-31": "", "2006-07-31": "", "2005-07-31": ""}, "Net Income": {"2020-07-31": "222.97400", "2019-07-31": "133.27500", "2018-07-31": "430.15100", "2017-07-31": "374.25400", "2016-07-31": "256.51900", "2015-07-31": "199.38500", "2014-07-31": "179.00200", "2013-07-31": "152.86200", "2012-07-31": "121.73900", "2011-07-31": "106.27300", "2010-07-31": "110.06400", "2009-07-31": "17.14300", "2008-07-31": "92.70600", "2007-07-31": "134.73100", "2006-07-31": "163.40500", "2005-07-31": "119.14300"}, "EBITDA": {"2020-07-31": "583.70690", "2019-07-31": "401.51140", "2018-07-31": "726.89700", "2017-07-31": "659.63900", "2016-07-31": "444.79970", "2015-07-31": "322.02020", "2014-07-31": "274.59810", "2013-07-31": "244.41600", "2012-07-31": "185.59710", "2011-07-31": "152.81780", "2010-07-31": "171.89790", "2009-07-31": "30.68500", "2008-07-31": "154.03100", "2007-07-31": "198.56810", "2006-07-31": "260.62880", "2005-07-31": "192.84410"}, "EBIT": {"2020-07-31": "376.79690", "2019-07-31": "246.54540", "2018-07-31": "632.10400", "2017-07-31": "559.81100", "2016-07-31": "392.09380", "2015-07-31": "290.63920", "2014-07-31": "248.76420", "2013-07-31": "219.42900", "2012-07-31": "160.61910", "2011-07-31": "128.80880", "2010-07-31": "158.66890", "2009-07-31": "17.20200", "2008-07-31": "137.01000", "2007-07-31": "184.66310", "2006-07-31": "246.58280", "2005-07-31": "182.06910"}, "Basic Shares Outstanding": {"2020-07-31": "55.17300", "2019-07-31": "53.90600", "2018-07-31": "52.67400", "2017-07-31": "52.56300", "2016-07-31": "52.45900", "2015-07-31": "53.16600", "2014-07-31": "53.27000", "2013-07-31": "53.00600", "2012-07-31": "53.84600", "2011-07-31": "55.27100", "2010-07-31": "53.01900", "2009-07-31": "55.42900", "2008-07-31": "55.59400", "2007-07-31": "55.66500", "2006-07-31": "56.50300", "2005-07-31": "56.72600"}, "Shares Outstanding": {"2020-07-31": "55.39700", "2019-07-31": "54.02700", "2018-07-31": "52.85300", "2017-07-31": "52.75800", "2016-07-31": "52.59100", "2015-07-31": "53.27600", "2014-07-31": "53.36200", "2013-07-31": "53.11600", "2012-07-31": "53.90000", "2011-07-31": "55.37400", "2010-07-31": "53.11900", "2009-07-31": "55.47600", "2008-07-31": "55.73200", "2007-07-31": "55.92300", "2006-07-31": "56.89700", "2005-07-31": "57.10800"}, "Basic EPS": {"2020-07-31": "4.04000", "2019-07-31": "2.47000", "2018-07-31": "8.17000", "2017-07-31": "7.12000", "2016-07-31": "4.89000", "2015-07-31": "3.75000", "2014-07-31": "3.36000", "2013-07-31": "2.88000", "2012-07-31": "2.26000", "2011-07-31": "1.92000", "2010-07-31": "2.08000", "2009-07-31": "0.31000", "2008-07-31": "1.67000", "2007-07-31": "2.42000", "2006-07-31": "2.89000", "2005-07-31": "2.10000"}, "EPS - Earnings Per Share": {"2020-07-31": "4.02000", "2019-07-31": "2.47000", "2018-07-31": "8.14000", "2017-07-31": "7.09000", "2016-07-31": "4.88000", "2015-07-31": "3.74000", "2014-07-31": "3.35000", "2013-07-31": "2.88000", "2012-07-31": "2.26000", "2011-07-31": "1.92000", "2010-07-31": "2.07000", "2009-07-31": "0.31000", "2008-07-31": "1.66000", "2007-07-31": "2.41000", "2006-07-31": "2.87000", "2005-07-31": "2.09000"}}, "income statement, quarterly": {"Revenue": {"2020-10-31": "2537.36000", "2020-07-31": "2324.28100", "2020-04-30": "1681.73500", "2020-01-31": "2003.13300", "2019-10-31": "2158.78500", "2019-07-31": "2311.62300", "2019-04-30": "2506.58300", "2019-01-31": "1290.57600", "2018-10-31": "1755.97600", "2018-07-31": "1874.11100", "2018-04-30": "2251.57000", "2018-01-31": "1971.56000", "2017-10-31": "2231.66800", "2017-07-31": "1934.67200", "2017-04-30": "2015.22400", "2017-01-31": "1588.52500", "2016-10-31": "1708.53100", "2016-07-31": "1292.63600", "2016-04-30": "1284.05400", "2016-01-31": "975.07100", "2015-10-31": "1030.35100", "2015-07-31": "1058.15600", "2015-04-30": "1174.25500", "2015-01-31": "852.41600", "2014-10-31": "921.99200", "2014-07-31": "1043.34000", "2014-04-30": "1046.82300", "2014-01-31": "635.33000", "2013-10-31": "799.96300", "2013-07-31": "914.00080", "2013-04-30": "929.76500", "2013-01-31": "636.60500", "2012-10-31": "761.42400", "2012-07-31": "443.37010", "2012-04-30": "926.45800", "2012-01-31": "596.97000", "2011-10-31": "673.00000", "2011-07-31": "355.47180", "2011-04-30": "852.05900", "2011-01-31": "526.22700", "2010-10-31": "606.68400", "2010-07-31": "663.78780", "2010-04-30": "680.19200", "2010-01-31": "430.02500", "2009-10-31": "502.55200", "2009-07-31": "440.92410", "2009-04-30": "415.47200", "2009-01-31": "226.68300", "2008-10-31": "438.81700", "2008-07-31": "569.84280", "2008-04-30": "707.93100", "2008-01-31": "599.17000", "2007-10-31": "763.73600", "2007-07-31": "754.90000", "2007-04-30": "789.64300", "2007-01-31": "584.04900", "2006-10-31": "727.71600", "2006-07-31": "805.29090", "2006-04-30": "857.61500", "2006-01-31": "642.04700", "2005-10-31": "761.32300", "2005-07-31": "659.68110", "2005-04-30": "728.69300", "2005-01-31": "537.04100"}, "Cost Of Goods Sold": {"2020-10-31": "2158.50800", "2020-07-31": "1976.92300", "2020-04-30": "1476.10200", "2020-01-31": "1746.72700", "2019-10-31": "1849.97400", "2019-07-31": "1979.81100", "2019-04-30": "2214.15300", "2019-01-31": "1148.98000", "2018-10-31": "1548.72000", "2018-07-31": "1629.70300", "2018-04-30": "1934.82500", "2018-01-31": "1701.23200", "2017-10-31": "1898.48300", "2017-07-31": "1633.38400", "2017-04-30": "1721.38300", "2017-01-31": "1376.82300", "2016-10-31": "1471.77900", "2016-07-31": "1069.28600", "2016-04-30": "1082.11700", "2016-01-31": "826.24900", "2015-10-31": "878.13500", "2015-07-31": "886.87680", "2015-04-30": "1007.65400", "2015-01-31": "750.41600", "2014-10-31": "804.32700", "2014-07-31": "890.53420", "2014-04-30": "904.74300", "2014-01-31": "565.00300", "2013-10-31": "694.78000", "2013-07-31": "773.84220", "2013-04-30": "805.20600", "2013-01-31": "569.08700", "2012-10-31": "669.12100", "2012-07-31": "367.66800", "2012-04-30": "816.98800", "2012-01-31": "537.59000", "2011-10-31": "598.02200", "2011-07-31": "289.24090", "2011-04-30": "743.57500", "2011-01-31": "478.58400", "2010-10-31": "530.10600", "2010-07-31": "568.96800", "2010-04-30": "587.69300", "2010-01-31": "380.02900", "2009-10-31": "432.78100", "2009-07-31": "383.05400", "2009-04-30": "369.02500", "2009-01-31": "218.52600", "2008-10-31": "398.75400", "2008-07-31": "508.40790", "2008-04-30": "617.93200", "2008-01-31": "529.45300", "2007-10-31": "662.46100", "2007-07-31": "644.92190", "2007-04-30": "686.66300", "2007-01-31": "522.88000", "2006-10-31": "638.54800", "2006-07-31": "696.43620", "2006-04-30": "733.50600", "2006-01-31": "555.19500", "2005-10-31": "649.68100", "2005-07-31": "576.78700", "2005-04-30": "634.65800", "2005-01-31": "469.20900"}, "Gross Profit": {"2020-10-31": "378.85210", "2020-07-31": "347.35750", "2020-04-30": "205.63290", "2020-01-31": "256.40600", "2019-10-31": "308.81090", "2019-07-31": "331.81180", "2019-04-30": "292.42990", "2019-01-31": "141.59610", "2018-10-31": "207.25600", "2018-07-31": "244.40780", "2018-04-30": "316.74510", "2018-01-31": "270.32800", "2017-10-31": "333.18490", "2017-07-31": "301.28780", "2017-04-30": "293.84090", "2017-01-31": "211.70200", "2016-10-31": "236.75200", "2016-07-31": "223.34970", "2016-04-30": "201.93700", "2016-01-31": "148.82200", "2015-10-31": "152.21590", "2015-07-31": "171.27920", "2015-04-30": "166.60100", "2015-01-31": "102.00000", "2014-10-31": "117.66500", "2014-07-31": "152.80580", "2014-04-30": "142.08000", "2014-01-31": "70.32700", "2013-10-31": "105.18300", "2013-07-31": "140.15860", "2013-04-30": "124.55900", "2013-01-31": "67.51800", "2012-10-31": "92.30300", "2012-07-31": "75.70210", "2012-04-30": "109.47000", "2012-01-31": "59.37990", "2011-10-31": "74.97800", "2011-07-31": "66.23090", "2011-04-30": "108.48400", "2011-01-31": "47.64300", "2010-10-31": "76.57800", "2010-07-31": "94.81990", "2010-04-30": "92.49900", "2010-01-31": "49.99600", "2009-10-31": "69.77100", "2009-07-31": "57.87010", "2009-04-30": "46.44700", "2009-01-31": "8.15700", "2008-10-31": "40.06300", "2008-07-31": "61.43490", "2008-04-30": "89.99900", "2008-01-31": "69.71700", "2007-10-31": "101.27500", "2007-07-31": "109.97810", "2007-04-30": "102.98000", "2007-01-31": "61.16900", "2006-10-31": "89.16800", "2006-07-31": "108.85470", "2006-04-30": "124.10900", "2006-01-31": "86.85200", "2005-10-31": "111.64200", "2005-07-31": "82.89410", "2005-04-30": "94.03500", "2005-01-31": "67.83200"}, "Research And Development Expenses": {"2020-10-31": "", "2020-07-31": "", "2020-04-30": "", "2020-01-31": "", "2019-10-31": "", "2019-07-31": "", "2019-04-30": "", "2019-01-31": "", "2018-10-31": "", "2018-07-31": "", "2018-04-30": "", "2018-01-31": "", "2017-10-31": "", "2017-07-31": "", "2017-04-30": "", "2017-01-31": "", "2016-10-31": "", "2016-07-31": "", "2016-04-30": "", "2016-01-31": "", "2015-10-31": "", "2015-07-31": "", "2015-04-30": "", "2015-01-31": "", "2014-10-31": "", "2014-07-31": "", "2014-04-30": "", "2014-01-31": "", "2013-10-31": "", "2013-07-31": "", "2013-04-30": "", "2013-01-31": "", "2012-10-31": "", "2012-07-31": "", "2012-04-30": "", "2012-01-31": "", "2011-10-31": "", "2011-07-31": "", "2011-04-30": "", "2011-01-31": "", "2010-10-31": "", "2010-07-31": "", "2010-04-30": "", "2010-01-31": "", "2009-10-31": "", "2009-07-31": "", "2009-04-30": "", "2009-01-31": "", "2008-10-31": "", "2008-07-31": "", "2008-04-30": "", "2008-01-31": "", "2007-10-31": "", "2007-07-31": "", "2007-04-30": "", "2007-01-31": "", "2006-10-31": "", "2006-07-31": "", "2006-04-30": "", "2006-01-31": "", "2005-10-31": "", "2005-07-31": "", "2005-04-30": "", "2005-01-31": ""}, "SG&A Expenses": {"2020-10-31": "181.76300", "2020-07-31": "155.15100", "2020-04-30": "128.14700", "2020-01-31": "162.35700", "2019-10-31": "188.46400", "2019-07-31": "171.29900", "2019-04-30": "176.98300", "2019-01-31": "85.06900", "2018-10-31": "102.69300", "2018-07-31": "106.64400", "2018-04-30": "119.44900", "2018-01-31": "117.08800", "2017-10-31": "134.26300", "2017-07-31": "109.44600", "2017-04-30": "111.12200", "2017-01-31": "96.96900", "2016-10-31": "102.31000", "2016-07-31": "89.61600", "2016-04-30": "80.83300", "2016-01-31": "67.36600", "2015-10-31": "68.45400", "2015-07-31": "69.66000", "2015-04-30": "68.94000", "2015-01-31": "54.30200", "2014-10-31": "57.98900", "2014-07-31": "59.65200", "2014-04-30": "56.95300", "2014-01-31": "43.76600", "2013-10-31": "48.34100", "2013-07-31": "53.74300", "2013-04-30": "52.57100", "2013-01-31": "41.63400", "2012-10-31": "46.70200", "2012-07-31": "26.59200", "2012-04-30": "46.96300", "2012-01-31": "36.24500", "2011-10-31": "38.46000", "2011-07-31": "24.51300", "2011-04-30": "50.38600", "2011-01-31": "40.74200", "2010-10-31": "44.89100", "2010-07-31": "38.72900", "2010-04-30": "42.82400", "2010-01-31": "31.08700", "2009-10-31": "34.76700", "2009-07-31": "26.32600", "2009-04-30": "33.87900", "2009-01-31": "30.10700", "2008-10-31": "34.26600", "2008-07-31": "43.93600", "2008-04-30": "47.90300", "2008-01-31": "39.81900", "2007-10-31": "45.41000", "2007-07-31": "44.99400", "2007-04-30": "51.83400", "2007-01-31": "37.42400", "2006-10-31": "43.44500", "2006-07-31": "48.27300", "2006-04-30": "50.31700", "2006-01-31": "41.23700", "2005-10-31": "44.09900", "2005-07-31": "37.29600", "2005-04-30": "43.16000", "2005-01-31": "35.76200"}, "Other Operating Income Or Expenses": {"2020-10-31": "", "2020-07-31": "", "2020-04-30": "", "2020-01-31": "", "2019-10-31": "", "2019-07-31": "", "2019-04-30": "", "2019-01-31": "", "2018-10-31": "", "2018-07-31": "", "2018-04-30": "", "2018-01-31": "", "2017-10-31": "", "2017-07-31": "", "2017-04-30": "", "2017-01-31": "", "2016-10-31": "", "2016-07-31": "", "2016-04-30": "", "2016-01-31": "", "2015-10-31": "", "2015-07-31": "", "2015-04-30": "", "2015-01-31": "", "2014-10-31": "", "2014-07-31": "", "2014-04-30": "", "2014-01-31": "", "2013-10-31": "", "2013-07-31": "", "2013-04-30": "", "2013-01-31": "", "2012-10-31": "", "2012-07-31": "", "2012-04-30": "", "2012-01-31": "", "2011-10-31": "", "2011-07-31": "", "2011-04-30": "-1.43000", "2011-01-31": "", "2010-10-31": "-2.03600", "2010-07-31": "", "2010-04-30": "-0.50000", "2010-01-31": "", "2009-10-31": "", "2009-07-31": "-9.71700", "2009-04-30": "", "2009-01-31": "-0.56400", "2008-10-31": "", "2008-07-31": "", "2008-04-30": "", "2008-01-31": "", "2007-10-31": "", "2007-07-31": "", "2007-04-30": "", "2007-01-31": "", "2006-10-31": "", "2006-07-31": "", "2006-04-30": "", "2006-01-31": "", "2005-10-31": "", "2005-07-31": "", "2005-04-30": "", "2005-01-31": ""}, "Operating Expenses": {"2020-10-31": "2367.69800", "2020-07-31": "2166.72000", "2020-04-30": "1628.32800", "2020-01-31": "1933.35700", "2019-10-31": "2062.73100", "2019-07-31": "2178.72800", "2019-04-30": "2429.75800", "2019-01-31": "1288.63400", "2018-10-31": "1721.09300", "2018-07-31": "1750.22900", "2018-04-30": "2068.15600", "2018-01-31": "1832.11600", "2017-10-31": "2046.30400", "2017-07-31": "1758.04500", "2017-04-30": "1847.72100", "2017-01-31": "1489.07100", "2016-10-31": "1592.30400", "2016-07-31": "1169.20200", "2016-04-30": "1168.73000", "2016-01-31": "899.46900", "2015-10-31": "952.61700", "2015-07-31": "960.94590", "2015-04-30": "1080.54400", "2015-01-31": "808.68500", "2014-10-31": "866.00510", "2014-07-31": "953.94000", "2014-04-30": "964.79800", "2014-01-31": "611.99500", "2013-10-31": "745.95900", "2013-07-31": "830.18710", "2013-04-30": "860.37800", "2013-01-31": "613.34390", "2012-10-31": "718.45700", "2012-07-31": "396.53090", "2012-04-30": "866.70700", "2012-01-31": "576.61200", "2011-10-31": "639.32900", "2011-07-31": "312.58500", "2011-04-30": "798.12500", "2011-01-31": "521.81500", "2010-10-31": "579.10800", "2010-07-31": "607.88700", "2010-04-30": "631.16890", "2010-01-31": "411.19300", "2009-10-31": "467.63900", "2009-07-31": "419.18900", "2009-04-30": "402.99600", "2009-01-31": "249.28900", "2008-10-31": "433.22000", "2008-07-31": "560.69200", "2008-04-30": "665.83500", "2008-01-31": "569.27200", "2007-10-31": "707.87100", "2007-07-31": "690.85100", "2007-04-30": "738.49700", "2007-01-31": "560.30400", "2006-10-31": "681.99300", "2006-07-31": "745.42110", "2006-04-30": "783.82300", "2006-01-31": "596.43200", "2005-10-31": "694.01700", "2005-07-31": "615.04990", "2005-04-30": "677.81800", "2005-01-31": "504.97100"}, "Operating Income": {"2020-10-31": "169.66210", "2020-07-31": "157.56030", "2020-04-30": "53.40700", "2020-01-31": "69.77610", "2019-10-31": "96.05400", "2019-07-31": "132.89500", "2019-04-30": "76.82500", "2019-01-31": "1.94210", "2018-10-31": "34.88310", "2018-07-31": "123.88160", "2018-04-30": "183.41410", "2018-01-31": "139.44400", "2017-10-31": "185.36400", "2017-07-31": "176.62720", "2017-04-30": "167.50310", "2017-01-31": "99.45400", "2016-10-31": "116.22710", "2016-07-31": "123.43370", "2016-04-30": "115.32400", "2016-01-31": "75.60200", "2015-10-31": "77.73400", "2015-07-31": "97.21010", "2015-04-30": "93.71110", "2015-01-31": "43.73100", "2014-10-31": "55.98690", "2014-07-31": "89.40000", "2014-04-30": "82.02500", "2014-01-31": "23.33500", "2013-10-31": "54.00400", "2013-07-31": "83.81370", "2013-04-30": "69.38700", "2013-01-31": "23.26110", "2012-10-31": "42.96700", "2012-07-31": "46.83920", "2012-04-30": "59.75100", "2012-01-31": "20.35800", "2011-10-31": "33.67100", "2011-07-31": "42.88680", "2011-04-30": "53.93400", "2011-01-31": "4.41200", "2010-10-31": "27.57600", "2010-07-31": "55.90090", "2010-04-30": "49.02310", "2010-01-31": "18.83200", "2009-10-31": "34.91300", "2009-07-31": "21.73510", "2009-04-30": "12.47600", "2009-01-31": "-22.60600", "2008-10-31": "5.59700", "2008-07-31": "9.15080", "2008-04-30": "42.09600", "2008-01-31": "29.89800", "2007-10-31": "55.86510", "2007-07-31": "64.04900", "2007-04-30": "51.14600", "2007-01-31": "23.74500", "2006-10-31": "45.72300", "2006-07-31": "59.86980", "2006-04-30": "73.79200", "2006-01-31": "45.61500", "2005-10-31": "67.30600", "2005-07-31": "44.63120", "2005-04-30": "50.87500", "2005-01-31": "32.07000"}, "Total Non-Operating Income/Expense": {"2020-10-31": "-23.34300", "2020-07-31": "-9.39000", "2020-04-30": "-32.17800", "2020-01-31": "-34.91300", "2019-10-31": "-27.42000", "2019-07-31": "-23.14300", "2019-04-30": "-35.30200", "2019-01-31": "-0.06900", "2018-10-31": "-3.36600", "2018-07-31": "0.46600", "2018-04-30": "-2.88900", "2018-01-31": "1.62100", "2017-10-31": "1.72700", "2017-07-31": "-0.63700", "2017-04-30": "-1.27200", "2017-01-31": "-1.08900", "2016-10-31": "-0.42700", "2016-07-31": "0.01700", "2016-04-30": "0.95900", "2016-01-31": "-9.71400", "2015-10-31": "-0.04300", "2015-07-31": "0.28100", "2015-04-30": "0.85000", "2015-01-31": "0.40600", "2014-10-31": "0.71900", "2014-07-31": "2.32800", "2014-04-30": "0.72300", "2014-01-31": "0.56700", "2013-10-31": "0.43700", "2013-07-31": "-1.03100", "2013-04-30": "1.17600", "2013-01-31": "1.19700", "2012-10-31": "1.20100", "2012-07-31": "1.18600", "2012-04-30": "1.46800", "2012-01-31": "1.13800", "2011-10-31": "0.97700", "2011-07-31": "-9.03500", "2011-04-30": "3.38400", "2011-01-31": "2.96900", "2010-10-31": "6.21000", "2010-07-31": "6.78100", "2010-04-30": "3.18200", "2010-01-31": "0.42100", "2009-10-31": "2.34000", "2009-07-31": "11.78900", "2009-04-30": "-7.90400", "2009-01-31": "-0.34500", "2008-10-31": "2.65300", "2008-07-31": "3.23000", "2008-04-30": "2.24400", "2008-01-31": "5.30800", "2007-10-31": "4.61500", "2007-07-31": "3.61400", "2007-04-30": "2.81300", "2007-01-31": "2.49700", "2006-10-31": "3.27300", "2006-07-31": "3.00600", "2006-04-30": "2.44800", "2006-01-31": "1.94200", "2005-10-31": "2.13200", "2005-07-31": "3.66900", "2005-04-30": "1.27900", "2005-01-31": "0.83900"}, "Pre-Tax Income": {"2020-10-31": "146.31900", "2020-07-31": "148.17000", "2020-04-30": "21.22900", "2020-01-31": "34.86300", "2019-10-31": "68.63400", "2019-07-31": "109.75300", "2019-04-30": "41.52300", "2019-01-31": "1.87300", "2018-10-31": "31.51700", "2018-07-31": "124.34800", "2018-04-30": "180.52500", "2018-01-31": "141.06500", "2017-10-31": "187.09100", "2017-07-31": "175.99000", "2017-04-30": "166.23100", "2017-01-31": "98.36500", "2016-10-31": "115.80000", "2016-07-31": "123.45100", "2016-04-30": "116.28300", "2016-01-31": "65.88800", "2015-10-31": "77.69100", "2015-07-31": "97.49100", "2015-04-30": "94.56100", "2015-01-31": "44.13700", "2014-10-31": "56.70600", "2014-07-31": "91.72800", "2014-04-30": "82.74800", "2014-01-31": "23.90200", "2013-10-31": "54.44100", "2013-07-31": "82.78300", "2013-04-30": "70.56300", "2013-01-31": "24.45800", "2012-10-31": "44.16800", "2012-07-31": "48.02500", "2012-04-30": "61.21900", "2012-01-31": "21.49600", "2011-10-31": "34.64800", "2011-07-31": "33.85200", "2011-04-30": "57.31800", "2011-01-31": "7.38100", "2010-10-31": "33.78600", "2010-07-31": "62.68200", "2010-04-30": "52.20500", "2010-01-31": "19.25300", "2009-10-31": "37.25300", "2009-07-31": "33.52400", "2009-04-30": "4.57200", "2009-01-31": "-22.95100", "2008-10-31": "8.25000", "2008-07-31": "12.38100", "2008-04-30": "44.34000", "2008-01-31": "35.20600", "2007-10-31": "60.48000", "2007-07-31": "67.66300", "2007-04-30": "53.95900", "2007-01-31": "26.24200", "2006-10-31": "48.99600", "2006-07-31": "62.87600", "2006-04-30": "76.24000", "2006-01-31": "47.55700", "2005-10-31": "69.43800", "2005-07-31": "48.30000", "2005-04-30": "52.15400", "2005-01-31": "32.90900"}, "Income Taxes": {"2020-10-31": "30.68000", "2020-07-31": "28.44100", "2020-04-30": "-1.55500", "2020-01-31": "7.83700", "2019-10-31": "16.78900", "2019-07-31": "17.26200", "2019-04-30": "10.08500", "2019-01-31": "7.29000", "2018-10-31": "17.56400", "2018-07-31": "36.14300", "2018-04-30": "46.73700", "2018-01-31": "61.31300", "2017-10-31": "58.68500", "2017-07-31": "56.52600", "2017-04-30": "54.96800", "2017-01-31": "33.58300", "2016-10-31": "37.05500", "2016-07-31": "40.60500", "2016-04-30": "37.09000", "2016-01-31": "20.64100", "2015-10-31": "26.95500", "2015-07-31": "28.50200", "2015-04-30": "31.00900", "2015-01-31": "13.87000", "2014-10-31": "17.50500", "2014-07-31": "24.94900", "2014-04-30": "27.62300", "2014-01-31": "6.68400", "2013-10-31": "18.04700", "2013-07-31": "27.58800", "2013-04-30": "21.85000", "2013-01-31": "5.43900", "2012-10-31": "15.41900", "2012-07-31": "13.96900", "2012-04-30": "19.87800", "2012-01-31": "7.81600", "2011-10-31": "12.29000", "2011-07-31": "11.58900", "2011-04-30": "17.31000", "2011-01-31": "1.69300", "2010-10-31": "10.09800", "2010-07-31": "22.08200", "2010-04-30": "18.09400", "2010-01-31": "7.32900", "2009-10-31": "13.82400", "2009-07-31": "8.74300", "2009-04-30": "2.47000", "2009-01-31": "-8.09100", "2008-10-31": "3.13000", "2008-07-31": "7.34000", "2008-04-30": "16.48600", "2008-01-31": "13.60400", "2007-10-31": "22.27100", "2007-07-31": "17.35000", "2007-04-30": "18.39000", "2007-01-31": "7.99000", "2006-10-31": "18.39900", "2006-07-31": "21.41000", "2006-04-30": "27.57100", "2006-01-31": "17.65200", "2005-10-31": "26.07300", "2005-07-31": "17.81800", "2005-04-30": "19.20400", "2005-01-31": "12.27100"}, "Income After Taxes": {"2020-10-31": "115.63900", "2020-07-31": "119.72900", "2020-04-30": "22.78400", "2020-01-31": "27.02600", "2019-10-31": "51.84500", "2019-07-31": "92.49100", "2019-04-30": "31.43800", "2019-01-31": "-5.41700", "2018-10-31": "13.95300", "2018-07-31": "88.20500", "2018-04-30": "133.78800", "2018-01-31": "79.75200", "2017-10-31": "128.40600", "2017-07-31": "119.46400", "2017-04-30": "111.26300", "2017-01-31": "64.78200", "2016-10-31": "78.74500", "2016-07-31": "82.84600", "2016-04-30": "79.19300", "2016-01-31": "45.24700", "2015-10-31": "50.73600", "2015-07-31": "68.98900", "2015-04-30": "63.55200", "2015-01-31": "30.26700", "2014-10-31": "39.20100", "2014-07-31": "66.77900", "2014-04-30": "55.12500", "2014-01-31": "17.21800", "2013-10-31": "36.39400", "2013-07-31": "55.19500", "2013-04-30": "48.71300", "2013-01-31": "19.01900", "2012-10-31": "28.74900", "2012-07-31": "34.05600", "2012-04-30": "41.34100", "2012-01-31": "13.68000", "2011-10-31": "22.35800", "2011-07-31": "22.26300", "2011-04-30": "40.00800", "2011-01-31": "5.68800", "2010-10-31": "23.68800", "2010-07-31": "40.60000", "2010-04-30": "34.11100", "2010-01-31": "11.92400", "2009-10-31": "23.42900", "2009-07-31": "24.78100", "2009-04-30": "2.10200", "2009-01-31": "-14.86000", "2008-10-31": "5.12000", "2008-07-31": "5.04100", "2008-04-30": "27.85400", "2008-01-31": "21.60200", "2007-10-31": "38.20900", "2007-07-31": "50.31300", "2007-04-30": "35.56900", "2007-01-31": "18.25200", "2006-10-31": "30.59700", "2006-07-31": "41.46600", "2006-04-30": "48.66900", "2006-01-31": "29.90500", "2005-10-31": "43.36500", "2005-07-31": "30.48200", "2005-04-30": "32.95000", "2005-01-31": "20.63800"}, "Other Income": {"2020-10-31": "", "2020-07-31": "", "2020-04-30": "", "2020-01-31": "", "2019-10-31": "", "2019-07-31": "", "2019-04-30": "", "2019-01-31": "", "2018-10-31": "", "2018-07-31": "", "2018-04-30": "", "2018-01-31": "", "2017-10-31": "", "2017-07-31": "", "2017-04-30": "", "2017-01-31": "", "2016-10-31": "", "2016-07-31": "", "2016-04-30": "", "2016-01-31": "", "2015-10-31": "", "2015-07-31": "", "2015-04-30": "", "2015-01-31": "", "2014-10-31": "", "2014-07-31": "", "2014-04-30": "", "2014-01-31": "", "2013-10-31": "", "2013-07-31": "", "2013-04-30": "", "2013-01-31": "", "2012-10-31": "", "2012-07-31": "", "2012-04-30": "", "2012-01-31": "", "2011-10-31": "", "2011-07-31": "", "2011-04-30": "", "2011-01-31": "", "2010-10-31": "", "2010-07-31": "", "2010-04-30": "", "2010-01-31": "", "2009-10-31": "", "2009-07-31": "", "2009-04-30": "", "2009-01-31": "", "2008-10-31": "", "2008-07-31": "", "2008-04-30": "", "2008-01-31": "", "2007-10-31": "", "2007-07-31": "", "2007-04-30": "", "2007-01-31": "", "2006-10-31": "", "2006-07-31": "", "2006-04-30": "", "2006-01-31": "", "2005-10-31": "", "2005-07-31": "", "2005-04-30": "", "2005-01-31": ""}, "Income From Continuous Operations": {"2020-10-31": "115.63900", "2020-07-31": "119.72900", "2020-04-30": "22.78400", "2020-01-31": "27.02600", "2019-10-31": "51.84500", "2019-07-31": "92.49100", "2019-04-30": "31.43800", "2019-01-31": "-5.41700", "2018-10-31": "13.95300", "2018-07-31": "88.20500", "2018-04-30": "133.78800", "2018-01-31": "79.75200", "2017-10-31": "128.40600", "2017-07-31": "119.46400", "2017-04-30": "111.26300", "2017-01-31": "64.78200", "2016-10-31": "78.74500", "2016-07-31": "82.84600", "2016-04-30": "79.19300", "2016-01-31": "45.24700", "2015-10-31": "50.73600", "2015-07-31": "68.98900", "2015-04-30": "63.55200", "2015-01-31": "30.26700", "2014-10-31": "39.20100", "2014-07-31": "66.77900", "2014-04-30": "55.12500", "2014-01-31": "17.21800", "2013-10-31": "36.39400", "2013-07-31": "55.19500", "2013-04-30": "48.71300", "2013-01-31": "19.01900", "2012-10-31": "28.74900", "2012-07-31": "34.05600", "2012-04-30": "41.34100", "2012-01-31": "13.68000", "2011-10-31": "22.35800", "2011-07-31": "22.26300", "2011-04-30": "40.00800", "2011-01-31": "5.68800", "2010-10-31": "23.68800", "2010-07-31": "40.60000", "2010-04-30": "34.11100", "2010-01-31": "11.92400", "2009-10-31": "23.42900", "2009-07-31": "24.78100", "2009-04-30": "2.10200", "2009-01-31": "-14.86000", "2008-10-31": "5.12000", "2008-07-31": "5.04100", "2008-04-30": "27.85400", "2008-01-31": "21.60200", "2007-10-31": "38.20900", "2007-07-31": "50.31300", "2007-04-30": "35.56900", "2007-01-31": "18.25200", "2006-10-31": "30.59700", "2006-07-31": "41.46600", "2006-04-30": "48.66900", "2006-01-31": "29.90500", "2005-10-31": "43.36500", "2005-07-31": "30.48200", "2005-04-30": "32.95000", "2005-01-31": "20.63800"}, "Income From Discontinued Operations": {"2020-10-31": "", "2020-07-31": "", "2020-04-30": "", "2020-01-31": "", "2019-10-31": "", "2019-07-31": "", "2019-04-30": "", "2019-01-31": "", "2018-10-31": "", "2018-07-31": "", "2018-04-30": "", "2018-01-31": "", "2017-10-31": "", "2017-07-31": "", "2017-04-30": "", "2017-01-31": "", "2016-10-31": "", "2016-07-31": "-0.07400", "2016-04-30": "-0.61100", "2016-01-31": "-0.57900", "2015-10-31": "-0.23900", "2015-07-31": "-0.02200", "2015-04-30": "-0.70700", "2015-01-31": "-1.61900", "2014-10-31": "-0.27600", "2014-07-31": "-0.19900", "2014-04-30": "-0.00300", "2014-01-31": "-1.02600", "2013-10-31": "4.71400", "2013-07-31": "3.02600", "2013-04-30": "-4.95600", "2013-01-31": "0.87700", "2012-10-31": "2.23900", "2012-07-31": "", "2012-04-30": "", "2012-01-31": "", "2011-10-31": "", "2011-07-31": "", "2011-04-30": "", "2011-01-31": "", "2010-10-31": "", "2010-07-31": "", "2010-04-30": "", "2010-01-31": "", "2009-10-31": "", "2009-07-31": "", "2009-04-30": "", "2009-01-31": "", "2008-10-31": "", "2008-07-31": "", "2008-04-30": "", "2008-01-31": "", "2007-10-31": "", "2007-07-31": "", "2007-04-30": "", "2007-01-31": "", "2006-10-31": "", "2006-07-31": "", "2006-04-30": "", "2006-01-31": "", "2005-10-31": "", "2005-07-31": "", "2005-04-30": "", "2005-01-31": ""}, "Net Income": {"2020-10-31": "113.75700", "2020-07-31": "119.16800", "2020-04-30": "24.06800", "2020-01-31": "28.67300", "2019-10-31": "51.06500", "2019-07-31": "92.05500", "2019-04-30": "32.68400", "2019-01-31": "-5.41700", "2018-10-31": "13.95300", "2018-07-31": "88.20500", "2018-04-30": "133.78800", "2018-01-31": "79.75200", "2017-10-31": "128.40600", "2017-07-31": "119.46400", "2017-04-30": "111.26300", "2017-01-31": "64.78200", "2016-10-31": "78.74500", "2016-07-31": "82.77200", "2016-04-30": "78.58200", "2016-01-31": "44.66800", "2015-10-31": "50.49700", "2015-07-31": "68.96700", "2015-04-30": "62.84500", "2015-01-31": "28.64800", "2014-10-31": "38.92500", "2014-07-31": "66.58000", "2014-04-30": "55.12200", "2014-01-31": "16.19200", "2013-10-31": "41.10800", "2013-07-31": "58.22100", "2013-04-30": "43.75700", "2013-01-31": "19.89600", "2012-10-31": "30.98800", "2012-07-31": "44.36000", "2012-04-30": "41.34100", "2012-01-31": "13.68000", "2011-10-31": "22.35800", "2011-07-31": "36.88900", "2011-04-30": "40.00800", "2011-01-31": "5.68800", "2010-10-31": "23.68800", "2010-07-31": "40.60000", "2010-04-30": "34.11100", "2010-01-31": "11.92400", "2009-10-31": "23.42900", "2009-07-31": "24.78100", "2009-04-30": "2.10200", "2009-01-31": "-14.86000", "2008-10-31": "5.12000", "2008-07-31": "5.04100", "2008-04-30": "27.85400", "2008-01-31": "21.60200", "2007-10-31": "38.20900", "2007-07-31": "50.31300", "2007-04-30": "35.56900", "2007-01-31": "18.25200", "2006-10-31": "30.59700", "2006-07-31": "41.46600", "2006-04-30": "48.66900", "2006-01-31": "29.90500", "2005-10-31": "43.36500", "2005-07-31": "30.48200", "2005-04-30": "32.95000", "2005-01-31": "20.63800"}, "EBITDA": {"2020-10-31": "226.62410", "2020-07-31": "211.80930", "2020-04-30": "101.54500", "2020-01-31": "121.40710", "2019-10-31": "148.94600", "2019-07-31": "186.91000", "2019-04-30": "130.41090", "2019-01-31": "25.85610", "2018-10-31": "58.33410", "2018-07-31": "147.99160", "2018-04-30": "207.33910", "2018-01-31": "163.11100", "2017-10-31": "208.45500", "2017-07-31": "200.98020", "2017-04-30": "191.78810", "2017-01-31": "123.65600", "2016-10-31": "143.21510", "2016-07-31": "141.02670", "2016-04-30": "127.59700", "2016-01-31": "87.00900", "2015-10-31": "89.16700", "2015-07-31": "106.54310", "2015-04-30": "101.31510", "2015-01-31": "51.16200", "2014-10-31": "62.99990", "2014-07-31": "96.54300", "2014-04-30": "88.19500", "2014-01-31": "29.54000", "2013-10-31": "60.32000", "2013-07-31": "90.06970", "2013-04-30": "75.66400", "2013-01-31": "29.50310", "2012-10-31": "49.17900", "2012-07-31": "53.01820", "2012-04-30": "65.95600", "2012-01-31": "26.59100", "2011-10-31": "40.03200", "2011-07-31": "49.31280", "2011-04-30": "58.22000", "2011-01-31": "12.29400", "2010-10-31": "32.99100", "2010-07-31": "59.35790", "2010-04-30": "52.27210", "2010-01-31": "22.08500", "2009-10-31": "38.18300", "2009-07-31": "14.66810", "2009-04-30": "26.05400", "2009-01-31": "-19.12700", "2008-10-31": "9.09000", "2008-07-31": "15.51380", "2008-04-30": "45.64900", "2008-01-31": "33.43700", "2007-10-31": "59.43110", "2007-07-31": "67.59700", "2007-04-30": "54.65600", "2007-01-31": "27.12900", "2006-10-31": "49.18600", "2006-07-31": "63.18080", "2006-04-30": "77.08400", "2006-01-31": "50.04000", "2005-10-31": "70.32400", "2005-07-31": "47.54520", "2005-04-30": "53.57900", "2005-01-31": "34.74900"}, "EBIT": {"2020-10-31": "169.66210", "2020-07-31": "157.55980", "2020-04-30": "53.40700", "2020-01-31": "69.77610", "2019-10-31": "96.05400", "2019-07-31": "132.89530", "2019-04-30": "76.82500", "2019-01-31": "1.94210", "2018-10-31": "34.88310", "2018-07-31": "123.88200", "2018-04-30": "183.41410", "2018-01-31": "139.44400", "2017-10-31": "185.36400", "2017-07-31": "176.62700", "2017-04-30": "167.50310", "2017-01-31": "99.45400", "2016-10-31": "116.22710", "2016-07-31": "123.43380", "2016-04-30": "115.32400", "2016-01-31": "75.60200", "2015-10-31": "77.73400", "2015-07-31": "97.21010", "2015-04-30": "93.71110", "2015-01-31": "43.73100", "2014-10-31": "55.98690", "2014-07-31": "89.40020", "2014-04-30": "82.02500", "2014-01-31": "23.33500", "2013-10-31": "54.00400", "2013-07-31": "83.81380", "2013-04-30": "69.38700", "2013-01-31": "23.26110", "2012-10-31": "42.96700", "2012-07-31": "46.83910", "2012-04-30": "59.75100", "2012-01-31": "20.35800", "2011-10-31": "33.67100", "2011-07-31": "42.88680", "2011-04-30": "53.93400", "2011-01-31": "4.41200", "2010-10-31": "27.57600", "2010-07-31": "55.90090", "2010-04-30": "49.02310", "2010-01-31": "18.83200", "2009-10-31": "34.91300", "2009-07-31": "21.73510", "2009-04-30": "12.47600", "2009-01-31": "-22.60600", "2008-10-31": "5.59700", "2008-07-31": "9.15090", "2008-04-30": "42.09600", "2008-01-31": "29.89800", "2007-10-31": "55.86510", "2007-07-31": "64.04910", "2007-04-30": "51.14600", "2007-01-31": "23.74500", "2006-10-31": "45.72300", "2006-07-31": "59.86980", "2006-04-30": "73.79200", "2006-01-31": "45.61500", "2005-10-31": "67.30600", "2005-07-31": "44.63110", "2005-04-30": "50.87500", "2005-01-31": "32.07000"}, "Basic Shares Outstanding": {"2020-10-31": "55.23800", "2020-07-31": "55.17300", "2020-04-30": "55.19900", "2020-01-31": "55.19900", "2019-10-31": "55.09500", "2019-07-31": "53.90600", "2019-04-30": "55.06300", "2019-01-31": "52.80700", "2018-10-31": "52.72600", "2018-07-31": "52.67400", "2018-04-30": "52.69500", "2018-01-31": "52.69500", "2017-10-31": "52.61200", "2017-07-31": "52.56300", "2017-04-30": "52.58200", "2017-01-31": "52.58200", "2016-10-31": "52.50400", "2016-07-31": "52.45900", "2016-04-30": "52.47500", "2016-01-31": "52.47500", "2015-10-31": "52.41000", "2015-07-31": "53.16600", "2015-04-30": "53.38100", "2015-01-31": "53.37700", "2014-10-31": "53.33700", "2014-07-31": "53.27000", "2014-04-30": "53.29000", "2014-01-31": "53.29000", "2013-10-31": "53.20500", "2013-07-31": "53.00600", "2013-04-30": "53.02300", "2013-01-31": "53.00200", "2012-10-31": "52.92800", "2012-07-31": "53.84600", "2012-04-30": "52.88000", "2012-01-31": "54.58700", "2011-10-31": "54.99200", "2011-07-31": "55.27100", "2011-04-30": "55.82900", "2011-01-31": "55.81300", "2010-10-31": "53.62200", "2010-07-31": "53.01900", "2010-04-30": "51.46100", "2010-01-31": "53.66600", "2009-10-31": "55.43700", "2009-07-31": "55.42900", "2009-04-30": "55.43700", "2009-01-31": "55.43500", "2008-10-31": "55.40900", "2008-07-31": "55.59400", "2008-04-30": "55.44700", "2008-01-31": "55.75900", "2007-10-31": "55.75700", "2007-07-31": "55.66500", "2007-04-30": "55.69600", "2007-01-31": "55.65500", "2006-10-31": "55.61300", "2006-07-31": "56.50300", "2006-04-30": "56.65700", "2006-01-31": "56.59300", "2005-10-31": "56.56800", "2005-07-31": "56.72600", "2005-04-30": "56.73200", "2005-01-31": "56.71300"}, "Shares Outstanding": {"2020-10-31": "55.55500", "2020-07-31": "55.39700", "2020-04-30": "55.39300", "2020-01-31": "55.39600", "2019-10-31": "55.22500", "2019-07-31": "54.02700", "2019-04-30": "55.16600", "2019-01-31": "52.86800", "2018-10-31": "52.90000", "2018-07-31": "52.85300", "2018-04-30": "52.85400", "2018-01-31": "52.86100", "2017-10-31": "52.81800", "2017-07-31": "52.75800", "2017-04-30": "52.77300", "2017-01-31": "52.74100", "2016-10-31": "52.70600", "2016-07-31": "52.59100", "2016-04-30": "52.60200", "2016-01-31": "52.56100", "2015-10-31": "52.54600", "2015-07-31": "53.27600", "2015-04-30": "53.49500", "2015-01-31": "53.45900", "2014-10-31": "53.43300", "2014-07-31": "53.36200", "2014-04-30": "53.38500", "2014-01-31": "53.35300", "2013-10-31": "53.29900", "2013-07-31": "53.11600", "2013-04-30": "53.11400", "2013-01-31": "53.11600", "2012-10-31": "53.03600", "2012-07-31": "53.90000", "2012-04-30": "52.97000", "2012-01-31": "54.62600", "2011-10-31": "55.01400", "2011-07-31": "55.37400", "2011-04-30": "55.94100", "2011-01-31": "55.93000", "2010-10-31": "53.70800", "2010-07-31": "53.11900", "2010-04-30": "51.58500", "2010-01-31": "53.76300", "2009-10-31": "55.51700", "2009-07-31": "55.47600", "2009-04-30": "55.46900", "2009-01-31": "55.43500", "2008-10-31": "55.47300", "2008-07-31": "55.73200", "2008-04-30": "55.56300", "2008-01-31": "55.91000", "2007-10-31": "55.96700", "2007-07-31": "55.92300", "2007-04-30": "55.93600", "2007-01-31": "55.92700", "2006-10-31": "55.90500", "2006-07-31": "56.89700", "2006-04-30": "57.08700", "2006-01-31": "56.98200", "2005-10-31": "56.91700", "2005-07-31": "57.10800", "2005-04-30": "57.12900", "2005-01-31": "57.14200"}, "Basic EPS": {"2020-10-31": "2.06000", "2020-07-31": "2.15000", "2020-04-30": "0.44000", "2020-01-31": "0.52000", "2019-10-31": "0.93000", "2019-07-31": "1.72000", "2019-04-30": "0.59000", "2019-01-31": "-0.10000", "2018-10-31": "0.26000", "2018-07-31": "1.68000", "2018-04-30": "2.54000", "2018-01-31": "1.51000", "2017-10-31": "2.44000", "2017-07-31": "2.27000", "2017-04-30": "2.12000", "2017-01-31": "1.23000", "2016-10-31": "1.50000", "2016-07-31": "1.58000", "2016-04-30": "1.50000", "2016-01-31": "0.85000", "2015-10-31": "0.96000", "2015-07-31": "1.30000", "2015-04-30": "1.18000", "2015-01-31": "0.54000", "2014-10-31": "0.73000", "2014-07-31": "1.26000", "2014-04-30": "1.03000", "2014-01-31": "0.30000", "2013-10-31": "0.77000", "2013-07-31": "1.08000", "2013-04-30": "0.83000", "2013-01-31": "0.38000", "2012-10-31": "0.59000", "2012-07-31": "0.82000", "2012-04-30": "0.78000", "2012-01-31": "0.25000", "2011-10-31": "0.41000", "2011-07-31": "0.66000", "2011-04-30": "0.72000", "2011-01-31": "0.10000", "2010-10-31": "0.44000", "2010-07-31": "0.78000", "2010-04-30": "0.66000", "2010-01-31": "0.22000", "2009-10-31": "0.42000", "2009-07-31": "0.45000", "2009-04-30": "0.04000", "2009-01-31": "-0.27000", "2008-10-31": "0.09000", "2008-07-31": "0.08000", "2008-04-30": "0.51000", "2008-01-31": "0.39000", "2007-10-31": "0.69000", "2007-07-31": "0.90000", "2007-04-30": "0.64000", "2007-01-31": "0.33000", "2006-10-31": "0.55000", "2006-07-31": "0.73000", "2006-04-30": "0.86000", "2006-01-31": "0.53000", "2005-10-31": "0.77000", "2005-07-31": "0.55000", "2005-04-30": "0.58000", "2005-01-31": "0.36000"}, "EPS - Earnings Per Share": {"2020-10-31": "2.05000", "2020-07-31": "2.15000", "2020-04-30": "0.43000", "2020-01-31": "0.52000", "2019-10-31": "0.92000", "2019-07-31": "1.72000", "2019-04-30": "0.59000", "2019-01-31": "-0.10000", "2018-10-31": "0.26000", "2018-07-31": "1.67000", "2018-04-30": "2.53000", "2018-01-31": "1.51000", "2017-10-31": "2.43000", "2017-07-31": "2.26000", "2017-04-30": "2.11000", "2017-01-31": "1.23000", "2016-10-31": "1.49000", "2016-07-31": "1.58000", "2016-04-30": "1.49000", "2016-01-31": "0.85000", "2015-10-31": "0.96000", "2015-07-31": "1.30000", "2015-04-30": "1.17000", "2015-01-31": "0.54000", "2014-10-31": "0.73000", "2014-07-31": "1.25000", "2014-04-30": "1.03000", "2014-01-31": "0.30000", "2013-10-31": "0.77000", "2013-07-31": "1.11000", "2013-04-30": "0.82000", "2013-01-31": "0.37000", "2012-10-31": "0.58000", "2012-07-31": "0.82000", "2012-04-30": "0.78000", "2012-01-31": "0.25000", "2011-10-31": "0.41000", "2011-07-31": "0.66000", "2011-04-30": "0.72000", "2011-01-31": "0.10000", "2010-10-31": "0.44000", "2010-07-31": "0.77000", "2010-04-30": "0.66000", "2010-01-31": "0.22000", "2009-10-31": "0.42000", "2009-07-31": "0.45000", "2009-04-30": "0.04000", "2009-01-31": "-0.27000", "2008-10-31": "0.09000", "2008-07-31": "0.09000", "2008-04-30": "0.50000", "2008-01-31": "0.39000", "2007-10-31": "0.68000", "2007-07-31": "0.89000", "2007-04-30": "0.64000", "2007-01-31": "0.33000", "2006-10-31": "0.55000", "2006-07-31": "0.74000", "2006-04-30": "0.85000", "2006-01-31": "0.52000", "2005-10-31": "0.76000", "2005-07-31": "0.54000", "2005-04-30": "0.58000", "2005-01-31": "0.36000"}}, "balance sheet": {"Cash On Hand": {"2020-07-31": "541.36300", "2019-07-31": "451.26200", "2018-07-31": "275.24900", "2017-07-31": "223.25800", "2016-07-31": "209.90200", "2015-07-31": "183.47800", "2014-07-31": "289.33600", "2013-07-31": "236.60100", "2012-07-31": "218.64200", "2011-07-31": "215.43500", "2010-07-31": "247.75100", "2009-07-31": "328.83400", "2008-07-31": "189.62000", "2007-07-31": "346.46400", "2006-07-31": "264.37300", "2005-07-31": "208.81500"}, "Receivables": {"2020-07-31": "814.22700", "2019-07-31": "716.22710", "2018-07-31": "487.23500", "2017-07-31": "484.84400", "2016-07-31": "392.53900", "2015-07-31": "269.69400", "2014-07-31": "279.79300", "2013-07-31": "246.37900", "2012-07-31": "232.08500", "2011-07-31": "169.49300", "2010-07-31": "165.39900", "2009-07-31": "115.61600", "2008-07-31": "146.35500", "2007-07-31": "177.39500", "2006-07-31": "193.74300", "2005-07-31": "146.33600"}, "Inventory": {"2020-07-31": "716.30500", "2019-07-31": "827.98800", "2018-07-31": "537.90900", "2017-07-31": "460.48800", "2016-07-31": "403.86900", "2015-07-31": "246.11500", "2014-07-31": "216.35400", "2013-07-31": "153.03600", "2012-07-31": "186.08300", "2011-07-31": "184.49800", "2010-07-31": "142.68000", "2009-07-31": "105.27800", "2008-07-31": "152.58200", "2007-07-31": "168.98000", "2006-07-31": "183.16900", "2005-07-31": "161.77000"}, "Pre-Paid Expenses": {"2020-07-31": "30.38200", "2019-07-31": "41.88000", "2018-07-31": "11.28100", "2017-07-31": "11.57700", "2016-07-31": "10.54800", "2015-07-31": "8.32300", "2014-07-31": "5.74000", "2013-07-31": "5.23800", "2012-07-31": "6.17900", "2011-07-31": "5.19100", "2010-07-31": "4.07700", "2009-07-31": "", "2008-07-31": "", "2007-07-31": "", "2006-07-31": "", "2005-07-31": ""}, "Other Current Assets": {"2020-07-31": "", "2019-07-31": "", "2018-07-31": "", "2017-07-31": "", "2016-07-31": "", "2015-07-31": "", "2014-07-31": "", "2013-07-31": "", "2012-07-31": "", "2011-07-31": "", "2010-07-31": "", "2009-07-31": "", "2008-07-31": "", "2007-07-31": "", "2006-07-31": "", "2005-07-31": ""}, "Total Current Assets": {"2020-07-31": "2102.27700", "2019-07-31": "2037.35700", "2018-07-31": "1311.67400", "2017-07-31": "1180.16700", "2016-07-31": "1016.85800", "2015-07-31": "775.84100", "2014-07-31": "844.04900", "2013-07-31": "830.70400", "2012-07-31": "684.88600", "2011-07-31": "623.76700", "2010-07-31": "601.77000", "2009-07-31": "604.01800", "2008-07-31": "527.92000", "2007-07-31": "705.52800", "2006-07-31": "652.71600", "2005-07-31": "524.04000"}, "Property, Plant, And Equipment": {"2020-07-31": "1107.64900", "2019-07-31": "1092.47100", "2018-07-31": "522.05400", "2017-07-31": "425.23800", "2016-07-31": "344.26700", "2015-07-31": "234.04500", "2014-07-31": "169.86200", "2013-07-31": "143.80900", "2012-07-31": "164.39400", "2011-07-31": "168.21400", "2010-07-31": "139.18000", "2009-07-31": "142.86100", "2008-07-31": "153.23000", "2007-07-31": "157.24200", "2006-07-31": "157.46500", "2005-07-31": "139.78900"}, "Long-Term Investments": {"2020-07-31": "", "2019-07-31": "46.18100", "2018-07-31": "48.46300", "2017-07-31": "", "2016-07-31": "", "2015-07-31": "", "2014-07-31": "", "2013-07-31": "", "2012-07-31": "", "2011-07-31": "2.74100", "2010-07-31": "7.80100", "2009-07-31": "15.68500", "2008-07-31": "129.67200", "2007-07-31": "2.67100", "2006-07-31": "2.73700", "2005-07-31": "2.80000"}, "Goodwill And Intangible Assets": {"2020-07-31": "2391.26500", "2019-07-31": "2328.84300", "2018-07-31": "766.04100", "2017-07-31": "821.15900", "2016-07-31": "885.08400", "2015-07-31": "481.64000", "2014-07-31": "376.36200", "2013-07-31": "335.85600", "2012-07-31": "359.43600", "2011-07-31": "369.70700", "2010-07-31": "156.62900", "2009-07-31": "148.41100", "2008-07-31": "158.12800", "2007-07-31": "165.66300", "2006-07-31": "165.66300", "2005-07-31": "165.66200"}, "Other Long-Term Assets": {"2020-07-31": "91.53100", "2019-07-31": "82.41800", "2018-07-31": "51.98900", "2017-07-31": "38.39800", "2016-07-31": "25.83800", "2015-07-31": "11.72200", "2014-07-31": "9.45300", "2013-07-31": "8.13300", "2012-07-31": "12.17800", "2011-07-31": "10.84000", "2010-07-31": "22.53100", "2009-07-31": "13.95300", "2008-07-31": "14.99300", "2007-07-31": "28.19300", "2006-07-31": "26.14400", "2005-07-31": "25.58800"}, "Total Long-Term Assets": {"2020-07-31": "3669.18300", "2019-07-31": "3623.08900", "2018-07-31": "1466.99100", "2017-07-31": "1377.76400", "2016-07-31": "1308.60600", "2015-07-31": "727.40700", "2014-07-31": "564.66900", "2013-07-31": "497.56400", "2012-07-31": "558.16800", "2011-07-31": "574.30300", "2010-07-31": "362.30300", "2009-07-31": "347.10600", "2008-07-31": "468.64200", "2007-07-31": "353.76900", "2006-07-31": "352.00900", "2005-07-31": "333.83900"}, "Total Assets": {"2020-07-31": "5771.46000", "2019-07-31": "5660.44600", "2018-07-31": "2778.66500", "2017-07-31": "2557.93100", "2016-07-31": "2325.46400", "2015-07-31": "1503.24800", "2014-07-31": "1408.71800", "2013-07-31": "1328.26800", "2012-07-31": "1243.05400", "2011-07-31": "1198.07000", "2010-07-31": "964.07300", "2009-07-31": "951.12400", "2008-07-31": "996.56200", "2007-07-31": "1059.29700", "2006-07-31": "1004.72500", "2005-07-31": "857.87900"}, "Total Current Liabilities": {"2020-07-31": "1515.28100", "2019-07-31": "1448.32500", "2018-07-31": "769.33000", "2017-07-31": "781.04600", "2016-07-31": "651.65200", "2015-07-31": "378.33500", "2014-07-31": "370.71500", "2013-07-31": "361.67200", "2012-07-31": "311.09000", "2011-07-31": "278.59800", "2010-07-31": "256.76400", "2009-07-31": "184.47400", "2008-07-31": "248.41600", "2007-07-31": "277.19900", "2006-07-31": "291.96500", "2005-07-31": "248.81200"}, "Long Term Debt": {"2020-07-31": "1652.83100", "2019-07-31": "1885.25300", "2018-07-31": "", "2017-07-31": "145.00000", "2016-07-31": "360.00000", "2015-07-31": "", "2014-07-31": "", "2013-07-31": "", "2012-07-31": "", "2011-07-31": "", "2010-07-31": "", "2009-07-31": "", "2008-07-31": "", "2007-07-31": "", "2006-07-31": "", "2005-07-31": ""}, "Other Non-Current Liabilities": {"2020-07-31": "133.97700", "2019-07-31": "95.93700", "2018-07-31": "71.59400", "2017-07-31": "55.34500", "2016-07-31": "48.59000", "2015-07-31": "39.16300", "2014-07-31": "40.91800", "2013-07-31": "55.42200", "2012-07-31": "60.20300", "2011-07-31": "58.33900", "2010-07-31": "50.03100", "2009-07-31": "61.61700", "2008-07-31": "48.45000", "2007-07-31": "", "2006-07-31": "", "2005-07-31": ""}, "Total Long Term Liabilities": {"2020-07-31": "1910.61000", "2019-07-31": "2116.89300", "2018-07-31": "71.59400", "2017-07-31": "200.34500", "2016-07-31": "408.59000", "2015-07-31": "59.72600", "2014-07-31": "60.30600", "2013-07-31": "73.98200", "2012-07-31": "81.13700", "2011-07-31": "83.19800", "2010-07-31": "50.03100", "2009-07-31": "61.61700", "2008-07-31": "48.45000", "2007-07-31": "15.76700", "2006-07-31": "12.91100", "2005-07-31": "11.68000"}, "Total Liabilities": {"2020-07-31": "3425.89100", "2019-07-31": "3565.21800", "2018-07-31": "840.92400", "2017-07-31": "981.39100", "2016-07-31": "1060.24200", "2015-07-31": "438.06100", "2014-07-31": "431.02100", "2013-07-31": "435.65400", "2012-07-31": "392.22700", "2011-07-31": "361.79600", "2010-07-31": "306.79500", "2009-07-31": "246.09100", "2008-07-31": "296.86600", "2007-07-31": "292.96600", "2006-07-31": "304.87600", "2005-07-31": "260.49200"}, "Common Stock Net": {"2020-07-31": "6.54000", "2019-07-31": "6.51900", "2018-07-31": "6.27700", "2017-07-31": "6.26000", "2016-07-31": "6.24400", "2015-07-31": "6.23100", "2014-07-31": "6.22100", "2013-07-31": "6.20500", "2012-07-31": "6.17800", "2011-07-31": "6.17000", "2010-07-31": "5.73200", "2009-07-31": "5.73200", "2008-07-31": "5.73200", "2007-07-31": "5.72200", "2006-07-31": "5.71000", "2005-07-31": "5.69300"}, "Retained Earnings (Accumulated Deficit)": {"2020-07-31": "2201.33000", "2019-07-31": "2066.67400", "2018-07-31": "2022.98800", "2017-07-31": "1670.82600", "2016-07-31": "1365.98100", "2015-07-31": "1172.43200", "2014-07-31": "1030.42800", "2013-07-31": "953.74000", "2012-07-31": "918.56500", "2011-07-31": "829.14800", "2010-07-31": "745.20400", "2009-07-31": "677.54800", "2008-07-31": "675.92800", "2007-07-31": "727.72900", "2006-07-31": "664.32200", "2005-07-31": "515.87700"}, "Comprehensive Income": {"2020-07-31": "26.99300", "2019-07-31": "-57.00400", "2018-07-31": "", "2017-07-31": "", "2016-07-31": "", "2015-07-31": "", "2014-07-31": "", "2013-07-31": "-0.02200", "2012-07-31": "-0.06000", "2011-07-31": "-0.06700", "2010-07-31": "-0.32400", "2009-07-31": "1.07000", "2008-07-31": "-1.96300", "2007-07-31": "2.75600", "2006-07-31": "1.77200", "2005-07-31": "0.94300"}, "Other Share Holders Equity": {"2020-07-31": "", "2019-07-31": "", "2018-07-31": "", "2017-07-31": "", "2016-07-31": "", "2015-07-31": "", "2014-07-31": "", "2013-07-31": "", "2012-07-31": "", "2011-07-31": "", "2010-07-31": "", "2009-07-31": "", "2008-07-31": "", "2007-07-31": "", "2006-07-31": "", "2005-07-31": "-0.74700"}, "Share Holder Equity": {"2020-07-31": "2345.56900", "2019-07-31": "2095.22800", "2018-07-31": "1937.74100", "2017-07-31": "1576.54000", "2016-07-31": "1265.22200", "2015-07-31": "1065.18700", "2014-07-31": "977.69700", "2013-07-31": "892.61400", "2012-07-31": "850.82700", "2011-07-31": "836.27400", "2010-07-31": "657.27800", "2009-07-31": "705.03300", "2008-07-31": "699.69600", "2007-07-31": "766.33100", "2006-07-31": "699.84900", "2005-07-31": "597.38700"}, "Total Liabilities And Share Holders Equity": {"2020-07-31": "5771.46000", "2019-07-31": "5660.44600", "2018-07-31": "2778.66500", "2017-07-31": "2557.93100", "2016-07-31": "2325.46400", "2015-07-31": "1503.24800", "2014-07-31": "1408.71800", "2013-07-31": "1328.26800", "2012-07-31": "1243.05400", "2011-07-31": "1198.07000", "2010-07-31": "964.07300", "2009-07-31": "951.12400", "2008-07-31": "996.56200", "2007-07-31": "1059.29700", "2006-07-31": "1004.72500", "2005-07-31": "857.87900"}}, "balance sheet, quarterly": {"Cash On Hand": {"2020-10-31": "340.21000", "2020-07-31": "541.36300", "2020-04-30": "654.96500", "2020-01-31": "245.67100", "2019-10-31": "270.48200", "2019-07-31": "451.26200", "2019-04-30": "486.91300", "2019-01-31": "305.83300", "2018-10-31": "224.92100", "2018-07-31": "275.24900", "2018-04-30": "147.01900", "2018-01-31": "109.77500", "2017-10-31": "151.46300", "2017-07-31": "223.25800", "2017-04-30": "189.41100", "2017-01-31": "134.65500", "2016-10-31": "161.71000", "2016-07-31": "209.90200", "2016-04-30": "247.29700", "2016-01-31": "185.37100", "2015-10-31": "179.31700", "2015-07-31": "183.47800", "2015-04-30": "259.41800", "2015-01-31": "248.25600", "2014-10-31": "313.62700", "2014-07-31": "289.33600", "2014-04-30": "174.34100", "2014-01-31": "204.86000", "2013-10-31": "294.98200", "2013-07-31": "236.60100", "2013-04-30": "137.49400", "2013-01-31": "108.14000", "2012-10-31": "214.49800", "2012-07-31": "218.64200", "2012-04-30": "147.98600", "2012-01-31": "156.20600", "2011-10-31": "207.53800", "2011-07-31": "215.43500", "2011-04-30": "60.24700", "2011-01-31": "96.61300", "2010-10-31": "141.74700", "2010-07-31": "247.75100", "2010-04-30": "143.98800", "2010-01-31": "143.86300", "2009-10-31": "315.40200", "2009-07-31": "328.83400", "2009-04-30": "177.87800", "2009-01-31": "191.09900", "2008-10-31": "177.73100", "2008-07-31": "189.62000", "2008-04-30": "119.68000", "2008-01-31": "234.28500", "2007-10-31": "265.00100", "2007-07-31": "346.46400", "2007-04-30": "252.57200", "2007-01-31": "210.04700", "2006-10-31": "206.77800", "2006-07-31": "264.37300", "2006-04-30": "266.50700", "2006-01-31": "229.99500", "2005-10-31": "193.62100", "2005-07-31": "208.81500", "2005-04-30": "127.52700", "2005-01-31": "84.29660"}, "Receivables": {"2020-10-31": "817.65300", "2020-07-31": "814.22700", "2020-04-30": "514.79400", "2020-01-31": "852.42700", "2019-10-31": "776.57200", "2019-07-31": "716.22710", "2019-04-30": "841.11100", "2019-01-31": "344.78200", "2018-10-31": "503.79100", "2018-07-31": "487.23500", "2018-04-30": "658.23200", "2018-01-31": "624.08500", "2017-10-31": "638.39500", "2017-07-31": "484.84400", "2017-04-30": "616.32500", "2017-01-31": "489.85100", "2016-10-31": "479.54400", "2016-07-31": "392.53900", "2016-04-30": "382.03300", "2016-01-31": "332.04100", "2015-10-31": "317.30800", "2015-07-31": "269.69400", "2015-04-30": "358.14500", "2015-01-31": "288.77100", "2014-10-31": "243.92300", "2014-07-31": "279.79300", "2014-04-30": "378.43800", "2014-01-31": "226.97900", "2013-10-31": "239.69100", "2013-07-31": "246.37900", "2013-04-30": "322.58800", "2013-01-31": "250.31500", "2012-10-31": "215.76800", "2012-07-31": "232.08500", "2012-04-30": "286.47400", "2012-01-31": "174.69000", "2011-10-31": "165.24800", "2011-07-31": "169.49300", "2011-04-30": "264.89200", "2011-01-31": "176.67900", "2010-10-31": "140.32300", "2010-07-31": "165.39900", "2010-04-30": "207.26800", "2010-01-31": "147.34500", "2009-10-31": "134.70600", "2009-07-31": "115.61600", "2009-04-30": "120.76800", "2009-01-31": "57.46200", "2008-10-31": "118.63300", "2008-07-31": "146.35500", "2008-04-30": "186.33600", "2008-01-31": "187.67600", "2007-10-31": "179.21700", "2007-07-31": "177.39500", "2007-04-30": "221.09400", "2007-01-31": "186.30900", "2006-10-31": "166.01100", "2006-07-31": "193.74300", "2006-04-30": "223.90400", "2006-01-31": "178.62000", "2005-10-31": "185.33400", "2005-07-31": "146.33600", "2005-04-30": "189.62210", "2005-01-31": "165.18660"}, "Inventory": {"2020-10-31": "1038.25000", "2020-07-31": "716.30500", "2020-04-30": "867.64700", "2020-01-31": "926.91400", "2019-10-31": "915.48500", "2019-07-31": "827.98800", "2019-04-30": "962.58800", "2019-01-31": "561.84200", "2018-10-31": "565.34600", "2018-07-31": "537.90900", "2018-04-30": "607.18500", "2018-01-31": "590.36300", "2017-10-31": "517.32800", "2017-07-31": "460.48800", "2017-04-30": "459.66800", "2017-01-31": "477.59800", "2016-10-31": "417.12700", "2016-07-31": "403.86900", "2016-04-30": "275.45200", "2016-01-31": "274.54500", "2015-10-31": "271.37000", "2015-07-31": "246.11500", "2015-04-30": "256.55600", "2015-01-31": "244.41700", "2014-10-31": "221.85100", "2014-07-31": "216.35400", "2014-04-30": "234.38800", "2014-01-31": "221.93600", "2013-10-31": "197.22700", "2013-07-31": "153.03600", "2013-04-30": "236.18000", "2013-01-31": "235.11600", "2012-10-31": "225.82000", "2012-07-31": "186.08300", "2012-04-30": "200.90300", "2012-01-31": "192.22500", "2011-10-31": "183.12500", "2011-07-31": "184.49800", "2011-04-30": "223.99000", "2011-01-31": "211.97700", "2010-10-31": "181.10000", "2010-07-31": "142.68000", "2010-04-30": "170.04400", "2010-01-31": "162.16500", "2009-10-31": "134.02900", "2009-07-31": "105.27800", "2009-04-30": "131.96900", "2009-01-31": "153.77900", "2008-10-31": "166.56300", "2008-07-31": "152.58200", "2008-04-30": "199.23400", "2008-01-31": "200.97500", "2007-10-31": "187.87900", "2007-07-31": "168.98000", "2007-04-30": "202.72500", "2007-01-31": "189.51400", "2006-10-31": "215.15500", "2006-07-31": "183.16900", "2006-04-30": "200.15900", "2006-01-31": "190.85800", "2005-10-31": "187.04800", "2005-07-31": "161.77000", "2005-04-30": "182.45870", "2005-01-31": "194.22460"}, "Pre-Paid Expenses": {"2020-10-31": "44.20300", "2020-07-31": "30.38200", "2020-04-30": "51.37200", "2020-01-31": "31.81100", "2019-10-31": "30.94400", "2019-07-31": "41.88000", "2019-04-30": "43.56300", "2019-01-31": "35.69900", "2018-10-31": "30.89800", "2018-07-31": "11.28100", "2018-04-30": "14.92500", "2018-01-31": "9.97900", "2017-10-31": "10.40200", "2017-07-31": "11.57700", "2017-04-30": "5.96100", "2017-01-31": "13.50500", "2016-10-31": "11.32900", "2016-07-31": "10.54800", "2016-04-30": "8.98800", "2016-01-31": "17.09200", "2015-10-31": "14.59300", "2015-07-31": "8.32300", "2015-04-30": "9.03900", "2015-01-31": "16.17600", "2014-10-31": "9.75100", "2014-07-31": "5.74000", "2014-04-30": "5.78700", "2014-01-31": "18.85300", "2013-10-31": "7.14800", "2013-07-31": "5.23800", "2013-04-30": "3.05800", "2013-01-31": "15.28300", "2012-10-31": "7.83700", "2012-07-31": "6.17900", "2012-04-30": "5.19300", "2012-01-31": "9.71200", "2011-10-31": "7.92500", "2011-07-31": "5.19100", "2011-04-30": "4.09700", "2011-01-31": "11.89100", "2010-10-31": "", "2010-07-31": "4.07700", "2010-04-30": "3.97300", "2010-01-31": "8.07400", "2009-10-31": "5.55600", "2009-07-31": "", "2009-04-30": "3.90500", "2009-01-31": "", "2008-10-31": "", "2008-07-31": "", "2008-04-30": "8.91200", "2008-01-31": "12.19900", "2007-10-31": "", "2007-07-31": "", "2007-04-30": "9.85000", "2007-01-31": "12.31000", "2006-10-31": "17.25900", "2006-07-31": "", "2006-04-30": "8.38800", "2006-01-31": "9.98600", "2005-10-31": "14.88900", "2005-07-31": "", "2005-04-30": "9.39570", "2005-01-31": "12.29530"}, "Other Current Assets": {"2020-10-31": "", "2020-07-31": "", "2020-04-30": "", "2020-01-31": "10.68000", "2019-10-31": "", "2019-07-31": "", "2019-04-30": "", "2019-01-31": "", "2018-10-31": "", "2018-07-31": "", "2018-04-30": "", "2018-01-31": "", "2017-10-31": "", "2017-07-31": "", "2017-04-30": "", "2017-01-31": "", "2016-10-31": "", "2016-07-31": "", "2016-04-30": "", "2016-01-31": "", "2015-10-31": "", "2015-07-31": "", "2015-04-30": "", "2015-01-31": "", "2014-10-31": "", "2014-07-31": "", "2014-04-30": "5.46500", "2014-01-31": "", "2013-10-31": "", "2013-07-31": "", "2013-04-30": "", "2013-01-31": "", "2012-10-31": "", "2012-07-31": "", "2012-04-30": "", "2012-01-31": "", "2011-10-31": "", "2011-07-31": "", "2011-04-30": "", "2011-01-31": "", "2010-10-31": "", "2010-07-31": "", "2010-04-30": "", "2010-01-31": "", "2009-10-31": "", "2009-07-31": "", "2009-04-30": "", "2009-01-31": "", "2008-10-31": "", "2008-07-31": "", "2008-04-30": "", "2008-01-31": "", "2007-10-31": "", "2007-07-31": "", "2007-04-30": "", "2007-01-31": "", "2006-10-31": "", "2006-07-31": "", "2006-04-30": "", "2006-01-31": "", "2005-10-31": "", "2005-07-31": "", "2005-04-30": "", "2005-01-31": ""}, "Total Current Assets": {"2020-10-31": "2240.31600", "2020-07-31": "2102.27700", "2020-04-30": "2088.77800", "2020-01-31": "2067.50300", "2019-10-31": "1993.48300", "2019-07-31": "2037.35700", "2019-04-30": "2334.17500", "2019-01-31": "1248.15600", "2018-10-31": "1324.95600", "2018-07-31": "1311.67400", "2018-04-30": "1427.36100", "2018-01-31": "1334.20200", "2017-10-31": "1317.58800", "2017-07-31": "1180.16700", "2017-04-30": "1271.36500", "2017-01-31": "1115.60900", "2016-10-31": "1069.71000", "2016-07-31": "1016.85800", "2016-04-30": "974.39200", "2016-01-31": "868.10500", "2015-10-31": "841.91500", "2015-07-31": "775.84100", "2015-04-30": "947.86400", "2015-01-31": "860.54000", "2014-10-31": "851.18500", "2014-07-31": "844.04900", "2014-04-30": "848.28000", "2014-01-31": "720.62400", "2013-10-31": "790.42300", "2013-07-31": "830.70400", "2013-04-30": "751.53800", "2013-01-31": "657.53200", "2012-10-31": "707.19700", "2012-07-31": "684.88600", "2012-04-30": "682.69600", "2012-01-31": "578.50000", "2011-10-31": "611.69100", "2011-07-31": "623.76700", "2011-04-30": "596.08700", "2011-01-31": "539.70300", "2010-10-31": "510.65800", "2010-07-31": "601.77000", "2010-04-30": "565.11100", "2010-01-31": "496.78800", "2009-10-31": "633.03400", "2009-07-31": "604.01800", "2009-04-30": "478.41100", "2009-01-31": "450.09200", "2008-10-31": "502.43100", "2008-07-31": "527.92000", "2008-04-30": "539.42800", "2008-01-31": "653.10100", "2007-10-31": "663.17600", "2007-07-31": "705.52800", "2007-04-30": "711.60800", "2007-01-31": "616.54800", "2006-10-31": "617.51400", "2006-07-31": "652.71600", "2006-04-30": "718.28100", "2006-01-31": "623.11800", "2005-10-31": "582.15400", "2005-07-31": "524.04000", "2005-04-30": "517.32010", "2005-01-31": "464.31950"}, "Property, Plant, And Equipment": {"2020-10-31": "1091.94100", "2020-07-31": "1107.64900", "2020-04-30": "1079.67600", "2020-01-31": "1089.15600", "2019-10-31": "1104.76400", "2019-07-31": "1092.47100", "2019-04-30": "1088.13000", "2019-01-31": "550.47100", "2018-10-31": "543.69700", "2018-07-31": "522.05400", "2018-04-30": "490.61400", "2018-01-31": "466.21500", "2017-10-31": "446.13400", "2017-07-31": "425.23800", "2017-04-30": "394.81800", "2017-01-31": "375.35400", "2016-10-31": "360.23900", "2016-07-31": "344.26700", "2016-04-30": "255.52100", "2016-01-31": "246.57700", "2015-10-31": "243.51500", "2015-07-31": "234.04500", "2015-04-30": "192.81400", "2015-01-31": "183.15700", "2014-10-31": "174.66400", "2014-07-31": "169.86200", "2014-04-30": "148.96900", "2014-01-31": "150.12400", "2013-10-31": "146.69200", "2013-07-31": "143.80900", "2013-04-30": "168.59600", "2013-01-31": "167.99100", "2012-10-31": "166.64700", "2012-07-31": "164.39400", "2012-04-30": "163.37200", "2012-01-31": "164.37300", "2011-10-31": "166.41100", "2011-07-31": "168.21400", "2011-04-30": "166.49800", "2011-01-31": "166.94700", "2010-10-31": "161.27300", "2010-07-31": "139.18000", "2010-04-30": "137.92400", "2010-01-31": "141.80600", "2009-10-31": "139.94900", "2009-07-31": "142.86100", "2009-04-30": "145.47500", "2009-01-31": "147.16200", "2008-10-31": "150.31200", "2008-07-31": "153.23000", "2008-04-30": "156.91700", "2008-01-31": "157.36600", "2007-10-31": "157.09100", "2007-07-31": "157.24200", "2007-04-30": "156.55600", "2007-01-31": "158.00500", "2006-10-31": "158.17800", "2006-07-31": "157.46500", "2006-04-30": "149.26200", "2006-01-31": "147.94000", "2005-10-31": "144.75900", "2005-07-31": "139.78900", "2005-04-30": "133.81420", "2005-01-31": "128.84190"}, "Long-Term Investments": {"2020-10-31": "", "2020-07-31": "", "2020-04-30": "", "2020-01-31": "41.43400", "2019-10-31": "44.08600", "2019-07-31": "46.18100", "2019-04-30": "47.74500", "2019-01-31": "48.26400", "2018-10-31": "46.98000", "2018-07-31": "48.46300", "2018-04-30": "46.50300", "2018-01-31": "", "2017-10-31": "", "2017-07-31": "", "2017-04-30": "", "2017-01-31": "", "2016-10-31": "", "2016-07-31": "", "2016-04-30": "", "2016-01-31": "", "2015-10-31": "", "2015-07-31": "", "2015-04-30": "", "2015-01-31": "", "2014-10-31": "", "2014-07-31": "", "2014-04-30": "", "2014-01-31": "", "2013-10-31": "", "2013-07-31": "", "2013-04-30": "", "2013-01-31": "", "2012-10-31": "", "2012-07-31": "", "2012-04-30": "2.04100", "2012-01-31": "2.29000", "2011-10-31": "4.77500", "2011-07-31": "2.74100", "2011-04-30": "5.58700", "2011-01-31": "5.68800", "2010-10-31": "6.29600", "2010-07-31": "7.80100", "2010-04-30": "15.24200", "2010-01-31": "15.40800", "2009-10-31": "16.03800", "2009-07-31": "15.68500", "2009-04-30": "121.87100", "2009-01-31": "121.11900", "2008-10-31": "123.82000", "2008-07-31": "129.67200", "2008-04-30": "130.67600", "2008-01-31": "2.91200", "2007-10-31": "3.11900", "2007-07-31": "2.67100", "2007-04-30": "2.69600", "2007-01-31": "2.65700", "2006-10-31": "2.91700", "2006-07-31": "2.73700", "2006-04-30": "2.66400", "2006-01-31": "2.92300", "2005-10-31": "3.12100", "2005-07-31": "2.80000", "2005-04-30": "2.48150", "2005-01-31": "2.34160"}, "Goodwill And Intangible Assets": {"2020-10-31": "2366.73700", "2020-07-31": "2391.26500", "2020-04-30": "2284.65900", "2020-01-31": "2266.73100", "2019-10-31": "2307.84600", "2019-07-31": "2328.84300", "2019-04-30": "2350.04500", "2019-01-31": "740.92400", "2018-10-31": "753.45000", "2018-07-31": "766.04100", "2018-04-30": "779.92300", "2018-01-31": "793.80500", "2017-10-31": "807.60100", "2017-07-31": "821.15900", "2017-04-30": "836.37400", "2017-01-31": "851.59000", "2016-10-31": "866.86900", "2016-07-31": "885.08400", "2016-04-30": "454.90000", "2016-01-31": "460.64500", "2015-10-31": "475.61200", "2015-07-31": "481.64000", "2015-04-30": "397.97800", "2015-01-31": "401.65700", "2014-10-31": "372.67300", "2014-07-31": "376.36200", "2014-04-30": "357.84400", "2014-01-31": "360.94500", "2013-10-31": "364.17100", "2013-07-31": "335.85600", "2013-04-30": "347.83800", "2013-01-31": "362.13700", "2012-10-31": "359.33700", "2012-07-31": "359.43600", "2012-04-30": "362.19100", "2012-01-31": "364.84000", "2011-10-31": "367.61700", "2011-07-31": "369.70700", "2011-04-30": "362.51500", "2011-01-31": "365.24900", "2010-10-31": "367.73900", "2010-07-31": "156.62900", "2010-04-30": "150.57600", "2010-01-31": "148.41100", "2009-10-31": "148.41100", "2009-07-31": "148.41100", "2009-04-30": "148.41100", "2009-01-31": "158.12800", "2008-10-31": "158.12800", "2008-07-31": "158.12800", "2008-04-30": "165.66300", "2008-01-31": "165.66300", "2007-10-31": "165.66300", "2007-07-31": "165.66300", "2007-04-30": "165.66300", "2007-01-31": "165.66300", "2006-10-31": "165.66300", "2006-07-31": "165.66300", "2006-04-30": "165.66300", "2006-01-31": "165.66300", "2005-10-31": "165.66300", "2005-07-31": "165.66200", "2005-04-30": "161.43740", "2005-01-31": "161.38880"}, "Other Long-Term Assets": {"2020-10-31": "91.43200", "2020-07-31": "91.53100", "2020-04-30": "84.31000", "2020-01-31": "94.82600", "2019-10-31": "89.58400", "2019-07-31": "82.41800", "2019-04-30": "74.87100", "2019-01-31": "62.17800", "2018-10-31": "50.47300", "2018-07-31": "51.98900", "2018-04-30": "47.14200", "2018-01-31": "45.08000", "2017-10-31": "40.31800", "2017-07-31": "38.39800", "2017-04-30": "34.84100", "2017-01-31": "32.16400", "2016-10-31": "29.22600", "2016-07-31": "25.83800", "2016-04-30": "13.06700", "2016-01-31": "11.03600", "2015-10-31": "11.34100", "2015-07-31": "11.72200", "2015-04-30": "11.00500", "2015-01-31": "9.82000", "2014-10-31": "9.70900", "2014-07-31": "9.45300", "2014-04-30": "8.94300", "2014-01-31": "8.53700", "2013-10-31": "7.67300", "2013-07-31": "8.13300", "2013-04-30": "11.62200", "2013-01-31": "11.56800", "2012-10-31": "12.21200", "2012-07-31": "12.17800", "2012-04-30": "10.49400", "2012-01-31": "10.46800", "2011-10-31": "8.71500", "2011-07-31": "10.84000", "2011-04-30": "20.36300", "2011-01-31": "21.41300", "2010-10-31": "12.90000", "2010-07-31": "22.53100", "2010-04-30": "39.90100", "2010-01-31": "31.24000", "2009-10-31": "30.70000", "2009-07-31": "13.95300", "2009-04-30": "19.39900", "2009-01-31": "20.34200", "2008-10-31": "26.27200", "2008-07-31": "14.99300", "2008-04-30": "30.92400", "2008-01-31": "27.81200", "2007-10-31": "29.02200", "2007-07-31": "28.19300", "2007-04-30": "28.28700", "2007-01-31": "27.47000", "2006-10-31": "26.81400", "2006-07-31": "26.14400", "2006-04-30": "26.90700", "2006-01-31": "26.37400", "2005-10-31": "25.90900", "2005-07-31": "25.58800", "2005-04-30": "23.98590", "2005-01-31": "24.07770"}, "Total Long-Term Assets": {"2020-10-31": "3620.60600", "2020-07-31": "3669.18300", "2020-04-30": "3523.51200", "2020-01-31": "3560.97400", "2019-10-31": "3614.05800", "2019-07-31": "3623.08900", "2019-04-30": "3638.14500", "2019-01-31": "1482.04200", "2018-10-31": "1475.47200", "2018-07-31": "1466.99100", "2018-04-30": "1439.12100", "2018-01-31": "1374.75700", "2017-10-31": "1392.37800", "2017-07-31": "1377.76400", "2017-04-30": "1328.71100", "2017-01-31": "1316.81600", "2016-10-31": "1312.04800", "2016-07-31": "1308.60600", "2016-04-30": "723.48800", "2016-01-31": "718.25810", "2015-10-31": "730.46800", "2015-07-31": "727.40700", "2015-04-30": "602.39800", "2015-01-31": "595.24300", "2014-10-31": "557.66400", "2014-07-31": "564.66900", "2014-04-30": "524.12300", "2014-01-31": "527.97300", "2013-10-31": "528.30200", "2013-07-31": "497.56400", "2013-04-30": "537.82200", "2013-01-31": "551.46200", "2012-10-31": "560.35600", "2012-07-31": "558.16800", "2012-04-30": "560.25810", "2012-01-31": "564.13100", "2011-10-31": "570.67800", "2011-07-31": "574.30300", "2011-04-30": "583.41500", "2011-01-31": "587.41710", "2010-10-31": "585.46000", "2010-07-31": "362.30300", "2010-04-30": "373.29900", "2010-01-31": "366.12400", "2009-10-31": "346.08600", "2009-07-31": "347.10600", "2009-04-30": "445.15600", "2009-01-31": "456.75100", "2008-10-31": "458.53200", "2008-07-31": "468.64200", "2008-04-30": "484.18000", "2008-01-31": "353.75300", "2007-10-31": "354.89500", "2007-07-31": "353.76900", "2007-04-30": "353.20200", "2007-01-31": "353.79500", "2006-10-31": "353.57200", "2006-07-31": "352.00900", "2006-04-30": "344.49600", "2006-01-31": "342.90000", "2005-10-31": "339.45200", "2005-07-31": "333.83900", "2005-04-30": "321.71910", "2005-01-31": "316.65000"}, "Total Assets": {"2020-10-31": "5860.92200", "2020-07-31": "5771.46000", "2020-04-30": "5612.29000", "2020-01-31": "5628.47700", "2019-10-31": "5607.54100", "2019-07-31": "5660.44600", "2019-04-30": "5972.32000", "2019-01-31": "2730.19800", "2018-10-31": "2800.42800", "2018-07-31": "2778.66500", "2018-04-30": "2866.48200", "2018-01-31": "2708.95900", "2017-10-31": "2709.96600", "2017-07-31": "2557.93100", "2017-04-30": "2600.07600", "2017-01-31": "2432.42500", "2016-10-31": "2381.75800", "2016-07-31": "2325.46400", "2016-04-30": "1697.88000", "2016-01-31": "1586.36300", "2015-10-31": "1572.38300", "2015-07-31": "1503.24800", "2015-04-30": "1550.26200", "2015-01-31": "1455.78300", "2014-10-31": "1408.84900", "2014-07-31": "1408.71800", "2014-04-30": "1372.40300", "2014-01-31": "1248.59700", "2013-10-31": "1318.72500", "2013-07-31": "1328.26800", "2013-04-30": "1289.36000", "2013-01-31": "1208.99400", "2012-10-31": "1267.55300", "2012-07-31": "1243.05400", "2012-04-30": "1242.95400", "2012-01-31": "1142.63100", "2011-10-31": "1182.36900", "2011-07-31": "1198.07000", "2011-04-30": "1179.50200", "2011-01-31": "1127.12000", "2010-10-31": "1096.11800", "2010-07-31": "964.07300", "2010-04-30": "938.41000", "2010-01-31": "862.91200", "2009-10-31": "979.12000", "2009-07-31": "951.12400", "2009-04-30": "923.56700", "2009-01-31": "906.84300", "2008-10-31": "960.96300", "2008-07-31": "996.56200", "2008-04-30": "1023.60800", "2008-01-31": "1006.85400", "2007-10-31": "1018.07100", "2007-07-31": "1059.29700", "2007-04-30": "1064.81000", "2007-01-31": "970.34300", "2006-10-31": "971.08600", "2006-07-31": "1004.72500", "2006-04-30": "1062.77700", "2006-01-31": "966.01800", "2005-10-31": "921.60600", "2005-07-31": "857.87900", "2005-04-30": "839.03920", "2005-01-31": "780.96950"}, "Total Current Liabilities": {"2020-10-31": "1596.69000", "2020-07-31": "1515.28100", "2020-04-30": "1266.27000", "2020-01-31": "1494.93300", "2019-10-31": "1439.38500", "2019-07-31": "1448.32500", "2019-04-30": "1512.12800", "2019-01-31": "750.64300", "2018-10-31": "799.76500", "2018-07-31": "769.33000", "2018-04-30": "855.56500", "2018-01-31": "817.11700", "2017-10-31": "877.38500", "2017-07-31": "781.04600", "2017-04-30": "778.44700", "2017-01-31": "680.73200", "2016-10-31": "664.78300", "2016-07-31": "651.65200", "2016-04-30": "441.59500", "2016-01-31": "397.20300", "2015-10-31": "410.41500", "2015-07-31": "378.33500", "2015-04-30": "421.64100", "2015-01-31": "377.94200", "2014-10-31": "347.17200", "2014-07-31": "370.71500", "2014-04-30": "379.59600", "2014-01-31": "300.02800", "2013-10-31": "374.29800", "2013-07-31": "361.67200", "2013-04-30": "375.41800", "2013-01-31": "324.32100", "2012-10-31": "311.84100", "2012-07-31": "311.09000", "2012-04-30": "345.00600", "2012-01-31": "279.99100", "2011-10-31": "268.55000", "2011-07-31": "278.59800", "2011-04-30": "290.97000", "2011-01-31": "275.93900", "2010-10-31": "245.84900", "2010-07-31": "256.76400", "2010-04-30": "258.40300", "2010-01-31": "208.86400", "2009-10-31": "219.59900", "2009-07-31": "184.47400", "2009-04-30": "194.97500", "2009-01-31": "176.30200", "2008-10-31": "211.68800", "2008-07-31": "248.41600", "2008-04-30": "273.53100", "2008-01-31": "278.04300", "2007-10-31": "295.72800", "2007-07-31": "277.19900", "2007-04-30": "330.70200", "2007-01-31": "270.06200", "2006-10-31": "271.66100", "2006-07-31": "291.96500", "2006-04-30": "333.15400", "2006-01-31": "280.55500", "2005-10-31": "267.98400", "2005-07-31": "248.81200", "2005-04-30": "246.90670", "2005-01-31": "213.41550"}, "Long Term Debt": {"2020-10-31": "1585.01900", "2020-07-31": "1652.83100", "2020-04-30": "1965.98100", "2020-01-31": "1746.60700", "2019-10-31": "1780.09100", "2019-07-31": "1885.25300", "2019-04-30": "2182.28900", "2019-01-31": "", "2018-10-31": "", "2018-07-31": "", "2018-04-30": "80.00000", "2018-01-31": "80.00000", "2017-10-31": "90.00000", "2017-07-31": "145.00000", "2017-04-30": "295.00000", "2017-01-31": "325.00000", "2016-10-31": "340.00000", "2016-07-31": "360.00000", "2016-04-30": "", "2016-01-31": "", "2015-10-31": "", "2015-07-31": "", "2015-04-30": "", "2015-01-31": "", "2014-10-31": "", "2014-07-31": "", "2014-04-30": "", "2014-01-31": "", "2013-10-31": "", "2013-07-31": "", "2013-04-30": "", "2013-01-31": "", "2012-10-31": "", "2012-07-31": "", "2012-04-30": "", "2012-01-31": "", "2011-10-31": "", "2011-07-31": "", "2011-04-30": "", "2011-01-31": "", "2010-10-31": "", "2010-07-31": "", "2010-04-30": "", "2010-01-31": "", "2009-10-31": "", "2009-07-31": "", "2009-04-30": "", "2009-01-31": "", "2008-10-31": "", "2008-07-31": "", "2008-04-30": "", "2008-01-31": "", "2007-10-31": "", "2007-07-31": "", "2007-04-30": "", "2007-01-31": "", "2006-10-31": "", "2006-07-31": "", "2006-04-30": "", "2006-01-31": "", "2005-10-31": "", "2005-07-31": "", "2005-04-30": "", "2005-01-31": ""}, "Other Non-Current Liabilities": {"2020-10-31": "136.55500", "2020-07-31": "133.97700", "2020-04-30": "124.86900", "2020-01-31": "130.60900", "2019-10-31": "127.36300", "2019-07-31": "95.93700", "2019-04-30": "94.07900", "2019-01-31": "72.62400", "2018-10-31": "72.31700", "2018-07-31": "71.59400", "2018-04-30": "65.29100", "2018-01-31": "63.91300", "2017-10-31": "58.47600", "2017-07-31": "55.34500", "2017-04-30": "54.67100", "2017-01-31": "51.12900", "2016-10-31": "51.32500", "2016-07-31": "48.59000", "2016-04-30": "40.15200", "2016-01-31": "39.27200", "2015-10-31": "39.27900", "2015-07-31": "39.16300", "2015-04-30": "38.47600", "2015-01-31": "38.51100", "2014-10-31": "37.50600", "2014-07-31": "40.91800", "2014-04-30": "51.31900", "2014-01-31": "50.28700", "2013-10-31": "53.26000", "2013-07-31": "55.42200", "2013-04-30": "56.80100", "2013-01-31": "58.66800", "2012-10-31": "61.96900", "2012-07-31": "60.20300", "2012-04-30": "61.85900", "2012-01-31": "59.96600", "2011-10-31": "59.26800", "2011-07-31": "58.33900", "2011-04-30": "57.28000", "2011-01-31": "54.21300", "2010-10-31": "52.92100", "2010-07-31": "50.03100", "2010-04-30": "60.88700", "2010-01-31": "63.86600", "2009-10-31": "62.56100", "2009-07-31": "61.61700", "2009-04-30": "46.33200", "2009-01-31": "47.01800", "2008-10-31": "50.07400", "2008-07-31": "48.45000", "2008-04-30": "51.55100", "2008-01-31": "47.70700", "2007-10-31": "46.22000", "2007-07-31": "", "2007-04-30": "", "2007-01-31": "", "2006-10-31": "", "2006-07-31": "", "2006-04-30": "", "2006-01-31": "", "2005-10-31": "", "2005-07-31": "", "2005-04-30": "", "2005-01-31": ""}, "Total Long Term Liabilities": {"2020-10-31": "1843.71100", "2020-07-31": "1910.61000", "2020-04-30": "2234.50800", "2020-01-31": "2011.21000", "2019-10-31": "2043.18500", "2019-07-31": "2116.89300", "2019-04-30": "2420.65900", "2019-01-31": "72.62400", "2018-10-31": "72.31700", "2018-07-31": "71.59400", "2018-04-30": "145.29100", "2018-01-31": "143.91300", "2017-10-31": "148.47600", "2017-07-31": "200.34500", "2017-04-30": "349.67100", "2017-01-31": "376.12900", "2016-10-31": "391.32500", "2016-07-31": "408.59000", "2016-04-30": "60.09400", "2016-01-31": "57.76600", "2015-10-31": "61.59400", "2015-07-31": "59.72600", "2015-04-30": "59.83700", "2015-01-31": "59.18800", "2014-10-31": "58.91100", "2014-07-31": "60.30600", "2014-04-30": "71.40400", "2014-01-31": "71.15300", "2013-10-31": "72.34300", "2013-07-31": "73.98200", "2013-04-30": "75.25400", "2013-01-31": "80.76100", "2012-10-31": "82.09600", "2012-07-31": "81.13700", "2012-04-30": "84.13100", "2012-01-31": "83.17400", "2011-10-31": "83.28400", "2011-07-31": "83.19800", "2011-04-30": "83.81400", "2011-01-31": "82.36500", "2010-10-31": "82.58300", "2010-07-31": "50.03100", "2010-04-30": "60.88700", "2010-01-31": "63.86600", "2009-10-31": "62.56100", "2009-07-31": "61.61700", "2009-04-30": "46.33200", "2009-01-31": "47.01800", "2008-10-31": "50.07400", "2008-07-31": "48.45000", "2008-04-30": "51.55100", "2008-01-31": "47.70700", "2007-10-31": "46.22000", "2007-07-31": "15.76700", "2007-04-30": "15.94800", "2007-01-31": "14.72500", "2006-10-31": "13.86200", "2006-07-31": "12.91100", "2006-04-30": "13.77800", "2006-01-31": "13.03500", "2005-10-31": "12.15700", "2005-07-31": "11.68000", "2005-04-30": "10.96040", "2005-01-31": "10.51730"}, "Total Liabilities": {"2020-10-31": "3440.40100", "2020-07-31": "3425.89100", "2020-04-30": "3500.77800", "2020-01-31": "3506.14300", "2019-10-31": "3482.57000", "2019-07-31": "3565.21800", "2019-04-30": "3932.78700", "2019-01-31": "823.26700", "2018-10-31": "872.08200", "2018-07-31": "840.92400", "2018-04-30": "1000.85600", "2018-01-31": "961.03000", "2017-10-31": "1025.86100", "2017-07-31": "981.39100", "2017-04-30": "1128.11800", "2017-01-31": "1056.86100", "2016-10-31": "1056.10800", "2016-07-31": "1060.24200", "2016-04-30": "501.68900", "2016-01-31": "454.96900", "2015-10-31": "472.00900", "2015-07-31": "438.06100", "2015-04-30": "481.47800", "2015-01-31": "437.13000", "2014-10-31": "406.08300", "2014-07-31": "431.02100", "2014-04-30": "451.00000", "2014-01-31": "371.18100", "2013-10-31": "446.64100", "2013-07-31": "435.65400", "2013-04-30": "450.67200", "2013-01-31": "405.08200", "2012-10-31": "393.93700", "2012-07-31": "392.22700", "2012-04-30": "429.13700", "2012-01-31": "363.16500", "2011-10-31": "351.83400", "2011-07-31": "361.79600", "2011-04-30": "374.78400", "2011-01-31": "358.30400", "2010-10-31": "328.43200", "2010-07-31": "306.79500", "2010-04-30": "319.29000", "2010-01-31": "272.73000", "2009-10-31": "282.16000", "2009-07-31": "246.09100", "2009-04-30": "241.30700", "2009-01-31": "223.32000", "2008-10-31": "261.76200", "2008-07-31": "296.86600", "2008-04-30": "325.08200", "2008-01-31": "325.75000", "2007-10-31": "341.94800", "2007-07-31": "292.96600", "2007-04-30": "346.65000", "2007-01-31": "284.78700", "2006-10-31": "285.52300", "2006-07-31": "304.87600", "2006-04-30": "346.93200", "2006-01-31": "293.59000", "2005-10-31": "280.14100", "2005-07-31": "260.49200", "2005-04-30": "257.86710", "2005-01-31": "223.93280"}, "Common Stock Net": {"2020-10-31": "6.56500", "2020-07-31": "6.54000", "2020-04-30": "6.54000", "2020-01-31": "6.54000", "2019-10-31": "6.54000", "2019-07-31": "6.51900", "2019-04-30": "6.51900", "2019-01-31": "6.29300", "2018-10-31": "6.29300", "2018-07-31": "6.27700", "2018-04-30": "6.27700", "2018-01-31": "6.27700", "2017-10-31": "6.27600", "2017-07-31": "6.26000", "2017-04-30": "6.26000", "2017-01-31": "6.26000", "2016-10-31": "6.26000", "2016-07-31": "6.24400", "2016-04-30": "6.24400", "2016-01-31": "6.24400", "2015-10-31": "6.24400", "2015-07-31": "6.23100", "2015-04-30": "6.23100", "2015-01-31": "6.23000", "2014-10-31": "6.23000", "2014-07-31": "6.22100", "2014-04-30": "6.21900", "2014-01-31": "6.21900", "2013-10-31": "6.21800", "2013-07-31": "6.20500", "2013-04-30": "6.19000", "2013-01-31": "6.19000", "2012-10-31": "6.18000", "2012-07-31": "6.17800", "2012-04-30": "6.17500", "2012-01-31": "6.17200", "2011-10-31": "6.17000", "2011-07-31": "6.17000", "2011-04-30": "6.17000", "2011-01-31": "6.16800", "2010-10-31": "6.16700", "2010-07-31": "5.73200", "2010-04-30": "5.73200", "2010-01-31": "5.73200", "2009-10-31": "5.73200", "2009-07-31": "5.73200", "2009-04-30": "5.73200", "2009-01-31": "5.73200", "2008-10-31": "5.73200", "2008-07-31": "5.73200", "2008-04-30": "5.73200", "2008-01-31": "5.73100", "2007-10-31": "5.73100", "2007-07-31": "5.72200", "2007-04-30": "5.72100", "2007-01-31": "5.72100", "2006-10-31": "5.71500", "2006-07-31": "5.71000", "2006-04-30": "5.70400", "2006-01-31": "5.70000", "2005-10-31": "5.69400", "2005-07-31": "5.69300", "2005-04-30": "5.68670", "2005-01-31": "5.68660"}, "Retained Earnings (Accumulated Deficit)": {"2020-10-31": "2292.38700", "2020-07-31": "2201.33000", "2020-04-30": "2104.24100", "2020-01-31": "2102.25300", "2019-10-31": "2095.65900", "2019-07-31": "2066.67400", "2019-04-30": "1996.09400", "2019-01-31": "1984.88500", "2018-10-31": "2010.89600", "2018-07-31": "2022.98800", "2018-04-30": "1954.28000", "2018-01-31": "1839.99000", "2017-10-31": "1779.73500", "2017-07-31": "1670.82600", "2017-04-30": "1568.71400", "2017-01-31": "1474.80400", "2016-10-31": "1427.37400", "2016-07-31": "1365.98100", "2016-04-30": "1298.95200", "2016-01-31": "1236.11200", "2015-10-31": "1207.18600", "2015-07-31": "1172.43200", "2015-04-30": "1117.60900", "2015-01-31": "1069.17700", "2014-10-31": "1054.94100", "2014-07-31": "1030.42800", "2014-04-30": "976.10500", "2014-01-31": "933.24000", "2013-10-31": "929.30500", "2013-07-31": "953.74000", "2013-04-30": "905.06700", "2013-01-31": "870.85500", "2012-10-31": "940.02600", "2012-07-31": "918.56500", "2012-04-30": "882.14000", "2012-01-31": "848.73200", "2011-10-31": "843.27900", "2011-07-31": "829.14800", "2011-04-30": "797.84400", "2011-01-31": "763.42000", "2010-10-31": "763.31400", "2010-07-31": "745.20400", "2010-04-30": "708.20600", "2010-01-31": "677.69700", "2009-10-31": "669.37500", "2009-07-31": "677.54800", "2009-04-30": "656.64700", "2009-01-31": "658.42700", "2008-10-31": "677.16800", "2008-07-31": "675.92800", "2008-04-30": "674.76800", "2008-01-31": "650.79800", "2007-10-31": "633.10800", "2007-07-31": "727.72900", "2007-04-30": "681.32000", "2007-01-31": "649.65500", "2006-10-31": "650.55900", "2006-07-31": "664.32200", "2006-04-30": "635.44800", "2006-01-31": "588.28200", "2005-10-31": "559.24200", "2005-07-31": "515.87700", "2005-04-30": "501.46880", "2005-01-31": "470.22510"}, "Comprehensive Income": {"2020-10-31": "11.21900", "2020-07-31": "26.99300", "2020-04-30": "-104.22400", "2020-01-31": "-71.41500", "2019-10-31": "-59.59100", "2019-07-31": "-57.00400", "2019-04-30": "-37.89100", "2019-01-31": "", "2018-10-31": "", "2018-07-31": "", "2018-04-30": "", "2018-01-31": "", "2017-10-31": "", "2017-07-31": "", "2017-04-30": "", "2017-01-31": "", "2016-10-31": "", "2016-07-31": "", "2016-04-30": "", "2016-01-31": "", "2015-10-31": "", "2015-07-31": "", "2015-04-30": "", "2015-01-31": "", "2014-10-31": "", "2014-07-31": "", "2014-04-30": "", "2014-01-31": "", "2013-10-31": "", "2013-07-31": "-0.02200", "2013-04-30": "-0.04300", "2013-01-31": "-0.04300", "2012-10-31": "-0.05900", "2012-07-31": "-0.06000", "2012-04-30": "-0.07200", "2012-01-31": "-0.08200", "2011-10-31": "-0.09800", "2011-07-31": "-0.06700", "2011-04-30": "-0.16600", "2011-01-31": "-0.16900", "2010-10-31": "-0.19200", "2010-07-31": "-0.32400", "2010-04-30": "-0.70700", "2010-01-31": "1.07900", "2009-10-31": "0.96100", "2009-07-31": "1.07000", "2009-04-30": "-0.59400", "2009-01-31": "-0.93200", "2008-10-31": "-3.87700", "2008-07-31": "-1.96300", "2008-04-30": "-1.12600", "2008-01-31": "3.76600", "2007-10-31": "4.77500", "2007-07-31": "2.75600", "2007-04-30": "2.10900", "2007-01-31": "1.31100", "2006-10-31": "1.87400", "2006-07-31": "1.77200", "2006-04-30": "1.93900", "2006-01-31": "1.78300", "2005-10-31": "1.35400", "2005-07-31": "0.94300", "2005-04-30": "0.55310", "2005-01-31": "0.79100"}, "Other Share Holders Equity": {"2020-10-31": "", "2020-07-31": "", "2020-04-30": "", "2020-01-31": "", "2019-10-31": "", "2019-07-31": "", "2019-04-30": "", "2019-01-31": "", "2018-10-31": "", "2018-07-31": "", "2018-04-30": "", "2018-01-31": "", "2017-10-31": "", "2017-07-31": "", "2017-04-30": "", "2017-01-31": "", "2016-10-31": "", "2016-07-31": "", "2016-04-30": "", "2016-01-31": "", "2015-10-31": "", "2015-07-31": "", "2015-04-30": "", "2015-01-31": "", "2014-10-31": "", "2014-07-31": "", "2014-04-30": "", "2014-01-31": "", "2013-10-31": "", "2013-07-31": "", "2013-04-30": "", "2013-01-31": "", "2012-10-31": "", "2012-07-31": "", "2012-04-30": "", "2012-01-31": "", "2011-10-31": "", "2011-07-31": "", "2011-04-30": "", "2011-01-31": "", "2010-10-31": "", "2010-07-31": "", "2010-04-30": "", "2010-01-31": "", "2009-10-31": "", "2009-07-31": "", "2009-04-30": "", "2009-01-31": "", "2008-10-31": "", "2008-07-31": "", "2008-04-30": "", "2008-01-31": "", "2007-10-31": "", "2007-07-31": "", "2007-04-30": "", "2007-01-31": "", "2006-10-31": "", "2006-07-31": "", "2006-04-30": "-0.55200", "2006-01-31": "-0.20700", "2005-10-31": "-0.48800", "2005-07-31": "-0.74700", "2005-04-30": "-0.87230", "2005-01-31": "-0.98220"}, "Share Holder Equity": {"2020-10-31": "2420.52100", "2020-07-31": "2345.56900", "2020-04-30": "2111.51200", "2020-01-31": "2122.33400", "2019-10-31": "2124.97100", "2019-07-31": "2095.22800", "2019-04-30": "2039.53300", "2019-01-31": "1906.93100", "2018-10-31": "1928.34600", "2018-07-31": "1937.74100", "2018-04-30": "1865.62600", "2018-01-31": "1747.92900", "2017-10-31": "1684.10500", "2017-07-31": "1576.54000", "2017-04-30": "1471.95800", "2017-01-31": "1375.56400", "2016-10-31": "1325.65000", "2016-07-31": "1265.22200", "2016-04-30": "1196.19100", "2016-01-31": "1131.39400", "2015-10-31": "1100.37400", "2015-07-31": "1065.18700", "2015-04-30": "1068.78400", "2015-01-31": "1018.65300", "2014-10-31": "1002.76600", "2014-07-31": "977.69700", "2014-04-30": "921.40300", "2014-01-31": "877.41600", "2013-10-31": "872.08400", "2013-07-31": "892.61400", "2013-04-30": "838.68800", "2013-01-31": "803.91200", "2012-10-31": "873.61600", "2012-07-31": "850.82700", "2012-04-30": "813.81700", "2012-01-31": "779.46600", "2011-10-31": "830.53500", "2011-07-31": "836.27400", "2011-04-30": "804.71800", "2011-01-31": "768.81600", "2010-10-31": "767.68600", "2010-07-31": "657.27800", "2010-04-30": "619.12000", "2010-01-31": "590.18200", "2009-10-31": "696.96000", "2009-07-31": "705.03300", "2009-04-30": "682.26000", "2009-01-31": "683.52300", "2008-10-31": "699.20100", "2008-07-31": "699.69600", "2008-04-30": "698.52600", "2008-01-31": "681.10400", "2007-10-31": "676.12300", "2007-07-31": "766.33100", "2007-04-30": "718.16000", "2007-01-31": "685.55600", "2006-10-31": "685.56300", "2006-07-31": "699.84900", "2006-04-30": "715.84500", "2006-01-31": "672.42800", "2005-10-31": "641.46500", "2005-07-31": "597.38700", "2005-04-30": "581.17210", "2005-01-31": "557.03670"}, "Total Liabilities And Share Holders Equity": {"2020-10-31": "5860.92200", "2020-07-31": "5771.46000", "2020-04-30": "5612.29000", "2020-01-31": "5628.47700", "2019-10-31": "5607.54100", "2019-07-31": "5660.44600", "2019-04-30": "5972.32000", "2019-01-31": "2730.19800", "2018-10-31": "2800.42800", "2018-07-31": "2778.66500", "2018-04-30": "2866.48200", "2018-01-31": "2708.95900", "2017-10-31": "2709.96600", "2017-07-31": "2557.93100", "2017-04-30": "2600.07600", "2017-01-31": "2432.42500", "2016-10-31": "2381.75800", "2016-07-31": "2325.46400", "2016-04-30": "1697.88000", "2016-01-31": "1586.36300", "2015-10-31": "1572.38300", "2015-07-31": "1503.24800", "2015-04-30": "1550.26200", "2015-01-31": "1455.78300", "2014-10-31": "1408.84900", "2014-07-31": "1408.71800", "2014-04-30": "1372.40300", "2014-01-31": "1248.59700", "2013-10-31": "1318.72500", "2013-07-31": "1328.26800", "2013-04-30": "1289.36000", "2013-01-31": "1208.99400", "2012-10-31": "1267.55300", "2012-07-31": "1243.05400", "2012-04-30": "1242.95400", "2012-01-31": "1142.63100", "2011-10-31": "1182.36900", "2011-07-31": "1198.07000", "2011-04-30": "1179.50200", "2011-01-31": "1127.12000", "2010-10-31": "1096.11800", "2010-07-31": "964.07300", "2010-04-30": "938.41000", "2010-01-31": "862.91200", "2009-10-31": "979.12000", "2009-07-31": "951.12400", "2009-04-30": "923.56700", "2009-01-31": "906.84300", "2008-10-31": "960.96300", "2008-07-31": "996.56200", "2008-04-30": "1023.60800", "2008-01-31": "1006.85400", "2007-10-31": "1018.07100", "2007-07-31": "1059.29700", "2007-04-30": "1064.81000", "2007-01-31": "970.34300", "2006-10-31": "971.08600", "2006-07-31": "1004.72500", "2006-04-30": "1062.77700", "2006-01-31": "966.01800", "2005-10-31": "921.60600", "2005-07-31": "857.87900", "2005-04-30": "839.03920", "2005-01-31": "780.96950"}}, "cash flow statement": {"Net Income/Loss": {"2020-07-31": "221.38400", "2019-07-31": "132.46500", "2018-07-31": "430.15100", "2017-07-31": "374.25400", "2016-07-31": "256.51900", "2015-07-31": "199.38500", "2014-07-31": "179.00200", "2013-07-31": "152.86200", "2012-07-31": "121.73900", "2011-07-31": "106.27300", "2010-07-31": "110.06400", "2009-07-31": "17.14300", "2008-07-31": "92.70600", "2007-07-31": "134.73100", "2006-07-31": "163.40500", "2005-07-31": "119.14300"}, "Total Depreciation And Amortization - Cash Flow": {"2020-07-31": "206.91000", "2019-07-31": "154.96600", "2018-07-31": "94.79300", "2017-07-31": "99.82800", "2016-07-31": "52.70600", "2015-07-31": "31.38100", "2014-07-31": "25.83400", "2013-07-31": "24.98700", "2012-07-31": "24.97800", "2011-07-31": "24.00900", "2010-07-31": "13.22900", "2009-07-31": "13.48300", "2008-07-31": "17.02100", "2007-07-31": "13.90500", "2006-07-31": "14.04600", "2005-07-31": "10.77500"}, "Other Non-Cash Items": {"2020-07-31": "22.72400", "2019-07-31": "81.40700", "2018-07-31": "30.07500", "2017-07-31": "-29.28300", "2016-07-31": "4.02900", "2015-07-31": "-0.74200", "2014-07-31": "-6.17200", "2013-07-31": "5.65000", "2012-07-31": "-3.06400", "2011-07-31": "0.69900", "2010-07-31": "-4.21300", "2009-07-31": "16.92900", "2008-07-31": "-26.26500", "2007-07-31": "-0.52800", "2006-07-31": "-2.57100", "2005-07-31": "5.80300"}, "Total Non-Cash Items": {"2020-07-31": "229.63400", "2019-07-31": "236.37300", "2018-07-31": "124.86800", "2017-07-31": "70.54500", "2016-07-31": "56.73500", "2015-07-31": "30.63900", "2014-07-31": "19.66200", "2013-07-31": "30.63700", "2012-07-31": "21.91400", "2011-07-31": "24.70800", "2010-07-31": "9.01600", "2009-07-31": "30.41200", "2008-07-31": "-9.24400", "2007-07-31": "13.37700", "2006-07-31": "11.47500", "2005-07-31": "16.57800"}, "Change In Accounts Receivable": {"2020-07-31": "-115.23200", "2019-07-31": "136.14500", "2018-07-31": "-2.39100", "2017-07-31": "-92.30500", "2016-07-31": "-15.77300", "2015-07-31": "41.32400", "2014-07-31": "-9.44800", "2013-07-31": "-46.61500", "2012-07-31": "-62.59200", "2011-07-31": "14.64800", "2010-07-31": "-49.18400", "2009-07-31": "30.73900", "2008-07-31": "31.04000", "2007-07-31": "16.34800", "2006-07-31": "-50.10800", "2005-07-31": "-3.46700"}, "Change In Inventories": {"2020-07-31": "133.29000", "2019-07-31": "283.31100", "2018-07-31": "-77.42100", "2017-07-31": "-56.61900", "2016-07-31": "-15.58200", "2015-07-31": "14.75000", "2014-07-31": "-44.77400", "2013-07-31": "-37.03700", "2012-07-31": "-1.58500", "2011-07-31": "-17.44800", "2010-07-31": "-29.98700", "2009-07-31": "47.30400", "2008-07-31": "16.39800", "2007-07-31": "14.18900", "2006-07-31": "-22.68400", "2005-07-31": "-4.98200"}, "Change In Accounts Payable": {"2020-07-31": "60.46900", "2019-07-31": "-120.50700", "2018-07-31": "-40.73600", "2017-07-31": "67.13800", "2016-07-31": "28.62500", "2015-07-31": "-26.63200", "2014-07-31": "13.64700", "2013-07-31": "15.44900", "2012-07-31": "23.43500", "2011-07-31": "-15.40300", "2010-07-31": "25.23800", "2009-07-31": "-17.54800", "2008-07-31": "-27.61500", "2007-07-31": "-21.53700", "2006-07-31": "23.88800", "2005-07-31": "-10.17600"}, "Change In Assets/Liabilities": {"2020-07-31": "25.45500", "2019-07-31": "-113.15600", "2018-07-31": "2.46200", "2017-07-31": "-6.75500", "2016-07-31": "4.66900", "2015-07-31": "-11.57600", "2014-07-31": "-16.53400", "2013-07-31": "-2.54800", "2012-07-31": "7.74500", "2011-07-31": "5.29900", "2010-07-31": "-6.50000", "2009-07-31": "-14.42900", "2008-07-31": "8.22800", "2007-07-31": "68.23500", "2006-07-31": "-23.92900", "2005-07-31": "15.98700"}, "Total Change In Assets/Liabilities": {"2020-07-31": "89.92300", "2019-07-31": "139.18100", "2018-07-31": "-88.51100", "2017-07-31": "-25.46600", "2016-07-31": "27.95500", "2015-07-31": "17.83600", "2014-07-31": "-49.40300", "2013-07-31": "-38.43300", "2012-07-31": "-24.81200", "2011-07-31": "-16.17900", "2010-07-31": "-18.42800", "2009-07-31": "1.01500", "2008-07-31": "38.64600", "2007-07-31": "84.64500", "2006-07-31": "-37.62100", "2005-07-31": "-5.87000"}, "Cash Flow From Operating Activities": {"2020-07-31": "540.94100", "2019-07-31": "508.01900", "2018-07-31": "466.50800", "2017-07-31": "419.33300", "2016-07-31": "341.20900", "2015-07-31": "247.86000", "2014-07-31": "149.26100", "2013-07-31": "145.06600", "2012-07-31": "118.84100", "2011-07-31": "114.80200", "2010-07-31": "100.65200", "2009-07-31": "48.57000", "2008-07-31": "122.10800", "2007-07-31": "232.75300", "2006-07-31": "137.25900", "2005-07-31": "129.85100"}, "Net Change In Property, Plant, And Equipment": {"2020-07-31": "-79.02000", "2019-07-31": "-127.49200", "2018-07-31": "-134.36200", "2017-07-31": "-110.34500", "2016-07-31": "-51.62900", "2015-07-31": "-41.90200", "2014-07-31": "-21.70700", "2013-07-31": "-23.94400", "2012-07-31": "-9.43400", "2011-07-31": "-33.05900", "2010-07-31": "-7.33100", "2009-07-31": "-2.73500", "2008-07-31": "-9.45900", "2007-07-31": "-13.42200", "2006-07-31": "-29.90300", "2005-07-31": "-43.12400"}, "Net Change In Intangible Assets": {"2020-07-31": "", "2019-07-31": "", "2018-07-31": "", "2017-07-31": "", "2016-07-31": "", "2015-07-31": "", "2014-07-31": "", "2013-07-31": "", "2012-07-31": "", "2011-07-31": "", "2010-07-31": "", "2009-07-31": "", "2008-07-31": "", "2007-07-31": "", "2006-07-31": "", "2005-07-31": ""}, "Net Acquisitions/Divestitures": {"2020-07-31": "", "2019-07-31": "-1729.35400", "2018-07-31": "", "2017-07-31": "-5.03900", "2016-07-31": "-557.65100", "2015-07-31": "-194.48600", "2014-07-31": "18.95100", "2013-07-31": "1.33300", "2012-07-31": "-0.17000", "2011-07-31": "-99.56200", "2010-07-31": "-19.75600", "2009-07-31": "1.57800", "2008-07-31": "", "2007-07-31": "", "2006-07-31": "", "2005-07-31": "-38.11300"}, "Net Change In Short-term Investments": {"2020-07-31": "", "2019-07-31": "", "2018-07-31": "", "2017-07-31": "", "2016-07-31": "", "2015-07-31": "", "2014-07-31": "", "2013-07-31": "", "2012-07-31": "", "2011-07-31": "", "2010-07-31": "", "2009-07-31": "", "2008-07-31": "", "2007-07-31": "", "2006-07-31": "", "2005-07-31": ""}, "Net Change In Long-Term Investments": {"2020-07-31": "", "2019-07-31": "-6.50000", "2018-07-31": "-50.40200", "2017-07-31": "", "2016-07-31": "", "2015-07-31": "", "2014-07-31": "0.70000", "2013-07-31": "0.80000", "2012-07-31": "0.65000", "2011-07-31": "3.70000", "2010-07-31": "115.85000", "2009-07-31": "10.85000", "2008-07-31": "42.02500", "2007-07-31": "-174.71900", "2006-07-31": "", "2005-07-31": ""}, "Net Change In Investments - Total": {"2020-07-31": "", "2019-07-31": "-6.50000", "2018-07-31": "-50.40200", "2017-07-31": "", "2016-07-31": "", "2015-07-31": "", "2014-07-31": "0.70000", "2013-07-31": "0.80000", "2012-07-31": "0.65000", "2011-07-31": "3.70000", "2010-07-31": "115.85000", "2009-07-31": "10.85000", "2008-07-31": "42.02500", "2007-07-31": "-174.71900", "2006-07-31": "", "2005-07-31": ""}, "Investing Activities - Other": {"2020-07-31": "-5.22900", "2019-07-31": "-2.15700", "2018-07-31": "1.27100", "2017-07-31": "-1.27100", "2016-07-31": "7.80700", "2015-07-31": "1.42000", "2014-07-31": "4.98400", "2013-07-31": "7.81500", "2012-07-31": "1.10000", "2011-07-31": "2.56900", "2010-07-31": "-5.78600", "2009-07-31": "-10.00000", "2008-07-31": "", "2007-07-31": "", "2006-07-31": "", "2005-07-31": ""}, "Cash Flow From Investing Activities": {"2020-07-31": "-84.24900", "2019-07-31": "-1865.50300", "2018-07-31": "-183.49300", "2017-07-31": "-116.65500", "2016-07-31": "-601.47300", "2015-07-31": "-234.96800", "2014-07-31": "2.92800", "2013-07-31": "-13.99600", "2012-07-31": "-7.85400", "2011-07-31": "-126.35200", "2010-07-31": "82.97700", "2009-07-31": "-0.30700", "2008-07-31": "32.56600", "2007-07-31": "-188.14100", "2006-07-31": "-29.90300", "2005-07-31": "-81.23700"}, "Net Long-Term Debt": {"2020-07-31": "-669.88400", "2019-07-31": "1596.64700", "2018-07-31": "-145.37800", "2017-07-31": "-215.34100", "2016-07-31": "359.67200", "2015-07-31": "-0.08300", "2014-07-31": "", "2013-07-31": "", "2012-07-31": "", "2011-07-31": "", "2010-07-31": "", "2009-07-31": "", "2008-07-31": "", "2007-07-31": "", "2006-07-31": "", "2005-07-31": "-1.00100"}, "Net Current Debt": {"2020-07-31": "379.22200", "2019-07-31": "100.00000", "2018-07-31": "", "2017-07-31": "", "2016-07-31": "", "2015-07-31": "", "2014-07-31": "", "2013-07-31": "", "2012-07-31": "", "2011-07-31": "", "2010-07-31": "", "2009-07-31": "", "2008-07-31": "", "2007-07-31": "", "2006-07-31": "", "2005-07-31": ""}, "Debt Issuance/Retirement Net - Total": {"2020-07-31": "-290.66200", "2019-07-31": "1696.64700", "2018-07-31": "-145.37800", "2017-07-31": "-215.34100", "2016-07-31": "359.67200", "2015-07-31": "-0.08300", "2014-07-31": "", "2013-07-31": "", "2012-07-31": "", "2011-07-31": "", "2010-07-31": "", "2009-07-31": "", "2008-07-31": "", "2007-07-31": "", "2006-07-31": "", "2005-07-31": "-1.00100"}, "Net Common Equity Issued/Repurchased": {"2020-07-31": "", "2019-07-31": "", "2018-07-31": "", "2017-07-31": "", "2016-07-31": "", "2015-07-31": "-59.85900", "2014-07-31": "3.20600", "2013-07-31": "3.83600", "2012-07-31": "-75.55900", "2011-07-31": "1.04700", "2010-07-31": "-115.40400", "2009-07-31": "0.02700", "2008-07-31": "-10.47100", "2007-07-31": "1.48100", "2006-07-31": "-47.88100", "2005-07-31": "-14.19200"}, "Net Total Equity Issued/Repurchased": {"2020-07-31": "", "2019-07-31": "", "2018-07-31": "", "2017-07-31": "", "2016-07-31": "", "2015-07-31": "-59.85900", "2014-07-31": "3.20600", "2013-07-31": "3.83600", "2012-07-31": "-75.55900", "2011-07-31": "1.04700", "2010-07-31": "-115.40400", "2009-07-31": "0.02700", "2008-07-31": "-10.47100", "2007-07-31": "1.48100", "2006-07-31": "-47.88100", "2005-07-31": "-14.19200"}, "Total Common And Preferred Stock Dividends Paid": {"2020-07-31": "-88.31800", "2019-07-31": "-84.13900", "2018-07-31": "-77.98900", "2017-07-31": "-69.40900", "2016-07-31": "-62.97000", "2015-07-31": "-57.38100", "2014-07-31": "-102.31400", "2013-07-31": "-117.68700", "2012-07-31": "-32.32200", "2011-07-31": "-22.32900", "2010-07-31": "-42.40800", "2009-07-31": "-15.52300", "2008-07-31": "-127.27800", "2007-07-31": "-71.32400", "2006-07-31": "-27.76400", "2005-07-31": "-6.82400"}, "Financial Activities - Other": {"2020-07-31": "-13.93600", "2019-07-31": "-73.43500", "2018-07-31": "-7.65700", "2017-07-31": "-4.57200", "2016-07-31": "-10.01400", "2015-07-31": "-1.42700", "2014-07-31": "-0.34600", "2013-07-31": "0.74000", "2012-07-31": "0.10100", "2011-07-31": "0.51600", "2010-07-31": "", "2009-07-31": "", "2008-07-31": "", "2007-07-31": "", "2006-07-31": "", "2005-07-31": ""}, "Cash Flow From Financial Activities": {"2020-07-31": "-392.91600", "2019-07-31": "1539.07300", "2018-07-31": "-231.02400", "2017-07-31": "-289.32200", "2016-07-31": "286.68800", "2015-07-31": "-118.75000", "2014-07-31": "-99.45400", "2013-07-31": "-113.11100", "2012-07-31": "-107.78000", "2011-07-31": "-20.76600", "2010-07-31": "-157.81200", "2009-07-31": "-15.49600", "2008-07-31": "-137.74900", "2007-07-31": "-69.84300", "2006-07-31": "-75.64500", "2005-07-31": "-22.01700"}, "Net Cash Flow": {"2020-07-31": "90.10100", "2019-07-31": "176.01300", "2018-07-31": "51.99100", "2017-07-31": "13.35600", "2016-07-31": "26.42400", "2015-07-31": "-105.85800", "2014-07-31": "52.73500", "2013-07-31": "17.95900", "2012-07-31": "3.20700", "2011-07-31": "-32.31600", "2010-07-31": "26.06700", "2009-07-31": "32.06400", "2008-07-31": "17.73100", "2007-07-31": "-24.24700", "2006-07-31": "32.54000", "2005-07-31": "27.47600"}, "Stock-Based Compensation": {"2020-07-31": "19.88900", "2019-07-31": "18.95000", "2018-07-31": "17.00000", "2017-07-31": "12.50000", "2016-07-31": "9.38700", "2015-07-31": "6.77600", "2014-07-31": "5.23100", "2013-07-31": "2.81600", "2012-07-31": "0.68800", "2011-07-31": "2.70700", "2010-07-31": "1.38700", "2009-07-31": "0.65700", "2008-07-31": "0.35600", "2007-07-31": "0.61000", "2006-07-31": "1.06900", "2005-07-31": ""}, "Common Stock Dividends Paid": {"2020-07-31": "-88.31800", "2019-07-31": "-84.13900", "2018-07-31": "-77.98900", "2017-07-31": "-69.40900", "2016-07-31": "-62.97000", "2015-07-31": "-57.38100", "2014-07-31": "-102.31400", "2013-07-31": "-117.68700", "2012-07-31": "-32.32200", "2011-07-31": "-22.32900", "2010-07-31": "-42.40800", "2009-07-31": "-15.52300", "2008-07-31": "-127.27800", "2007-07-31": "-71.32400", "2006-07-31": "-27.76400", "2005-07-31": "-6.82400"}}, "cash flow statement, quarterly": {"Net Income/Loss": {"2020-10-31": "115.63900", "2020-07-31": 119.729, "2020-04-30": 22.784, "2020-01-31": 27.026, "2019-10-31": "51.84500", "2019-07-31": 92.491, "2019-04-30": 31.438, "2019-01-31": -5.417, "2018-10-31": "13.95300", "2018-07-31": 88.205, "2018-04-30": 133.788, "2018-01-31": 79.752, "2017-10-31": "128.40600", "2017-07-31": 119.464, "2017-04-30": 111.263, "2017-01-31": 64.782, "2016-10-31": "78.74500", "2016-07-31": 82.772, "2016-04-30": 78.582, "2016-01-31": 44.668, "2015-10-31": "50.49700", "2015-07-31": 68.967, "2015-04-30": 62.845, "2015-01-31": 28.648, "2014-10-31": "38.92500", "2014-07-31": 66.58, "2014-04-30": 55.122, "2014-01-31": 16.192, "2013-10-31": "41.10800", "2013-07-31": 58.221, "2013-04-30": 43.757, "2013-01-31": 19.896, "2012-10-31": "30.98800", "2012-07-31": 44.36, "2012-04-30": 41.341, "2012-01-31": 13.68, "2011-10-31": "22.35800", "2011-07-31": 36.889, "2011-04-30": 40.008, "2011-01-31": 5.688, "2010-10-31": "23.68800", "2010-07-31": 40.6, "2010-04-30": 34.111, "2010-01-31": 11.924, "2009-10-31": "23.42900", "2009-07-31": 24.781, "2009-04-30": 2.102, "2009-01-31": -14.86, "2008-10-31": "5.12000", "2008-07-31": 5.041, "2008-04-30": 27.854, "2008-01-31": 21.602, "2007-10-31": "38.20900", "2007-07-31": 50.313, "2007-04-30": 35.569, "2007-01-31": 18.252, "2006-10-31": "30.59700", "2006-07-31": 43.458, "2006-04-30": 48.669, "2006-01-31": 27.913, "2005-10-31": "43.36500", "2005-07-31": 30.483, "2005-04-30": 32.949, "2005-01-31": 55.711}, "Total Depreciation And Amortization - Cash Flow": {"2020-10-31": "56.96200", "2020-07-31": 54.249, "2020-04-30": 48.138, "2020-01-31": 51.631, "2019-10-31": "52.89200", "2019-07-31": 54.015, "2019-04-30": 53.586, "2019-01-31": 23.914, "2018-10-31": "23.45100", "2018-07-31": 24.11, "2018-04-30": 23.925, "2018-01-31": 23.667, "2017-10-31": "23.09100", "2017-07-31": 24.353, "2017-04-30": 24.285, "2017-01-31": 24.202, "2016-10-31": "26.98800", "2016-07-31": 17.593, "2016-04-30": 12.273, "2016-01-31": 11.407, "2015-10-31": "11.43300", "2015-07-31": 9.333, "2015-04-30": 7.604, "2015-01-31": 7.431, "2014-10-31": "7.01300", "2014-07-31": 7.143, "2014-04-30": 6.17, "2014-01-31": 6.205, "2013-10-31": "6.31600", "2013-07-31": 6.256, "2013-04-30": 6.277, "2013-01-31": 6.242, "2012-10-31": "6.21200", "2012-07-31": 6.179, "2012-04-30": 6.205, "2012-01-31": 6.233, "2011-10-31": "6.36100", "2011-07-31": 6.426, "2011-04-30": 4.286, "2011-01-31": 7.882, "2010-10-31": "5.41500", "2010-07-31": 3.457, "2010-04-30": 3.249, "2010-01-31": 3.253, "2009-10-31": "3.27000", "2009-07-31": -7.067, "2009-04-30": 13.578, "2009-01-31": 3.479, "2008-10-31": "3.49300", "2008-07-31": 6.363, "2008-04-30": 3.553, "2008-01-31": 3.539, "2007-10-31": "3.56600", "2007-07-31": 3.548, "2007-04-30": 3.51, "2007-01-31": 3.384, "2006-10-31": "3.46300", "2006-07-31": 3.311, "2006-04-30": 3.292, "2006-01-31": 4.425, "2005-10-31": "3.01800", "2005-07-31": 2.914, "2005-04-30": 2.704, "2005-01-31": 5.157}, "Other Non-Cash Items": {"2020-10-31": "10.29000", "2020-07-31": -22.594, "2020-04-30": 22.284, "2020-01-31": 15.084, "2019-10-31": "7.95000", "2019-07-31": -5.833, "2019-04-30": 4.16, "2019-01-31": 36.776, "2018-10-31": "46.30400", "2018-07-31": 0.524, "2018-04-30": -1.01, "2018-01-31": 33.069, "2017-10-31": "-2.50800", "2017-07-31": -26.834, "2017-04-30": -1.788, "2017-01-31": 1.086, "2016-10-31": "-1.74700", "2016-07-31": -10.425, "2016-04-30": 2.167, "2016-01-31": 8.011, "2015-10-31": "4.27600", "2015-07-31": -2.807, "2015-04-30": 0.609, "2015-01-31": -1.159, "2014-10-31": "2.61500", "2014-07-31": -4.212, "2014-04-30": -1.505, "2014-01-31": 4.721, "2013-10-31": "-5.17600", "2013-07-31": 0.026, "2013-04-30": 5.097, "2013-01-31": 2.103, "2012-10-31": "-1.57600", "2012-07-31": -1.02, "2012-04-30": -3.539, "2012-01-31": 0.888, "2011-10-31": "0.60700", "2011-07-31": -3.041, "2011-04-30": 1.922, "2011-01-31": -1.474, "2010-10-31": "3.29200", "2010-07-31": 0.219, "2010-04-30": -4.518, "2010-01-31": 0.078, "2009-10-31": "0.00800", "2009-07-31": 15.747, "2009-04-30": -1.165, "2009-01-31": 2.181, "2008-10-31": "0.16600", "2008-07-31": -5.808, "2008-04-30": -6.314, "2008-01-31": -7.204, "2007-10-31": "-6.93900", "2007-07-31": -48.701, "2007-04-30": 55.363, "2007-01-31": -67.99, "2006-10-31": "60.80000", "2006-07-31": 14.856, "2006-04-30": -5.853, "2006-01-31": -11.792, "2005-10-31": "0.21800", "2005-07-31": 4.704, "2005-04-30": -0.133, "2005-01-31": 1.232}, "Total Non-Cash Items": {"2020-10-31": "67.25200", "2020-07-31": 31.655, "2020-04-30": 70.422, "2020-01-31": 66.715, "2019-10-31": "60.84200", "2019-07-31": 48.182, "2019-04-30": 57.746, "2019-01-31": 60.69, "2018-10-31": "69.75500", "2018-07-31": 24.634, "2018-04-30": 22.915, "2018-01-31": 56.736, "2017-10-31": "20.58300", "2017-07-31": -2.481, "2017-04-30": 22.497, "2017-01-31": 25.288, "2016-10-31": "25.24100", "2016-07-31": 7.168, "2016-04-30": 14.44, "2016-01-31": 19.418, "2015-10-31": "15.70900", "2015-07-31": 6.526, "2015-04-30": 8.213, "2015-01-31": 6.272, "2014-10-31": "9.62800", "2014-07-31": 2.931, "2014-04-30": 4.665, "2014-01-31": 10.926, "2013-10-31": "1.14000", "2013-07-31": 6.282, "2013-04-30": 11.374, "2013-01-31": 8.345, "2012-10-31": "4.63600", "2012-07-31": 5.159, "2012-04-30": 2.666, "2012-01-31": 7.121, "2011-10-31": "6.96800", "2011-07-31": 3.385, "2011-04-30": 6.208, "2011-01-31": 6.408, "2010-10-31": "8.70700", "2010-07-31": 3.676, "2010-04-30": -1.269, "2010-01-31": 3.331, "2009-10-31": "3.27800", "2009-07-31": 8.68, "2009-04-30": 12.413, "2009-01-31": 5.66, "2008-10-31": "3.65900", "2008-07-31": 0.555, "2008-04-30": -2.761, "2008-01-31": -3.665, "2007-10-31": "-3.37300", "2007-07-31": -45.153, "2007-04-30": 58.873, "2007-01-31": -64.606, "2006-10-31": "64.26300", "2006-07-31": 18.167, "2006-04-30": -2.561, "2006-01-31": -7.367, "2005-10-31": "3.23600", "2005-07-31": 7.618, "2005-04-30": 2.571, "2005-01-31": 6.389}, "Change In Accounts Receivable": {"2020-10-31": "-36.49500", "2020-07-31": -334.982, "2020-04-30": 341.475, "2020-01-31": -56.418, "2019-10-31": "-65.30700", "2019-07-31": 118.707, "2019-04-30": -125.015, "2019-01-31": 159.009, "2018-10-31": "-16.55600", "2018-07-31": 170.997, "2018-04-30": -34.458, "2018-01-31": 13.991, "2017-10-31": "-152.92100", "2017-07-31": 130.881, "2017-04-30": -126.474, "2017-01-31": -10.293, "2016-10-31": "-86.41900", "2016-07-31": 96.339, "2016-04-30": -49.765, "2016-01-31": -14.733, "2015-10-31": "-47.61400", "2015-07-31": 110.697, "2015-04-30": -69.356, "2015-01-31": -35.887, "2014-10-31": "35.87000", "2014-07-31": 116.044, "2014-04-30": -155.741, "2014-01-31": 9.139, "2013-10-31": "21.11000", "2013-07-31": 33.983, "2013-04-30": -62.368, "2013-01-31": -34.547, "2012-10-31": "16.31700", "2012-07-31": 54.239, "2012-04-30": -111.634, "2012-01-31": -9.442, "2011-10-31": "4.24500", "2011-07-31": 95.399, "2011-04-30": -88.213, "2011-01-31": -36.356, "2010-10-31": "43.81800", "2010-07-31": 41.869, "2010-04-30": -59.324, "2010-01-31": -12.639, "2009-10-31": "-19.09000", "2009-07-31": 5.152, "2009-04-30": -66.126, "2009-01-31": 63.991, "2008-10-31": "27.72200", "2008-07-31": 39.981, "2008-04-30": 1.34, "2008-01-31": -8.459, "2007-10-31": "-1.82200", "2007-07-31": 43.699, "2007-04-30": -34.785, "2007-01-31": -27.046, "2006-10-31": "34.48000", "2006-07-31": 24.826, "2006-04-30": -45.775, "2006-01-31": 9.839, "2005-10-31": "-38.99800", "2005-07-31": 45.971, "2005-04-30": -24.435, "2005-01-31": -25.003}, "Change In Inventories": {"2020-10-31": "-322.04700", "2020-07-31": 195.765, "2020-04-30": 47.524, "2020-01-31": -27.847, "2019-10-31": "-82.15200", "2019-07-31": 138.262, "2019-04-30": 168.982, "2019-01-31": 3.504, "2018-10-31": "-27.43700", "2018-07-31": 69.276, "2018-04-30": -16.822, "2018-01-31": -73.035, "2017-10-31": "-56.84000", "2017-07-31": -0.82, "2017-04-30": 17.93, "2017-01-31": -60.471, "2016-10-31": "-13.25800", "2016-07-31": 13.555, "2016-04-30": -0.707, "2016-01-31": -3.175, "2015-10-31": "-25.25500", "2015-07-31": 42.291, "2015-04-30": -12.064, "2015-01-31": -9.98, "2014-10-31": "-5.49700", "2014-07-31": 34.588, "2014-04-30": -11.365, "2014-01-31": -24.709, "2013-10-31": "-43.28800", "2013-07-31": 21.344, "2013-04-30": -11.067, "2013-01-31": -8.492, "2012-10-31": "-38.82200", "2012-07-31": 14.82, "2012-04-30": -8.678, "2012-01-31": -9.1, "2011-10-31": "1.37300", "2011-07-31": 39.492, "2011-04-30": -12.013, "2011-01-31": -30.877, "2010-10-31": "-14.05000", "2010-07-31": 27.702, "2010-04-30": -0.802, "2010-01-31": -28.136, "2009-10-31": "-28.75100", "2009-07-31": 26.691, "2009-04-30": 21.81, "2009-01-31": 12.784, "2008-10-31": "-13.98100", "2008-07-31": 46.652, "2008-04-30": 1.741, "2008-01-31": -13.096, "2007-10-31": "-18.89900", "2007-07-31": 33.745, "2007-04-30": -13.211, "2007-01-31": 17.654, "2006-10-31": "-23.99900", "2006-07-31": 15.103, "2006-04-30": -11.342, "2006-01-31": -1.167, "2005-10-31": "-25.27800", "2005-07-31": 26.468, "2005-04-30": 11.766, "2005-01-31": -43.216}, "Change In Accounts Payable": {"2020-10-31": "127.58500", "2020-07-31": 198.137, "2020-04-30": -204.704, "2020-01-31": 47.397, "2019-10-31": "19.63900", "2019-07-31": -24.658, "2019-04-30": -33.641, "2019-01-31": -33.058, "2018-10-31": "-29.15000", "2018-07-31": -70.331, "2018-04-30": 2.36, "2018-01-31": -6.236, "2017-10-31": "33.47100", "2017-07-31": -18.513, "2017-04-30": 57.06, "2017-01-31": 29.845, "2016-10-31": "-1.25400", "2016-07-31": -6.459, "2016-04-30": 16.162, "2016-01-31": -9.745, "2015-10-31": "28.66700", "2015-07-31": -56.768, "2015-04-30": 20.016, "2015-01-31": 23.863, "2014-10-31": "-13.74300", "2014-07-31": -15.754, "2014-04-30": 36.56, "2014-01-31": -11.075, "2013-10-31": "3.91600", "2013-07-31": -20.838, "2013-04-30": 14.054, "2013-01-31": 20.887, "2012-10-31": "1.34600", "2012-07-31": -29.473, "2012-04-30": 40.793, "2012-01-31": 14.552, "2011-10-31": "-2.43700", "2011-07-31": -12.306, "2011-04-30": 1.754, "2011-01-31": 22.661, "2010-10-31": "-27.51200", "2010-07-31": -4.535, "2010-04-30": 12.79, "2010-01-31": -1.353, "2009-10-31": "18.33600", "2009-07-31": -3.896, "2009-04-30": 13.299, "2009-01-31": -7.777, "2008-10-31": "-19.17400", "2008-07-31": -18.307, "2008-04-30": -24.151, "2008-01-31": 10.814, "2007-10-31": "4.02900", "2007-07-31": -23.84, "2007-04-30": 24.524, "2007-01-31": 18.531, "2006-10-31": "-40.75200", "2006-07-31": -19.782, "2006-04-30": 34.531, "2006-01-31": 8.697, "2005-10-31": "0.44200", "2005-07-31": -0.868, "2005-04-30": 18.091, "2005-01-31": -27.399}, "Change In Assets/Liabilities": {"2020-10-31": "-12.62300", "2020-07-31": 33.806, "2020-04-30": -19.125, "2020-01-31": 1.045, "2019-10-31": "9.72900", "2019-07-31": 0.663, "2019-04-30": -83.369, "2019-01-31": -14.269, "2018-10-31": "-16.18100", "2018-07-31": 6.35, "2018-04-30": -5.543, "2018-01-31": 0.831, "2017-10-31": "0.82400", "2017-07-31": -8.503, "2017-04-30": 7.491, "2017-01-31": -5.917, "2016-10-31": "0.17400", "2016-07-31": 5.433, "2016-04-30": 7.038, "2016-01-31": -2.111, "2015-10-31": "-5.69100", "2015-07-31": -4.668, "2015-04-30": 5.89, "2015-01-31": -5.119, "2014-10-31": "-7.67900", "2014-07-31": -10.694, "2014-04-30": 13.692, "2014-01-31": -15.663, "2013-10-31": "-3.86900", "2013-07-31": -1.863, "2013-04-30": 9.981, "2013-01-31": -10.742, "2012-10-31": "0.07600", "2012-07-31": -2.514, "2012-04-30": 12.65, "2012-01-31": -0.095, "2011-10-31": "-2.29600", "2011-07-31": 0.135, "2011-04-30": 10.63, "2011-01-31": -6.032, "2010-10-31": "0.56600", "2010-07-31": -8.142, "2010-04-30": -1.291, "2010-01-31": -1.075, "2009-10-31": "4.00800", "2009-07-31": -6.315, "2009-04-30": 1.282, "2009-01-31": -8.171, "2008-10-31": "-1.22500", "2008-07-31": 3.29, "2008-04-30": 5.972, "2008-01-31": 6.143, "2007-10-31": "-7.17700", "2007-07-31": 71.887, "2007-04-30": -60.086, "2007-01-31": 67.274, "2006-10-31": "-10.84000", "2006-07-31": 58.092, "2006-04-30": -10.033, "2006-01-31": -31.292, "2005-10-31": "-40.69600", "2005-07-31": -0.791, "2005-04-30": -24.816, "2005-01-31": 41.594}, "Total Change In Assets/Liabilities": {"2020-10-31": "-264.18100", "2020-07-31": 152.288, "2020-04-30": 138.765, "2020-01-31": -36.446, "2019-10-31": "-164.68400", "2019-07-31": 191.544, "2019-04-30": -48.012, "2019-01-31": 95.191, "2018-10-31": "-99.54200", "2018-07-31": 156.484, "2018-04-30": -16.363, "2018-01-31": -93.058, "2017-10-31": "-135.57400", "2017-07-31": 119.516, "2017-04-30": -3.742, "2017-01-31": -38.517, "2016-10-31": "-102.72300", "2016-07-31": 106.361, "2016-04-30": 0.02, "2016-01-31": -31.112, "2015-10-31": "-47.31400", "2015-07-31": 80.973, "2015-04-30": -32.826, "2015-01-31": -31.783, "2014-10-31": "1.47200", "2014-07-31": 113.3, "2014-04-30": -75.492, "2014-01-31": -50.816, "2013-10-31": "-36.39500", "2013-07-31": 35.865, "2013-04-30": -11.766, "2013-01-31": -41.347, "2012-10-31": "-21.18500", "2012-07-31": 32.005, "2012-04-30": -42.705, "2012-01-31": -7.127, "2011-10-31": "-6.98500", "2011-07-31": 124.315, "2011-04-30": -74.784, "2011-01-31": -43.009, "2010-10-31": "-22.70100", "2010-07-31": 57.562, "2010-04-30": -14.434, "2010-01-31": -53.302, "2009-10-31": "-8.25400", "2009-07-31": 13.038, "2009-04-30": -22.539, "2009-01-31": 31.287, "2008-10-31": "-20.77100", "2008-07-31": 67.006, "2008-04-30": 4.013, "2008-01-31": -30.575, "2007-10-31": "-1.79800", "2007-07-31": 96.658, "2007-04-30": -47.467, "2007-01-31": 55.725, "2006-10-31": "-20.27100", "2006-07-31": 58.754, "2006-04-30": -14.823, "2006-01-31": -12.452, "2005-10-31": "-69.10000", "2005-07-31": 57.713, "2005-04-30": -5.981, "2005-01-31": -57.602}, "Cash Flow From Operating Activities": {"2020-10-31": "-81.29000", "2020-07-31": 303.672, "2020-04-30": 231.971, "2020-01-31": 57.295, "2019-10-31": "-51.99700", "2019-07-31": 332.217, "2019-04-30": 41.172, "2019-01-31": 150.464, "2018-10-31": "-15.83400", "2018-07-31": 269.323, "2018-04-30": 140.34, "2018-01-31": 43.43, "2017-10-31": "13.41500", "2017-07-31": 236.499, "2017-04-30": 130.018, "2017-01-31": 51.553, "2016-10-31": "1.26300", "2016-07-31": 196.301, "2016-04-30": 93.042, "2016-01-31": 32.974, "2015-10-31": "18.89200", "2015-07-31": 156.466, "2015-04-30": 38.232, "2015-01-31": 3.137, "2014-10-31": "50.02500", "2014-07-31": 182.811, "2014-04-30": -15.705, "2014-01-31": -23.698, "2013-10-31": "5.85300", "2013-07-31": 100.368, "2013-04-30": 43.365, "2013-01-31": -13.106, "2012-10-31": "14.43900", "2012-07-31": 81.524, "2012-04-30": 1.302, "2012-01-31": 13.674, "2011-10-31": "22.34100", "2011-07-31": 164.589, "2011-04-30": -28.568, "2011-01-31": -30.913, "2010-10-31": "9.69400", "2010-07-31": 101.838, "2010-04-30": 18.408, "2010-01-31": -38.047, "2009-10-31": "18.45300", "2009-07-31": 46.499, "2009-04-30": -8.024, "2009-01-31": 22.087, "2008-10-31": "-11.99200", "2008-07-31": 72.602, "2008-04-30": 29.106, "2008-01-31": -12.638, "2007-10-31": "33.03800", "2007-07-31": 101.818, "2007-04-30": 46.975, "2007-01-31": 9.371, "2006-10-31": "74.58900", "2006-07-31": 120.379, "2006-04-30": 31.285, "2006-01-31": 8.094, "2005-10-31": "-22.49900", "2005-07-31": 95.814, "2005-04-30": 29.539, "2005-01-31": 4.498}, "Net Change In Property, Plant, And Equipment": {"2020-10-31": "-23.73300", "2020-07-31": -105.874, "2020-04-30": 59.362, "2020-01-31": -20.239, "2019-10-31": "-12.26900", "2019-07-31": -128.773, "2019-04-30": 56.017, "2019-01-31": -20.344, "2018-10-31": "-34.39200", "2018-07-31": -37.997, "2018-04-30": -36.914, "2018-01-31": -28.694, "2017-10-31": "-30.75700", "2017-07-31": -35.519, "2017-04-30": -28.456, "2017-01-31": -24.535, "2016-10-31": "-21.83500", "2016-07-31": -12.454, "2016-04-30": -14.683, "2016-01-31": -8.61, "2015-10-31": "-15.88200", "2015-07-31": -12.979, "2015-04-30": -12.803, "2015-01-31": -7.592, "2014-10-31": "-8.52800", "2014-07-31": -3.193, "2014-04-30": -6.404, "2014-01-31": -7.044, "2013-10-31": "-5.06600", "2013-07-31": -9.428, "2013-04-30": -4.796, "2013-01-31": -3.827, "2012-10-31": "-5.89300", "2012-07-31": -3.596, "2012-04-30": -2.36, "2012-01-31": -1.437, "2011-10-31": "-2.04100", "2011-07-31": -4.916, "2011-04-30": -2.905, "2011-01-31": -9.244, "2010-10-31": "-15.99400", "2010-07-31": -4.079, "2010-04-30": 1.942, "2010-01-31": -4.942, "2009-10-31": "-0.25200", "2009-07-31": -0.443, "2009-04-30": -1.483, "2009-01-31": -0.286, "2008-10-31": "-0.52300", "2008-07-31": -2.311, "2008-04-30": -2.692, "2008-01-31": -1.379, "2007-10-31": "-3.07700", "2007-07-31": -4.767, "2007-04-30": -1.778, "2007-01-31": -2.972, "2006-10-31": "-3.90500", "2006-07-31": -11.869, "2006-04-30": -3.839, "2006-01-31": -7.236, "2005-10-31": "-6.95900", "2005-07-31": -4.591, "2005-04-30": -7.434, "2005-01-31": -31.099}, "Net Change In Intangible Assets": {"2020-10-31": "", "2020-07-31": 0, "2020-04-30": 0, "2020-01-31": 0, "2019-10-31": "", "2019-07-31": 0, "2019-04-30": 0, "2019-01-31": 0, "2018-10-31": "", "2018-07-31": 0, "2018-04-30": 0, "2018-01-31": 0, "2017-10-31": "", "2017-07-31": 0, "2017-04-30": 0, "2017-01-31": 0, "2016-10-31": "", "2016-07-31": 0, "2016-04-30": 0, "2016-01-31": 0, "2015-10-31": "", "2015-07-31": 0, "2015-04-30": 0, "2015-01-31": 0, "2014-10-31": "", "2014-07-31": 0, "2014-04-30": 0, "2014-01-31": 0, "2013-10-31": "", "2013-07-31": 0, "2013-04-30": 0, "2013-01-31": 0, "2012-10-31": "", "2012-07-31": 0, "2012-04-30": 0, "2012-01-31": 0, "2011-10-31": "", "2011-07-31": 0, "2011-04-30": 0, "2011-01-31": 0, "2010-10-31": "", "2010-07-31": 0, "2010-04-30": 0, "2010-01-31": 0, "2009-10-31": "", "2009-07-31": 0, "2009-04-30": 0, "2009-01-31": 0, "2008-10-31": "", "2008-07-31": 0, "2008-04-30": 0, "2008-01-31": 0, "2007-10-31": "", "2007-07-31": 0, "2007-04-30": 0, "2007-01-31": 0, "2006-10-31": "", "2006-07-31": 0, "2006-04-30": 0, "2006-01-31": 0, "2005-10-31": "", "2005-07-31": 0, "2005-04-30": 0, "2005-01-31": 0}, "Net Acquisitions/Divestitures": {"2020-10-31": "-22.70000", "2020-07-31": 77.302, "2020-04-30": -77.302, "2020-01-31": 0, "2019-10-31": "", "2019-07-31": 83.749, "2019-04-30": -1813.103, "2019-01-31": 0, "2018-10-31": "", "2018-07-31": 0, "2018-04-30": 0, "2018-01-31": 0, "2017-10-31": "", "2017-07-31": 0, "2017-04-30": 0, "2017-01-31": 0, "2016-10-31": "-5.03900", "2016-07-31": -557.651, "2016-04-30": 0, "2016-01-31": 0, "2015-10-31": "", "2015-07-31": -145.221, "2015-04-30": 0, "2015-01-31": -46.35, "2014-10-31": "-2.91500", "2014-07-31": -52.409, "2014-04-30": 4.847, "2014-01-31": 2.61, "2013-10-31": "63.90300", "2013-07-31": 12.051, "2013-04-30": 0, "2013-01-31": -6.804, "2012-10-31": "-3.91400", "2012-07-31": 0, "2012-04-30": 0, "2012-01-31": 0, "2011-10-31": "-0.17000", "2011-07-31": 0, "2011-04-30": 0, "2011-01-31": 0, "2010-10-31": "-99.56200", "2010-07-31": 0, "2010-04-30": -19.756, "2010-01-31": 0, "2009-10-31": "", "2009-07-31": 0, "2009-04-30": 0, "2009-01-31": 0, "2008-10-31": "1.57800", "2008-07-31": 0, "2008-04-30": 0, "2008-01-31": 0, "2007-10-31": "", "2007-07-31": 0, "2007-04-30": 0, "2007-01-31": 0, "2006-10-31": "", "2006-07-31": 0, "2006-04-30": 0, "2006-01-31": 0, "2005-10-31": "", "2005-07-31": -10.091, "2005-04-30": -0.049, "2005-01-31": -27.973}, "Net Change In Short-term Investments": {"2020-10-31": "", "2020-07-31": 0, "2020-04-30": 0, "2020-01-31": 0, "2019-10-31": "", "2019-07-31": 0, "2019-04-30": 0, "2019-01-31": 0, "2018-10-31": "", "2018-07-31": 0, "2018-04-30": 0, "2018-01-31": 0, "2017-10-31": "", "2017-07-31": 0, "2017-04-30": 0, "2017-01-31": 0, "2016-10-31": "", "2016-07-31": 0, "2016-04-30": 0, "2016-01-31": 0, "2015-10-31": "", "2015-07-31": 0, "2015-04-30": 0, "2015-01-31": 0, "2014-10-31": "", "2014-07-31": 0, "2014-04-30": 0, "2014-01-31": 0, "2013-10-31": "", "2013-07-31": 0, "2013-04-30": 0, "2013-01-31": 0, "2012-10-31": "", "2012-07-31": 0, "2012-04-30": 0, "2012-01-31": 0, "2011-10-31": "", "2011-07-31": 0, "2011-04-30": 0, "2011-01-31": 0, "2010-10-31": "", "2010-07-31": 0, "2010-04-30": 0, "2010-01-31": 0, "2009-10-31": "", "2009-07-31": 0, "2009-04-30": 0, "2009-01-31": 0, "2008-10-31": "", "2008-07-31": 0, "2008-04-30": 0, "2008-01-31": 0, "2007-10-31": "", "2007-07-31": 0, "2007-04-30": 0, "2007-01-31": 0, "2006-10-31": "", "2006-07-31": 0, "2006-04-30": 0, "2006-01-31": 0, "2005-10-31": "", "2005-07-31": 0, "2005-04-30": 0, "2005-01-31": 0}, "Net Change In Long-Term Investments": {"2020-10-31": "", "2020-07-31": 0, "2020-04-30": 0, "2020-01-31": 0, "2019-10-31": "", "2019-07-31": -1.25, "2019-04-30": -1.75, "2019-01-31": -3.5, "2018-10-31": "", "2018-07-31": -3.5, "2018-04-30": -46.902, "2018-01-31": 0, "2017-10-31": "", "2017-07-31": 0, "2017-04-30": 0, "2017-01-31": 0, "2016-10-31": "", "2016-07-31": 0, "2016-04-30": 0, "2016-01-31": 0, "2015-10-31": "", "2015-07-31": 0, "2015-04-30": 0, "2015-01-31": 0, "2014-10-31": "", "2014-07-31": 0, "2014-04-30": 0, "2014-01-31": 0, "2013-10-31": "0.70000", "2013-07-31": 0.4, "2013-04-30": 0, "2013-01-31": 0.4, "2012-10-31": "", "2012-07-31": 0.25, "2012-04-30": 0, "2012-01-31": 0.4, "2011-10-31": "", "2011-07-31": 1.1, "2011-04-30": 0, "2011-01-31": 0.45, "2010-10-31": "2.15000", "2010-07-31": 71.65, "2010-04-30": 12.95, "2010-01-31": 16.25, "2009-10-31": "15.00000", "2009-07-31": 0.85, "2009-04-30": 0, "2009-01-31": 5.55, "2008-10-31": "4.45000", "2008-07-31": 2.75, "2008-04-30": 11.05, "2008-01-31": 14.2, "2007-10-31": "14.02500", "2007-07-31": -69.847, "2007-04-30": 13.551, "2007-01-31": -7.865, "2006-10-31": "-110.55800", "2006-07-31": 0, "2006-04-30": 0, "2006-01-31": 0, "2005-10-31": "", "2005-07-31": 0, "2005-04-30": 0, "2005-01-31": 0}, "Net Change In Investments - Total": {"2020-10-31": "", "2020-07-31": 0, "2020-04-30": 0, "2020-01-31": 0, "2019-10-31": "", "2019-07-31": -1.25, "2019-04-30": -1.75, "2019-01-31": -3.5, "2018-10-31": "", "2018-07-31": -3.5, "2018-04-30": -46.902, "2018-01-31": 0, "2017-10-31": "", "2017-07-31": 0, "2017-04-30": 0, "2017-01-31": 0, "2016-10-31": "", "2016-07-31": 0, "2016-04-30": 0, "2016-01-31": 0, "2015-10-31": "", "2015-07-31": 0, "2015-04-30": 0, "2015-01-31": 0, "2014-10-31": "", "2014-07-31": 0, "2014-04-30": 0, "2014-01-31": 0, "2013-10-31": "0.70000", "2013-07-31": 0.4, "2013-04-30": 0, "2013-01-31": 0.4, "2012-10-31": "", "2012-07-31": 0.25, "2012-04-30": 0, "2012-01-31": 0.4, "2011-10-31": "", "2011-07-31": 1.1, "2011-04-30": 0, "2011-01-31": 0.45, "2010-10-31": "2.15000", "2010-07-31": 71.65, "2010-04-30": 12.95, "2010-01-31": 16.25, "2009-10-31": "15.00000", "2009-07-31": 0.85, "2009-04-30": 0, "2009-01-31": 5.55, "2008-10-31": "4.45000", "2008-07-31": 2.75, "2008-04-30": 11.05, "2008-01-31": 14.2, "2007-10-31": "14.02500", "2007-07-31": -69.847, "2007-04-30": 13.551, "2007-01-31": -7.865, "2006-10-31": "-110.55800", "2006-07-31": 0, "2006-04-30": 0, "2006-01-31": 0, "2005-10-31": "", "2005-07-31": 0, "2005-04-30": 0, "2005-01-31": 0}, "Investing Activities - Other": {"2020-10-31": "", "2020-07-31": 0.01, "2020-04-30": -0.712, "2020-01-31": -2.993, "2019-10-31": "-1.53400", "2019-07-31": -2.157, "2019-04-30": 0, "2019-01-31": 0, "2018-10-31": "", "2018-07-31": 0, "2018-04-30": 0.311, "2018-01-31": 0.319, "2017-10-31": "0.64100", "2017-07-31": 0.31, "2017-04-30": 0.632, "2017-01-31": 0.287, "2016-10-31": "-2.50000", "2016-07-31": 0.053, "2016-04-30": -0.613, "2016-01-31": 0, "2015-10-31": "8.36700", "2015-07-31": 0, "2015-04-30": 0.005, "2015-01-31": 1.408, "2014-10-31": "0.00700", "2014-07-31": 52.624, "2014-04-30": -54.405, "2014-01-31": 3.846, "2013-10-31": "2.91900", "2013-07-31": 0.426, "2013-04-30": 0.241, "2013-01-31": 7.148, "2012-10-31": "", "2012-07-31": 0, "2012-04-30": 0, "2012-01-31": 0.9, "2011-10-31": "0.20000", "2011-07-31": 1, "2011-04-30": -0.927, "2011-01-31": 0, "2010-10-31": "2.49600", "2010-07-31": 1.306, "2010-04-30": 2.908, "2010-01-31": -10, "2009-10-31": "", "2009-07-31": 0, "2009-04-30": 0, "2009-01-31": -10, "2008-10-31": "", "2008-07-31": 0, "2008-04-30": 0, "2008-01-31": 0, "2007-10-31": "", "2007-07-31": 0, "2007-04-30": 0, "2007-01-31": 0, "2006-10-31": "", "2006-07-31": 0, "2006-04-30": 0, "2006-01-31": 0, "2005-10-31": "", "2005-07-31": 0, "2005-04-30": 0, "2005-01-31": 0}, "Cash Flow From Investing Activities": {"2020-10-31": "-46.43300", "2020-07-31": -28.562, "2020-04-30": -18.652, "2020-01-31": -23.232, "2019-10-31": "-13.80300", "2019-07-31": -48.431, "2019-04-30": -1758.836, "2019-01-31": -23.844, "2018-10-31": "-34.39200", "2018-07-31": -41.497, "2018-04-30": -83.505, "2018-01-31": -28.375, "2017-10-31": "-30.11600", "2017-07-31": -35.209, "2017-04-30": -27.824, "2017-01-31": -24.248, "2016-10-31": "-29.37400", "2016-07-31": -570.052, "2016-04-30": -15.296, "2016-01-31": -8.61, "2015-10-31": "-7.51500", "2015-07-31": -158.2, "2015-04-30": -12.798, "2015-01-31": -52.534, "2014-10-31": "-11.43600", "2014-07-31": -2.978, "2014-04-30": -55.962, "2014-01-31": -0.588, "2013-10-31": "62.45600", "2013-07-31": 3.449, "2013-04-30": -4.555, "2013-01-31": -3.083, "2012-10-31": "-9.80700", "2012-07-31": -3.346, "2012-04-30": -2.36, "2012-01-31": -0.137, "2011-10-31": "-2.01100", "2011-07-31": -2.816, "2011-04-30": -3.832, "2011-01-31": -8.794, "2010-10-31": "-110.91000", "2010-07-31": 68.877, "2010-04-30": -1.956, "2010-01-31": 1.308, "2009-10-31": "14.74800", "2009-07-31": 0.407, "2009-04-30": -1.483, "2009-01-31": -4.736, "2008-10-31": "5.50500", "2008-07-31": 0.439, "2008-04-30": 8.358, "2008-01-31": 12.821, "2007-10-31": "10.94800", "2007-07-31": -74.614, "2007-04-30": 11.773, "2007-01-31": -10.837, "2006-10-31": "-114.46300", "2006-07-31": -11.869, "2006-04-30": -3.839, "2006-01-31": -7.236, "2005-10-31": "-6.95900", "2005-07-31": -14.682, "2005-04-30": -7.483, "2005-01-31": -59.072}, "Net Long-Term Debt": {"2020-10-31": "-62.91500", "2020-07-31": -764.347, "2020-04-30": 304.732, "2020-01-31": -102.972, "2019-10-31": "-107.29700", "2019-07-31": 1693.727, "2019-04-30": -96.877, "2019-01-31": -0.101, "2018-10-31": "-0.10200", "2018-07-31": -21.607, "2018-04-30": -58.585, "2018-01-31": -10.092, "2017-10-31": "-55.09400", "2017-07-31": -98.034, "2017-04-30": -82.142, "2017-01-31": -15.084, "2016-10-31": "-20.08100", "2016-07-31": 407.147, "2016-04-30": -47.305, "2016-01-31": -0.084, "2015-10-31": "-0.08600", "2015-07-31": 43.154, "2015-04-30": -43.237, "2015-01-31": 0, "2014-10-31": "", "2014-07-31": 0, "2014-04-30": 0, "2014-01-31": 0, "2013-10-31": "", "2013-07-31": 0, "2013-04-30": 0, "2013-01-31": 0, "2012-10-31": "", "2012-07-31": 0, "2012-04-30": 0, "2012-01-31": 0, "2011-10-31": "", "2011-07-31": 0, "2011-04-30": 0, "2011-01-31": 0, "2010-10-31": "", "2010-07-31": 0, "2010-04-30": 0, "2010-01-31": 0, "2009-10-31": "", "2009-07-31": 0, "2009-04-30": 0, "2009-01-31": 0, "2008-10-31": "", "2008-07-31": 0, "2008-04-30": 0, "2008-01-31": 0, "2007-10-31": "", "2007-07-31": 0, "2007-04-30": 0, "2007-01-31": 0, "2006-10-31": "", "2006-07-31": 0, "2006-04-30": 0, "2006-01-31": 0, "2005-10-31": "", "2005-07-31": 0, "2005-04-30": 0, "2005-01-31": -1.001}, "Net Current Debt": {"2020-10-31": "-5.58000", "2020-07-31": 378.69, "2020-04-30": -84.371, "2020-01-31": 92.38, "2019-10-31": "-7.47700", "2019-07-31": -1988.926, "2019-04-30": 2088.926, "2019-01-31": 0, "2018-10-31": "", "2018-07-31": 0, "2018-04-30": 0, "2018-01-31": 0, "2017-10-31": "", "2017-07-31": 0, "2017-04-30": 0, "2017-01-31": 0, "2016-10-31": "", "2016-07-31": 0, "2016-04-30": 0, "2016-01-31": 0, "2015-10-31": "", "2015-07-31": 0, "2015-04-30": 0, "2015-01-31": 0, "2014-10-31": "", "2014-07-31": 0, "2014-04-30": 0, "2014-01-31": 0, "2013-10-31": "", "2013-07-31": 0, "2013-04-30": 0, "2013-01-31": 0, "2012-10-31": "", "2012-07-31": 0, "2012-04-30": 0, "2012-01-31": 0, "2011-10-31": "", "2011-07-31": 0, "2011-04-30": 0, "2011-01-31": 0, "2010-10-31": "", "2010-07-31": 0, "2010-04-30": 0, "2010-01-31": 0, "2009-10-31": "", "2009-07-31": 0, "2009-04-30": 0, "2009-01-31": 0, "2008-10-31": "", "2008-07-31": 0, "2008-04-30": 0, "2008-01-31": 0, "2007-10-31": "", "2007-07-31": 0, "2007-04-30": 0, "2007-01-31": 0, "2006-10-31": "", "2006-07-31": 0, "2006-04-30": 0, "2006-01-31": 0, "2005-10-31": "", "2005-07-31": 0, "2005-04-30": 0, "2005-01-31": 0}, "Debt Issuance/Retirement Net - Total": {"2020-10-31": "-68.49500", "2020-07-31": -385.657, "2020-04-30": 220.361, "2020-01-31": -10.592, "2019-10-31": "-114.77400", "2019-07-31": -295.199, "2019-04-30": 1992.049, "2019-01-31": -0.101, "2018-10-31": "-0.10200", "2018-07-31": -21.607, "2018-04-30": -58.585, "2018-01-31": -10.092, "2017-10-31": "-55.09400", "2017-07-31": -98.034, "2017-04-30": -82.142, "2017-01-31": -15.084, "2016-10-31": "-20.08100", "2016-07-31": 407.147, "2016-04-30": -47.305, "2016-01-31": -0.084, "2015-10-31": "-0.08600", "2015-07-31": 43.154, "2015-04-30": -43.237, "2015-01-31": 0, "2014-10-31": "", "2014-07-31": 0, "2014-04-30": 0, "2014-01-31": 0, "2013-10-31": "", "2013-07-31": 0, "2013-04-30": 0, "2013-01-31": 0, "2012-10-31": "", "2012-07-31": 0, "2012-04-30": 0, "2012-01-31": 0, "2011-10-31": "", "2011-07-31": 0, "2011-04-30": 0, "2011-01-31": 0, "2010-10-31": "", "2010-07-31": 0, "2010-04-30": 0, "2010-01-31": 0, "2009-10-31": "", "2009-07-31": 0, "2009-04-30": 0, "2009-01-31": 0, "2008-10-31": "", "2008-07-31": 0, "2008-04-30": 0, "2008-01-31": 0, "2007-10-31": "", "2007-07-31": 0, "2007-04-30": 0, "2007-01-31": 0, "2006-10-31": "", "2006-07-31": 0, "2006-04-30": 0, "2006-01-31": 0, "2005-10-31": "", "2005-07-31": 0, "2005-04-30": 0, "2005-01-31": -1.001}, "Net Common Equity Issued/Repurchased": {"2020-10-31": "", "2020-07-31": 0, "2020-04-30": 0, "2020-01-31": 0, "2019-10-31": "", "2019-07-31": 0, "2019-04-30": 0, "2019-01-31": 0, "2018-10-31": "", "2018-07-31": 0, "2018-04-30": 0, "2018-01-31": 0, "2017-10-31": "", "2017-07-31": 0, "2017-04-30": 0, "2017-01-31": 0, "2016-10-31": "", "2016-07-31": 0, "2016-04-30": 0, "2016-01-31": 0, "2015-10-31": "", "2015-07-31": -60, "2015-04-30": 0.141, "2015-01-31": 0, "2014-10-31": "", "2014-07-31": 0.715, "2014-04-30": 0, "2014-01-31": 0.198, "2013-10-31": "2.29300", "2013-07-31": 4.665, "2013-04-30": 0.089, "2013-01-31": -1.609, "2012-10-31": "0.69100", "2012-07-31": 0.413, "2012-04-30": 0.771, "2012-01-31": -56.743, "2011-10-31": "-20.00000", "2011-07-31": 0, "2011-04-30": 0.598, "2011-01-31": 0.105, "2010-10-31": "0.34400", "2010-07-31": 0, "2010-04-30": 0.016, "2010-01-31": -115.42, "2009-10-31": "", "2009-07-31": 0, "2009-04-30": 0, "2009-01-31": 0, "2008-10-31": "0.02700", "2008-07-31": 0.884, "2008-04-30": -1.735, "2008-01-31": -11.778, "2007-10-31": "2.15800", "2007-07-31": 0.96, "2007-04-30": 0.005, "2007-01-31": 1.301, "2006-10-31": "-0.78500", "2006-07-31": -49.744, "2006-04-30": 0.607, "2006-01-31": 1.213, "2005-10-31": "0.04300", "2005-07-31": -1.915, "2005-04-30": -4.547, "2005-01-31": -7.73}, "Net Total Equity Issued/Repurchased": {"2020-10-31": "", "2020-07-31": 0, "2020-04-30": 0, "2020-01-31": 0, "2019-10-31": "", "2019-07-31": 0, "2019-04-30": 0, "2019-01-31": 0, "2018-10-31": "", "2018-07-31": 0, "2018-04-30": 0, "2018-01-31": 0, "2017-10-31": "", "2017-07-31": 0, "2017-04-30": 0, "2017-01-31": 0, "2016-10-31": "", "2016-07-31": 0, "2016-04-30": 0, "2016-01-31": 0, "2015-10-31": "", "2015-07-31": -60, "2015-04-30": 0.141, "2015-01-31": 0, "2014-10-31": "", "2014-07-31": 0.715, "2014-04-30": 0, "2014-01-31": 0.198, "2013-10-31": "2.29300", "2013-07-31": 4.665, "2013-04-30": 0.089, "2013-01-31": -1.609, "2012-10-31": "0.69100", "2012-07-31": 0.413, "2012-04-30": 0.771, "2012-01-31": -56.743, "2011-10-31": "-20.00000", "2011-07-31": 0, "2011-04-30": 0.598, "2011-01-31": 0.105, "2010-10-31": "0.34400", "2010-07-31": 0, "2010-04-30": 0.016, "2010-01-31": -115.42, "2009-10-31": "", "2009-07-31": 0, "2009-04-30": 0, "2009-01-31": 0, "2008-10-31": "0.02700", "2008-07-31": 0.884, "2008-04-30": -1.735, "2008-01-31": -11.778, "2007-10-31": "2.15800", "2007-07-31": 0.96, "2007-04-30": 0.005, "2007-01-31": 1.301, "2006-10-31": "-0.78500", "2006-07-31": -49.744, "2006-04-30": 0.607, "2006-01-31": 1.213, "2005-10-31": "0.04300", "2005-07-31": -1.915, "2005-04-30": -4.547, "2005-01-31": -7.73}, "Total Common And Preferred Stock Dividends Paid": {"2020-10-31": "", "2020-07-31": -22.079, "2020-04-30": -22.08, "2020-01-31": -44.159, "2019-10-31": "", "2019-07-31": -21.475, "2019-04-30": -21.475, "2019-01-31": -41.189, "2018-10-31": "", "2018-07-31": -77.989, "2018-04-30": 38.994, "2018-01-31": -38.994, "2017-10-31": "", "2017-07-31": -69.409, "2017-04-30": 34.704, "2017-01-31": -34.704, "2016-10-31": "", "2016-07-31": -62.97, "2016-04-30": 31.485, "2016-01-31": -15.742, "2015-10-31": "-15.74300", "2015-07-31": -57.381, "2015-04-30": 28.824, "2015-01-31": -14.412, "2014-10-31": "-14.41200", "2014-07-31": -12.257, "2014-04-30": -12.257, "2014-01-31": -65.547, "2013-10-31": "-12.25300", "2013-07-31": -9.548, "2013-04-30": -9.545, "2013-01-31": -89.067, "2012-10-31": "-9.52700", "2012-07-31": -7.935, "2012-04-30": -7.933, "2012-01-31": -8.227, "2011-10-31": "-8.22700", "2011-07-31": -5.585, "2011-04-30": -5.584, "2011-01-31": -5.582, "2010-10-31": "-5.57800", "2010-07-31": -3.602, "2010-04-30": -3.602, "2010-01-31": -3.602, "2009-10-31": "-31.60200", "2009-07-31": -3.88, "2009-04-30": -3.882, "2009-01-31": -3.881, "2008-10-31": "-3.88000", "2008-07-31": -3.881, "2008-04-30": -3.884, "2008-01-31": -3.912, "2007-10-31": "-115.60100", "2007-07-31": -3.904, "2007-04-30": -3.904, "2007-01-31": -3.9, "2006-10-31": "-59.61600", "2006-07-31": -3.957, "2006-04-30": -3.973, "2006-01-31": -2.834, "2005-10-31": "-17.00000", "2005-07-31": -1.698, "2005-04-30": -1.706, "2005-01-31": -3.42}, "Financial Activities - Other": {"2020-10-31": "", "2020-07-31": -10.173, "2020-04-30": 0, "2020-01-31": -3.763, "2019-10-31": "", "2019-07-31": 0.203, "2019-04-30": -69.22, "2019-01-31": -4.418, "2018-10-31": "", "2018-07-31": 0, "2018-04-30": 0, "2018-01-31": -7.657, "2017-10-31": "", "2017-07-31": 0, "2017-04-30": 0, "2017-01-31": -4.572, "2016-10-31": "", "2016-07-31": -7.821, "2016-04-30": 0, "2016-01-31": -2.484, "2015-10-31": "0.29100", "2015-07-31": 0.021, "2015-04-30": 0, "2015-01-31": -1.562, "2014-10-31": "0.11400", "2014-07-31": 0.109, "2014-04-30": 0, "2014-01-31": -0.487, "2013-10-31": "0.03200", "2013-07-31": 0.173, "2013-04-30": 0, "2013-01-31": 0.507, "2012-10-31": "0.06000", "2012-07-31": 0, "2012-04-30": 0, "2012-01-31": 0.101, "2011-10-31": "", "2011-07-31": 0, "2011-04-30": 0.02, "2011-01-31": 0.05, "2010-10-31": "0.44600", "2010-07-31": 0, "2010-04-30": 0, "2010-01-31": 0, "2009-10-31": "", "2009-07-31": 0, "2009-04-30": 0, "2009-01-31": 0, "2008-10-31": "", "2008-07-31": 0, "2008-04-30": 0, "2008-01-31": 0, "2007-10-31": "", "2007-07-31": 0, "2007-04-30": 0, "2007-01-31": 0, "2006-10-31": "", "2006-07-31": 0, "2006-04-30": 0, "2006-01-31": 0, "2005-10-31": "", "2005-07-31": 0, "2005-04-30": 0, "2005-01-31": 0}, "Cash Flow From Financial Activities": {"2020-10-31": "-68.49500", "2020-07-31": -417.909, "2020-04-30": 198.281, "2020-01-31": -58.514, "2019-10-31": "-114.77400", "2019-07-31": -316.471, "2019-04-30": 1901.354, "2019-01-31": -45.708, "2018-10-31": "-0.10200", "2018-07-31": -99.596, "2018-04-30": -19.591, "2018-01-31": -56.743, "2017-10-31": "-55.09400", "2017-07-31": -167.443, "2017-04-30": -47.438, "2017-01-31": -54.36, "2016-10-31": "-20.08100", "2016-07-31": 336.356, "2016-04-30": -15.82, "2016-01-31": -18.31, "2015-10-31": "-15.53800", "2015-07-31": -74.206, "2015-04-30": -14.272, "2015-01-31": -15.974, "2014-10-31": "-14.29800", "2014-07-31": -11.433, "2014-04-30": -12.257, "2014-01-31": -65.836, "2013-10-31": "-9.92800", "2013-07-31": -4.71, "2013-04-30": -9.456, "2013-01-31": -90.169, "2012-10-31": "-8.77600", "2012-07-31": -7.522, "2012-04-30": -7.162, "2012-01-31": -64.869, "2011-10-31": "-28.22700", "2011-07-31": -5.585, "2011-04-30": -4.966, "2011-01-31": -5.427, "2010-10-31": "-4.78800", "2010-07-31": -3.602, "2010-04-30": -3.586, "2010-01-31": -119.022, "2009-10-31": "-31.60200", "2009-07-31": -3.88, "2009-04-30": -3.882, "2009-01-31": -3.881, "2008-10-31": "-3.85300", "2008-07-31": -2.997, "2008-04-30": -5.619, "2008-01-31": -15.69, "2007-10-31": "-113.44300", "2007-07-31": -2.944, "2007-04-30": -3.899, "2007-01-31": -2.599, "2006-10-31": "-60.40100", "2006-07-31": -53.701, "2006-04-30": -3.366, "2006-01-31": -1.621, "2005-10-31": "-16.95700", "2005-07-31": -3.613, "2005-04-30": -6.253, "2005-01-31": -12.151}, "Net Cash Flow": {"2020-10-31": "-201.15300", "2020-07-31": -113.602, "2020-04-30": 409.294, "2020-01-31": -24.811, "2019-10-31": "-180.78000", "2019-07-31": -35.651, "2019-04-30": 181.08, "2019-01-31": 80.912, "2018-10-31": "-50.32800", "2018-07-31": 128.23, "2018-04-30": 37.244, "2018-01-31": -41.688, "2017-10-31": "-71.79500", "2017-07-31": 33.847, "2017-04-30": 54.756, "2017-01-31": -27.055, "2016-10-31": "-48.19200", "2016-07-31": -37.395, "2016-04-30": 61.926, "2016-01-31": 6.054, "2015-10-31": "-4.16100", "2015-07-31": -75.94, "2015-04-30": 11.162, "2015-01-31": -65.371, "2014-10-31": "24.29100", "2014-07-31": 168.4, "2014-04-30": -83.924, "2014-01-31": -90.122, "2013-10-31": "58.38100", "2013-07-31": 99.107, "2013-04-30": 29.354, "2013-01-31": -106.358, "2012-10-31": "-4.14400", "2012-07-31": 70.656, "2012-04-30": -8.22, "2012-01-31": -51.332, "2011-10-31": "-7.89700", "2011-07-31": 156.188, "2011-04-30": -37.366, "2011-01-31": -45.134, "2010-10-31": "-106.00400", "2010-07-31": 167.113, "2010-04-30": 13.075, "2010-01-31": -155.639, "2009-10-31": "1.51800", "2009-07-31": 43.806, "2009-04-30": -13.221, "2009-01-31": 13.368, "2008-10-31": "-11.88900", "2008-07-31": 69.94, "2008-04-30": 31.745, "2008-01-31": -16.516, "2007-10-31": "-67.43800", "2007-07-31": 24.907, "2007-04-30": 55.647, "2007-01-31": -4.628, "2006-10-31": "-100.17300", "2006-07-31": 54.642, "2006-04-30": 24.236, "2006-01-31": -0.334, "2005-10-31": "-46.00400", "2005-07-31": 77.909, "2005-04-30": 15.565, "2005-01-31": -65.998}, "Stock-Based Compensation": {"2020-10-31": "5.76800", "2020-07-31": 5.464, "2020-04-30": 4.35, "2020-01-31": 5.062, "2019-10-31": "5.01300", "2019-07-31": 4.832, "2019-04-30": 4.632, "2019-01-31": 4.956, "2018-10-31": "4.53000", "2018-07-31": 4.014, "2018-04-30": 4.255, "2018-01-31": 4.413, "2017-10-31": "4.31800", "2017-07-31": 3.442, "2017-04-30": 3.166, "2017-01-31": 3.154, "2016-10-31": "2.73800", "2016-07-31": 2.396, "2016-04-30": 2.312, "2016-01-31": 2.4, "2015-10-31": "2.27900", "2015-07-31": 1.729, "2015-04-30": 1.72, "2015-01-31": 1.762, "2014-10-31": "1.56500", "2014-07-31": 1.288, "2014-04-30": 1.295, "2014-01-31": 1.272, "2013-10-31": "1.37600", "2013-07-31": 0.765, "2013-04-30": 0.739, "2013-01-31": 0.643, "2012-10-31": "0.66900", "2012-07-31": 0.204, "2012-04-30": 0.161, "2012-01-31": 0.162, "2011-10-31": "0.16100", "2011-07-31": 0.153, "2011-04-30": 0.862, "2011-01-31": 0.847, "2010-10-31": "0.84500", "2010-07-31": 0.777, "2010-04-30": 0.199, "2010-01-31": 0.202, "2009-10-31": "0.20900", "2009-07-31": 0.208, "2009-04-30": 0.179, "2009-01-31": 0.118, "2008-10-31": "0.15200", "2008-07-31": 0.14, "2008-04-30": 0.054, "2008-01-31": 0.078, "2007-10-31": "0.08400", "2007-07-31": 0.155, "2007-04-30": 0.136, "2007-01-31": 0.159, "2006-10-31": "0.16000", "2006-07-31": 0.278, "2006-04-30": 0.251, "2006-01-31": 0.54, "2005-10-31": "", "2005-07-31": 0, "2005-04-30": 0, "2005-01-31": 0}, "Common Stock Dividends Paid": {"2020-10-31": "", "2020-07-31": -22.079, "2020-04-30": -22.08, "2020-01-31": -44.159, "2019-10-31": "", "2019-07-31": -21.475, "2019-04-30": -21.475, "2019-01-31": -41.189, "2018-10-31": "", "2018-07-31": -77.989, "2018-04-30": 38.994, "2018-01-31": -38.994, "2017-10-31": "", "2017-07-31": -69.409, "2017-04-30": 34.704, "2017-01-31": -34.704, "2016-10-31": "", "2016-07-31": -62.97, "2016-04-30": 31.485, "2016-01-31": -15.742, "2015-10-31": "-15.74300", "2015-07-31": -57.381, "2015-04-30": 28.824, "2015-01-31": -14.412, "2014-10-31": "-14.41200", "2014-07-31": -12.257, "2014-04-30": -12.257, "2014-01-31": -65.547, "2013-10-31": "-12.25300", "2013-07-31": -9.548, "2013-04-30": -9.545, "2013-01-31": -89.067, "2012-10-31": "-9.52700", "2012-07-31": -7.935, "2012-04-30": -7.933, "2012-01-31": -8.227, "2011-10-31": "-8.22700", "2011-07-31": -5.585, "2011-04-30": -5.584, "2011-01-31": -5.582, "2010-10-31": "-5.57800", "2010-07-31": -3.602, "2010-04-30": -3.602, "2010-01-31": -3.602, "2009-10-31": "-31.60200", "2009-07-31": -3.88, "2009-04-30": -3.882, "2009-01-31": -3.881, "2008-10-31": "-3.88000", "2008-07-31": -3.881, "2008-04-30": -3.884, "2008-01-31": -3.912, "2007-10-31": "-115.60100", "2007-07-31": -3.904, "2007-04-30": -3.904, "2007-01-31": -3.9, "2006-10-31": "-59.61600", "2006-07-31": -3.957, "2006-04-30": -3.973, "2006-01-31": -2.834, "2005-10-31": "-17.00000", "2005-07-31": -1.698, "2005-04-30": -1.706, "2005-01-31": -3.42}}, "financial ratios": {"Current Ratio": {"2020-07-31": "1.38740", "2019-07-31": "1.40670", "2018-07-31": "1.70500", "2017-07-31": "1.51100", "2016-07-31": "1.56040", "2015-07-31": "2.05070", "2014-07-31": "2.27680", "2013-07-31": "2.29680", "2012-07-31": "2.20160", "2011-07-31": "2.23900", "2010-07-31": "2.34370", "2009-07-31": "3.27430", "2008-07-31": "2.12510", "2007-07-31": "2.54520", "2006-07-31": "2.23560", "2005-07-31": "2.10620"}, "Long-term Debt / Capital": {"2020-07-31": "0.41340", "2019-07-31": "0.47360", "2018-07-31": "", "2017-07-31": "0.08420", "2016-07-31": "0.22150", "2015-07-31": "", "2014-07-31": "", "2013-07-31": "", "2012-07-31": "", "2011-07-31": "", "2010-07-31": "", "2009-07-31": "", "2008-07-31": "", "2007-07-31": "", "2006-07-31": "", "2005-07-31": ""}, "Debt/Equity Ratio": {"2020-07-31": "0.72590", "2019-07-31": "0.92910", "2018-07-31": "", "2017-07-31": "0.09200", "2016-07-31": "0.28450", "2015-07-31": "", "2014-07-31": "", "2013-07-31": "", "2012-07-31": "", "2011-07-31": "", "2010-07-31": "", "2009-07-31": "", "2008-07-31": "", "2007-07-31": "", "2006-07-31": "", "2005-07-31": ""}, "Gross Margin": {"2020-07-31": "13.69020", "2019-07-31": "12.37280", "2018-07-31": "13.98340", "2017-07-31": "14.40030", "2016-07-31": "15.85130", "2015-07-31": "13.91490", "2014-07-31": "13.34280", "2013-07-31": "13.09580", "2012-07-31": "12.10430", "2011-07-31": "12.77260", "2010-07-31": "13.48910", "2009-07-31": "10.02280", "2008-07-31": "12.21000", "2007-07-31": "12.71900", "2006-07-31": "14.07110", "2005-07-31": "13.11640"}, "Operating Margin": {"2020-07-31": "4.61310", "2019-07-31": "3.13480", "2018-07-31": "7.58930", "2017-07-31": "7.72480", "2016-07-31": "8.55710", "2015-07-31": "7.25360", "2014-07-31": "7.05620", "2013-07-31": "6.76870", "2012-07-31": "6.08450", "2011-07-31": "5.50360", "2010-07-31": "6.96970", "2009-07-31": "1.13030", "2008-07-31": "5.18840", "2007-07-31": "6.46510", "2006-07-31": "8.04180", "2005-07-31": "7.11720"}, "EBIT Margin": {"2020-07-31": "4.61310", "2019-07-31": "3.13480", "2018-07-31": "7.58930", "2017-07-31": "7.72480", "2016-07-31": "8.55710", "2015-07-31": "7.25360", "2014-07-31": "7.05620", "2013-07-31": "6.76870", "2012-07-31": "6.08450", "2011-07-31": "5.50360", "2010-07-31": "6.96970", "2009-07-31": "1.13030", "2008-07-31": "5.18840", "2007-07-31": "6.46510", "2006-07-31": "8.04180", "2005-07-31": "7.11720"}, "EBITDA Margin": {"2020-07-31": "7.14630", "2019-07-31": "5.10520", "2018-07-31": "8.72740", "2017-07-31": "9.10230", "2016-07-31": "9.70730", "2015-07-31": "8.03680", "2014-07-31": "7.78900", "2013-07-31": "7.53950", "2012-07-31": "7.03070", "2011-07-31": "6.52940", "2010-07-31": "7.55080", "2009-07-31": "2.01620", "2008-07-31": "5.83300", "2007-07-31": "6.95190", "2006-07-31": "8.49980", "2005-07-31": "7.53840"}, "Pre-Tax Profit Margin": {"2020-07-31": "3.34110", "2019-07-31": "2.34800", "2018-07-31": "7.60040", "2017-07-31": "7.67750", "2016-07-31": "8.36540", "2015-07-31": "7.30990", "2014-07-31": "7.17120", "2013-07-31": "6.84720", "2012-07-31": "6.26520", "2011-07-31": "5.65440", "2010-07-31": "7.52860", "2009-07-31": "1.53720", "2008-07-31": "5.77150", "2007-07-31": "6.89210", "2006-07-31": "8.35250", "2005-07-31": "7.40300"}, "Net Profit Margin": {"2020-07-31": "2.72990", "2019-07-31": "1.69460", "2018-07-31": "5.16460", "2017-07-31": "5.16430", "2016-07-31": "5.59830", "2015-07-31": "4.97610", "2014-07-31": "5.07740", "2013-07-31": "4.71540", "2012-07-31": "4.61170", "2011-07-31": "4.54070", "2010-07-31": "4.83470", "2009-07-31": "1.12640", "2008-07-31": "3.51070", "2007-07-31": "4.71700", "2006-07-31": "5.32910", "2005-07-31": "4.65740"}, "Asset Turnover": {"2020-07-31": "1.41520", "2019-07-31": "1.38940", "2018-07-31": "2.99750", "2017-07-31": "2.83310", "2016-07-31": "1.97040", "2015-07-31": "2.66540", "2014-07-31": "2.50260", "2013-07-31": "2.44060", "2012-07-31": "2.12360", "2011-07-31": "1.95350", "2010-07-31": "2.36140", "2009-07-31": "1.60010", "2008-07-31": "2.64980", "2007-07-31": "2.69640", "2006-07-31": "3.05190", "2005-07-31": "2.98190"}, "Inventory Turnover Ratio": {"2020-07-31": "9.84180", "2019-07-31": "8.32340", "2018-07-31": "13.31870", "2017-07-31": "13.47130", "2016-07-31": "9.54710", "2015-07-31": "14.01490", "2014-07-31": "14.12070", "2013-07-31": "18.40910", "2012-07-31": "12.46900", "2011-07-31": "11.06520", "2010-07-31": "13.80340", "2009-07-31": "13.00710", "2008-07-31": "15.19350", "2007-07-31": "14.75330", "2006-07-31": "14.38460", "2005-07-31": "13.73930"}, "Receiveable Turnover": {"2020-07-31": "10.03150", "2019-07-31": "10.98080", "2018-07-31": "17.09420", "2017-07-31": "14.94700", "2016-07-31": "11.67300", "2015-07-31": "14.85690", "2014-07-31": "12.60020", "2013-07-31": "13.15780", "2012-07-31": "11.37430", "2011-07-31": "13.80850", "2010-07-31": "13.76400", "2009-07-31": "13.16340", "2008-07-31": "18.04300", "2007-07-31": "16.10140", "2006-07-31": "15.82650", "2005-07-31": "17.48130"}, "Days Sales In Receivables": {"2020-07-31": "36.38530", "2019-07-31": "33.23980", "2018-07-31": "21.35220", "2017-07-31": "24.41970", "2016-07-31": "31.26870", "2015-07-31": "24.56770", "2014-07-31": "28.96770", "2013-07-31": "27.74030", "2012-07-31": "32.09000", "2011-07-31": "26.43300", "2010-07-31": "26.51840", "2009-07-31": "27.72850", "2008-07-31": "20.22950", "2007-07-31": "22.66880", "2006-07-31": "23.06260", "2005-07-31": "20.87950"}, "ROE - Return On Equity": {"2020-07-31": "9.43840", "2019-07-31": "6.32220", "2018-07-31": "22.19860", "2017-07-31": "23.73900", "2016-07-31": "20.39340", "2015-07-31": "18.96470", "2014-07-31": "17.95200", "2013-07-31": "16.99230", "2012-07-31": "13.09730", "2011-07-31": "10.95900", "2010-07-31": "16.74540", "2009-07-31": "2.43150", "2008-07-31": "13.24950", "2007-07-31": "17.58130", "2006-07-31": "23.34860", "2005-07-31": "19.94400"}, "Return On Tangible Equity": {"2020-07-31": "-484.46820", "2019-07-31": "-56.70220", "2018-07-31": "36.71170", "2017-07-31": "49.54510", "2016-07-31": "67.87590", "2015-07-31": "34.61740", "2014-07-31": "29.18770", "2013-07-31": "27.24270", "2012-07-31": "22.67750", "2011-07-31": "19.64280", "2010-07-31": "21.98430", "2009-07-31": "3.07980", "2008-07-31": "17.11810", "2007-07-31": "22.43020", "2006-07-31": "30.58950", "2005-07-31": "27.59700"}, "ROA - Return On Assets": {"2020-07-31": "3.83580", "2019-07-31": "2.34020", "2018-07-31": "15.48050", "2017-07-31": "14.63110", "2016-07-31": "11.09550", "2015-07-31": "13.43820", "2014-07-31": "12.45930", "2013-07-31": "11.41910", "2012-07-31": "8.96460", "2011-07-31": "7.64960", "2010-07-31": "11.41660", "2009-07-31": "1.80240", "2008-07-31": "9.30260", "2007-07-31": "12.71890", "2006-07-31": "16.26370", "2005-07-31": "13.88810"}, "ROI - Return On Investment": {"2020-07-31": "5.53680", "2019-07-31": "3.32790", "2018-07-31": "22.19860", "2017-07-31": "21.73950", "2016-07-31": "15.87610", "2015-07-31": "18.96470", "2014-07-31": "17.95200", "2013-07-31": "16.99230", "2012-07-31": "13.09730", "2011-07-31": "10.95900", "2010-07-31": "16.74540", "2009-07-31": "2.43150", "2008-07-31": "13.24950", "2007-07-31": "17.58130", "2006-07-31": "23.34860", "2005-07-31": "19.94400"}, "Book Value Per Share": {"2020-07-31": "42.49300", "2019-07-31": "38.05080", "2018-07-31": "36.77210", "2017-07-31": "29.98020", "2016-07-31": "24.10730", "2015-07-31": "20.32990", "2014-07-31": "18.33300", "2013-07-31": "16.78260", "2012-07-31": "16.07730", "2011-07-31": "14.97630", "2010-07-31": "12.77210", "2009-07-31": "12.71680", "2008-07-31": "12.62080", "2007-07-31": "13.73820", "2006-07-31": "12.56460", "2005-07-31": "10.54020"}, "Operating Cash Flow Per Share": {"2020-07-31": 0.3617, "2019-07-31": 0.5766, "2018-07-31": 0.8783, "2017-07-31": 1.4602, "2016-07-31": 1.8356, "2015-07-31": 1.8553, "2014-07-31": 0.066, "2013-07-31": 0.5263, "2012-07-31": 0.1316, "2011-07-31": 0.1784, "2010-07-31": 1.0193, "2009-07-31": -1.3155, "2008-07-31": -1.971, "2007-07-31": 1.7496, "2006-07-31": 0.1386, "2005-07-31": 2.2738}, "Free Cash Flow Per Share": {"2020-07-31": 1.2951, "2019-07-31": 0.759, "2018-07-31": 0.4276, "2017-07-31": 0.3504, "2016-07-31": 1.6404, "2015-07-31": 1.4755, "2014-07-31": 0.1101, "2013-07-31": 0.2505, "2012-07-31": 0.5536, "2011-07-31": -0.2806, "2010-07-31": 0.9306, "2009-07-31": -1.1951, "2008-07-31": -1.9007, "2007-07-31": 2.0352, "2006-07-31": 0.3682, "2005-07-31": 1.5186}}, "financial ratios, quarterly": {"Current Ratio": {"2020-10-31": "1.40310", "2020-07-31": "1.38740", "2020-04-30": "1.64960", "2020-01-31": "1.38300", "2019-10-31": "1.38500", "2019-07-31": "1.40670", "2019-04-30": "1.54360", "2019-01-31": "1.66280", "2018-10-31": "1.65670", "2018-07-31": "1.70500", "2018-04-30": "1.66830", "2018-01-31": "1.63280", "2017-10-31": "1.50170", "2017-07-31": "1.51100", "2017-04-30": "1.63320", "2017-01-31": "1.63880", "2016-10-31": "1.60910", "2016-07-31": "1.56040", "2016-04-30": "2.20650", "2016-01-31": "2.18550", "2015-10-31": "2.05140", "2015-07-31": "2.05070", "2015-04-30": "2.24800", "2015-01-31": "2.27690", "2014-10-31": "2.45180", "2014-07-31": "2.27680", "2014-04-30": "2.23470", "2014-01-31": "2.40190", "2013-10-31": "2.11170", "2013-07-31": "2.29680", "2013-04-30": "2.00190", "2013-01-31": "2.02740", "2012-10-31": "2.26780", "2012-07-31": "2.20160", "2012-04-30": "1.97880", "2012-01-31": "2.06610", "2011-10-31": "2.27780", "2011-07-31": "2.23900", "2011-04-30": "2.04860", "2011-01-31": "1.95590", "2010-10-31": "2.07710", "2010-07-31": "2.34370", "2010-04-30": "2.18690", "2010-01-31": "2.37850", "2009-10-31": "2.88270", "2009-07-31": "3.27430", "2009-04-30": "2.45370", "2009-01-31": "2.55300", "2008-10-31": "2.37350", "2008-07-31": "2.12510", "2008-04-30": "1.97210", "2008-01-31": "2.34890", "2007-10-31": "2.24250", "2007-07-31": "2.54520", "2007-04-30": "2.15180", "2007-01-31": "2.28300", "2006-10-31": "2.27310", "2006-07-31": "2.23560", "2006-04-30": "2.15600", "2006-01-31": "2.22100", "2005-10-31": "2.17230", "2005-07-31": "2.10620", "2005-04-30": "2.09520", "2005-01-31": "2.17570"}, "Long-term Debt / Capital": {"2020-10-31": "0.39570", "2020-07-31": "0.41340", "2020-04-30": "0.48220", "2020-01-31": "0.45140", "2019-10-31": "0.45580", "2019-07-31": "0.47360", "2019-04-30": "0.51690", "2019-01-31": "", "2018-10-31": "", "2018-07-31": "", "2018-04-30": "0.04110", "2018-01-31": "0.04380", "2017-10-31": "0.05070", "2017-07-31": "0.08420", "2017-04-30": "0.16700", "2017-01-31": "0.19110", "2016-10-31": "0.20410", "2016-07-31": "0.22150", "2016-04-30": "", "2016-01-31": "", "2015-10-31": "", "2015-07-31": "", "2015-04-30": "", "2015-01-31": "", "2014-10-31": "", "2014-07-31": "", "2014-04-30": "", "2014-01-31": "", "2013-10-31": "", "2013-07-31": "", "2013-04-30": "", "2013-01-31": "", "2012-10-31": "", "2012-07-31": "", "2012-04-30": "", "2012-01-31": "", "2011-10-31": "", "2011-07-31": "", "2011-04-30": "", "2011-01-31": "", "2010-10-31": "", "2010-07-31": "", "2010-04-30": "", "2010-01-31": "", "2009-10-31": "", "2009-07-31": "", "2009-04-30": "", "2009-01-31": "", "2008-10-31": "", "2008-07-31": "", "2008-04-30": "", "2008-01-31": "", "2007-10-31": "", "2007-07-31": "", "2007-04-30": "", "2007-01-31": "", "2006-10-31": "", "2006-07-31": "", "2006-04-30": "", "2006-01-31": "", "2005-10-31": "", "2005-07-31": "", "2005-04-30": "", "2005-01-31": ""}, "Debt/Equity Ratio": {"2020-10-31": "0.67460", "2020-07-31": "0.72590", "2020-04-30": "0.95970", "2020-01-31": "0.85680", "2019-10-31": "0.86350", "2019-07-31": "0.92910", "2019-04-30": "1.10020", "2019-01-31": "", "2018-10-31": "", "2018-07-31": "", "2018-04-30": "0.04290", "2018-01-31": "0.04580", "2017-10-31": "0.05340", "2017-07-31": "0.09200", "2017-04-30": "0.20040", "2017-01-31": "0.23630", "2016-10-31": "0.25650", "2016-07-31": "0.28450", "2016-04-30": "", "2016-01-31": "", "2015-10-31": "", "2015-07-31": "", "2015-04-30": "", "2015-01-31": "", "2014-10-31": "", "2014-07-31": "", "2014-04-30": "", "2014-01-31": "", "2013-10-31": "", "2013-07-31": "", "2013-04-30": "", "2013-01-31": "", "2012-10-31": "", "2012-07-31": "", "2012-04-30": "", "2012-01-31": "", "2011-10-31": "", "2011-07-31": "", "2011-04-30": "", "2011-01-31": "", "2010-10-31": "", "2010-07-31": "", "2010-04-30": "", "2010-01-31": "", "2009-10-31": "", "2009-07-31": "", "2009-04-30": "", "2009-01-31": "", "2008-10-31": "", "2008-07-31": "", "2008-04-30": "", "2008-01-31": "", "2007-10-31": "", "2007-07-31": "", "2007-04-30": "", "2007-01-31": "", "2006-10-31": "", "2006-07-31": "", "2006-04-30": "", "2006-01-31": "", "2005-10-31": "", "2005-07-31": "", "2005-04-30": "", "2005-01-31": ""}, "Gross Margin": {"2020-10-31": "14.93100", "2020-07-31": "14.94470", "2020-04-30": "12.22740", "2020-01-31": "12.80030", "2019-10-31": "14.30490", "2019-07-31": "14.35410", "2019-04-30": "11.66650", "2019-01-31": "10.97150", "2018-10-31": "11.80290", "2018-07-31": "13.04130", "2018-04-30": "14.06770", "2018-01-31": "13.71140", "2017-10-31": "14.92990", "2017-07-31": "15.57310", "2017-04-30": "14.58110", "2017-01-31": "13.32700", "2016-10-31": "13.85710", "2016-07-31": "17.27870", "2016-04-30": "15.72650", "2016-01-31": "15.26270", "2015-10-31": "14.77320", "2015-07-31": "16.18660", "2015-04-30": "14.18780", "2015-01-31": "11.96600", "2014-10-31": "12.76200", "2014-07-31": "14.64590", "2014-04-30": "13.57250", "2014-01-31": "11.06940", "2013-10-31": "13.14850", "2013-07-31": "15.33470", "2013-04-30": "13.39680", "2013-01-31": "10.60600", "2012-10-31": "12.12240", "2012-07-31": "17.07420", "2012-04-30": "11.81600", "2012-01-31": "9.94690", "2011-10-31": "11.14090", "2011-07-31": "18.63190", "2011-04-30": "12.73200", "2011-01-31": "9.05370", "2010-10-31": "12.62240", "2010-07-31": "14.28470", "2010-04-30": "13.59900", "2010-01-31": "11.62630", "2009-10-31": "13.88330", "2009-07-31": "13.12470", "2009-04-30": "11.17930", "2009-01-31": "3.59840", "2008-10-31": "9.12980", "2008-07-31": "10.78100", "2008-04-30": "12.71300", "2008-01-31": "11.63560", "2007-10-31": "13.26050", "2007-07-31": "14.56860", "2007-04-30": "13.04130", "2007-01-31": "10.47330", "2006-10-31": "12.25310", "2006-07-31": "13.51750", "2006-04-30": "14.47140", "2006-01-31": "13.52740", "2005-10-31": "14.66420", "2005-07-31": "12.56580", "2005-04-30": "12.90460", "2005-01-31": "12.63070"}, "Operating Margin": {"2020-10-31": "6.68660", "2020-07-31": "6.77890", "2020-04-30": "3.17570", "2020-01-31": "3.48340", "2019-10-31": "4.44940", "2019-07-31": "5.74900", "2019-04-30": "3.06490", "2019-01-31": "0.15050", "2018-10-31": "1.98650", "2018-07-31": "6.61020", "2018-04-30": "8.14610", "2018-01-31": "7.07280", "2017-10-31": "8.30610", "2017-07-31": "9.12960", "2017-04-30": "8.31190", "2017-01-31": "6.26080", "2016-10-31": "6.80270", "2016-07-31": "9.54900", "2016-04-30": "8.98120", "2016-01-31": "7.75350", "2015-10-31": "7.54440", "2015-07-31": "9.18670", "2015-04-30": "7.98050", "2015-01-31": "5.13020", "2014-10-31": "6.07240", "2014-07-31": "8.56860", "2014-04-30": "7.83560", "2014-01-31": "3.67290", "2013-10-31": "6.75080", "2013-07-31": "9.17000", "2013-04-30": "7.46290", "2013-01-31": "3.65390", "2012-10-31": "5.64300", "2012-07-31": "10.56440", "2012-04-30": "6.44940", "2012-01-31": "3.41020", "2011-10-31": "5.00310", "2011-07-31": "12.06480", "2011-04-30": "6.32980", "2011-01-31": "0.83840", "2010-10-31": "4.54540", "2010-07-31": "8.42150", "2010-04-30": "7.20720", "2010-01-31": "4.37930", "2009-10-31": "6.94710", "2009-07-31": "4.92940", "2009-04-30": "3.00280", "2009-01-31": "-9.97250", "2008-10-31": "1.27550", "2008-07-31": "1.60580", "2008-04-30": "5.94630", "2008-01-31": "4.98990", "2007-10-31": "7.31470", "2007-07-31": "8.48440", "2007-04-30": "6.47710", "2007-01-31": "4.06560", "2006-10-31": "6.28310", "2006-07-31": "7.43460", "2006-04-30": "8.60430", "2006-01-31": "7.10460", "2005-10-31": "8.84070", "2005-07-31": "6.76560", "2005-04-30": "6.98170", "2005-01-31": "5.97160"}, "EBIT Margin": {"2020-10-31": "6.68660", "2020-07-31": "6.77890", "2020-04-30": "3.17570", "2020-01-31": "3.48340", "2019-10-31": "4.44940", "2019-07-31": "5.74900", "2019-04-30": "3.06490", "2019-01-31": "0.15050", "2018-10-31": "1.98650", "2018-07-31": "6.61020", "2018-04-30": "8.14610", "2018-01-31": "7.07280", "2017-10-31": "8.30610", "2017-07-31": "9.12960", "2017-04-30": "8.31190", "2017-01-31": "6.26080", "2016-10-31": "6.80270", "2016-07-31": "9.54900", "2016-04-30": "8.98120", "2016-01-31": "7.75350", "2015-10-31": "7.54440", "2015-07-31": "9.18670", "2015-04-30": "7.98050", "2015-01-31": "5.13020", "2014-10-31": "6.07240", "2014-07-31": "8.56860", "2014-04-30": "7.83560", "2014-01-31": "3.67290", "2013-10-31": "6.75080", "2013-07-31": "9.17000", "2013-04-30": "7.46290", "2013-01-31": "3.65390", "2012-10-31": "5.64300", "2012-07-31": "10.56430", "2012-04-30": "6.44940", "2012-01-31": "3.41020", "2011-10-31": "5.00310", "2011-07-31": "12.06480", "2011-04-30": "6.32980", "2011-01-31": "0.83840", "2010-10-31": "4.54540", "2010-07-31": "8.42150", "2010-04-30": "7.20720", "2010-01-31": "4.37930", "2009-10-31": "6.94710", "2009-07-31": "4.92940", "2009-04-30": "3.00280", "2009-01-31": "-9.97250", "2008-10-31": "1.27550", "2008-07-31": "1.60590", "2008-04-30": "5.94630", "2008-01-31": "4.98990", "2007-10-31": "7.31470", "2007-07-31": "8.48440", "2007-04-30": "6.47710", "2007-01-31": "4.06560", "2006-10-31": "6.28310", "2006-07-31": "7.43460", "2006-04-30": "8.60430", "2006-01-31": "7.10460", "2005-10-31": "8.84070", "2005-07-31": "6.76560", "2005-04-30": "6.98170", "2005-01-31": "5.97160"}, "EBITDA Margin": {"2020-10-31": "", "2020-07-31": "", "2020-04-30": "", "2020-01-31": "", "2019-10-31": "", "2019-07-31": "", "2019-04-30": "", "2019-01-31": "", "2018-10-31": "", "2018-07-31": "", "2018-04-30": "", "2018-01-31": "", "2017-10-31": "", "2017-07-31": "", "2017-04-30": "", "2017-01-31": "", "2016-10-31": "", "2016-07-31": "", "2016-04-30": "", "2016-01-31": "", "2015-10-31": "", "2015-07-31": "", "2015-04-30": "", "2015-01-31": "", "2014-10-31": "", "2014-07-31": "", "2014-04-30": "", "2014-01-31": "", "2013-10-31": "", "2013-07-31": "", "2013-04-30": "", "2013-01-31": "", "2012-10-31": "", "2012-07-31": "", "2012-04-30": "", "2012-01-31": "", "2011-10-31": "", "2011-07-31": "", "2011-04-30": "", "2011-01-31": "", "2010-10-31": "", "2010-07-31": "", "2010-04-30": "", "2010-01-31": "", "2009-10-31": "", "2009-07-31": "", "2009-04-30": "", "2009-01-31": "", "2008-10-31": "", "2008-07-31": "", "2008-04-30": "", "2008-01-31": "", "2007-10-31": "", "2007-07-31": "", "2007-04-30": "", "2007-01-31": "", "2006-10-31": "", "2006-07-31": "", "2006-04-30": "", "2006-01-31": "", "2005-10-31": "", "2005-07-31": "", "2005-04-30": "", "2005-01-31": ""}, "Pre-Tax Profit Margin": {"2020-10-31": "5.76660", "2020-07-31": "6.37490", "2020-04-30": "1.26230", "2020-01-31": "1.74040", "2019-10-31": "3.17930", "2019-07-31": "4.74790", "2019-04-30": "1.65660", "2019-01-31": "0.14510", "2018-10-31": "1.79480", "2018-07-31": "6.63500", "2018-04-30": "8.01770", "2018-01-31": "7.15500", "2017-10-31": "8.38350", "2017-07-31": "9.09660", "2017-04-30": "8.24880", "2017-01-31": "6.19220", "2016-10-31": "6.77780", "2016-07-31": "9.55030", "2016-04-30": "9.05590", "2016-01-31": "6.75730", "2015-10-31": "7.54020", "2015-07-31": "9.21330", "2015-04-30": "8.05290", "2015-01-31": "5.17790", "2014-10-31": "6.15040", "2014-07-31": "8.79180", "2014-04-30": "7.90470", "2014-01-31": "3.76210", "2013-10-31": "6.80540", "2013-07-31": "9.05720", "2013-04-30": "7.58930", "2013-01-31": "3.84190", "2012-10-31": "5.80070", "2012-07-31": "10.83180", "2012-04-30": "6.60790", "2012-01-31": "3.60090", "2011-10-31": "5.14830", "2011-07-31": "9.52310", "2011-04-30": "6.72700", "2011-01-31": "1.40260", "2010-10-31": "5.56900", "2010-07-31": "9.44310", "2010-04-30": "7.67500", "2010-01-31": "4.47720", "2009-10-31": "7.41280", "2009-07-31": "7.60310", "2009-04-30": "1.10040", "2009-01-31": "-10.12470", "2008-10-31": "1.88010", "2008-07-31": "2.17270", "2008-04-30": "6.26330", "2008-01-31": "5.87580", "2007-10-31": "7.91900", "2007-07-31": "8.96320", "2007-04-30": "6.83330", "2007-01-31": "4.49310", "2006-10-31": "6.73280", "2006-07-31": "7.80790", "2006-04-30": "8.88980", "2006-01-31": "7.40710", "2005-10-31": "9.12070", "2005-07-31": "7.32170", "2005-04-30": "7.15720", "2005-01-31": "6.12780"}, "Net Profit Margin": {"2020-10-31": "4.48330", "2020-07-31": "5.12710", "2020-04-30": "1.43110", "2020-01-31": "1.43140", "2019-10-31": "2.36550", "2019-07-31": "3.98230", "2019-04-30": "1.30390", "2019-01-31": "-0.41970", "2018-10-31": "0.79460", "2018-07-31": "4.70650", "2018-04-30": "5.94200", "2018-01-31": "4.04510", "2017-10-31": "5.75380", "2017-07-31": "6.17490", "2017-04-30": "5.52110", "2017-01-31": "4.07810", "2016-10-31": "4.60890", "2016-07-31": "6.40340", "2016-04-30": "6.11980", "2016-01-31": "4.58100", "2015-10-31": "4.90100", "2015-07-31": "6.51770", "2015-04-30": "5.35190", "2015-01-31": "3.36080", "2014-10-31": "4.22180", "2014-07-31": "6.38140", "2014-04-30": "5.26560", "2014-01-31": "2.54860", "2013-10-31": "5.13870", "2013-07-31": "6.36990", "2013-04-30": "4.70620", "2013-01-31": "3.12530", "2012-10-31": "4.06970", "2012-07-31": "10.00520", "2012-04-30": "4.46230", "2012-01-31": "2.29160", "2011-10-31": "3.32210", "2011-07-31": "10.37750", "2011-04-30": "4.69540", "2011-01-31": "1.08090", "2010-10-31": "3.90450", "2010-07-31": "6.11640", "2010-04-30": "5.01490", "2010-01-31": "2.77290", "2009-10-31": "4.66200", "2009-07-31": "5.62020", "2009-04-30": "0.50590", "2009-01-31": "-6.55540", "2008-10-31": "1.16680", "2008-07-31": "0.88460", "2008-04-30": "3.93460", "2008-01-31": "3.60530", "2007-10-31": "5.00290", "2007-07-31": "6.66490", "2007-04-30": "4.50440", "2007-01-31": "3.12510", "2006-10-31": "4.20450", "2006-07-31": "5.14920", "2006-04-30": "5.67490", "2006-01-31": "4.65780", "2005-10-31": "5.69600", "2005-07-31": "4.62070", "2005-04-30": "4.52180", "2005-01-31": "3.84290"}, "Asset Turnover": {"2020-10-31": "0.43290", "2020-07-31": "0.40270", "2020-04-30": "0.29970", "2020-01-31": "0.35590", "2019-10-31": "0.38500", "2019-07-31": "0.40840", "2019-04-30": "0.41970", "2019-01-31": "0.47270", "2018-10-31": "0.62700", "2018-07-31": "0.67450", "2018-04-30": "0.78550", "2018-01-31": "0.72780", "2017-10-31": "0.82350", "2017-07-31": "0.75630", "2017-04-30": "0.77510", "2017-01-31": "0.65310", "2016-10-31": "0.71730", "2016-07-31": "0.55590", "2016-04-30": "0.75630", "2016-01-31": "0.61470", "2015-10-31": "0.65530", "2015-07-31": "0.70390", "2015-04-30": "0.75750", "2015-01-31": "0.58550", "2014-10-31": "0.65440", "2014-07-31": "0.74060", "2014-04-30": "0.76280", "2014-01-31": "0.50880", "2013-10-31": "0.60660", "2013-07-31": "0.68810", "2013-04-30": "0.72110", "2013-01-31": "0.52660", "2012-10-31": "0.60070", "2012-07-31": "0.35670", "2012-04-30": "0.74540", "2012-01-31": "0.52250", "2011-10-31": "0.56920", "2011-07-31": "0.29670", "2011-04-30": "0.72240", "2011-01-31": "0.46690", "2010-10-31": "0.55350", "2010-07-31": "0.68850", "2010-04-30": "0.72480", "2010-01-31": "0.49830", "2009-10-31": "0.51330", "2009-07-31": "0.46360", "2009-04-30": "0.44990", "2009-01-31": "0.25000", "2008-10-31": "0.45660", "2008-07-31": "0.57180", "2008-04-30": "0.69160", "2008-01-31": "0.59510", "2007-10-31": "0.75020", "2007-07-31": "0.71260", "2007-04-30": "0.74160", "2007-01-31": "0.60190", "2006-10-31": "0.74940", "2006-07-31": "0.80150", "2006-04-30": "0.80700", "2006-01-31": "0.66460", "2005-10-31": "0.82610", "2005-07-31": "0.76900", "2005-04-30": "0.86850", "2005-01-31": "0.68770"}, "Inventory Turnover Ratio": {"2020-10-31": "2.07900", "2020-07-31": "2.75990", "2020-04-30": "1.70130", "2020-01-31": "1.88450", "2019-10-31": "2.02080", "2019-07-31": "2.39110", "2019-04-30": "2.30020", "2019-01-31": "2.04500", "2018-10-31": "2.73940", "2018-07-31": "3.02970", "2018-04-30": "3.18650", "2018-01-31": "2.88170", "2017-10-31": "3.66980", "2017-07-31": "3.54710", "2017-04-30": "3.74480", "2017-01-31": "2.88280", "2016-10-31": "3.52840", "2016-07-31": "2.64760", "2016-04-30": "3.92850", "2016-01-31": "3.00950", "2015-10-31": "3.23590", "2015-07-31": "3.60350", "2015-04-30": "3.92760", "2015-01-31": "3.07020", "2014-10-31": "3.62550", "2014-07-31": "4.11610", "2014-04-30": "3.86000", "2014-01-31": "2.54580", "2013-10-31": "3.52270", "2013-07-31": "5.05660", "2013-04-30": "3.40930", "2013-01-31": "2.42050", "2012-10-31": "2.96310", "2012-07-31": "1.97580", "2012-04-30": "4.06660", "2012-01-31": "2.79670", "2011-10-31": "3.26560", "2011-07-31": "1.56770", "2011-04-30": "3.31970", "2011-01-31": "2.25770", "2010-10-31": "2.92710", "2010-07-31": "3.98770", "2010-04-30": "3.45610", "2010-01-31": "2.34350", "2009-10-31": "3.22900", "2009-07-31": "3.63850", "2009-04-30": "2.79630", "2009-01-31": "1.42100", "2008-10-31": "2.39400", "2008-07-31": "3.33200", "2008-04-30": "3.10150", "2008-01-31": "2.63440", "2007-10-31": "3.52600", "2007-07-31": "3.81660", "2007-04-30": "3.38720", "2007-01-31": "2.75910", "2006-10-31": "2.96790", "2006-07-31": "3.80220", "2006-04-30": "3.66460", "2006-01-31": "2.90890", "2005-10-31": "3.47330", "2005-07-31": "3.56550", "2005-04-30": "3.47840", "2005-01-31": "2.41580"}, "Receiveable Turnover": {"2020-10-31": "3.10320", "2020-07-31": "2.85460", "2020-04-30": "3.26680", "2020-01-31": "2.34990", "2019-10-31": "2.77990", "2019-07-31": "3.22750", "2019-04-30": "2.98010", "2019-01-31": "3.74320", "2018-10-31": "3.48550", "2018-07-31": "3.84640", "2018-04-30": "3.42060", "2018-01-31": "3.15910", "2017-10-31": "3.49570", "2017-07-31": "3.99030", "2017-04-30": "3.26970", "2017-01-31": "3.24290", "2016-10-31": "3.56280", "2016-07-31": "3.29300", "2016-04-30": "3.36110", "2016-01-31": "2.93660", "2015-10-31": "3.24720", "2015-07-31": "3.92350", "2015-04-30": "3.27870", "2015-01-31": "2.95190", "2014-10-31": "3.77980", "2014-07-31": "3.72900", "2014-04-30": "2.76620", "2014-01-31": "2.79910", "2013-10-31": "3.33750", "2013-07-31": "3.70970", "2013-04-30": "2.88220", "2013-01-31": "2.54320", "2012-10-31": "3.52890", "2012-07-31": "1.91040", "2012-04-30": "3.23400", "2012-01-31": "3.41730", "2011-10-31": "4.07270", "2011-07-31": "2.09730", "2011-04-30": "3.21660", "2011-01-31": "2.97840", "2010-10-31": "4.32350", "2010-07-31": "4.01330", "2010-04-30": "3.28170", "2010-01-31": "2.91850", "2009-10-31": "3.73070", "2009-07-31": "3.81370", "2009-04-30": "3.44020", "2009-01-31": "3.94490", "2008-10-31": "3.69890", "2008-07-31": "3.89360", "2008-04-30": "3.79920", "2008-01-31": "3.19260", "2007-10-31": "4.26150", "2007-07-31": "4.25550", "2007-04-30": "3.57150", "2007-01-31": "3.13480", "2006-10-31": "4.38350", "2006-07-31": "4.15650", "2006-04-30": "3.83030", "2006-01-31": "3.59450", "2005-10-31": "4.10780", "2005-07-31": "4.50800", "2005-04-30": "3.84290", "2005-01-31": "3.25110"}, "Days Sales In Receivables": {"2020-10-31": "29.00210", "2020-07-31": "31.52820", "2020-04-30": "27.54980", "2020-01-31": "38.29920", "2019-10-31": "32.37540", "2019-07-31": "27.88540", "2019-04-30": "30.20050", "2019-01-31": "24.04380", "2018-10-31": "25.82110", "2018-07-31": "23.39840", "2018-04-30": "26.31090", "2018-01-31": "28.48890", "2017-10-31": "25.74560", "2017-07-31": "22.55470", "2017-04-30": "27.52510", "2017-01-31": "27.75320", "2016-10-31": "25.26090", "2016-07-31": "27.33060", "2016-04-30": "26.77690", "2016-01-31": "30.64770", "2015-10-31": "27.71650", "2015-07-31": "22.93850", "2015-04-30": "27.44980", "2015-01-31": "30.48910", "2014-10-31": "23.81050", "2014-07-31": "24.13540", "2014-04-30": "32.53600", "2014-01-31": "32.15350", "2013-10-31": "26.96650", "2013-07-31": "24.26050", "2013-04-30": "31.22610", "2013-01-31": "35.38830", "2012-10-31": "25.50370", "2012-07-31": "47.11110", "2012-04-30": "27.82930", "2012-01-31": "26.33650", "2011-10-31": "22.09850", "2011-07-31": "42.91300", "2011-04-30": "27.97960", "2011-01-31": "30.21720", "2010-10-31": "20.81660", "2010-07-31": "22.42570", "2010-04-30": "27.42480", "2010-01-31": "30.83790", "2009-10-31": "24.12400", "2009-07-31": "23.59920", "2009-04-30": "26.16090", "2009-01-31": "22.81420", "2008-10-31": "24.33130", "2008-07-31": "23.11510", "2008-04-30": "23.68910", "2008-01-31": "28.19040", "2007-10-31": "21.11930", "2007-07-31": "21.14920", "2007-04-30": "25.19930", "2007-01-31": "28.70960", "2006-10-31": "20.53140", "2006-07-31": "21.65290", "2006-04-30": "23.49700", "2006-01-31": "25.03840", "2005-10-31": "21.90930", "2005-07-31": "19.96460", "2005-04-30": "23.42000", "2005-01-31": "27.68280"}, "ROE - Return On Equity": {"2020-10-31": "4.77740", "2020-07-31": "5.10450", "2020-04-30": "1.07900", "2020-01-31": "1.27340", "2019-10-31": "2.43980", "2019-07-31": "4.41440", "2019-04-30": "1.54140", "2019-01-31": "-0.28410", "2018-10-31": "0.72360", "2018-07-31": "4.55200", "2018-04-30": "7.17120", "2018-01-31": "4.56270", "2017-10-31": "7.62460", "2017-07-31": "7.57760", "2017-04-30": "7.55880", "2017-01-31": "4.70950", "2016-10-31": "5.94010", "2016-07-31": "6.54790", "2016-04-30": "6.62040", "2016-01-31": "3.99920", "2015-10-31": "4.61080", "2015-07-31": "6.47670", "2015-04-30": "5.94620", "2015-01-31": "2.97130", "2014-10-31": "3.90930", "2014-07-31": "6.83020", "2014-04-30": "5.98270", "2014-01-31": "1.96240", "2013-10-31": "4.17320", "2013-07-31": "6.18350", "2013-04-30": "5.80820", "2013-01-31": "2.36580", "2012-10-31": "3.29080", "2012-07-31": "4.00270", "2012-04-30": "5.07990", "2012-01-31": "1.75500", "2011-10-31": "2.69200", "2011-07-31": "2.66220", "2011-04-30": "4.97170", "2011-01-31": "0.73980", "2010-10-31": "3.08560", "2010-07-31": "6.17700", "2010-04-30": "5.50960", "2010-01-31": "2.02040", "2009-10-31": "3.36160", "2009-07-31": "3.51490", "2009-04-30": "0.30810", "2009-01-31": "-2.17400", "2008-10-31": "0.73230", "2008-07-31": "0.72050", "2008-04-30": "3.98750", "2008-01-31": "3.17160", "2007-10-31": "5.65120", "2007-07-31": "6.56540", "2007-04-30": "4.95280", "2007-01-31": "2.66240", "2006-10-31": "4.46300", "2006-07-31": "5.92500", "2006-04-30": "6.79880", "2006-01-31": "4.44730", "2005-10-31": "6.76030", "2005-07-31": "5.10260", "2005-04-30": "5.66960", "2005-01-31": "3.70500"}, "Return On Tangible Equity": {"2020-10-31": "215.00560", "2020-07-31": "-262.01030", "2020-04-30": "-13.15880", "2020-01-31": "-18.71650", "2019-10-31": "-28.35000", "2019-07-31": "-39.59120", "2019-04-30": "-10.12460", "2019-01-31": "-0.46460", "2018-10-31": "1.18760", "2018-07-31": "7.52800", "2018-04-30": "12.32270", "2018-01-31": "8.35870", "2017-10-31": "14.64980", "2017-07-31": "15.81510", "2017-04-30": "17.50560", "2017-01-31": "12.36360", "2016-10-31": "17.16400", "2016-07-31": "21.79370", "2016-04-30": "10.68310", "2016-01-31": "6.74570", "2015-10-31": "8.12090", "2015-07-31": "11.82240", "2015-04-30": "9.47400", "2015-01-31": "4.90550", "2014-10-31": "6.22150", "2014-07-31": "11.10510", "2014-04-30": "9.78160", "2014-01-31": "3.33380", "2013-10-31": "7.16540", "2013-07-31": "9.91360", "2013-04-30": "9.92420", "2013-01-31": "4.30510", "2012-10-31": "5.59020", "2012-07-31": "6.93050", "2012-04-30": "9.15380", "2012-01-31": "3.29940", "2011-10-31": "4.82980", "2011-07-31": "4.77170", "2011-04-30": "9.04740", "2011-01-31": "1.40940", "2010-10-31": "5.92280", "2010-07-31": "8.10950", "2010-04-30": "7.28020", "2010-01-31": "2.69910", "2009-10-31": "4.27110", "2009-07-31": "4.45200", "2009-04-30": "0.39370", "2009-01-31": "-2.82830", "2008-10-31": "0.94630", "2008-07-31": "0.93080", "2008-04-30": "5.22720", "2008-01-31": "4.19100", "2007-10-31": "7.48520", "2007-07-31": "8.37620", "2007-04-30": "6.43790", "2007-01-31": "3.51070", "2006-10-31": "5.88520", "2006-07-31": "7.76250", "2006-04-30": "8.84600", "2006-01-31": "5.90120", "2005-10-31": "9.11410", "2005-07-31": "7.06050", "2005-04-30": "7.85020", "2005-01-31": "5.21630"}, "ROA - Return On Assets": {"2020-10-31": "1.97310", "2020-07-31": "2.07450", "2020-04-30": "0.40600", "2020-01-31": "0.48020", "2019-10-31": "0.92460", "2019-07-31": "1.63400", "2019-04-30": "0.52640", "2019-01-31": "-0.19840", "2018-10-31": "0.49820", "2018-07-31": "3.17440", "2018-04-30": "4.66730", "2018-01-31": "2.94400", "2017-10-31": "4.73830", "2017-07-31": "4.67030", "2017-04-30": "4.27920", "2017-01-31": "2.66330", "2016-10-31": "3.30620", "2016-07-31": "3.56260", "2016-04-30": "4.66420", "2016-01-31": "2.85220", "2015-10-31": "3.22670", "2015-07-31": "4.58930", "2015-04-30": "4.09940", "2015-01-31": "2.07910", "2014-10-31": "2.78250", "2014-07-31": "4.74040", "2014-04-30": "4.01670", "2014-01-31": "1.37900", "2013-10-31": "2.75980", "2013-07-31": "4.15540", "2013-04-30": "3.77810", "2013-01-31": "1.57310", "2012-10-31": "2.26810", "2012-07-31": "2.73970", "2012-04-30": "3.32600", "2012-01-31": "1.19720", "2011-10-31": "1.89090", "2011-07-31": "1.85820", "2011-04-30": "3.39190", "2011-01-31": "0.50460", "2010-10-31": "2.16110", "2010-07-31": "4.21130", "2010-04-30": "3.63500", "2010-01-31": "1.38180", "2009-10-31": "2.39290", "2009-07-31": "2.60540", "2009-04-30": "0.22760", "2009-01-31": "-1.63870", "2008-10-31": "0.53280", "2008-07-31": "0.50580", "2008-04-30": "2.72120", "2008-01-31": "2.14550", "2007-10-31": "3.75310", "2007-07-31": "4.74970", "2007-04-30": "3.34040", "2007-01-31": "1.88100", "2006-10-31": "3.15080", "2006-07-31": "4.12710", "2006-04-30": "4.57940", "2006-01-31": "3.09570", "2005-10-31": "4.70540", "2005-07-31": "3.55320", "2005-04-30": "3.92710", "2005-01-31": "2.64260"}, "ROI - Return On Investment": {"2020-10-31": "2.88700", "2020-07-31": "2.99440", "2020-04-30": "0.55880", "2020-01-31": "0.69850", "2019-10-31": "1.32760", "2019-07-31": "2.32360", "2019-04-30": "0.74470", "2019-01-31": "-0.28410", "2018-10-31": "0.72360", "2018-07-31": "4.55200", "2018-04-30": "6.87630", "2018-01-31": "4.36300", "2017-10-31": "7.23780", "2017-07-31": "6.93940", "2017-04-30": "6.29690", "2017-01-31": "3.80940", "2016-10-31": "4.72760", "2016-07-31": "5.09750", "2016-04-30": "6.62040", "2016-01-31": "3.99920", "2015-10-31": "4.61080", "2015-07-31": "6.47670", "2015-04-30": "5.94620", "2015-01-31": "2.97130", "2014-10-31": "3.90930", "2014-07-31": "6.83020", "2014-04-30": "5.98270", "2014-01-31": "1.96240", "2013-10-31": "4.17320", "2013-07-31": "6.18350", "2013-04-30": "5.80820", "2013-01-31": "2.36580", "2012-10-31": "3.29080", "2012-07-31": "4.00270", "2012-04-30": "5.07990", "2012-01-31": "1.75500", "2011-10-31": "2.69200", "2011-07-31": "2.66220", "2011-04-30": "4.97170", "2011-01-31": "0.73980", "2010-10-31": "3.08560", "2010-07-31": "6.17700", "2010-04-30": "5.50960", "2010-01-31": "2.02040", "2009-10-31": "3.36160", "2009-07-31": "3.51490", "2009-04-30": "0.30810", "2009-01-31": "-2.17400", "2008-10-31": "0.73230", "2008-07-31": "0.72050", "2008-04-30": "3.98750", "2008-01-31": "3.17160", "2007-10-31": "5.65120", "2007-07-31": "6.56540", "2007-04-30": "4.95280", "2007-01-31": "2.66240", "2006-10-31": "4.46300", "2006-07-31": "5.92500", "2006-04-30": "6.79880", "2006-01-31": "4.44730", "2005-10-31": "6.76030", "2005-07-31": "5.10260", "2005-04-30": "5.66960", "2005-01-31": "3.70500"}, "Book Value Per Share": {"2020-10-31": "43.71850", "2020-07-31": "42.49300", "2020-04-30": "38.25270", "2020-01-31": "38.44880", "2019-10-31": "38.49660", "2019-07-31": "38.05080", "2019-04-30": "37.04000", "2019-01-31": "36.11130", "2018-10-31": "36.51690", "2018-07-31": "36.77210", "2018-04-30": "35.40360", "2018-01-31": "33.17010", "2017-10-31": "31.95950", "2017-07-31": "29.98020", "2017-04-30": "27.99140", "2017-01-31": "26.15840", "2016-10-31": "25.20920", "2016-07-31": "24.10730", "2016-04-30": "22.79200", "2016-01-31": "21.55730", "2015-10-31": "20.96630", "2015-07-31": "20.32990", "2015-04-30": "20.01660", "2015-01-31": "19.07950", "2014-10-31": "18.78230", "2014-07-31": "18.33300", "2014-04-30": "17.28550", "2014-01-31": "16.46030", "2013-10-31": "16.36240", "2013-07-31": "16.78260", "2013-04-30": "15.81090", "2013-01-31": "15.15610", "2012-10-31": "16.49450", "2012-07-31": "16.07730", "2012-04-30": "15.38580", "2012-01-31": "14.74590", "2011-10-31": "15.14470", "2011-07-31": "14.97630", "2011-04-30": "14.41110", "2011-01-31": "13.77360", "2010-10-31": "13.75490", "2010-07-31": "12.77210", "2010-04-30": "12.03060", "2010-01-31": "11.46850", "2009-10-31": "12.57120", "2009-07-31": "12.71680", "2009-04-30": "12.30610", "2009-01-31": "12.32880", "2008-10-31": "12.61160", "2008-07-31": "12.62080", "2008-04-30": "12.59970", "2008-01-31": "12.27280", "2007-10-31": "12.10150", "2007-07-31": "13.73820", "2007-04-30": "12.87740", "2007-01-31": "12.29280", "2006-10-31": "12.30610", "2006-07-31": "12.56460", "2006-04-30": "12.62870", "2006-01-31": "11.85080", "2005-10-31": "11.31710", "2005-07-31": "10.54020", "2005-04-30": "10.26610", "2005-01-31": "9.79560"}, "Operating Cash Flow Per Share": {"2020-10-31": "-1.46320", "2020-07-31": 5.4814, "2020-04-30": 4.1878, "2020-01-31": 1.0371, "2019-10-31": "-0.94150", "2019-07-31": 6.2163, "2019-04-30": 0.6403, "2019-01-31": 2.8458, "2018-10-31": "-0.29930", "2018-07-31": 5.0958, "2018-04-30": 2.6553, "2018-01-31": 0.8214, "2017-10-31": "0.25400", "2017-07-31": 4.4837, "2017-04-30": 2.4631, "2017-01-31": 0.9774, "2016-10-31": "0.02400", "2016-07-31": 3.7332, "2016-04-30": 1.768, "2016-01-31": 0.6273, "2015-10-31": "0.35950", "2015-07-31": 2.9439, "2015-04-30": 0.7141, "2015-01-31": 0.0582, "2014-10-31": "0.93620", "2014-07-31": 3.4256, "2014-04-30": -0.294, "2014-01-31": -0.4443, "2013-10-31": "0.10980", "2013-07-31": 1.8896, "2013-04-30": 0.8164, "2013-01-31": -0.2471, "2012-10-31": "0.27220", "2012-07-31": 1.5003, "2012-04-30": 0.0452, "2012-01-31": 0.2532, "2011-10-31": "0.40610", "2011-07-31": 2.9632, "2011-04-30": -0.5106, "2011-01-31": -0.5599, "2010-10-31": "0.18050", "2010-07-31": 1.9178, "2010-04-30": 0.3415, "2010-01-31": -0.6969, "2009-10-31": "0.33240", "2009-07-31": 0.8382, "2009-04-30": -0.1448, "2009-01-31": 0.3983, "2008-10-31": "-0.21620", "2008-07-31": 1.3, "2008-04-30": 0.5261, "2008-01-31": -0.2254, "2007-10-31": "0.59030", "2007-07-31": 1.8212, "2007-04-30": 0.8396, "2007-01-31": 0.167, "2006-10-31": "1.33420", "2006-07-31": 2.1167, "2006-04-30": 0.5485, "2006-01-31": 0.1425, "2005-10-31": "-0.39530", "2005-07-31": 1.678, "2005-04-30": 0.5171, "2005-01-31": 0.0787}, "Free Cash Flow Per Share": {"2020-10-31": "-1.89040", "2020-07-31": 3.5702, "2020-04-30": 5.2594, "2020-01-31": 0.6725, "2019-10-31": "-1.16370", "2019-07-31": 3.8333, "2019-04-30": 1.6988, "2019-01-31": 2.4607, "2018-10-31": "-0.94950", "2018-07-31": 4.3768, "2018-04-30": 1.9568, "2018-01-31": 0.279, "2017-10-31": "-0.32830", "2017-07-31": 3.81, "2017-04-30": 1.9245, "2017-01-31": 0.5125, "2016-10-31": "-0.39030", "2016-07-31": 3.4962, "2016-04-30": 1.4893, "2016-01-31": 0.4635, "2015-10-31": "0.05730", "2015-07-31": 2.6981, "2015-04-30": 0.4749, "2015-01-31": -0.0837, "2014-10-31": "0.77660", "2014-07-31": 3.3657, "2014-04-30": -0.4139, "2014-01-31": -0.5762, "2013-10-31": "0.01480", "2013-07-31": 1.7121, "2013-04-30": 0.7261, "2013-01-31": -0.319, "2012-10-31": "0.16110", "2012-07-31": 1.4355, "2012-04-30": -0.0013, "2012-01-31": 0.2266, "2011-10-31": "0.36900", "2011-07-31": 2.8693, "2011-04-30": -0.5625, "2011-01-31": -0.7133, "2010-10-31": "-0.11730", "2010-07-31": 1.8428, "2010-04-30": 0.3751, "2010-01-31": -0.7889, "2009-10-31": "0.32780", "2009-07-31": 0.8302, "2009-04-30": -0.1715, "2009-01-31": 0.3931, "2008-10-31": "-0.22560", "2008-07-31": 1.259, "2008-04-30": 0.4771, "2008-01-31": -0.2501, "2007-10-31": "0.53530", "2007-07-31": 1.7359, "2007-04-30": 0.8078, "2007-01-31": 0.1139, "2006-10-31": "1.26440", "2006-07-31": 1.907, "2006-04-30": 0.4817, "2006-01-31": 0.0157, "2005-10-31": "-0.51760", "2005-07-31": 1.5973, "2005-04-30": 0.3868, "2005-01-31": -0.4655}}, "revenue": {"Thor Industries Annual Revenue (Millions of US $)": {"2020": "$8,168", "2019": "$7,865", "2018": "$8,329", "2017": "$7,247", "2016": "$4,582", "2015": "$4,007", "2014": "$3,525", "2013": "$3,242", "2012": "$2,640", "2011": "$2,340", "2010": "$2,277", "2009": "$1,522", "2008": "$2,641", "2007": "$2,856", "2006": "$3,066", "2005": "$2,558"}, "Thor Industries Quarterly Revenue (Millions of US $)": {"2020-10-31": "$2,537", "2020-07-31": "$2,324", "2020-04-30": "$1,682", "2020-01-31": "$2,003", "2019-10-31": "$2,159", "2019-07-31": "$2,312", "2019-04-30": "$2,507", "2019-01-31": "$1,291", "2018-10-31": "$1,756", "2018-07-31": "$1,874", "2018-04-30": "$2,252", "2018-01-31": "$1,972", "2017-10-31": "$2,232", "2017-07-31": "$1,935", "2017-04-30": "$2,015", "2017-01-31": "$1,589", "2016-10-31": "$1,709", "2016-07-31": "$1,293", "2016-04-30": "$1,284", "2016-01-31": "$975", "2015-10-31": "$1,030", "2015-07-31": "$1,058", "2015-04-30": "$1,174", "2015-01-31": "$852", "2014-10-31": "$922", "2014-07-31": "$1,043", "2014-04-30": "$1,047", "2014-01-31": "$635", "2013-10-31": "$800", "2013-07-31": "$914", "2013-04-30": "$930", "2013-01-31": "$637", "2012-10-31": "$761", "2012-07-31": "$443", "2012-04-30": "$926", "2012-01-31": "$597", "2011-10-31": "$673", "2011-07-31": "$355", "2011-04-30": "$852", "2011-01-31": "$526", "2010-10-31": "$607", "2010-07-31": "$664", "2010-04-30": "$680", "2010-01-31": "$430", "2009-10-31": "$503", "2009-07-31": "$441", "2009-04-30": "$415", "2009-01-31": "$227", "2008-10-31": "$439", "2008-07-31": "$570", "2008-04-30": "$708", "2008-01-31": "$599", "2007-10-31": "$764", "2007-07-31": "$755", "2007-04-30": "$790", "2007-01-31": "$584", "2006-10-31": "$728", "2006-07-31": "$805", "2006-04-30": "$858", "2006-01-31": "$642", "2005-10-31": "$761", "2005-07-31": "$660", "2005-04-30": "$729", "2005-01-31": "$537"}}, "gross-profit": {"Thor Industries Annual Gross Profit (Millions of US $)": {"2020": "$1,118", "2019": "$973", "2018": "$1,165", "2017": "$1,044", "2016": "$726", "2015": "$558", "2014": "$470", "2013": "$425", "2012": "$320", "2011": "$299", "2010": "$307", "2009": "$153", "2008": "$322", "2007": "$363", "2006": "$431", "2005": "$336"}, "Thor Industries Quarterly Gross Profit (Millions of US $)": {"2020-10-31": "$379", "2020-07-31": "$347", "2020-04-30": "$206", "2020-01-31": "$256", "2019-10-31": "$309", "2019-07-31": "$332", "2019-04-30": "$292", "2019-01-31": "$142", "2018-10-31": "$207", "2018-07-31": "$244", "2018-04-30": "$317", "2018-01-31": "$270", "2017-10-31": "$333", "2017-07-31": "$301", "2017-04-30": "$294", "2017-01-31": "$212", "2016-10-31": "$237", "2016-07-31": "$223", "2016-04-30": "$202", "2016-01-31": "$149", "2015-10-31": "$152", "2015-07-31": "$171", "2015-04-30": "$167", "2015-01-31": "$102", "2014-10-31": "$118", "2014-07-31": "$153", "2014-04-30": "$142", "2014-01-31": "$70", "2013-10-31": "$105", "2013-07-31": "$140", "2013-04-30": "$125", "2013-01-31": "$68", "2012-10-31": "$92", "2012-07-31": "$76", "2012-04-30": "$109", "2012-01-31": "$59", "2011-10-31": "$75", "2011-07-31": "$66", "2011-04-30": "$108", "2011-01-31": "$48", "2010-10-31": "$77", "2010-07-31": "$95", "2010-04-30": "$92", "2010-01-31": "$50", "2009-10-31": "$70", "2009-07-31": "$58", "2009-04-30": "$46", "2009-01-31": "$8", "2008-10-31": "$40", "2008-07-31": "$61", "2008-04-30": "$90", "2008-01-31": "$70", "2007-10-31": "$101", "2007-07-31": "$110", "2007-04-30": "$103", "2007-01-31": "$61", "2006-10-31": "$89", "2006-07-31": "$109", "2006-04-30": "$124", "2006-01-31": "$87", "2005-10-31": "$112", "2005-07-31": "$83", "2005-04-30": "$94", "2005-01-31": "$68"}}, "operating-income": {"Thor Industries Annual Operating Income (Millions of US $)": {"2020": "$377", "2019": "$247", "2018": "$632", "2017": "$560", "2016": "$392", "2015": "$291", "2014": "$249", "2013": "$219", "2012": "$161", "2011": "$129", "2010": "$159", "2009": "$17", "2008": "$137", "2007": "$185", "2006": "$247", "2005": "$182"}, "Thor Industries Quarterly Operating Income (Millions of US $)": {"2020-10-31": "$170", "2020-07-31": "$158", "2020-04-30": "$53", "2020-01-31": "$70", "2019-10-31": "$96", "2019-07-31": "$133", "2019-04-30": "$77", "2019-01-31": "$2", "2018-10-31": "$35", "2018-07-31": "$124", "2018-04-30": "$183", "2018-01-31": "$139", "2017-10-31": "$185", "2017-07-31": "$177", "2017-04-30": "$168", "2017-01-31": "$99", "2016-10-31": "$116", "2016-07-31": "$123", "2016-04-30": "$115", "2016-01-31": "$76", "2015-10-31": "$78", "2015-07-31": "$97", "2015-04-30": "$94", "2015-01-31": "$44", "2014-10-31": "$56", "2014-07-31": "$89", "2014-04-30": "$82", "2014-01-31": "$23", "2013-10-31": "$54", "2013-07-31": "$84", "2013-04-30": "$69", "2013-01-31": "$23", "2012-10-31": "$43", "2012-07-31": "$47", "2012-04-30": "$60", "2012-01-31": "$20", "2011-10-31": "$34", "2011-07-31": "$43", "2011-04-30": "$54", "2011-01-31": "$4", "2010-10-31": "$28", "2010-07-31": "$56", "2010-04-30": "$49", "2010-01-31": "$19", "2009-10-31": "$35", "2009-07-31": "$22", "2009-04-30": "$12", "2009-01-31": "$-23", "2008-10-31": "$6", "2008-07-31": "$9", "2008-04-30": "$42", "2008-01-31": "$30", "2007-10-31": "$56", "2007-07-31": "$64", "2007-04-30": "$51", "2007-01-31": "$24", "2006-10-31": "$46", "2006-07-31": "$60", "2006-04-30": "$74", "2006-01-31": "$46", "2005-10-31": "$67", "2005-07-31": "$45", "2005-04-30": "$51", "2005-01-31": "$32"}}, "ebitda": {"Thor Industries Annual EBITDA (Millions of US $)": {"2020": "$584", "2019": "$402", "2018": "$727", "2017": "$660", "2016": "$445", "2015": "$322", "2014": "$275", "2013": "$244", "2012": "$186", "2011": "$153", "2010": "$172", "2009": "$31", "2008": "$154", "2007": "$199", "2006": "$261", "2005": "$193"}, "Thor Industries Quarterly EBITDA (Millions of US $)": {"2020-10-31": "$227", "2020-07-31": "$212", "2020-04-30": "$102", "2020-01-31": "$121", "2019-10-31": "$149", "2019-07-31": "$187", "2019-04-30": "$130", "2019-01-31": "$26", "2018-10-31": "$58", "2018-07-31": "$148", "2018-04-30": "$207", "2018-01-31": "$163", "2017-10-31": "$208", "2017-07-31": "$201", "2017-04-30": "$192", "2017-01-31": "$124", "2016-10-31": "$143", "2016-07-31": "$141", "2016-04-30": "$128", "2016-01-31": "$87", "2015-10-31": "$89", "2015-07-31": "$107", "2015-04-30": "$101", "2015-01-31": "$51", "2014-10-31": "$63", "2014-07-31": "$97", "2014-04-30": "$88", "2014-01-31": "$30", "2013-10-31": "$60", "2013-07-31": "$90", "2013-04-30": "$76", "2013-01-31": "$30", "2012-10-31": "$49", "2012-07-31": "$53", "2012-04-30": "$66", "2012-01-31": "$27", "2011-10-31": "$40", "2011-07-31": "$49", "2011-04-30": "$58", "2011-01-31": "$12", "2010-10-31": "$33", "2010-07-31": "$59", "2010-04-30": "$52", "2010-01-31": "$22", "2009-10-31": "$38", "2009-07-31": "$15", "2009-04-30": "$26", "2009-01-31": "$-19", "2008-10-31": "$9", "2008-07-31": "$16", "2008-04-30": "$46", "2008-01-31": "$33", "2007-10-31": "$59", "2007-07-31": "$68", "2007-04-30": "$55", "2007-01-31": "$27", "2006-10-31": "$49", "2006-07-31": "$63", "2006-04-30": "$77", "2006-01-31": "$50", "2005-10-31": "$70", "2005-07-31": "$48", "2005-04-30": "$54", "2005-01-31": "$35"}}, "net-income": {"Thor Industries Annual Net Income (Millions of US $)": {"2020": "$223", "2019": "$133", "2018": "$430", "2017": "$374", "2016": "$257", "2015": "$199", "2014": "$179", "2013": "$153", "2012": "$122", "2011": "$106", "2010": "$110", "2009": "$17", "2008": "$93", "2007": "$135", "2006": "$163", "2005": "$119"}, "Thor Industries Quarterly Net Income (Millions of US $)": {"2020-10-31": "$114", "2020-07-31": "$119", "2020-04-30": "$24", "2020-01-31": "$29", "2019-10-31": "$51", "2019-07-31": "$92", "2019-04-30": "$33", "2019-01-31": "$-5", "2018-10-31": "$14", "2018-07-31": "$88", "2018-04-30": "$134", "2018-01-31": "$80", "2017-10-31": "$128", "2017-07-31": "$119", "2017-04-30": "$111", "2017-01-31": "$65", "2016-10-31": "$79", "2016-07-31": "$83", "2016-04-30": "$79", "2016-01-31": "$45", "2015-10-31": "$50", "2015-07-31": "$69", "2015-04-30": "$63", "2015-01-31": "$29", "2014-10-31": "$39", "2014-07-31": "$67", "2014-04-30": "$55", "2014-01-31": "$16", "2013-10-31": "$41", "2013-07-31": "$58", "2013-04-30": "$44", "2013-01-31": "$20", "2012-10-31": "$31", "2012-07-31": "$44", "2012-04-30": "$41", "2012-01-31": "$14", "2011-10-31": "$22", "2011-07-31": "$37", "2011-04-30": "$40", "2011-01-31": "$6", "2010-10-31": "$24", "2010-07-31": "$41", "2010-04-30": "$34", "2010-01-31": "$12", "2009-10-31": "$23", "2009-07-31": "$25", "2009-04-30": "$2", "2009-01-31": "$-15", "2008-10-31": "$5", "2008-07-31": "$5", "2008-04-30": "$28", "2008-01-31": "$22", "2007-10-31": "$38", "2007-07-31": "$50", "2007-04-30": "$36", "2007-01-31": "$18", "2006-10-31": "$31", "2006-07-31": "$41", "2006-04-30": "$49", "2006-01-31": "$30", "2005-10-31": "$43", "2005-07-31": "$30", "2005-04-30": "$33", "2005-01-31": "$21"}}, "eps-earnings-per-share-diluted": {"Thor Industries Annual EPS": {"2020": "$4.02", "2019": "$2.47", "2018": "$8.14", "2017": "$7.09", "2016": "$4.88", "2015": "$3.74", "2014": "$3.35", "2013": "$2.88", "2012": "$2.26", "2011": "$1.92", "2010": "$2.07", "2009": "$0.31", "2008": "$1.66", "2007": "$2.41", "2006": "$2.87", "2005": "$2.09"}, "Thor Industries Quarterly EPS": {"2020-10-31": "$2.05", "2020-07-31": "$2.15", "2020-04-30": "$0.43", "2020-01-31": "$0.52", "2019-10-31": "$0.92", "2019-07-31": "$1.72", "2019-04-30": "$0.59", "2019-01-31": "$-0.10", "2018-10-31": "$0.26", "2018-07-31": "$1.67", "2018-04-30": "$2.53", "2018-01-31": "$1.51", "2017-10-31": "$2.43", "2017-07-31": "$2.26", "2017-04-30": "$2.11", "2017-01-31": "$1.23", "2016-10-31": "$1.49", "2016-07-31": "$1.58", "2016-04-30": "$1.49", "2016-01-31": "$0.85", "2015-10-31": "$0.96", "2015-07-31": "$1.30", "2015-04-30": "$1.17", "2015-01-31": "$0.54", "2014-10-31": "$0.73", "2014-07-31": "$1.25", "2014-04-30": "$1.03", "2014-01-31": "$0.30", "2013-10-31": "$0.77", "2013-07-31": "$1.11", "2013-04-30": "$0.82", "2013-01-31": "$0.37", "2012-10-31": "$0.58", "2012-07-31": "$0.82", "2012-04-30": "$0.78", "2012-01-31": "$0.25", "2011-10-31": "$0.41", "2011-07-31": "$0.66", "2011-04-30": "$0.72", "2011-01-31": "$0.10", "2010-10-31": "$0.44", "2010-07-31": "$0.77", "2010-04-30": "$0.66", "2010-01-31": "$0.22", "2009-10-31": "$0.42", "2009-07-31": "$0.45", "2009-04-30": "$0.04", "2009-01-31": "$-0.27", "2008-10-31": "$0.09", "2008-07-31": "$0.09", "2008-04-30": "$0.50", "2008-01-31": "$0.39", "2007-10-31": "$0.68", "2007-07-31": "$0.89", "2007-04-30": "$0.64", "2007-01-31": "$0.33", "2006-10-31": "$0.55", "2006-07-31": "$0.74", "2006-04-30": "$0.85", "2006-01-31": "$0.52", "2005-10-31": "$0.76", "2005-07-31": "$0.54", "2005-04-30": "$0.58", "2005-01-31": "$0.36"}}, "shares-outstanding": {"Thor Industries Annual Shares Outstanding (Millions of Shares)": {"2020": "55", "2019": "54", "2018": "53", "2017": "53", "2016": "53", "2015": "53", "2014": "53", "2013": "53", "2012": "54", "2011": "55", "2010": "53", "2009": "55", "2008": "56", "2007": "56", "2006": "57", "2005": "57"}, "Thor Industries Quarterly Shares Outstanding (Millions of Shares)": {"2020-10-31": "56", "2020-07-31": "55", "2020-04-30": "55", "2020-01-31": "55", "2019-10-31": "55", "2019-07-31": "54", "2019-04-30": "55", "2019-01-31": "53", "2018-10-31": "53", "2018-07-31": "53", "2018-04-30": "53", "2018-01-31": "53", "2017-10-31": "53", "2017-07-31": "53", "2017-04-30": "53", "2017-01-31": "53", "2016-10-31": "53", "2016-07-31": "53", "2016-04-30": "53", "2016-01-31": "53", "2015-10-31": "53", "2015-07-31": "53", "2015-04-30": "53", "2015-01-31": "53", "2014-10-31": "53", "2014-07-31": "53", "2014-04-30": "53", "2014-01-31": "53", "2013-10-31": "53", "2013-07-31": "53", "2013-04-30": "53", "2013-01-31": "53", "2012-10-31": "53", "2012-07-31": "54", "2012-04-30": "53", "2012-01-31": "55", "2011-10-31": "55", "2011-07-31": "55", "2011-04-30": "56", "2011-01-31": "56", "2010-10-31": "54", "2010-07-31": "53", "2010-04-30": "52", "2010-01-31": "54", "2009-10-31": "56", "2009-07-31": "55", "2009-04-30": "55", "2009-01-31": "55", "2008-10-31": "55", "2008-07-31": "56", "2008-04-30": "56", "2008-01-31": "56", "2007-10-31": "56", "2007-07-31": "56", "2007-04-30": "56", "2007-01-31": "56", "2006-10-31": "56", "2006-07-31": "57", "2006-04-30": "57", "2006-01-31": "57", "2005-10-31": "57", "2005-07-31": "57", "2005-04-30": "57", "2005-01-31": "57"}}, "total-assets": {"Thor Industries Annual Total Assets (Millions of US $)": {"2020": "$5,771", "2019": "$5,660", "2018": "$2,779", "2017": "$2,558", "2016": "$2,325", "2015": "$1,503", "2014": "$1,409", "2013": "$1,328", "2012": "$1,243", "2011": "$1,198", "2010": "$964", "2009": "$951", "2008": "$997", "2007": "$1,059", "2006": "$1,005", "2005": "$858"}, "Thor Industries Quarterly Total Assets (Millions of US $)": {"2020-10-31": "$5,861", "2020-07-31": "$5,771", "2020-04-30": "$5,612", "2020-01-31": "$5,628", "2019-10-31": "$5,608", "2019-07-31": "$5,660", "2019-04-30": "$5,972", "2019-01-31": "$2,730", "2018-10-31": "$2,800", "2018-07-31": "$2,779", "2018-04-30": "$2,866", "2018-01-31": "$2,709", "2017-10-31": "$2,710", "2017-07-31": "$2,558", "2017-04-30": "$2,600", "2017-01-31": "$2,432", "2016-10-31": "$2,382", "2016-07-31": "$2,325", "2016-04-30": "$1,698", "2016-01-31": "$1,586", "2015-10-31": "$1,572", "2015-07-31": "$1,503", "2015-04-30": "$1,550", "2015-01-31": "$1,456", "2014-10-31": "$1,409", "2014-07-31": "$1,409", "2014-04-30": "$1,372", "2014-01-31": "$1,249", "2013-10-31": "$1,319", "2013-07-31": "$1,328", "2013-04-30": "$1,289", "2013-01-31": "$1,209", "2012-10-31": "$1,268", "2012-07-31": "$1,243", "2012-04-30": "$1,243", "2012-01-31": "$1,143", "2011-10-31": "$1,182", "2011-07-31": "$1,198", "2011-04-30": "$1,180", "2011-01-31": "$1,127", "2010-10-31": "$1,096", "2010-07-31": "$964", "2010-04-30": "$938", "2010-01-31": "$863", "2009-10-31": "$979", "2009-07-31": "$951", "2009-04-30": "$924", "2009-01-31": "$907", "2008-10-31": "$961", "2008-07-31": "$997", "2008-04-30": "$1,024", "2008-01-31": "$1,007", "2007-10-31": "$1,018", "2007-07-31": "$1,059", "2007-04-30": "$1,065", "2007-01-31": "$970", "2006-10-31": "$971", "2006-07-31": "$1,005", "2006-04-30": "$1,063", "2006-01-31": "$966", "2005-10-31": "$922", "2005-07-31": "$858", "2005-04-30": "$839", "2005-01-31": "$781"}}, "cash-on-hand": {"Thor Industries Annual Cash on Hand (Millions of US $)": {"2020": "$541", "2019": "$451", "2018": "$275", "2017": "$223", "2016": "$210", "2015": "$183", "2014": "$289", "2013": "$237", "2012": "$219", "2011": "$215", "2010": "$248", "2009": "$329", "2008": "$190", "2007": "$346", "2006": "$264", "2005": "$209"}, "Thor Industries Quarterly Cash on Hand (Millions of US $)": {"2020-10-31": "$340", "2020-07-31": "$541", "2020-04-30": "$655", "2020-01-31": "$246", "2019-10-31": "$270", "2019-07-31": "$451", "2019-04-30": "$487", "2019-01-31": "$306", "2018-10-31": "$225", "2018-07-31": "$275", "2018-04-30": "$147", "2018-01-31": "$110", "2017-10-31": "$151", "2017-07-31": "$223", "2017-04-30": "$189", "2017-01-31": "$135", "2016-10-31": "$162", "2016-07-31": "$210", "2016-04-30": "$247", "2016-01-31": "$185", "2015-10-31": "$179", "2015-07-31": "$183", "2015-04-30": "$259", "2015-01-31": "$248", "2014-10-31": "$314", "2014-07-31": "$289", "2014-04-30": "$174", "2014-01-31": "$205", "2013-10-31": "$295", "2013-07-31": "$237", "2013-04-30": "$137", "2013-01-31": "$108", "2012-10-31": "$214", "2012-07-31": "$219", "2012-04-30": "$148", "2012-01-31": "$156", "2011-10-31": "$208", "2011-07-31": "$215", "2011-04-30": "$60", "2011-01-31": "$97", "2010-10-31": "$142", "2010-07-31": "$248", "2010-04-30": "$144", "2010-01-31": "$144", "2009-10-31": "$315", "2009-07-31": "$329", "2009-04-30": "$178", "2009-01-31": "$191", "2008-10-31": "$178", "2008-07-31": "$190", "2008-04-30": "$120", "2008-01-31": "$234", "2007-10-31": "$265", "2007-07-31": "$346", "2007-04-30": "$253", "2007-01-31": "$210", "2006-10-31": "$207", "2006-07-31": "$264", "2006-04-30": "$267", "2006-01-31": "$230", "2005-10-31": "$194", "2005-07-31": "$209", "2005-04-30": "$128", "2005-01-31": "$84"}}, "long-term-debt": {"Thor Industries Annual Long Term Debt (Millions of US $)": {"2020": "$1,653", "2019": "$1,885", "2018": "$", "2017": "$145", "2016": "$360", "2015": "$", "2014": "$", "2013": "$", "2012": "$", "2011": "$", "2010": "$", "2009": "$", "2008": "$", "2007": "$", "2006": "$", "2005": "$"}, "Thor Industries Quarterly Long Term Debt (Millions of US $)": {"2020-10-31": "$1,585", "2020-07-31": "$1,653", "2020-04-30": "$1,966", "2020-01-31": "$1,747", "2019-10-31": "$1,780", "2019-07-31": "$1,885", "2019-04-30": "$2,182", "2019-01-31": "", "2018-10-31": "", "2018-07-31": "", "2018-04-30": "$80", "2018-01-31": "$80", "2017-10-31": "$90", "2017-07-31": "$145", "2017-04-30": "$295", "2017-01-31": "$325", "2016-10-31": "$340", "2016-07-31": "$360", "2016-04-30": "", "2016-01-31": "", "2015-10-31": "", "2015-07-31": "", "2015-04-30": "", "2015-01-31": "", "2014-10-31": "", "2014-07-31": "", "2014-04-30": "", "2014-01-31": "", "2013-10-31": "", "2013-07-31": "", "2013-04-30": "", "2013-01-31": "", "2012-10-31": "", "2012-07-31": "", "2012-04-30": "", "2012-01-31": "", "2011-10-31": "", "2011-07-31": "", "2011-04-30": "", "2011-01-31": "", "2010-10-31": "", "2010-07-31": "", "2010-04-30": "", "2010-01-31": "", "2009-10-31": "", "2009-07-31": "", "2009-04-30": "", "2009-01-31": "", "2008-10-31": "", "2008-07-31": "", "2008-04-30": "", "2008-01-31": "", "2007-10-31": "", "2007-07-31": "", "2007-04-30": "", "2007-01-31": "", "2006-10-31": "", "2006-07-31": "", "2006-04-30": "", "2006-01-31": "", "2005-10-31": "", "2005-07-31": "", "2005-04-30": "", "2005-01-31": ""}}, "total-liabilities": {"Thor Industries Annual Total Liabilities (Millions of US $)": {"2020": "$3,426", "2019": "$3,565", "2018": "$841", "2017": "$981", "2016": "$1,060", "2015": "$438", "2014": "$431", "2013": "$436", "2012": "$392", "2011": "$362", "2010": "$307", "2009": "$246", "2008": "$297", "2007": "$293", "2006": "$305", "2005": "$260"}, "Thor Industries Quarterly Total Liabilities (Millions of US $)": {"2020-10-31": "$3,440", "2020-07-31": "$3,426", "2020-04-30": "$3,501", "2020-01-31": "$3,506", "2019-10-31": "$3,483", "2019-07-31": "$3,565", "2019-04-30": "$3,933", "2019-01-31": "$823", "2018-10-31": "$872", "2018-07-31": "$841", "2018-04-30": "$1,001", "2018-01-31": "$961", "2017-10-31": "$1,026", "2017-07-31": "$981", "2017-04-30": "$1,128", "2017-01-31": "$1,057", "2016-10-31": "$1,056", "2016-07-31": "$1,060", "2016-04-30": "$502", "2016-01-31": "$455", "2015-10-31": "$472", "2015-07-31": "$438", "2015-04-30": "$481", "2015-01-31": "$437", "2014-10-31": "$406", "2014-07-31": "$431", "2014-04-30": "$451", "2014-01-31": "$371", "2013-10-31": "$447", "2013-07-31": "$436", "2013-04-30": "$451", "2013-01-31": "$405", "2012-10-31": "$394", "2012-07-31": "$392", "2012-04-30": "$429", "2012-01-31": "$363", "2011-10-31": "$352", "2011-07-31": "$362", "2011-04-30": "$375", "2011-01-31": "$358", "2010-10-31": "$328", "2010-07-31": "$307", "2010-04-30": "$319", "2010-01-31": "$273", "2009-10-31": "$282", "2009-07-31": "$246", "2009-04-30": "$241", "2009-01-31": "$223", "2008-10-31": "$262", "2008-07-31": "$297", "2008-04-30": "$325", "2008-01-31": "$326", "2007-10-31": "$342", "2007-07-31": "$293", "2007-04-30": "$347", "2007-01-31": "$285", "2006-10-31": "$286", "2006-07-31": "$305", "2006-04-30": "$347", "2006-01-31": "$294", "2005-10-31": "$280", "2005-07-31": "$260", "2005-04-30": "$258", "2005-01-31": "$224"}}, "total-share-holder-equity": {"Thor Industries Annual Share Holder Equity (Millions of US $)": {"2020": "$2,346", "2019": "$2,095", "2018": "$1,938", "2017": "$1,577", "2016": "$1,265", "2015": "$1,065", "2014": "$978", "2013": "$893", "2012": "$851", "2011": "$836", "2010": "$657", "2009": "$705", "2008": "$700", "2007": "$766", "2006": "$700", "2005": "$597"}, "Thor Industries Quarterly Share Holder Equity (Millions of US $)": {"2020-10-31": "$2,421", "2020-07-31": "$2,346", "2020-04-30": "$2,112", "2020-01-31": "$2,122", "2019-10-31": "$2,125", "2019-07-31": "$2,095", "2019-04-30": "$2,040", "2019-01-31": "$1,907", "2018-10-31": "$1,928", "2018-07-31": "$1,938", "2018-04-30": "$1,866", "2018-01-31": "$1,748", "2017-10-31": "$1,684", "2017-07-31": "$1,577", "2017-04-30": "$1,472", "2017-01-31": "$1,376", "2016-10-31": "$1,326", "2016-07-31": "$1,265", "2016-04-30": "$1,196", "2016-01-31": "$1,131", "2015-10-31": "$1,100", "2015-07-31": "$1,065", "2015-04-30": "$1,069", "2015-01-31": "$1,019", "2014-10-31": "$1,003", "2014-07-31": "$978", "2014-04-30": "$921", "2014-01-31": "$877", "2013-10-31": "$872", "2013-07-31": "$893", "2013-04-30": "$839", "2013-01-31": "$804", "2012-10-31": "$874", "2012-07-31": "$851", "2012-04-30": "$814", "2012-01-31": "$779", "2011-10-31": "$831", "2011-07-31": "$836", "2011-04-30": "$805", "2011-01-31": "$769", "2010-10-31": "$768", "2010-07-31": "$657", "2010-04-30": "$619", "2010-01-31": "$590", "2009-10-31": "$697", "2009-07-31": "$705", "2009-04-30": "$682", "2009-01-31": "$684", "2008-10-31": "$699", "2008-07-31": "$700", "2008-04-30": "$699", "2008-01-31": "$681", "2007-10-31": "$676", "2007-07-31": "$766", "2007-04-30": "$718", "2007-01-31": "$686", "2006-10-31": "$686", "2006-07-31": "$700", "2006-04-30": "$716", "2006-01-31": "$672", "2005-10-31": "$641", "2005-07-31": "$597", "2005-04-30": "$581", "2005-01-31": "$557"}}, "profit-margins": {"current": "3.34%"}, "gross margin": {"2020-10-31": "13.90%", "2020-07-31": "13.69%", "2020-04-30": "13.52%", "2020-01-31": "13.24%", "2019-10-31": "13.00%", "2019-07-31": "12.37%", "2019-04-30": "11.91%", "2019-01-31": "12.69%", "2018-10-31": "13.22%", "2018-07-31": "13.97%", "2018-04-30": "14.55%", "2018-01-31": "14.69%", "2017-10-31": "14.67%", "2017-07-31": "14.40%", "2017-04-30": "14.62%", "2017-01-31": "14.88%", "2016-10-31": "15.42%", "2016-07-31": "15.84%", "2016-04-30": "15.50%", "2016-01-31": "15.08%", "2015-10-31": "14.39%", "2015-07-31": "13.93%", "2015-04-30": "13.53%", "2015-01-31": "13.33%", "2014-10-31": "13.24%", "2014-07-31": "13.33%", "2014-04-30": "13.46%", "2014-01-31": "13.42%", "2013-10-31": "13.35%", "2013-07-31": "13.11%", "2013-04-30": "13.03%", "2013-01-31": "12.47%", "2012-10-31": "12.32%", "2012-07-31": "12.09%", "2012-04-30": "12.11%", "2012-01-31": "12.43%", "2011-10-31": "12.34%", "2011-07-31": "12.78%", "2011-04-30": "12.38%", "2011-01-31": "12.60%", "2010-10-31": "13.19%", "2010-07-31": "13.48%", "2010-04-30": "13.15%", "2010-01-31": "12.52%", "2009-10-31": "11.48%", "2009-07-31": "9.99%", "2009-04-30": "9.39%", "2009-01-31": "10.24%", "2008-10-31": "11.27%", "2008-07-31": "12.19%", "2008-04-30": "13.13%", "2008-01-31": "13.20%", "2007-10-31": "12.96%", "2007-07-31": "12.71%", "2007-04-30": "12.45%", "2007-01-31": "12.87%", "2006-10-31": "13.48%", "2006-07-31": "14.09%", "2006-04-30": "13.90%", "2006-01-31": "13.47%", "2005-10-31": "13.29%"}, "operating margin": {"2020-10-31": "5.28%", "2020-07-31": "4.62%", "2020-04-30": "4.32%", "2020-01-31": "4.19%", "2019-10-31": "3.72%", "2019-07-31": "3.14%", "2019-04-30": "3.20%", "2019-01-31": "4.80%", "2018-10-31": "6.12%", "2018-07-31": "7.58%", "2018-04-30": "8.15%", "2018-01-31": "8.20%", "2017-10-31": "8.09%", "2017-07-31": "7.73%", "2017-04-30": "7.66%", "2017-01-31": "7.71%", "2016-10-31": "8.17%", "2016-07-31": "8.56%", "2016-04-30": "8.42%", "2016-01-31": "8.14%", "2015-10-31": "7.61%", "2015-07-31": "7.26%", "2015-04-30": "7.09%", "2015-01-31": "7.01%", "2014-10-31": "6.85%", "2014-07-31": "7.04%", "2014-04-30": "7.16%", "2014-01-31": "7.01%", "2013-10-31": "7.01%", "2013-07-31": "6.76%", "2013-04-30": "6.57%", "2013-01-31": "6.25%", "2012-10-31": "6.23%", "2012-07-31": "6.10%", "2012-04-30": "6.15%", "2012-01-31": "6.10%", "2011-10-31": "5.61%", "2011-07-31": "5.51%", "2011-04-30": "5.36%", "2011-01-31": "5.53%", "2010-10-31": "6.38%", "2010-07-31": "6.98%", "2010-04-30": "6.09%", "2010-01-31": "4.92%", "2009-10-31": "2.90%", "2009-07-31": "1.12%", "2009-04-30": "0.24%", "2009-01-31": "1.75%", "2008-10-31": "3.76%", "2008-07-31": "5.19%", "2008-04-30": "6.79%", "2008-01-31": "6.91%", "2007-10-31": "6.74%", "2007-07-31": "6.48%", "2007-04-30": "6.23%", "2007-01-31": "6.86%", "2006-10-31": "7.45%", "2006-07-31": "8.06%", "2006-04-30": "7.94%", "2006-01-31": "7.49%", "2005-10-31": "7.26%"}, "ebitda margin": {"2020-10-31": "7.75%", "2020-07-31": "7.15%", "2020-04-30": "6.85%", "2020-01-31": "6.54%", "2019-10-31": "5.95%", "2019-07-31": "5.10%", "2019-04-30": "4.87%", "2019-01-31": "6.12%", "2018-10-31": "7.33%", "2018-07-31": "8.72%", "2018-04-30": "9.28%", "2018-01-31": "9.37%", "2017-10-31": "9.33%", "2017-07-31": "9.11%", "2017-04-30": "9.08%", "2017-01-31": "9.12%", "2016-10-31": "9.48%", "2016-07-31": "9.71%", "2016-04-30": "9.45%", "2016-01-31": "9.06%", "2015-10-31": "8.46%", "2015-07-31": "8.04%", "2015-04-30": "7.82%", "2015-01-31": "7.74%", "2014-10-31": "7.62%", "2014-07-31": "7.80%", "2014-04-30": "7.89%", "2014-01-31": "7.81%", "2013-10-31": "7.80%", "2013-07-31": "7.56%", "2013-04-30": "7.51%", "2013-01-31": "7.16%", "2012-10-31": "7.15%", "2012-07-31": "7.05%", "2012-04-30": "7.13%", "2012-01-31": "7.02%", "2011-10-31": "6.61%", "2011-07-31": "6.50%", "2011-04-30": "6.12%", "2011-01-31": "6.30%", "2010-10-31": "6.97%", "2010-07-31": "7.51%", "2010-04-30": "6.18%", "2010-01-31": "5.65%", "2009-10-31": "3.78%", "2009-07-31": "2.04%", "2009-04-30": "1.94%", "2009-01-31": "2.67%", "2008-10-31": "4.49%", "2008-07-31": "5.83%", "2008-04-30": "7.29%", "2008-01-31": "7.39%", "2007-10-31": "7.22%", "2007-07-31": "6.97%", "2007-04-30": "6.67%", "2007-01-31": "7.26%", "2006-10-31": "7.88%", "2006-07-31": "8.48%", "2006-04-30": "8.39%", "2006-01-31": "7.95%", "2005-10-31": "7.70%"}, "pre tax profit margin": {"2020-10-31": "4.10%", "2020-07-31": "3.34%", "2020-04-30": "2.88%", "2020-01-31": "2.85%", "2019-10-31": "2.70%", "2019-07-31": "2.36%", "2019-04-30": "2.69%", "2019-01-31": "4.73%", "2018-10-31": "6.09%", "2018-07-31": "7.60%", "2018-04-30": "8.16%", "2018-01-31": "8.22%", "2017-10-31": "8.07%", "2017-07-31": "7.67%", "2017-04-30": "7.61%", "2017-01-31": "7.71%", "2016-10-31": "8.00%", "2016-07-31": "8.36%", "2016-04-30": "8.21%", "2016-01-31": "7.93%", "2015-10-31": "7.63%", "2015-07-31": "7.31%", "2015-04-30": "7.22%", "2015-01-31": "7.14%", "2014-10-31": "7.02%", "2014-07-31": "7.18%", "2014-04-30": "7.18%", "2014-01-31": "7.08%", "2013-10-31": "7.07%", "2013-07-31": "6.85%", "2013-04-30": "6.75%", "2013-01-31": "6.40%", "2012-10-31": "6.38%", "2012-07-31": "6.25%", "2012-04-30": "5.92%", "2012-01-31": "5.93%", "2011-10-31": "5.53%", "2011-07-31": "5.64%", "2011-04-30": "6.08%", "2011-01-31": "6.30%", "2010-10-31": "7.06%", "2010-07-31": "7.51%", "2010-04-30": "6.91%", "2010-01-31": "5.31%", "2009-10-31": "3.34%", "2009-07-31": "1.58%", "2009-04-30": "0.12%", "2009-01-31": "2.11%", "2008-10-31": "4.27%", "2008-07-31": "5.72%", "2008-04-30": "7.32%", "2008-01-31": "7.46%", "2007-10-31": "7.19%", "2007-07-31": "6.90%", "2007-04-30": "6.60%", "2007-01-31": "7.19%", "2006-10-31": "7.78%", "2006-07-31": "8.35%", "2006-04-30": "8.25%", "2006-01-31": "7.77%", "2005-10-31": "7.52%"}, "net profit margin": {"2020-10-31": "3.35%", "2020-07-31": "2.73%", "2020-04-30": "2.40%", "2020-01-31": "2.28%", "2019-10-31": "2.07%", "2019-07-31": "1.70%", "2019-04-30": "1.75%", "2019-01-31": "3.22%", "2018-10-31": "4.02%", "2018-07-31": "5.16%", "2018-04-30": "5.49%", "2018-01-31": "5.37%", "2017-10-31": "5.44%", "2017-07-31": "5.16%", "2017-04-30": "5.12%", "2017-01-31": "5.21%", "2016-10-31": "5.44%", "2016-07-31": "5.61%", "2016-04-30": "5.59%", "2016-01-31": "5.36%", "2015-10-31": "5.13%", "2015-07-31": "4.99%", "2015-04-30": "4.96%", "2015-01-31": "4.92%", "2014-10-31": "4.85%", "2014-07-31": "5.08%", "2014-04-30": "5.01%", "2014-01-31": "4.85%", "2013-10-31": "4.97%", "2013-07-31": "4.72%", "2013-04-30": "5.02%", "2013-01-31": "4.92%", "2012-10-31": "4.77%", "2012-07-31": "4.59%", "2012-04-30": "4.47%", "2012-01-31": "4.56%", "2011-10-31": "4.36%", "2011-07-31": "4.57%", "2011-04-30": "4.19%", "2011-01-31": "4.24%", "2010-10-31": "4.66%", "2010-07-31": "4.83%", "2010-04-30": "4.58%", "2010-01-31": "3.47%", "2009-10-31": "2.21%", "2009-07-31": "1.12%", "2009-04-30": "-0.18%", "2009-01-31": "1.18%", "2008-10-31": "2.59%", "2008-07-31": "3.52%", "2008-04-30": "4.88%", "2008-01-31": "5.02%", "2007-10-31": "4.91%", "2007-07-31": "4.73%", "2007-04-30": "4.33%", "2007-01-31": "4.67%", "2006-10-31": "4.98%", "2006-07-31": "5.32%", "2006-04-30": "5.20%", "2006-01-31": "4.87%", "2005-10-31": "4.73%"}, "pe ratio": {"current": "22.89", "2021-02-05": "23.56", "2020-10-31": "16.38", "2020-07-31": "28.17", "2020-04-30": "18.47", "2020-01-31": "21.26", "2019-10-31": "19.96", "2019-07-31": "23.79", "2019-04-30": "26.12", "2019-01-31": "14.24", "2018-10-31": "11.04", "2018-07-31": "10.96", "2018-04-30": "11.40", "2018-01-31": "15.37", "2017-10-31": "15.81", "2017-07-31": "13.81", "2017-04-30": "13.92", "2017-01-31": "16.54", "2016-10-31": "13.52", "2016-07-31": "14.41", "2016-04-30": "12.67", "2016-01-31": "11.10", "2015-10-31": "12.28", "2015-07-31": "13.39", "2015-04-30": "14.58", "2015-01-31": "14.13", "2014-10-31": "14.16", "2014-07-31": "13.94", "2014-04-30": "16.75", "2014-01-31": "15.07", "2013-10-31": "16.27", "2013-07-31": "16.10", "2013-04-30": "12.06", "2013-01-31": "13.83", "2012-10-31": "12.60", "2012-07-31": "10.18", "2012-04-30": "12.94", "2012-01-31": "12.02", "2011-10-31": "11.12", "2011-07-31": "10.17", "2011-04-30": "11.96", "2011-01-31": "14.72", "2010-10-31": "11.72", "2010-07-31": "10.43", "2010-04-30": "15.86", "2010-01-31": "21.79", "2009-10-31": "31.70", "2009-07-31": "58.76", "2009-04-30": "0.00", "2009-01-31": "19.49", "2008-10-31": "12.57", "2008-07-31": "8.85", "2008-04-30": "9.16", "2008-01-31": "10.08", "2007-10-31": "13.99", "2007-07-31": "11.88", "2007-04-30": "11.95", "2007-01-31": "11.41", "2006-10-31": "10.86"}, "price sales": {"2021-02-05": "0.79", "2020-10-31": "0.55", "2020-07-31": "0.77", "2020-04-30": "0.44", "2020-01-31": "0.48", "2019-10-31": "0.41", "2019-07-31": "0.39", "2019-04-30": "0.46", "2019-01-31": "0.46", "2018-10-31": "0.44", "2018-07-31": "0.57", "2018-04-30": "0.63", "2018-01-31": "0.83", "2017-10-31": "0.86", "2017-07-31": "0.71", "2017-04-30": "0.71", "2017-01-31": "0.86", "2016-10-31": "0.73", "2016-07-31": "0.81", "2016-04-30": "0.71", "2016-01-31": "0.60", "2015-10-31": "0.63", "2015-07-31": "0.67", "2015-04-30": "0.72", "2015-01-31": "0.69", "2014-10-31": "0.69", "2014-07-31": "0.71", "2014-04-30": "0.84", "2014-01-31": "0.73", "2013-10-31": "0.80", "2013-07-31": "0.75", "2013-04-30": "0.60", "2013-01-31": "0.68", "2012-10-31": "0.61", "2012-07-31": "0.47", "2012-04-30": "0.58", "2012-01-31": "0.55", "2011-10-31": "0.49", "2011-07-31": "0.46", "2011-04-30": "0.50", "2011-01-31": "0.63", "2010-10-31": "0.55", "2010-07-31": "0.51", "2010-04-30": "0.73", "2010-01-31": "0.76", "2009-10-31": "0.71", "2009-07-31": "0.66", "2009-04-30": "0.59", "2009-01-31": "0.23", "2008-10-31": "0.32", "2008-07-31": "0.31", "2008-04-30": "0.45", "2008-01-31": "0.51", "2007-10-31": "0.69", "2007-07-31": "0.57", "2007-04-30": "0.55", "2007-01-31": "0.57", "2006-10-31": "0.58"}, "price book": {"current": "2.77", "2021-02-05": "2.77", "2020-10-31": "1.93", "2020-07-31": "2.66", "2020-04-30": "1.71", "2020-01-31": "2.05", "2019-10-31": "1.60", "2019-07-31": "1.51", "2019-04-30": "1.71", "2019-01-31": "1.72", "2018-10-31": "1.80", "2018-07-31": "2.43", "2018-04-30": "2.81", "2018-01-31": "3.85", "2017-10-31": "3.97", "2017-07-31": "3.27", "2017-04-30": "3.18", "2017-01-31": "3.65", "2016-10-31": "2.90", "2016-07-31": "2.91", "2016-04-30": "2.56", "2016-01-31": "2.21", "2015-10-31": "2.33", "2015-07-31": "2.47", "2015-04-30": "2.69", "2015-01-31": "2.63", "2014-10-31": "2.50", "2014-07-31": "2.55", "2014-04-30": "3.09", "2014-01-31": "2.73", "2013-10-31": "3.03", "2013-07-31": "2.74", "2013-04-30": "1.99", "2013-01-31": "2.35", "2012-10-31": "1.87", "2012-07-31": "1.44", "2012-04-30": "1.77", "2012-01-31": "1.66", "2011-10-31": "1.39", "2011-07-31": "1.30", "2011-04-30": "1.69", "2011-01-31": "2.12", "2010-10-31": "1.79", "2010-07-31": "1.70", "2010-04-30": "2.31", "2010-01-31": "2.15", "2009-10-31": "1.61", "2009-07-31": "1.43", "2009-04-30": "1.42", "2009-01-31": "0.65", "2008-10-31": "1.07", "2008-07-31": "1.16", "2008-04-30": "1.80", "2008-01-31": "2.14", "2007-10-31": "2.95", "2007-07-31": "2.12", "2007-04-30": "2.19", "2007-01-31": "2.43", "2006-10-31": "2.51", "2006-07-31": "2.40", "2006-04-30": "2.81", "2006-01-31": "2.53"}, "price fcf": {"2021-02-05": "", "2020-10-31": "$7.61", "2020-07-31": "$8.34", "2020-04-30": "$8.60", "2020-01-31": "$5.04", "2019-10-31": "$6.83", "2019-07-31": "$7.04", "2019-04-30": "$7.59", "2019-01-31": "$7.84", "2018-10-31": "$5.66", "2018-07-31": "$6.28", "2018-04-30": "$5.72", "2018-01-31": "$5.69", "2017-10-31": "$5.92", "2017-07-31": "$5.86", "2017-04-30": "$5.54", "2017-01-31": "$5.11", "2016-10-31": "$5.06", "2016-07-31": "$5.51", "2016-04-30": "$4.71", "2016-01-31": "$3.69", "2015-10-31": "$3.15", "2015-07-31": "$3.87", "2015-04-30": "$4.53", "2015-01-31": "$3.64", "2014-10-31": "$3.15", "2014-07-31": "$2.39", "2014-04-30": "$0.74", "2014-01-31": "$1.88", "2013-10-31": "$2.13", "2013-07-31": "$2.28", "2013-04-30": "$2.00", "2013-01-31": "$1.28", "2012-10-31": "$1.82", "2012-07-31": "$2.03", "2012-04-30": "$3.46", "2012-01-31": "$2.90", "2011-10-31": "$1.96", "2011-07-31": "$1.48", "2011-04-30": "$0.45", "2011-01-31": "$1.39", "2010-10-31": "$1.31", "2010-07-31": "$1.76", "2010-04-30": "$0.74", "2010-01-31": "$0.20", "2009-10-31": "$1.38", "2009-07-31": "$0.83", "2009-04-30": "$1.26", "2009-01-31": "$1.90", "2008-10-31": "$1.26", "2008-07-31": "$2.02", "2008-04-30": "$2.50", "2008-01-31": "$2.83", "2007-10-31": "$3.19", "2007-07-31": "$3.92", "2007-04-30": "$4.09", "2007-01-31": "$3.77", "2006-10-31": "$3.15"}, "net worth": {"value": "$6.7B"}, "current ratio": {"current": "1.40", "2020-10-31": "1.40", "2020-07-31": "1.39", "2020-04-30": "1.65", "2020-01-31": "1.38", "2019-10-31": "1.39", "2019-07-31": "1.41", "2019-04-30": "1.54", "2019-01-31": "1.66", "2018-10-31": "1.66", "2018-07-31": "1.71", "2018-04-30": "1.67", "2018-01-31": "1.63", "2017-10-31": "1.50", "2017-07-31": "1.51", "2017-04-30": "1.63", "2017-01-31": "1.64", "2016-10-31": "1.61", "2016-07-31": "1.56", "2016-04-30": "2.21", "2016-01-31": "2.19", "2015-10-31": "2.05", "2015-07-31": "2.05", "2015-04-30": "2.25", "2015-01-31": "2.28", "2014-10-31": "2.45", "2014-07-31": "2.28", "2014-04-30": "2.24", "2014-01-31": "2.40", "2013-10-31": "2.11", "2013-07-31": "2.30", "2013-04-30": "2.00", "2013-01-31": "2.03", "2012-10-31": "2.27", "2012-07-31": "2.20", "2012-04-30": "1.98", "2012-01-31": "2.07", "2011-10-31": "2.28", "2011-07-31": "2.24", "2011-04-30": "2.05", "2011-01-31": "1.96", "2010-10-31": "2.08", "2010-07-31": "2.34", "2010-04-30": "2.19", "2010-01-31": "2.38", "2009-10-31": "2.88", "2009-07-31": "3.27", "2009-04-30": "2.45", "2009-01-31": "2.55", "2008-10-31": "2.37", "2008-07-31": "2.13", "2008-04-30": "1.97", "2008-01-31": "2.35", "2007-10-31": "2.24", "2007-07-31": "2.55", "2007-04-30": "2.15", "2007-01-31": "2.28", "2006-10-31": "2.27", "2006-07-31": "2.24", "2006-04-30": "2.16", "2006-01-31": "2.22", "2005-10-31": "2.17", "2005-07-31": "2.11", "2005-04-30": "2.10", "2005-01-31": "2.18"}, "quick ratio": {"2020-10-31": "0.75", "2020-07-31": "0.92", "2020-04-30": "0.96", "2020-01-31": "0.76", "2019-10-31": "0.75", "2019-07-31": "0.84", "2019-04-30": "0.91", "2019-01-31": "0.91", "2018-10-31": "0.95", "2018-07-31": "1.01", "2018-04-30": "0.96", "2018-01-31": "0.91", "2017-10-31": "0.91", "2017-07-31": "0.92", "2017-04-30": "1.04", "2017-01-31": "0.94", "2016-10-31": "0.98", "2016-07-31": "0.94", "2016-04-30": "1.58", "2016-01-31": "1.49", "2015-10-31": "1.39", "2015-07-31": "1.40", "2015-04-30": "1.64", "2015-01-31": "1.63", "2014-10-31": "1.81", "2014-07-31": "1.69", "2014-04-30": "1.62", "2014-01-31": "1.66", "2013-10-31": "1.59", "2013-07-31": "1.87", "2013-04-30": "1.37", "2013-01-31": "1.30", "2012-10-31": "1.54", "2012-07-31": "1.60", "2012-04-30": "1.40", "2012-01-31": "1.38", "2011-10-31": "1.60", "2011-07-31": "1.58", "2011-04-30": "1.28", "2011-01-31": "1.19", "2010-10-31": "1.34", "2010-07-31": "1.79", "2010-04-30": "1.53", "2010-01-31": "1.60", "2009-10-31": "2.27", "2009-07-31": "2.70", "2009-04-30": "1.78", "2009-01-31": "1.68", "2008-10-31": "1.59", "2008-07-31": "1.51", "2008-04-30": "1.24", "2008-01-31": "1.63", "2007-10-31": "1.61", "2007-07-31": "1.94", "2007-04-30": "1.54", "2007-01-31": "1.58", "2006-10-31": "1.48", "2006-07-31": "1.61", "2006-04-30": "1.56", "2006-01-31": "1.54", "2005-10-31": "1.47", "2005-07-31": "1.46", "2005-04-30": "1.36", "2005-01-31": "1.27"}, "debt equity ratio": {"current": "0.65", "2020-10-31": "1.42", "2020-07-31": "1.46", "2020-04-30": "1.66", "2020-01-31": "1.65", "2019-10-31": "1.64", "2019-07-31": "1.70", "2019-04-30": "1.93", "2019-01-31": "0.43", "2018-10-31": "0.45", "2018-07-31": "0.43", "2018-04-30": "0.54", "2018-01-31": "0.55", "2017-10-31": "0.61", "2017-07-31": "0.62", "2017-04-30": "0.77", "2017-01-31": "0.77", "2016-10-31": "0.80", "2016-07-31": "0.84", "2016-04-30": "0.42", "2016-01-31": "0.40", "2015-10-31": "0.43", "2015-07-31": "0.41", "2015-04-30": "0.45", "2015-01-31": "0.43", "2014-10-31": "0.41", "2014-07-31": "0.44", "2014-04-30": "0.49", "2014-01-31": "0.42", "2013-10-31": "0.51", "2013-07-31": "0.49", "2013-04-30": "0.54", "2013-01-31": "0.50", "2012-10-31": "0.45", "2012-07-31": "0.46", "2012-04-30": "0.53", "2012-01-31": "0.47", "2011-10-31": "0.42", "2011-07-31": "0.43", "2011-04-30": "0.47", "2011-01-31": "0.47", "2010-10-31": "0.43", "2010-07-31": "0.47", "2010-04-30": "0.52", "2010-01-31": "0.46", "2009-10-31": "0.41", "2009-07-31": "0.35", "2009-04-30": "0.35", "2009-01-31": "0.33", "2008-10-31": "0.37", "2008-07-31": "0.42", "2008-04-30": "0.47", "2008-01-31": "0.48", "2007-10-31": "0.51", "2007-07-31": "0.38", "2007-04-30": "0.48", "2007-01-31": "0.42", "2006-10-31": "0.42", "2006-07-31": "0.44", "2006-04-30": "0.49", "2006-01-31": "0.44", "2005-10-31": "0.44", "2005-07-31": "0.44", "2005-04-30": "0.44", "2005-01-31": "0.40"}, "return on equity": {"2020-10-31": "12.71%", "2020-07-31": "10.25%", "2020-04-30": "9.27%", "2020-01-31": "9.78%", "2019-10-31": "8.38%", "2019-07-31": "6.73%", "2019-04-30": "6.66%", "2019-01-31": "12.10%", "2018-10-31": "16.90%", "2018-07-31": "23.77%", "2018-04-30": "26.82%", "2018-01-31": "27.03%", "2017-10-31": "27.70%", "2017-07-31": "26.01%", "2017-04-30": "24.86%", "2017-01-31": "23.71%", "2016-10-31": "23.26%", "2016-07-31": "21.91%", "2016-04-30": "21.64%", "2016-01-31": "20.80%", "2015-10-31": "19.84%", "2015-07-31": "19.25%", "2015-04-30": "19.46%", "2015-01-31": "19.38%", "2014-10-31": "18.74%", "2014-07-31": "19.63%", "2014-04-30": "19.09%", "2014-01-31": "18.27%", "2013-10-31": "19.13%", "2013-07-31": "17.95%", "2013-04-30": "16.51%", "2013-01-31": "16.27%", "2012-10-31": "15.67%", "2012-07-31": "14.78%", "2012-04-30": "13.99%", "2012-01-31": "13.90%", "2011-10-31": "12.96%", "2011-07-31": "13.47%", "2011-04-30": "14.80%", "2011-01-31": "14.93%", "2010-10-31": "16.86%", "2010-07-31": "17.17%", "2010-04-30": "14.40%", "2010-01-31": "9.27%", "2009-10-31": "5.06%", "2009-07-31": "2.45%", "2009-04-30": "-0.43%", "2009-01-31": "3.31%", "2008-10-31": "8.64%", "2008-07-31": "13.50%", "2008-04-30": "19.56%", "2008-01-31": "20.56%", "2007-10-31": "19.96%", "2007-07-31": "18.91%", "2007-04-30": "18.06%", "2007-01-31": "19.94%", "2006-10-31": "21.77%", "2006-07-31": "23.89%", "2006-04-30": "23.15%", "2006-01-31": "21.84%", "2005-10-31": "21.38%"}, "return on assets": {"2020-10-31": "5.00%", "2020-07-31": "3.94%", "2020-04-30": "3.48%", "2020-01-31": "3.59%", "2019-10-31": "3.43%", "2019-07-31": "3.12%", "2019-04-30": "3.64%", "2019-01-31": "8.27%", "2018-10-31": "11.33%", "2018-07-31": "15.55%", "2018-04-30": "17.01%", "2018-01-31": "16.56%", "2017-10-31": "16.43%", "2017-07-31": "15.00%", "2017-04-30": "13.88%", "2017-01-31": "13.85%", "2016-10-31": "14.32%", "2016-07-31": "14.32%", "2016-04-30": "15.29%", "2016-01-31": "14.62%", "2015-10-31": "13.88%", "2015-07-31": "13.52%", "2015-04-30": "13.60%", "2015-01-31": "13.46%", "2014-10-31": "13.02%", "2014-07-31": "13.39%", "2014-04-30": "12.91%", "2014-01-31": "12.27%", "2013-10-31": "12.67%", "2013-07-31": "12.01%", "2013-04-30": "11.10%", "2013-01-31": "10.96%", "2012-10-31": "10.62%", "2012-07-31": "10.06%", "2012-04-30": "9.57%", "2012-01-31": "9.61%", "2011-10-31": "8.96%", "2011-07-31": "9.30%", "2011-04-30": "10.17%", "2011-01-31": "10.18%", "2010-10-31": "11.50%", "2010-07-31": "11.75%", "2010-04-30": "10.08%", "2010-01-31": "6.67%", "2009-10-31": "3.72%", "2009-07-31": "1.82%", "2009-04-30": "-0.32%", "2009-01-31": "2.37%", "2008-10-31": "6.02%", "2008-07-31": "9.19%", "2008-04-30": "13.44%", "2008-01-31": "14.08%", "2007-10-31": "13.81%", "2007-07-31": "13.28%", "2007-04-30": "12.57%", "2007-01-31": "13.87%", "2006-10-31": "15.08%", "2006-07-31": "16.48%", "2006-04-30": "15.96%", "2006-01-31": "15.17%", "2005-10-31": "14.94%"}, "return on investments": {"2020-10-31": "11.31%", "2020-07-31": "9.51%", "2020-04-30": "8.89%", "2020-01-31": "9.41%", "2019-10-31": "10.18%", "2019-07-31": "12.05%", "2019-04-30": "22.55%", "2019-01-31": "70.71%", "2018-10-31": "50.98%", "2018-07-31": "45.49%", "2018-04-30": "37.63%", "2018-01-31": "37.74%", "2017-10-31": "36.13%", "2017-07-31": "32.67%", "2017-04-30": "29.95%", "2017-01-31": "36.30%", "2016-10-31": "52.26%", "2016-07-31": "96.49%", "2016-04-30": "inf%", "2016-01-31": "inf%", "2015-10-31": "inf%", "2015-07-31": "inf%", "2015-04-30": "inf%", "2015-01-31": "inf%", "2014-10-31": "inf%", "2014-07-31": "inf%", "2014-04-30": "inf%", "2014-01-31": "inf%", "2013-10-31": "inf%", "2013-07-31": "inf%", "2013-04-30": "inf%", "2013-01-31": "inf%", "2012-10-31": "inf%", "2012-07-31": "inf%", "2012-04-30": "inf%", "2012-01-31": "inf%", "2011-10-31": "inf%", "2011-07-31": "inf%", "2011-04-30": "inf%", "2011-01-31": "inf%", "2010-10-31": "inf%", "2010-07-31": "inf%", "2010-04-30": "inf%", "2010-01-31": "inf%", "2009-10-31": "inf%", "2009-07-31": "inf%", "2009-04-30": "inf%", "2009-01-31": "inf%", "2008-10-31": "inf%", "2008-07-31": "inf%", "2008-04-30": "inf%", "2008-01-31": "inf%", "2007-10-31": "inf%", "2007-07-31": "inf%", "2007-04-30": "inf%", "2007-01-31": "inf%", "2006-10-31": "inf%", "2006-07-31": "inf%", "2006-04-30": "inf%", "2006-01-31": "inf%", "2005-10-31": "inf%"}, "return on tangible equity": {"2020-10-31": "-370.23%", "2020-07-31": "-163.37%", "2020-04-30": "-106.81%", "2020-01-31": "-94.04%", "2019-10-31": "156.16%", "2019-07-31": "29.84%", "2019-04-30": "16.24%", "2019-01-31": "20.09%", "2018-10-31": "28.81%", "2018-07-31": "42.06%", "2018-04-30": "50.22%", "2018-01-31": "54.38%", "2017-10-31": "60.60%", "2017-07-31": "63.02%", "2017-04-30": "67.63%", "2017-01-31": "58.17%", "2016-10-31": "50.82%", "2016-07-31": "42.53%", "2016-04-30": "37.09%", "2016-01-31": "35.59%", "2015-10-31": "33.80%", "2015-07-31": "31.97%", "2015-04-30": "31.44%", "2015-01-31": "31.51%", "2014-10-31": "30.64%", "2014-07-31": "32.71%", "2014-04-30": "31.70%", "2014-01-31": "30.69%", "2013-10-31": "32.63%", "2013-07-31": "30.54%", "2013-04-30": "28.69%", "2013-01-31": "28.65%", "2012-10-31": "27.78%", "2012-07-31": "26.58%", "2012-04-30": "25.38%", "2012-01-31": "25.29%", "2011-10-31": "23.65%", "2011-07-31": "24.99%", "2011-04-30": "25.41%", "2011-01-31": "23.68%", "2010-10-31": "24.50%", "2010-07-31": "22.44%", "2010-04-30": "18.64%", "2010-01-31": "11.91%", "2009-10-31": "6.47%", "2009-07-31": "3.15%", "2009-04-30": "-0.56%", "2009-01-31": "4.30%", "2008-10-31": "11.26%", "2008-07-31": "17.71%", "2008-04-30": "25.57%", "2008-01-31": "26.81%", "2007-10-31": "26.02%", "2007-07-31": "24.62%", "2007-04-30": "23.71%", "2007-01-31": "26.18%", "2006-10-31": "28.61%", "2006-07-31": "31.54%", "2006-04-30": "30.94%", "2006-01-31": "29.65%", "2005-10-31": "29.47%"}, "dividend yield history": {"last payout": "$1.64", "last yield": "1.35%"}}