{"ticker": "TKR", "price": {"title": "Timken Historical Annual Stock Price Data", "value": 72.79, "historical": {"2021": {"Average Stock Price": "80.7696", "Year Open": "75.5400", "Year High": "85.6900", "Year Low": "72.7900", "Year Close": "72.7900", "Annual % Change": "-5.91%"}, "2020": {"Average Stock Price": "51.7102", "Year Open": "57.0400", "Year High": "78.3500", "Year Low": "24.2700", "Year Close": "77.3600", "Annual % Change": "37.38%"}, "2019": {"Average Stock Price": "46.2925", "Year Open": "37.6600", "Year High": "56.9200", "Year Low": "36.3900", "Year Close": "56.3100", "Annual % Change": "50.88%"}, "2018": {"Average Stock Price": "45.5963", "Year Open": "51.3000", "Year High": "55.5000", "Year Low": "34.4300", "Year Close": "37.3200", "Annual % Change": "-24.07%"}, "2017": {"Average Stock Price": "46.1367", "Year Open": "40.9500", "Year High": "51.5500", "Year Low": "40.9500", "Year Close": "49.1500", "Annual % Change": "23.80%"}, "2016": {"Average Stock Price": "33.1881", "Year Open": "28.3300", "Year High": "40.9500", "Year Low": "23.4100", "Year Close": "39.7000", "Annual % Change": "38.86%"}, "2015": {"Average Stock Price": "35.7500", "Year Open": "42.7300", "Year High": "43.5000", "Year Low": "26.4600", "Year Close": "28.5900", "Annual % Change": "-33.01%"}, "2014": {"Average Stock Price": "52.0839", "Year Open": "54.4500", "Year High": "68.6700", "Year Low": "38.2300", "Year Close": "42.6800", "Annual % Change": "-22.50%"}, "2013": {"Average Stock Price": "55.9668", "Year Open": "49.0200", "Year High": "63.7000", "Year Low": "48.3100", "Year Close": "55.0700", "Annual % Change": "15.14%"}, "2012": {"Average Stock Price": "45.4371", "Year Open": "39.9300", "Year High": "57.7200", "Year Low": "35.2100", "Year Close": "47.8300", "Annual % Change": "23.56%"}, "2011": {"Average Stock Price": "45.0227", "Year Open": "49.6200", "Year High": "56.3900", "Year Low": "30.8900", "Year Close": "38.7100", "Annual % Change": "-18.90%"}, "2010": {"Average Stock Price": "33.5048", "Year Open": "24.2000", "Year High": "49.1700", "Year Low": "22.4100", "Year Close": "47.7300", "Annual % Change": "101.31%"}, "2009": {"Average Stock Price": "19.1569", "Year Open": "20.7300", "Year High": "25.6100", "Year Low": "10.0400", "Year Close": "23.7100", "Annual % Change": "20.78%"}, "2008": {"Average Stock Price": "28.0529", "Year Open": "32.4600", "Year High": "37.6400", "Year Low": "11.1100", "Year Close": "19.6300", "Annual % Change": "-40.24%"}, "2007": {"Average Stock Price": "32.7445", "Year Open": "29.1500", "Year High": "38.0200", "Year Low": "27.6300", "Year Close": "32.8500", "Annual % Change": "12.58%"}, "2006": {"Average Stock Price": "31.5814", "Year Open": "32.8300", "Year High": "36.1800", "Year Low": "26.7700", "Year Close": "29.1800", "Annual % Change": "-8.87%"}, "2005": {"Average Stock Price": "27.1923", "Year Open": "24.9700", "Year High": "32.6300", "Year Low": "22.9000", "Year Close": "32.0200", "Annual % Change": "23.06%"}, "2004": {"Average Stock Price": "23.5220", "Year Open": "19.9700", "Year High": "27.1400", "Year Low": "19.4900", "Year Close": "26.0200", "Annual % Change": "29.71%"}, "2003": {"Average Stock Price": "16.9682", "Year Open": "19.6800", "Year High": "20.3000", "Year Low": "14.8400", "Year Close": "20.0600", "Annual % Change": "5.03%"}, "2002": {"Average Stock Price": "19.9300", "Year Open": "16.4000", "Year High": "27.3500", "Year Low": "14.9200", "Year Close": "19.1000", "Annual % Change": "18.05%"}, "2001": {"Average Stock Price": "15.7651", "Year Open": "14.8800", "Year High": "18.6000", "Year Low": "12.4900", "Year Close": "16.1800", "Annual % Change": "7.01%"}, "2000": {"Average Stock Price": "16.5543", "Year Open": "19.8700", "Year High": "21.5000", "Year Low": "12.7500", "Year Close": "15.1200", "Annual % Change": "-26.03%"}, "1999": {"Average Stock Price": "18.7996", "Year Open": "19.6200", "Year High": "25.1300", "Year Low": "15.9400", "Year Close": "20.4400", "Annual % Change": "8.26%"}, "1998": {"Average Stock Price": "27.3277", "Year Open": "34.8100", "Year High": "41.7500", "Year Low": "13.6900", "Year Close": "18.8800", "Annual % Change": "-45.08%"}, "1997": {"Average Stock Price": "32.4995", "Year Open": "22.8100", "Year High": "41.4400", "Year Low": "22.6900", "Year Close": "34.3800", "Annual % Change": "50.30%"}, "1996": {"Average Stock Price": "20.8218", "Year Open": "19.8750", "Year High": "23.7500", "Year Low": "18.3150", "Year Close": "22.8750", "Annual % Change": "19.61%"}, "1995": {"Average Stock Price": "20.1541", "Year Open": "17.1250", "Year High": "24.0000", "Year Low": "16.2500", "Year Close": "19.1250", "Annual % Change": "8.51%"}, "1994": {"Average Stock Price": "17.4965", "Year Open": "16.7500", "Year High": "19.5000", "Year Low": "15.8150", "Year Close": "17.6250", "Annual % Change": "4.82%"}, "1993": {"Average Stock Price": "15.7178", "Year Open": "13.3750", "Year High": "17.3750", "Year Low": "13.3750", "Year Close": "16.8150", "Annual % Change": "26.91%"}, "1992": {"Average Stock Price": "13.4185", "Year Open": "11.8750", "Year High": "15.0000", "Year Low": "11.6250", "Year Close": "13.2500", "Annual % Change": "11.58%"}, "1991": {"Average Stock Price": "12.8460", "Year Open": "10.3750", "Year High": "14.9400", "Year Low": "10.3750", "Year Close": "11.8750", "Annual % Change": "12.45%"}, "1990": {"Average Stock Price": "14.2415", "Year Open": "14.8150", "Year High": "17.9350", "Year Low": "10.2500", "Year Close": "10.5600", "Annual % Change": "-23.89%"}, "1989": {"Average Stock Price": "17.1502", "Year Open": "17.5600", "Year High": "19.4350", "Year Low": "12.7500", "Year Close": "13.8750", "Annual % Change": "-21.83%"}, "1988": {"Average Stock Price": "16.9426", "Year Open": "16.4375", "Year High": "20.5300", "Year Low": "13.4375", "Year Close": "17.7500", "Annual % Change": "17.84%"}, "1987": {"Average Stock Price": "15.1847", "Year Open": "10.8750", "Year High": "20.0625", "Year Low": "10.6550", "Year Close": "15.0625", "Annual % Change": "39.31%"}, "1986": {"Average Stock Price": "11.2707", "Year Open": "11.2500", "Year High": "13.2500", "Year Low": "9.9375", "Year Close": "10.8125", "Annual % Change": "-3.89%"}}}, "market cap": {"value": "$5.49B"}, "income statement": {"Revenue": {"2020-12-31": "3513.20000", "2019-12-31": "3789.90000", "2018-12-31": "3580.80000", "2017-12-31": "3003.80000", "2016-12-31": "2669.80000", "2015-12-31": "2872.30000", "2014-12-31": "3076.20000", "2013-12-31": "3035.40000", "2012-12-31": "3359.50000", "2011-12-31": "5170.20000", "2010-12-31": "4055.50000", "2009-12-31": "3141.60000", "2008-12-31": "5040.80000", "2007-12-31": "4532.06600", "2006-12-31": "4973.36500", "2005-12-31": "4823.16700"}, "Cost Of Goods Sold": {"2020-12-31": "2503.30000", "2019-12-31": "2648.10000", "2018-12-31": "2540.70000", "2017-12-31": "2191.70000", "2016-12-31": "1963.50000", "2015-12-31": "2052.80000", "2014-12-31": "2178.20000", "2013-12-31": "2167.00000", "2012-12-31": "2331.50000", "2011-12-31": "3800.50000", "2010-12-31": "3033.80000", "2009-12-31": "2558.90000", "2008-12-31": "3888.90000", "2007-12-31": "3577.08300", "2006-12-31": "3968.27100", "2005-12-31": "3823.21000"}, "Gross Profit": {"2020-12-31": "1009.90000", "2019-12-31": "1141.80000", "2018-12-31": "1040.10000", "2017-12-31": "812.10010", "2016-12-31": "706.30000", "2015-12-31": "819.50000", "2014-12-31": "898.00000", "2013-12-31": "868.39990", "2012-12-31": "1028.00000", "2011-12-31": "1369.70000", "2010-12-31": "1021.70000", "2009-12-31": "582.70020", "2008-12-31": "1151.90000", "2007-12-31": "954.98290", "2006-12-31": "1005.09400", "2005-12-31": "999.95700"}, "Research And Development Expenses": {"2020-12-31": "", "2019-12-31": "", "2018-12-31": "", "2017-12-31": "", "2016-12-31": "", "2015-12-31": "", "2014-12-31": "", "2013-12-31": "", "2012-12-31": "", "2011-12-31": "", "2010-12-31": "", "2009-12-31": "", "2008-12-31": "", "2007-12-31": "", "2006-12-31": "", "2005-12-31": ""}, "SG&A Expenses": {"2020-12-31": "533.80000", "2019-12-31": "618.60000", "2018-12-31": "580.70000", "2017-12-31": "508.30000", "2016-12-31": "440.20000", "2015-12-31": "457.70000", "2014-12-31": "542.50000", "2013-12-31": "546.60000", "2012-12-31": "554.50000", "2011-12-31": "626.20000", "2010-12-31": "563.80000", "2009-12-31": "472.70000", "2008-12-31": "657.10000", "2007-12-31": "631.16200", "2006-12-31": "677.34200", "2005-12-31": "646.90400"}, "Other Operating Income Or Expenses": {"2020-12-31": "", "2019-12-31": "", "2018-12-31": "", "2017-12-31": "", "2016-12-31": "", "2015-12-31": "", "2014-12-31": "", "2013-12-31": "", "2012-12-31": "", "2011-12-31": "", "2010-12-31": "", "2009-12-31": "", "2008-12-31": "", "2007-12-31": "-0.52800", "2006-12-31": "-64.27100", "2005-12-31": ""}, "Operating Expenses": {"2020-12-31": "3058.30000", "2019-12-31": "3273.50000", "2018-12-31": "3126.30000", "2017-12-31": "2704.30000", "2016-12-31": "2425.40000", "2015-12-31": "2616.40000", "2014-12-31": "2867.80000", "2013-12-31": "2729.50000", "2012-12-31": "2915.50000", "2011-12-31": "4441.10000", "2010-12-31": "3619.30000", "2009-12-31": "3195.70000", "2008-12-31": "4578.80000", "2007-12-31": "4237.17800", "2006-12-31": "4754.76500", "2005-12-31": "4496.20700"}, "Operating Income": {"2020-12-31": "454.89990", "2019-12-31": "516.39970", "2018-12-31": "454.50020", "2017-12-31": "299.50000", "2016-12-31": "244.40010", "2015-12-31": "255.90010", "2014-12-31": "208.40010", "2013-12-31": "305.89990", "2012-12-31": "444.00000", "2011-12-31": "729.10010", "2010-12-31": "436.20000", "2009-12-31": "-54.09990", "2008-12-31": "462.00000", "2007-12-31": "294.88820", "2006-12-31": "218.60060", "2005-12-31": "326.96040"}, "Total Non-Operating Income/Expense": {"2020-12-31": "-58.60000", "2019-12-31": "-44.00000", "2018-12-31": "-46.40000", "2017-12-31": "-39.60000", "2016-12-31": "-42.80000", "2015-12-31": "-38.20000", "2014-12-31": "-4.40000", "2013-12-31": "-15.80000", "2012-12-31": "73.80000", "2011-12-31": "-32.30000", "2010-12-31": "-30.70000", "2009-12-31": "-40.10000", "2008-12-31": "-22.40000", "2007-12-31": "-30.23200", "2006-12-31": "35.63400", "2005-12-31": "19.57800"}, "Pre-Tax Income": {"2020-12-31": "396.30000", "2019-12-31": "472.40000", "2018-12-31": "408.10000", "2017-12-31": "259.90000", "2016-12-31": "201.60000", "2015-12-31": "217.70000", "2014-12-31": "204.00000", "2013-12-31": "290.10000", "2012-12-31": "517.80000", "2011-12-31": "696.80000", "2010-12-31": "405.50000", "2009-12-31": "-94.20000", "2008-12-31": "439.60000", "2007-12-31": "264.65600", "2006-12-31": "254.23400", "2005-12-31": "346.53800"}, "Income Taxes": {"2020-12-31": "103.90000", "2019-12-31": "97.70000", "2018-12-31": "102.60000", "2017-12-31": "57.60000", "2016-12-31": "60.50000", "2015-12-31": "26.30000", "2014-12-31": "54.70000", "2013-12-31": "114.60000", "2012-12-31": "186.30000", "2011-12-31": "240.20000", "2010-12-31": "136.00000", "2009-12-31": "-28.20000", "2008-12-31": "157.00000", "2007-12-31": "53.94200", "2006-12-31": "77.79500", "2005-12-31": "112.88200"}, "Income After Taxes": {"2020-12-31": "292.40000", "2019-12-31": "374.70000", "2018-12-31": "305.50000", "2017-12-31": "202.30000", "2016-12-31": "141.10000", "2015-12-31": "191.40000", "2014-12-31": "149.30000", "2013-12-31": "175.50000", "2012-12-31": "331.50000", "2011-12-31": "456.60000", "2010-12-31": "269.50000", "2009-12-31": "-66.00000", "2008-12-31": "282.60000", "2007-12-31": "210.71400", "2006-12-31": "176.43900", "2005-12-31": "233.65600"}, "Other Income": {"2020-12-31": "", "2019-12-31": "", "2018-12-31": "", "2017-12-31": "", "2016-12-31": "", "2015-12-31": "", "2014-12-31": "", "2013-12-31": "", "2012-12-31": "", "2011-12-31": "", "2010-12-31": "", "2009-12-31": "", "2008-12-31": "", "2007-12-31": "", "2006-12-31": "", "2005-12-31": ""}, "Income From Continuous Operations": {"2020-12-31": "292.40000", "2019-12-31": "374.70000", "2018-12-31": "305.50000", "2017-12-31": "202.30000", "2016-12-31": "141.10000", "2015-12-31": "191.40000", "2014-12-31": "149.30000", "2013-12-31": "175.50000", "2012-12-31": "331.50000", "2011-12-31": "456.60000", "2010-12-31": "269.50000", "2009-12-31": "-66.00000", "2008-12-31": "282.60000", "2007-12-31": "210.71400", "2006-12-31": "176.43900", "2005-12-31": "233.65600"}, "Income From Discontinued Operations": {"2020-12-31": "", "2019-12-31": "", "2018-12-31": "", "2017-12-31": "", "2016-12-31": "", "2015-12-31": "", "2014-12-31": "24.00000", "2013-12-31": "87.50000", "2012-12-31": "164.40000", "2011-12-31": "", "2010-12-31": "7.40000", "2009-12-31": "-72.60000", "2008-12-31": "-11.30000", "2007-12-31": "12.94200", "2006-12-31": "46.08800", "2005-12-31": "26.62500"}, "Net Income": {"2020-12-31": "284.50000", "2019-12-31": "362.10000", "2018-12-31": "302.80000", "2017-12-31": "203.40000", "2016-12-31": "140.80000", "2015-12-31": "188.60000", "2014-12-31": "170.80000", "2013-12-31": "262.70000", "2012-12-31": "495.50000", "2011-12-31": "452.70000", "2010-12-31": "273.60000", "2009-12-31": "-134.00000", "2008-12-31": "267.70000", "2007-12-31": "220.05400", "2006-12-31": "222.52700", "2005-12-31": "260.28100"}, "EBITDA": {"2020-12-31": "621.99990", "2019-12-31": "676.99960", "2018-12-31": "600.50020", "2017-12-31": "437.20000", "2016-12-31": "376.10020", "2015-12-31": "386.70010", "2014-12-31": "345.40010", "2013-12-31": "448.29990", "2012-12-31": "593.60000", "2011-12-31": "921.60010", "2010-12-31": "625.90000", "2009-12-31": "147.40010", "2008-12-31": "662.80000", "2007-12-31": "482.80620", "2006-12-31": "415.19260", "2005-12-31": "536.61650"}, "EBIT": {"2020-12-31": "454.89990", "2019-12-31": "516.39970", "2018-12-31": "454.50020", "2017-12-31": "299.50000", "2016-12-31": "244.40010", "2015-12-31": "255.90010", "2014-12-31": "208.40010", "2013-12-31": "305.89990", "2012-12-31": "444.00000", "2011-12-31": "729.10010", "2010-12-31": "436.20000", "2009-12-31": "-54.09990", "2008-12-31": "462.00000", "2007-12-31": "294.88820", "2006-12-31": "218.60060", "2005-12-31": "326.96040"}, "Basic Shares Outstanding": {"2020-12-31": "75.35400", "2019-12-31": "75.75800", "2018-12-31": "77.12000", "2017-12-31": "77.73600", "2016-12-31": "78.51600", "2015-12-31": "84.63200", "2014-12-31": "90.36700", "2013-12-31": "94.99000", "2012-12-31": "96.67200", "2011-12-31": "97.45100", "2010-12-31": "96.53500", "2009-12-31": "96.13600", "2008-12-31": "95.65000", "2007-12-31": "94.63900", "2006-12-31": "93.32600", "2005-12-31": "91.53300"}, "Shares Outstanding": {"2020-12-31": "76.40100", "2019-12-31": "76.89700", "2018-12-31": "78.33700", "2017-12-31": "78.91100", "2016-12-31": "79.23400", "2015-12-31": "85.34600", "2014-12-31": "91.22400", "2013-12-31": "95.82400", "2012-12-31": "97.60200", "2011-12-31": "98.65600", "2010-12-31": "97.51600", "2009-12-31": "96.13600", "2008-12-31": "95.94800", "2007-12-31": "95.28200", "2006-12-31": "94.29500", "2005-12-31": "92.53800"}, "Basic EPS": {"2020-12-31": "3.78000", "2019-12-31": "4.78000", "2018-12-31": "3.93000", "2017-12-31": "2.62000", "2016-12-31": "1.79000", "2015-12-31": "2.23000", "2014-12-31": "1.89000", "2013-12-31": "2.76000", "2012-12-31": "5.11000", "2011-12-31": "4.65000", "2010-12-31": "2.83000", "2009-12-31": "-1.39000", "2008-12-31": "2.78000", "2007-12-31": "2.31000", "2006-12-31": "2.38000", "2005-12-31": "2.84000"}, "EPS - Earnings Per Share": {"2020-12-31": "3.72000", "2019-12-31": "4.71000", "2018-12-31": "3.86000", "2017-12-31": "2.58000", "2016-12-31": "1.78000", "2015-12-31": "2.21000", "2014-12-31": "1.87000", "2013-12-31": "2.74000", "2012-12-31": "5.07000", "2011-12-31": "4.59000", "2010-12-31": "2.81000", "2009-12-31": "-1.39000", "2008-12-31": "2.77000", "2007-12-31": "2.29000", "2006-12-31": "2.36000", "2005-12-31": "2.81000"}}, "income statement, quarterly": {"Revenue": {"2020-12-31": "891.70000", "2020-09-30": "894.60000", "2020-06-30": "803.50000", "2020-03-31": "923.40000", "2019-12-31": "896.19990", "2019-09-30": "914.00000", "2019-06-30": "1000.00000", "2019-03-31": "979.70000", "2018-12-31": "910.10000", "2018-09-30": "881.30000", "2018-06-30": "906.30000", "2018-03-31": "883.10000", "2017-12-31": "777.99990", "2017-09-30": "771.40000", "2017-06-30": "750.60000", "2017-03-31": "703.80000", "2016-12-31": "654.80000", "2016-09-30": "657.40000", "2016-06-30": "673.60000", "2016-03-31": "684.00000", "2015-12-31": "714.39990", "2015-09-30": "707.40000", "2015-06-30": "728.00000", "2015-03-31": "722.50000", "2014-12-31": "762.20000", "2014-09-30": "788.00000", "2014-06-30": "789.20000", "2014-03-31": "736.80000", "2013-12-31": "422.79990", "2013-09-30": "731.40000", "2013-06-30": "791.30000", "2013-03-31": "1089.90000", "2012-12-31": "1080.30000", "2012-09-30": "1142.50000", "2012-06-30": "1343.20000", "2012-03-31": "1421.00000", "2011-12-31": "1264.70000", "2011-09-30": "1321.80000", "2011-06-30": "1329.60000", "2011-03-31": "1254.10000", "2010-12-31": "1070.70000", "2010-09-30": "1059.70000", "2010-06-30": "1011.40000", "2010-03-31": "913.70000", "2009-12-31": "774.58390", "2009-09-30": "763.60000", "2009-06-30": "736.80000", "2009-03-31": "866.61600", "2008-12-31": "734.22890", "2008-09-30": "1336.35200", "2008-06-30": "1535.54900", "2008-03-31": "1434.67000", "2007-12-31": "637.08300", "2007-09-30": "1261.23900", "2007-06-30": "1349.23100", "2007-03-31": "1284.51300", "2006-12-31": "1230.92200", "2006-09-30": "1185.96200", "2006-06-30": "1302.17400", "2006-03-31": "1254.30800", "2005-12-31": "935.81590", "2005-09-30": "1258.13300", "2005-06-30": "1324.67800", "2005-03-31": "1304.54000"}, "Cost Of Goods Sold": {"2020-12-31": "654.70000", "2020-09-30": "630.90000", "2020-06-30": "573.20000", "2020-03-31": "644.50000", "2019-12-31": "640.20010", "2019-09-30": "636.50000", "2019-06-30": "694.30000", "2019-03-31": "677.10000", "2018-12-31": "655.59990", "2018-09-30": "628.00000", "2018-06-30": "638.90000", "2018-03-31": "618.20000", "2017-12-31": "565.29990", "2017-09-30": "555.30000", "2017-06-30": "549.50000", "2017-03-31": "521.60000", "2016-12-31": "485.80010", "2016-09-30": "487.70000", "2016-06-30": "489.10000", "2016-03-31": "500.90000", "2015-12-31": "497.90000", "2015-09-30": "512.00000", "2015-06-30": "522.90000", "2015-03-31": "520.00000", "2014-12-31": "541.40000", "2014-09-30": "562.50000", "2014-06-30": "555.60000", "2014-03-31": "518.70000", "2013-12-31": "270.49990", "2013-09-30": "529.40000", "2013-06-30": "551.70000", "2013-03-31": "815.40000", "2012-12-31": "801.80000", "2012-09-30": "843.60000", "2012-06-30": "965.90000", "2012-03-31": "1009.40000", "2011-12-31": "922.10000", "2011-09-30": "978.50000", "2011-06-30": "979.10000", "2011-03-31": "920.80000", "2010-12-31": "805.10020", "2010-09-30": "794.60000", "2010-06-30": "743.10000", "2010-03-31": "691.00000", "2009-12-31": "601.39790", "2009-09-30": "634.10000", "2009-06-30": "611.40000", "2009-03-31": "712.00200", "2008-12-31": "619.14980", "2008-09-30": "954.81200", "2008-06-30": "1191.80500", "2008-03-31": "1123.13300", "2007-12-31": "476.50700", "2007-09-30": "1010.83000", "2007-06-30": "1061.25200", "2007-03-31": "1028.49400", "2006-12-31": "1021.88600", "2006-09-30": "953.56500", "2006-06-30": "1008.32500", "2006-03-31": "984.49500", "2005-12-31": "736.93210", "2005-09-30": "1005.72200", "2005-06-30": "1047.86600", "2005-03-31": "1032.69000"}, "Gross Profit": {"2020-12-31": "237.00000", "2020-09-30": "263.70000", "2020-06-30": "230.30000", "2020-03-31": "278.90000", "2019-12-31": "255.99980", "2019-09-30": "277.50000", "2019-06-30": "305.70000", "2019-03-31": "302.60000", "2018-12-31": "254.50010", "2018-09-30": "253.30000", "2018-06-30": "267.40000", "2018-03-31": "264.90000", "2017-12-31": "212.70000", "2017-09-30": "216.10000", "2017-06-30": "201.10000", "2017-03-31": "182.20000", "2016-12-31": "169.00000", "2016-09-30": "169.70000", "2016-06-30": "184.50000", "2016-03-31": "183.10000", "2015-12-31": "216.49990", "2015-09-30": "195.40000", "2015-06-30": "205.10000", "2015-03-31": "202.50000", "2014-12-31": "220.80000", "2014-09-30": "225.50000", "2014-06-30": "233.60000", "2014-03-31": "218.10000", "2013-12-31": "152.30000", "2013-09-30": "202.00000", "2013-06-30": "239.60000", "2013-03-31": "274.50000", "2012-12-31": "278.50010", "2012-09-30": "298.90000", "2012-06-30": "377.29990", "2012-03-31": "411.60000", "2011-12-31": "342.60030", "2011-09-30": "343.30000", "2011-06-30": "350.50000", "2011-03-31": "333.30000", "2010-12-31": "265.59970", "2010-09-30": "265.10000", "2010-06-30": "268.30000", "2010-03-31": "222.70000", "2009-12-31": "173.18600", "2009-09-30": "129.50000", "2009-06-30": "125.40000", "2009-03-31": "154.61400", "2008-12-31": "115.07910", "2008-09-30": "381.54000", "2008-06-30": "343.74390", "2008-03-31": "311.53700", "2007-12-31": "160.57600", "2007-09-30": "250.40900", "2007-06-30": "287.97900", "2007-03-31": "256.01890", "2006-12-31": "209.03540", "2006-09-30": "232.39700", "2006-06-30": "293.84890", "2006-03-31": "269.81300", "2005-12-31": "198.88380", "2005-09-30": "252.41110", "2005-06-30": "276.81200", "2005-03-31": "271.85010"}, "Research And Development Expenses": {"2020-12-31": "", "2020-09-30": "", "2020-06-30": "", "2020-03-31": "", "2019-12-31": "", "2019-09-30": "", "2019-06-30": "", "2019-03-31": "", "2018-12-31": "", "2018-09-30": "", "2018-06-30": "", "2018-03-31": "", "2017-12-31": "", "2017-09-30": "", "2017-06-30": "", "2017-03-31": "", "2016-12-31": "", "2016-09-30": "", "2016-06-30": "", "2016-03-31": "", "2015-12-31": "", "2015-09-30": "", "2015-06-30": "", "2015-03-31": "", "2014-12-31": "", "2014-09-30": "", "2014-06-30": "", "2014-03-31": "", "2013-12-31": "", "2013-09-30": "", "2013-06-30": "", "2013-03-31": "", "2012-12-31": "", "2012-09-30": "", "2012-06-30": "", "2012-03-31": "", "2011-12-31": "", "2011-09-30": "", "2011-06-30": "", "2011-03-31": "", "2010-12-31": "", "2010-09-30": "", "2010-06-30": "", "2010-03-31": "", "2009-12-31": "", "2009-09-30": "", "2009-06-30": "", "2009-03-31": "", "2008-12-31": "", "2008-09-30": "", "2008-06-30": "", "2008-03-31": "", "2007-12-31": "", "2007-09-30": "", "2007-06-30": "", "2007-03-31": "", "2006-12-31": "", "2006-09-30": "", "2006-06-30": "", "2006-03-31": "", "2005-12-31": "", "2005-09-30": "", "2005-06-30": "", "2005-03-31": ""}, "SG&A Expenses": {"2020-12-31": "135.70000", "2020-09-30": "132.70000", "2020-06-30": "111.80000", "2020-03-31": "153.60000", "2019-12-31": "159.20000", "2019-09-30": "148.00000", "2019-06-30": "158.70000", "2019-03-31": "152.70000", "2018-12-31": "148.30000", "2018-09-30": "142.00000", "2018-06-30": "141.80000", "2018-03-31": "148.60000", "2017-12-31": "132.80000", "2017-09-30": "134.00000", "2017-06-30": "123.90000", "2017-03-31": "117.60000", "2016-12-31": "108.90000", "2016-09-30": "107.20000", "2016-06-30": "108.00000", "2016-03-31": "116.10000", "2015-12-31": "82.40000", "2015-09-30": "120.70000", "2015-06-30": "126.10000", "2015-03-31": "128.50000", "2014-12-31": "131.70000", "2014-09-30": "132.20000", "2014-06-30": "136.80000", "2014-03-31": "141.80000", "2013-12-31": "114.20000", "2013-09-30": "139.40000", "2013-06-30": "139.40000", "2013-03-31": "153.60000", "2012-12-31": "163.50000", "2012-09-30": "152.70000", "2012-06-30": "163.00000", "2012-03-31": "164.70000", "2011-12-31": "167.10000", "2011-09-30": "155.10000", "2011-06-30": "153.70000", "2011-03-31": "150.30000", "2010-12-31": "149.80000", "2010-09-30": "140.30000", "2010-06-30": "140.70000", "2010-03-31": "133.00000", "2009-12-31": "113.98900", "2009-09-30": "107.30000", "2009-06-30": "128.00000", "2009-03-31": "123.41100", "2008-12-31": "106.06000", "2008-09-30": "176.49100", "2008-06-30": "196.60300", "2008-03-31": "177.94600", "2007-12-31": "116.38900", "2007-09-30": "170.84100", "2007-06-30": "179.62900", "2007-03-31": "164.30300", "2006-12-31": "173.40200", "2006-09-30": "160.67900", "2006-06-30": "172.50900", "2006-03-31": "170.75200", "2005-12-31": "158.10200", "2005-09-30": "163.02100", "2005-06-30": "161.74200", "2005-03-31": "164.03900"}, "Other Operating Income Or Expenses": {"2020-12-31": "", "2020-09-30": "", "2020-06-30": "", "2020-03-31": "", "2019-12-31": "", "2019-09-30": "", "2019-06-30": "", "2019-03-31": "", "2018-12-31": "", "2018-09-30": "", "2018-06-30": "", "2018-03-31": "", "2017-12-31": "", "2017-09-30": "", "2017-06-30": "", "2017-03-31": "", "2016-12-31": "", "2016-09-30": "", "2016-06-30": "", "2016-03-31": "", "2015-12-31": "", "2015-09-30": "", "2015-06-30": "-0.30000", "2015-03-31": "", "2014-12-31": "", "2014-09-30": "", "2014-06-30": "", "2014-03-31": "", "2013-12-31": "", "2013-09-30": "", "2013-06-30": "", "2013-03-31": "", "2012-12-31": "", "2012-09-30": "", "2012-06-30": "", "2012-03-31": "", "2011-12-31": "", "2011-09-30": "", "2011-06-30": "", "2011-03-31": "", "2010-12-31": "", "2010-09-30": "", "2010-06-30": "", "2010-03-31": "", "2009-12-31": "", "2009-09-30": "", "2009-06-30": "", "2009-03-31": "", "2008-12-31": "", "2008-09-30": "", "2008-06-30": "", "2008-03-31": "0.00800", "2007-12-31": "-0.06000", "2007-09-30": "-0.15200", "2007-06-30": "0.03800", "2007-03-31": "-0.35400", "2006-12-31": "-54.30000", "2006-09-30": "", "2006-06-30": "-9.97100", "2006-03-31": "", "2005-12-31": "", "2005-09-30": "", "2005-06-30": "", "2005-03-31": ""}, "Operating Expenses": {"2020-12-31": "792.90000", "2020-09-30": "775.60000", "2020-06-30": "688.10000", "2020-03-31": "801.70000", "2019-12-31": "802.70040", "2019-09-30": "786.10000", "2019-06-30": "854.90000", "2019-03-31": "829.80000", "2018-12-31": "805.69960", "2018-09-30": "772.60000", "2018-06-30": "781.00000", "2018-03-31": "767.00010", "2017-12-31": "698.60000", "2017-09-30": "690.60000", "2017-06-30": "674.20000", "2017-03-31": "640.90000", "2016-12-31": "596.39980", "2016-09-30": "600.30000", "2016-06-30": "600.00000", "2016-03-31": "628.70000", "2015-12-31": "450.69980", "2015-09-30": "640.70000", "2015-06-30": "655.10000", "2015-03-31": "869.90000", "2014-12-31": "711.49960", "2014-09-30": "794.10000", "2014-06-30": "697.80000", "2014-03-31": "664.40000", "2013-12-31": "388.99990", "2013-09-30": "672.50010", "2013-06-30": "697.80000", "2013-03-31": "970.20000", "2012-12-31": "966.00000", "2012-09-30": "1008.20000", "2012-06-30": "1145.60000", "2012-03-31": "1174.30000", "2011-12-31": "1095.10000", "2011-09-30": "1134.80000", "2011-06-30": "1139.00000", "2011-03-31": "1072.20000", "2010-12-31": "967.20000", "2010-09-30": "937.80000", "2010-06-30": "884.80000", "2010-03-31": "829.50000", "2009-12-31": "795.43180", "2009-09-30": "760.99990", "2009-06-30": "790.10000", "2009-03-31": "849.16800", "2008-12-31": "750.95560", "2008-09-30": "1133.68200", "2008-06-30": "1390.21500", "2008-03-31": "1303.94700", "2007-12-31": "588.49060", "2007-09-30": "1193.66300", "2007-06-30": "1248.09700", "2007-03-31": "1206.92700", "2006-12-31": "1283.27800", "2006-09-30": "1116.92600", "2006-06-30": "1198.27400", "2006-03-31": "1156.28700", "2005-12-31": "896.71970", "2005-09-30": "1193.19400", "2005-06-30": "1209.56400", "2005-03-31": "1196.72900"}, "Operating Income": {"2020-12-31": "98.80000", "2020-09-30": "118.99990", "2020-06-30": "115.40000", "2020-03-31": "121.70010", "2019-12-31": "93.49950", "2019-09-30": "127.90000", "2019-06-30": "145.10000", "2019-03-31": "149.90000", "2018-12-31": "104.40030", "2018-09-30": "108.70000", "2018-06-30": "125.30000", "2018-03-31": "116.09990", "2017-12-31": "79.39990", "2017-09-30": "80.80010", "2017-06-30": "76.40000", "2017-03-31": "62.90000", "2016-12-31": "58.40020", "2016-09-30": "57.10000", "2016-06-30": "73.60000", "2016-03-31": "55.30000", "2015-12-31": "263.70010", "2015-09-30": "66.70000", "2015-06-30": "72.90000", "2015-03-31": "-147.40000", "2014-12-31": "50.70040", "2014-09-30": "-6.10000", "2014-06-30": "91.40000", "2014-03-31": "72.40000", "2013-12-31": "33.80000", "2013-09-30": "58.90000", "2013-06-30": "93.50000", "2013-03-31": "119.70000", "2012-12-31": "114.30000", "2012-09-30": "134.30000", "2012-06-30": "197.60000", "2012-03-31": "246.70010", "2011-12-31": "169.60000", "2011-09-30": "187.00010", "2011-06-30": "190.60010", "2011-03-31": "181.90000", "2010-12-31": "103.50000", "2010-09-30": "121.90000", "2010-06-30": "126.60000", "2010-03-31": "84.20000", "2009-12-31": "-20.84790", "2009-09-30": "2.60000", "2009-06-30": "-53.30010", "2009-03-31": "17.44800", "2008-12-31": "-16.72670", "2008-09-30": "202.67000", "2008-06-30": "145.33390", "2008-03-31": "130.72300", "2007-12-31": "48.59240", "2007-09-30": "67.57610", "2007-06-30": "101.13390", "2007-03-31": "77.58590", "2006-12-31": "-52.35620", "2006-09-30": "69.03600", "2006-06-30": "103.90000", "2006-03-31": "98.02100", "2005-12-31": "39.09620", "2005-09-30": "64.93910", "2005-06-30": "115.11400", "2005-03-31": "107.81100"}, "Total Non-Operating Income/Expense": {"2020-12-31": "-23.80000", "2020-09-30": "-1.10000", "2020-06-30": "-25.60000", "2020-03-31": "-8.10000", "2019-12-31": "11.60000", "2019-09-30": "-25.70000", "2019-06-30": "-16.60000", "2019-03-31": "-13.30000", "2018-12-31": "-24.50000", "2018-09-30": "-11.40000", "2018-06-30": "-3.20000", "2018-03-31": "-7.30000", "2017-12-31": "-22.20000", "2017-09-30": "-5.60000", "2017-06-30": "-2.50000", "2017-03-31": "-9.30000", "2016-12-31": "-70.60000", "2016-09-30": "-7.90000", "2016-06-30": "-3.90000", "2016-03-31": "39.60000", "2015-12-31": "-14.40000", "2015-09-30": "-8.80000", "2015-06-30": "-6.30000", "2015-03-31": "-8.70000", "2014-12-31": "-7.80000", "2014-09-30": "-6.30000", "2014-06-30": "-6.20000", "2014-03-31": "15.90000", "2013-12-31": "0.80000", "2013-09-30": "-4.20000", "2013-06-30": "-6.50000", "2013-03-31": "-5.90000", "2012-12-31": "-9.80000", "2012-09-30": "-6.20000", "2012-06-30": "98.30000", "2012-03-31": "-9.20000", "2011-12-31": "-10.10000", "2011-09-30": "-4.70000", "2011-06-30": "-6.80000", "2011-03-31": "-10.70000", "2010-12-31": "-3.60000", "2010-09-30": "-11.10000", "2010-06-30": "-6.40000", "2010-03-31": "-9.60000", "2009-12-31": "-17.41000", "2009-09-30": "-14.50000", "2009-06-30": "-8.10000", "2009-03-31": "-0.09000", "2008-12-31": "-7.86000", "2008-09-30": "-9.57800", "2008-06-30": "-10.82900", "2008-03-31": "5.86700", "2007-12-31": "2.05200", "2007-09-30": "-11.26700", "2007-06-30": "-11.41700", "2007-03-31": "-9.60000", "2006-12-31": "78.87200", "2006-09-30": "-12.59900", "2006-06-30": "-13.87800", "2006-03-31": "-16.76100", "2005-12-31": "66.18100", "2005-09-30": "-16.24100", "2005-06-30": "-13.50000", "2005-03-31": "-16.86200"}, "Pre-Tax Income": {"2020-12-31": "75.00000", "2020-09-30": "117.90000", "2020-06-30": "89.80000", "2020-03-31": "113.60000", "2019-12-31": "105.10000", "2019-09-30": "102.20000", "2019-06-30": "128.50000", "2019-03-31": "136.60000", "2018-12-31": "79.90000", "2018-09-30": "97.30000", "2018-06-30": "122.10000", "2018-03-31": "108.80000", "2017-12-31": "57.20000", "2017-09-30": "75.20000", "2017-06-30": "73.90000", "2017-03-31": "53.60000", "2016-12-31": "-12.20000", "2016-09-30": "49.20000", "2016-06-30": "69.70000", "2016-03-31": "94.90000", "2015-12-31": "249.30000", "2015-09-30": "57.90000", "2015-06-30": "66.60000", "2015-03-31": "-156.10000", "2014-12-31": "42.90000", "2014-09-30": "-12.40000", "2014-06-30": "85.20000", "2014-03-31": "88.30000", "2013-12-31": "34.60000", "2013-09-30": "54.70000", "2013-06-30": "87.00000", "2013-03-31": "113.80000", "2012-12-31": "104.50000", "2012-09-30": "128.10000", "2012-06-30": "295.90000", "2012-03-31": "237.50000", "2011-12-31": "159.50000", "2011-09-30": "182.30000", "2011-06-30": "183.80000", "2011-03-31": "171.20000", "2010-12-31": "99.90000", "2010-09-30": "110.80000", "2010-06-30": "120.20000", "2010-03-31": "74.60000", "2009-12-31": "-38.25800", "2009-09-30": "-11.90000", "2009-06-30": "-61.40000", "2009-03-31": "17.35800", "2008-12-31": "-24.58700", "2008-09-30": "193.09200", "2008-06-30": "134.50500", "2008-03-31": "136.59000", "2007-12-31": "50.64400", "2007-09-30": "56.30900", "2007-06-30": "89.71700", "2007-03-31": "67.98600", "2006-12-31": "26.51500", "2006-09-30": "56.43700", "2006-06-30": "90.02200", "2006-03-31": "81.26000", "2005-12-31": "105.27700", "2005-09-30": "48.69800", "2005-06-30": "101.61400", "2005-03-31": "90.94900"}, "Income Taxes": {"2020-12-31": "19.70000", "2020-09-30": "26.60000", "2020-06-30": "28.00000", "2020-03-31": "29.60000", "2019-12-31": "-12.70000", "2019-09-30": "35.50000", "2019-06-30": "33.60000", "2019-03-31": "41.30000", "2018-12-31": "19.10000", "2018-09-30": "25.00000", "2018-06-30": "30.20000", "2018-03-31": "28.30000", "2017-12-31": "29.10000", "2017-09-30": "21.10000", "2017-06-30": "-8.10000", "2017-03-31": "15.50000", "2016-12-31": "-5.30000", "2016-09-30": "15.20000", "2016-06-30": "21.50000", "2016-03-31": "29.10000", "2015-12-31": "25.30000", "2015-09-30": "-6.60000", "2015-06-30": "28.90000", "2015-03-31": "-21.30000", "2014-12-31": "1.30000", "2014-09-30": "-2.20000", "2014-06-30": "27.60000", "2014-03-31": "28.00000", "2013-12-31": "24.30000", "2013-09-30": "19.90000", "2013-06-30": "31.60000", "2013-03-31": "38.80000", "2012-12-31": "29.10000", "2012-09-30": "47.00000", "2012-06-30": "112.50000", "2012-03-31": "81.50000", "2011-12-31": "51.20000", "2011-09-30": "70.10000", "2011-06-30": "61.50000", "2011-03-31": "57.40000", "2010-12-31": "13.30000", "2010-09-30": "38.60000", "2010-06-30": "38.20000", "2010-03-31": "45.90000", "2009-12-31": "-31.09300", "2009-09-30": "7.10000", "2009-06-30": "-23.00000", "2009-03-31": "18.79300", "2008-12-31": "-6.94500", "2008-09-30": "68.12100", "2008-06-30": "44.58400", "2008-03-31": "51.24000", "2007-12-31": "11.02800", "2007-09-30": "15.06600", "2007-06-30": "34.11600", "2007-03-31": "-6.26800", "2006-12-31": "10.74600", "2006-09-30": "17.74900", "2006-06-30": "25.13400", "2006-03-31": "24.16600", "2005-12-31": "37.02100", "2005-09-30": "8.86700", "2005-06-30": "34.28000", "2005-03-31": "32.71400"}, "Income After Taxes": {"2020-12-31": "55.30000", "2020-09-30": "91.30000", "2020-06-30": "61.80000", "2020-03-31": "84.00000", "2019-12-31": "117.80000", "2019-09-30": "66.70000", "2019-06-30": "94.90000", "2019-03-31": "95.30000", "2018-12-31": "60.80000", "2018-09-30": "72.30000", "2018-06-30": "91.90000", "2018-03-31": "80.50000", "2017-12-31": "28.10000", "2017-09-30": "54.10000", "2017-06-30": "82.00000", "2017-03-31": "38.10000", "2016-12-31": "-6.90000", "2016-09-30": "34.00000", "2016-06-30": "48.20000", "2016-03-31": "65.80000", "2015-12-31": "224.00000", "2015-09-30": "64.50000", "2015-06-30": "37.70000", "2015-03-31": "-134.80000", "2014-12-31": "41.60000", "2014-09-30": "-10.20000", "2014-06-30": "57.60000", "2014-03-31": "60.30000", "2013-12-31": "10.30000", "2013-09-30": "34.80000", "2013-06-30": "55.40000", "2013-03-31": "75.00000", "2012-12-31": "75.40000", "2012-09-30": "81.10000", "2012-06-30": "183.40000", "2012-03-31": "156.00000", "2011-12-31": "108.30000", "2011-09-30": "112.20000", "2011-06-30": "122.30000", "2011-03-31": "113.80000", "2010-12-31": "86.60000", "2010-09-30": "72.20000", "2010-06-30": "82.00000", "2010-03-31": "28.70000", "2009-12-31": "-7.16500", "2009-09-30": "-19.00000", "2009-06-30": "-38.40000", "2009-03-31": "-1.43500", "2008-12-31": "-17.64200", "2008-09-30": "124.97100", "2008-06-30": "89.92100", "2008-03-31": "85.35000", "2007-12-31": "39.61600", "2007-09-30": "41.24300", "2007-06-30": "55.60100", "2007-03-31": "74.25400", "2006-12-31": "15.76900", "2006-09-30": "38.68800", "2006-06-30": "64.88800", "2006-03-31": "57.09400", "2005-12-31": "68.25600", "2005-09-30": "39.83100", "2005-06-30": "67.33400", "2005-03-31": "58.23500"}, "Other Income": {"2020-12-31": "", "2020-09-30": "", "2020-06-30": "", "2020-03-31": "", "2019-12-31": "", "2019-09-30": "", "2019-06-30": "", "2019-03-31": "", "2018-12-31": "", "2018-09-30": "", "2018-06-30": "", "2018-03-31": "", "2017-12-31": "", "2017-09-30": "", "2017-06-30": "", "2017-03-31": "", "2016-12-31": "", "2016-09-30": "", "2016-06-30": "", "2016-03-31": "", "2015-12-31": "", "2015-09-30": "", "2015-06-30": "", "2015-03-31": "", "2014-12-31": "", "2014-09-30": "", "2014-06-30": "", "2014-03-31": "", "2013-12-31": "", "2013-09-30": "", "2013-06-30": "", "2013-03-31": "", "2012-12-31": "", "2012-09-30": "", "2012-06-30": "", "2012-03-31": "", "2011-12-31": "", "2011-09-30": "", "2011-06-30": "", "2011-03-31": "", "2010-12-31": "", "2010-09-30": "", "2010-06-30": "", "2010-03-31": "", "2009-12-31": "", "2009-09-30": "", "2009-06-30": "", "2009-03-31": "", "2008-12-31": "", "2008-09-30": "", "2008-06-30": "", "2008-03-31": "", "2007-12-31": "", "2007-09-30": "", "2007-06-30": "", "2007-03-31": "", "2006-12-31": "", "2006-09-30": "", "2006-06-30": "", "2006-03-31": "", "2005-12-31": "", "2005-09-30": "", "2005-06-30": "", "2005-03-31": ""}, "Income From Continuous Operations": {"2020-12-31": "55.30000", "2020-09-30": "91.30000", "2020-06-30": "61.80000", "2020-03-31": "84.00000", "2019-12-31": "117.80000", "2019-09-30": "66.70000", "2019-06-30": "94.90000", "2019-03-31": "95.30000", "2018-12-31": "60.80000", "2018-09-30": "72.30000", "2018-06-30": "91.90000", "2018-03-31": "80.50000", "2017-12-31": "28.10000", "2017-09-30": "54.10000", "2017-06-30": "82.00000", "2017-03-31": "38.10000", "2016-12-31": "-6.90000", "2016-09-30": "34.00000", "2016-06-30": "48.20000", "2016-03-31": "65.80000", "2015-12-31": "224.00000", "2015-09-30": "64.50000", "2015-06-30": "37.70000", "2015-03-31": "-134.80000", "2014-12-31": "41.60000", "2014-09-30": "-10.20000", "2014-06-30": "57.60000", "2014-03-31": "60.30000", "2013-12-31": "10.30000", "2013-09-30": "34.80000", "2013-06-30": "55.40000", "2013-03-31": "75.00000", "2012-12-31": "75.40000", "2012-09-30": "81.10000", "2012-06-30": "183.40000", "2012-03-31": "156.00000", "2011-12-31": "108.30000", "2011-09-30": "112.20000", "2011-06-30": "122.30000", "2011-03-31": "113.80000", "2010-12-31": "86.60000", "2010-09-30": "72.20000", "2010-06-30": "82.00000", "2010-03-31": "28.70000", "2009-12-31": "-7.16500", "2009-09-30": "-19.00000", "2009-06-30": "-38.40000", "2009-03-31": "-1.43500", "2008-12-31": "-17.64200", "2008-09-30": "124.97100", "2008-06-30": "89.92100", "2008-03-31": "85.35000", "2007-12-31": "39.61600", "2007-09-30": "41.24300", "2007-06-30": "55.60100", "2007-03-31": "74.25400", "2006-12-31": "15.76900", "2006-09-30": "38.68800", "2006-06-30": "64.88800", "2006-03-31": "57.09400", "2005-12-31": "68.25600", "2005-09-30": "39.83100", "2005-06-30": "67.33400", "2005-03-31": "58.23500"}, "Income From Discontinued Operations": {"2020-12-31": "", "2020-09-30": "", "2020-06-30": "", "2020-03-31": "", "2019-12-31": "", "2019-09-30": "", "2019-06-30": "", "2019-03-31": "", "2018-12-31": "", "2018-09-30": "", "2018-06-30": "", "2018-03-31": "", "2017-12-31": "", "2017-09-30": "", "2017-06-30": "", "2017-03-31": "", "2016-12-31": "", "2016-09-30": "", "2016-06-30": "", "2016-03-31": "", "2015-12-31": "", "2015-09-30": "", "2015-06-30": "", "2015-03-31": "", "2014-12-31": "5.30000", "2014-09-30": "-11.00000", "2014-06-30": "6.20000", "2014-03-31": "23.50000", "2013-12-31": "42.30000", "2013-09-30": "17.70000", "2013-06-30": "27.50000", "2013-03-31": "", "2012-12-31": "", "2012-09-30": "", "2012-06-30": "", "2012-03-31": "", "2011-12-31": "", "2011-09-30": "", "2011-06-30": "", "2011-03-31": "", "2010-12-31": "4.00000", "2010-09-30": "-1.10000", "2010-06-30": "4.20000", "2010-03-31": "0.30000", "2009-12-31": "-12.65700", "2009-09-30": "-30.80000", "2009-06-30": "-25.50000", "2009-03-31": "-3.64300", "2008-12-31": "-17.83900", "2008-09-30": "6.53900", "2008-06-30": "", "2008-03-31": "", "2007-12-31": "12.27700", "2007-09-30": "", "2007-06-30": "-0.27500", "2007-03-31": "0.94000", "2006-12-31": "19.58000", "2006-09-30": "7.85900", "2006-06-30": "9.80300", "2006-03-31": "8.84600", "2005-12-31": "", "2005-09-30": "", "2005-06-30": "", "2005-03-31": ""}, "Net Income": {"2020-12-31": "53.10000", "2020-09-30": "88.80000", "2020-06-30": "61.90000", "2020-03-31": "80.70000", "2019-12-31": "113.50000", "2019-09-30": "64.20000", "2019-06-30": "92.50000", "2019-03-31": "91.90000", "2018-12-31": "60.00000", "2018-09-30": "71.60000", "2018-06-30": "91.00000", "2018-03-31": "80.20000", "2017-12-31": "29.20000", "2017-09-30": "53.50000", "2017-06-30": "82.50000", "2017-03-31": "38.20000", "2016-12-31": "-6.90000", "2016-09-30": "33.60000", "2016-06-30": "48.20000", "2016-03-31": "65.90000", "2015-12-31": "223.70000", "2015-09-30": "63.40000", "2015-06-30": "36.70000", "2015-03-31": "-135.20000", "2014-12-31": "46.50000", "2014-09-30": "-21.90000", "2014-06-30": "62.70000", "2014-03-31": "83.50000", "2013-12-31": "52.70000", "2013-09-30": "52.20000", "2013-06-30": "82.80000", "2013-03-31": "75.00000", "2012-12-31": "75.30000", "2012-09-30": "80.70000", "2012-06-30": "183.00000", "2012-03-31": "155.30000", "2011-12-31": "108.80000", "2011-09-30": "110.60000", "2011-06-30": "121.10000", "2011-03-31": "112.20000", "2010-12-31": "89.10000", "2010-09-30": "70.30000", "2010-06-30": "85.60000", "2010-03-31": "28.60000", "2009-12-31": "-20.17000", "2009-09-30": "-50.20000", "2009-06-30": "-64.50000", "2009-03-31": "0.87000", "2008-12-31": "-36.12100", "2008-09-30": "130.41300", "2008-06-30": "88.94300", "2008-03-31": "84.46500", "2007-12-31": "48.29100", "2007-09-30": "41.24300", "2007-06-30": "55.32600", "2007-03-31": "75.19400", "2006-12-31": "35.34900", "2006-09-30": "46.54700", "2006-06-30": "74.69100", "2006-03-31": "65.94000", "2005-12-31": "94.88100", "2005-09-30": "39.83100", "2005-06-30": "67.33400", "2005-03-31": "58.23500"}, "EBITDA": {"2020-12-31": "", "2020-09-30": "160.19990", "2020-06-30": "157.10000", "2020-03-31": "164.00010", "2019-12-31": "133.69950", "2019-09-30": "167.10000", "2019-06-30": "186.80000", "2019-03-31": "189.40000", "2018-12-31": "144.50030", "2018-09-30": "143.80000", "2018-06-30": "160.30000", "2018-03-31": "151.89990", "2017-12-31": "114.59990", "2017-09-30": "116.50000", "2017-06-30": "110.30000", "2017-03-31": "95.80000", "2016-12-31": "91.80020", "2016-09-30": "90.40000", "2016-06-30": "106.00000", "2016-03-31": "87.90000", "2015-12-31": "296.70010", "2015-09-30": "98.90000", "2015-06-30": "105.00000", "2015-03-31": "-113.90000", "2014-12-31": "84.30040", "2014-09-30": "28.00000", "2014-06-30": "125.60000", "2014-03-31": "107.50000", "2013-12-31": "69.90000", "2013-09-30": "93.60000", "2013-06-30": "116.70000", "2013-03-31": "168.10000", "2012-12-31": "115.10010", "2012-09-30": "183.30000", "2012-06-30": "247.60000", "2012-03-31": "296.50010", "2011-12-31": "219.20000", "2011-09-30": "236.10010", "2011-06-30": "237.00010", "2011-03-31": "229.30000", "2010-12-31": "151.00000", "2010-09-30": "168.90000", "2010-06-30": "174.10000", "2010-03-31": "131.90000", "2009-12-31": "29.85210", "2009-09-30": "51.60000", "2009-06-30": "-1.64800", "2009-03-31": "67.59600", "2008-12-31": "29.10830", "2008-09-30": "240.55500", "2008-06-30": "204.93890", "2008-03-31": "188.19800", "2007-12-31": "75.91540", "2007-09-30": "125.69610", "2007-06-30": "149.10890", "2007-03-31": "132.08590", "2006-12-31": "-0.89020", "2006-09-30": "116.78400", "2006-06-30": "151.78800", "2006-03-31": "147.51100", "2005-12-31": "87.98720", "2005-09-30": "118.00510", "2005-06-30": "168.71300", "2005-03-31": "161.91100"}, "EBIT": {"2020-12-31": "98.80000", "2020-09-30": "118.99990", "2020-06-30": "115.40000", "2020-03-31": "121.70010", "2019-12-31": "93.49960", "2019-09-30": "127.90000", "2019-06-30": "145.10000", "2019-03-31": "149.90000", "2018-12-31": "104.40030", "2018-09-30": "108.70000", "2018-06-30": "125.30000", "2018-03-31": "116.09990", "2017-12-31": "79.40000", "2017-09-30": "80.80010", "2017-06-30": "76.40000", "2017-03-31": "62.90000", "2016-12-31": "58.40020", "2016-09-30": "57.10000", "2016-06-30": "73.60000", "2016-03-31": "55.30000", "2015-12-31": "263.70020", "2015-09-30": "66.70000", "2015-06-30": "72.90000", "2015-03-31": "-147.40000", "2014-12-31": "50.70020", "2014-09-30": "-6.10000", "2014-06-30": "91.40000", "2014-03-31": "72.40000", "2013-12-31": "33.79990", "2013-09-30": "58.90000", "2013-06-30": "93.50000", "2013-03-31": "119.70000", "2012-12-31": "114.30000", "2012-09-30": "134.30000", "2012-06-30": "197.60000", "2012-03-31": "246.70010", "2011-12-31": "169.59990", "2011-09-30": "187.00010", "2011-06-30": "190.60010", "2011-03-31": "181.90000", "2010-12-31": "103.49990", "2010-09-30": "121.90000", "2010-06-30": "126.60000", "2010-03-31": "84.20000", "2009-12-31": "-20.84780", "2009-09-30": "2.60000", "2009-06-30": "-53.30010", "2009-03-31": "17.44800", "2008-12-31": "-16.72690", "2008-09-30": "202.67000", "2008-06-30": "145.33390", "2008-03-31": "130.72300", "2007-12-31": "48.59230", "2007-09-30": "67.57610", "2007-06-30": "101.13390", "2007-03-31": "77.58590", "2006-12-31": "-52.35650", "2006-09-30": "69.03600", "2006-06-30": "103.90000", "2006-03-31": "98.02100", "2005-12-31": "39.09630", "2005-09-30": "64.93910", "2005-06-30": "115.11400", "2005-03-31": "107.81100"}, "Basic Shares Outstanding": {"2020-12-31": "75.51900", "2020-09-30": "75.22300", "2020-06-30": "75.07800", "2020-03-31": "75.46100", "2019-12-31": "75.75800", "2019-09-30": "75.62800", "2019-06-30": "76.08500", "2019-03-31": "75.98600", "2018-12-31": "77.12000", "2018-09-30": "76.90300", "2018-06-30": "77.36000", "2018-03-31": "77.73400", "2017-12-31": "77.73600", "2017-09-30": "77.69500", "2017-06-30": "77.93200", "2017-03-31": "77.73200", "2016-12-31": "78.51600", "2016-09-30": "77.93600", "2016-06-30": "78.67200", "2016-03-31": "79.77000", "2015-12-31": "84.63200", "2015-09-30": "83.67200", "2015-06-30": "85.32700", "2015-03-31": "87.67100", "2014-12-31": "90.36700", "2014-09-30": "89.68300", "2014-06-30": "90.86000", "2014-03-31": "92.17300", "2013-12-31": "94.99000", "2013-09-30": "94.66800", "2013-06-30": "95.69500", "2013-03-31": "95.84800", "2012-12-31": "95.63100", "2012-09-30": "96.35700", "2012-06-30": "97.26600", "2012-03-31": "97.45200", "2011-12-31": "97.45100", "2011-09-30": "97.49000", "2011-06-30": "97.64500", "2011-03-31": "97.44400", "2010-12-31": "96.53500", "2010-09-30": "96.40100", "2010-06-30": "96.30500", "2010-03-31": "96.36000", "2009-12-31": "96.13600", "2009-09-30": "96.17600", "2009-06-30": "96.14800", "2009-03-31": "96.02900", "2008-12-31": "95.65000", "2008-09-30": "95.87900", "2008-06-30": "95.60400", "2008-03-31": "95.25400", "2007-12-31": "94.63900", "2007-09-30": "95.02900", "2007-06-30": "94.51400", "2007-03-31": "93.96400", "2006-12-31": "93.32600", "2006-09-30": "93.50000", "2006-06-30": "93.26100", "2006-03-31": "92.94200", "2005-12-31": "91.53300", "2005-09-30": "91.68800", "2005-06-30": "91.18900", "2005-03-31": "90.80500"}, "Shares Outstanding": {"2020-12-31": "77.17700", "2020-09-30": "76.28600", "2020-06-30": "75.69800", "2020-03-31": "76.30900", "2019-12-31": "76.89700", "2019-09-30": "76.59300", "2019-06-30": "77.20800", "2019-03-31": "77.01300", "2018-12-31": "78.33700", "2018-09-30": "78.42800", "2018-06-30": "78.49600", "2018-03-31": "79.01300", "2017-12-31": "78.91100", "2017-09-30": "78.80400", "2017-06-30": "79.02900", "2017-03-31": "78.89400", "2016-12-31": "79.23400", "2016-09-30": "78.61700", "2016-06-30": "79.31300", "2016-03-31": "80.43800", "2015-12-31": "85.34600", "2015-09-30": "84.14600", "2015-06-30": "86.15700", "2015-03-31": "87.67100", "2014-12-31": "91.22400", "2014-09-30": "89.68300", "2014-06-30": "91.72700", "2014-03-31": "92.98000", "2013-12-31": "95.82400", "2013-09-30": "95.40800", "2013-06-30": "96.54900", "2013-03-31": "96.82300", "2012-12-31": "96.55300", "2012-09-30": "97.12300", "2012-06-30": "98.20400", "2012-03-31": "98.58800", "2011-12-31": "98.65600", "2011-09-30": "98.48600", "2011-06-30": "98.90000", "2011-03-31": "98.89600", "2010-12-31": "97.51600", "2010-09-30": "97.56700", "2010-06-30": "97.02100", "2010-03-31": "96.86100", "2009-12-31": "96.13600", "2009-09-30": "96.17600", "2009-06-30": "96.14800", "2009-03-31": "96.02900", "2008-12-31": "95.94800", "2008-09-30": "96.10300", "2008-06-30": "95.60400", "2008-03-31": "95.25400", "2007-12-31": "95.28200", "2007-09-30": "96.09600", "2007-06-30": "95.56600", "2007-03-31": "94.81200", "2006-12-31": "94.29500", "2006-09-30": "94.37700", "2006-06-30": "94.31400", "2006-03-31": "94.01000", "2005-12-31": "92.53800", "2005-09-30": "92.82100", "2005-06-30": "91.81700", "2005-03-31": "91.87100"}, "Basic EPS": {"2020-12-31": "0.70000", "2020-09-30": "1.18000", "2020-06-30": "0.82000", "2020-03-31": "1.07000", "2019-12-31": "1.50000", "2019-09-30": "0.85000", "2019-06-30": "1.22000", "2019-03-31": "1.21000", "2018-12-31": "0.79000", "2018-09-30": "0.93000", "2018-06-30": "1.18000", "2018-03-31": "1.03000", "2017-12-31": "0.38000", "2017-09-30": "0.69000", "2017-06-30": "1.06000", "2017-03-31": "0.49000", "2016-12-31": "-0.08000", "2016-09-30": "0.43000", "2016-06-30": "0.61000", "2016-03-31": "0.83000", "2015-12-31": "2.58000", "2015-09-30": "0.76000", "2015-06-30": "0.43000", "2015-03-31": "-1.54000", "2014-12-31": "0.54000", "2014-09-30": "-0.24000", "2014-06-30": "0.69000", "2014-03-31": "0.90000", "2013-12-31": "0.57000", "2013-09-30": "0.55000", "2013-06-30": "0.86000", "2013-03-31": "0.78000", "2012-12-31": "0.79000", "2012-09-30": "0.84000", "2012-06-30": "1.88000", "2012-03-31": "1.59000", "2011-12-31": "1.13000", "2011-09-30": "1.13000", "2011-06-30": "1.24000", "2011-03-31": "1.15000", "2010-12-31": "0.92000", "2010-09-30": "0.73000", "2010-06-30": "0.88000", "2010-03-31": "0.30000", "2009-12-31": "-0.21000", "2009-09-30": "-0.52000", "2009-06-30": "-0.67000", "2009-03-31": "0.01000", "2008-12-31": "-0.37000", "2008-09-30": "1.35000", "2008-06-30": "0.92000", "2008-03-31": "0.88000", "2007-12-31": "0.49000", "2007-09-30": "0.43000", "2007-06-30": "0.59000", "2007-03-31": "0.80000", "2006-12-31": "0.37000", "2006-09-30": "0.50000", "2006-06-30": "0.80000", "2006-03-31": "0.71000", "2005-12-31": "1.03000", "2005-09-30": "0.43000", "2005-06-30": "0.74000", "2005-03-31": "0.64000"}, "EPS - Earnings Per Share": {"2020-12-31": "0.69000", "2020-09-30": "1.16000", "2020-06-30": "0.82000", "2020-03-31": "1.06000", "2019-12-31": "1.48000", "2019-09-30": "0.84000", "2019-06-30": "1.20000", "2019-03-31": "1.19000", "2018-12-31": "0.77000", "2018-09-30": "0.91000", "2018-06-30": "1.16000", "2018-03-31": "1.02000", "2017-12-31": "0.38000", "2017-09-30": "0.68000", "2017-06-30": "1.04000", "2017-03-31": "0.48000", "2016-12-31": "-0.08000", "2016-09-30": "0.43000", "2016-06-30": "0.61000", "2016-03-31": "0.82000", "2015-12-31": "2.57000", "2015-09-30": "0.75000", "2015-06-30": "0.43000", "2015-03-31": "-1.54000", "2014-12-31": "0.53000", "2014-09-30": "-0.24000", "2014-06-30": "0.68000", "2014-03-31": "0.90000", "2013-12-31": "0.57000", "2013-09-30": "0.54000", "2013-06-30": "0.86000", "2013-03-31": "0.77000", "2012-12-31": "0.78000", "2012-09-30": "0.83000", "2012-06-30": "1.86000", "2012-03-31": "1.58000", "2011-12-31": "1.12000", "2011-09-30": "1.12000", "2011-06-30": "1.22000", "2011-03-31": "1.13000", "2010-12-31": "0.92000", "2010-09-30": "0.72000", "2010-06-30": "0.88000", "2010-03-31": "0.29000", "2009-12-31": "-0.21000", "2009-09-30": "-0.52000", "2009-06-30": "-0.67000", "2009-03-31": "0.01000", "2008-12-31": "-0.38000", "2008-09-30": "1.35000", "2008-06-30": "0.92000", "2008-03-31": "0.88000", "2007-12-31": "0.49000", "2007-09-30": "0.43000", "2007-06-30": "0.58000", "2007-03-31": "0.79000", "2006-12-31": "0.38000", "2006-09-30": "0.49000", "2006-06-30": "0.79000", "2006-03-31": "0.70000", "2005-12-31": "1.02000", "2005-09-30": "0.43000", "2005-06-30": "0.73000", "2005-03-31": "0.63000"}}, "balance sheet": {"Cash On Hand": {"2020-12-31": "321.10000", "2019-12-31": "216.20000", "2018-12-31": "133.10000", "2017-12-31": "125.40000", "2016-12-31": "151.50000", "2015-12-31": "129.80000", "2014-12-31": "294.10000", "2013-12-31": "399.70000", "2012-12-31": "601.50000", "2011-12-31": "468.40000", "2010-12-31": "877.10000", "2009-12-31": "755.50000", "2008-12-31": "133.38300", "2007-12-31": "30.14400", "2006-12-31": "101.07200", "2005-12-31": "65.41700"}, "Receivables": {"2020-12-31": "692.00000", "2019-12-31": "674.30000", "2018-12-31": "663.20000", "2017-12-31": "524.90000", "2016-12-31": "438.00000", "2015-12-31": "454.60000", "2014-12-31": "475.70000", "2013-12-31": "444.00000", "2012-12-31": "546.70000", "2011-12-31": "645.50000", "2010-12-31": "516.60000", "2009-12-31": "411.20000", "2008-12-31": "575.91500", "2007-12-31": "748.48300", "2006-12-31": "685.83600", "2005-12-31": "657.23700"}, "Inventory": {"2020-12-31": "841.30000", "2019-12-31": "842.00000", "2018-12-31": "835.70000", "2017-12-31": "738.90000", "2016-12-31": "553.70000", "2015-12-31": "543.20000", "2014-12-31": "585.50000", "2013-12-31": "582.60000", "2012-12-31": "862.10000", "2011-12-31": "964.40000", "2010-12-31": "828.50000", "2009-12-31": "671.20000", "2008-12-31": "1000.49300", "2007-12-31": "1087.71200", "2006-12-31": "952.31000", "2005-12-31": "900.29400"}, "Pre-Paid Expenses": {"2020-12-31": "", "2019-12-31": "", "2018-12-31": "", "2017-12-31": "", "2016-12-31": "", "2015-12-31": "", "2014-12-31": "", "2013-12-31": "", "2012-12-31": "", "2011-12-31": "", "2010-12-31": "", "2009-12-31": "", "2008-12-31": "", "2007-12-31": "", "2006-12-31": "", "2005-12-31": ""}, "Other Current Assets": {"2020-12-31": "145.90000", "2019-12-31": "105.40000", "2018-12-31": "77.00000", "2017-12-31": "81.20000", "2016-12-31": "48.40000", "2015-12-31": "56.10000", "2014-12-31": "51.50000", "2013-12-31": "61.70000", "2012-12-31": "52.60000", "2011-12-31": "88.10000", "2010-12-31": "65.30000", "2009-12-31": "111.30000", "2008-12-31": "47.70400", "2007-12-31": "95.57100", "2006-12-31": "74.43100", "2005-12-31": "82.48600"}, "Total Current Assets": {"2020-12-31": "2000.30000", "2019-12-31": "1874.60000", "2018-12-31": "1737.20000", "2017-12-31": "1500.10000", "2016-12-31": "1211.90000", "2015-12-31": "1206.40000", "2014-12-31": "1481.90000", "2013-12-31": "1937.50000", "2012-12-31": "2162.00000", "2011-12-31": "2292.90000", "2010-12-31": "2399.20000", "2009-12-31": "2022.50000", "2008-12-31": "2033.46500", "2007-12-31": "2045.25100", "2006-12-31": "1910.30800", "2005-12-31": "1983.30900"}, "Property, Plant, And Equipment": {"2020-12-31": "1035.60000", "2019-12-31": "989.20000", "2018-12-31": "912.10000", "2017-12-31": "864.20000", "2016-12-31": "804.40000", "2015-12-31": "777.80000", "2014-12-31": "780.50000", "2013-12-31": "855.80000", "2012-12-31": "1405.30000", "2011-12-31": "1308.90000", "2010-12-31": "1267.70000", "2009-12-31": "1335.20000", "2008-12-31": "1516.97200", "2007-12-31": "1722.08100", "2006-12-31": "1601.55900", "2005-12-31": "1474.07400"}, "Long-Term Investments": {"2020-12-31": "", "2019-12-31": "", "2018-12-31": "", "2017-12-31": "", "2016-12-31": "", "2015-12-31": "", "2014-12-31": "", "2013-12-31": "", "2012-12-31": "", "2011-12-31": "", "2010-12-31": "", "2009-12-31": "", "2008-12-31": "", "2007-12-31": "", "2006-12-31": "", "2005-12-31": ""}, "Goodwill And Intangible Assets": {"2020-12-31": "1789.00000", "2019-12-31": "1755.60000", "2018-12-31": "1699.90000", "2017-12-31": "932.40000", "2016-12-31": "628.50000", "2015-12-31": "598.60000", "2014-12-31": "499.30000", "2013-12-31": "553.50000", "2012-12-31": "563.60000", "2011-12-31": "568.40000", "2010-12-31": "353.60000", "2009-12-31": "353.80000", "2008-12-31": "362.33400", "2007-12-31": "432.23600", "2006-12-31": "305.96900", "2005-12-31": "383.17200"}, "Other Long-Term Assets": {"2020-12-31": "96.50000", "2019-12-31": "18.00000", "2018-12-31": "37.00000", "2017-12-31": "25.00000", "2016-12-31": "34.90000", "2015-12-31": "49.10000", "2014-12-31": "52.30000", "2013-12-31": "58.40000", "2012-12-31": "39.00000", "2011-12-31": "40.00000", "2010-12-31": "38.40000", "2009-12-31": "46.80000", "2008-12-31": "38.69500", "2007-12-31": "78.79700", "2006-12-31": "39.85800", "2005-12-31": "70.05600"}, "Total Long-Term Assets": {"2020-12-31": "3041.30000", "2019-12-31": "2985.30000", "2018-12-31": "2708.00000", "2017-12-31": "1902.30000", "2016-12-31": "1551.30000", "2015-12-31": "1577.70000", "2014-12-31": "1519.50000", "2013-12-31": "2540.40000", "2012-12-31": "2082.20000", "2011-12-31": "2034.50000", "2010-12-31": "1781.20000", "2009-12-31": "1984.40000", "2008-12-31": "2502.58500", "2007-12-31": "2333.98600", "2006-12-31": "2116.80300", "2005-12-31": "2010.42500"}, "Total Assets": {"2020-12-31": "5041.60000", "2019-12-31": "4859.90000", "2018-12-31": "4445.20000", "2017-12-31": "3402.40000", "2016-12-31": "2763.20000", "2015-12-31": "2784.10000", "2014-12-31": "3001.40000", "2013-12-31": "4477.90000", "2012-12-31": "4244.20000", "2011-12-31": "4327.40000", "2010-12-31": "4180.40000", "2009-12-31": "4006.90000", "2008-12-31": "4536.05000", "2007-12-31": "4379.23700", "2006-12-31": "4027.11100", "2005-12-31": "3993.73400"}, "Total Current Liabilities": {"2020-12-31": "848.00000", "2019-12-31": "736.60000", "2018-12-31": "685.60000", "2017-12-31": "671.70000", "2016-12-31": "452.70000", "2015-12-31": "505.30000", "2014-12-31": "533.80000", "2013-12-31": "980.10000", "2012-12-31": "667.80000", "2011-12-31": "819.90000", "2010-12-31": "711.00000", "2009-12-31": "540.40000", "2008-12-31": "798.31300", "2007-12-31": "904.42200", "2006-12-31": "831.14800", "2005-12-31": "1071.32600"}, "Long Term Debt": {"2020-12-31": "1433.90000", "2019-12-31": "1648.10000", "2018-12-31": "1638.60000", "2017-12-31": "854.20000", "2016-12-31": "635.00000", "2015-12-31": "579.40000", "2014-12-31": "522.10000", "2013-12-31": "176.40000", "2012-12-31": "455.10000", "2011-12-31": "478.80000", "2010-12-31": "481.70000", "2009-12-31": "469.30000", "2008-12-31": "515.25000", "2007-12-31": "580.58700", "2006-12-31": "547.39000", "2005-12-31": "561.74700"}, "Other Non-Current Liabilities": {"2020-12-31": "254.70000", "2019-12-31": "84.00000", "2018-12-31": "70.30000", "2017-12-31": "67.70000", "2016-12-31": "74.50000", "2015-12-31": "68.20000", "2014-12-31": "44.60000", "2013-12-31": "55.90000", "2012-12-31": "107.00000", "2011-12-31": "91.80000", "2010-12-31": "114.20000", "2009-12-31": "100.40000", "2008-12-31": "83.98500", "2007-12-31": "91.18100", "2006-12-31": "72.36200", "2005-12-31": "60.24000"}, "Total Long Term Liabilities": {"2020-12-31": "1968.40000", "2019-12-31": "2168.50000", "2018-12-31": "2116.90000", "2017-12-31": "1255.80000", "2016-12-31": "999.60000", "2015-12-31": "934.20000", "2014-12-31": "878.49990", "2013-12-31": "849.20000", "2012-12-31": "1329.80000", "2011-12-31": "1465.00000", "2010-12-31": "1527.60000", "2009-12-31": "1870.90000", "2008-12-31": "2074.69900", "2007-12-31": "1514.14600", "2006-12-31": "1719.78300", "2005-12-31": "1425.34100"}, "Total Liabilities": {"2020-12-31": "2816.40000", "2019-12-31": "2905.10000", "2018-12-31": "2802.50000", "2017-12-31": "1927.50000", "2016-12-31": "1452.30000", "2015-12-31": "1439.50000", "2014-12-31": "1412.30000", "2013-12-31": "1829.30000", "2012-12-31": "1997.60000", "2011-12-31": "2284.90000", "2010-12-31": "2238.60000", "2009-12-31": "2411.30000", "2008-12-31": "2873.01200", "2007-12-31": "2418.56800", "2006-12-31": "2550.93100", "2005-12-31": "2496.66700"}, "Common Stock Net": {"2020-12-31": "", "2019-12-31": "53.10000", "2018-12-31": "53.10000", "2017-12-31": "53.10000", "2016-12-31": "53.10000", "2015-12-31": "53.10000", "2014-12-31": "53.10000", "2013-12-31": "53.10000", "2012-12-31": "53.10000", "2011-12-31": "53.10000", "2010-12-31": "53.10000", "2009-12-31": "53.10000", "2008-12-31": "53.06400", "2007-12-31": "53.06400", "2006-12-31": "53.06400", "2005-12-31": "53.06400"}, "Retained Earnings (Accumulated Deficit)": {"2020-12-31": "", "2019-12-31": "", "2018-12-31": "", "2017-12-31": "", "2016-12-31": "", "2015-12-31": "", "2014-12-31": "", "2013-12-31": "", "2012-12-31": "", "2011-12-31": "", "2010-12-31": "", "2009-12-31": "", "2008-12-31": "", "2007-12-31": "", "2006-12-31": "", "2005-12-31": ""}, "Comprehensive Income": {"2020-12-31": "", "2019-12-31": "-50.10000", "2018-12-31": "-95.30000", "2017-12-31": "-38.30000", "2016-12-31": "-77.90000", "2015-12-31": "-287.00000", "2014-12-31": "-482.50000", "2013-12-31": "-626.10000", "2012-12-31": "-1013.20000", "2011-12-31": "-889.50000", "2010-12-31": "-624.70000", "2009-12-31": "-717.10000", "2008-12-31": "-819.63300", "2007-12-31": "-271.25100", "2006-12-31": "-544.56200", "2005-12-31": "-323.44900"}, "Other Share Holders Equity": {"2020-12-31": "", "2019-12-31": "1907.40000", "2018-12-31": "1630.20000", "2017-12-31": "1408.40000", "2016-12-31": "1289.30000", "2015-12-31": "1457.60000", "2014-12-31": "1615.40000", "2013-12-31": "2586.40000", "2012-12-31": "2411.20000", "2011-12-31": "2004.70000", "2010-12-31": "1626.40000", "2009-12-31": "1402.90000", "2008-12-31": "1580.08400", "2007-12-31": "1379.87600", "2006-12-31": "1217.16700", "2005-12-31": "1052.87100"}, "Share Holder Equity": {"2020-12-31": "2225.20000", "2019-12-31": "1954.80000", "2018-12-31": "1642.70000", "2017-12-31": "1474.90000", "2016-12-31": "1310.90000", "2015-12-31": "1344.60000", "2014-12-31": "1589.10000", "2013-12-31": "2648.60000", "2012-12-31": "2246.60000", "2011-12-31": "2042.50000", "2010-12-31": "1941.80000", "2009-12-31": "1595.60000", "2008-12-31": "1663.03800", "2007-12-31": "1960.66900", "2006-12-31": "1476.18000", "2005-12-31": "1497.06700"}, "Total Liabilities And Share Holders Equity": {"2020-12-31": "5041.60000", "2019-12-31": "4859.90000", "2018-12-31": "4445.20000", "2017-12-31": "3402.40000", "2016-12-31": "2763.20000", "2015-12-31": "2784.10000", "2014-12-31": "3001.40000", "2013-12-31": "4477.90000", "2012-12-31": "4244.20000", "2011-12-31": "4327.40000", "2010-12-31": "4180.40000", "2009-12-31": "4006.90000", "2008-12-31": "4536.05000", "2007-12-31": "4379.23700", "2006-12-31": "4027.11100", "2005-12-31": "3993.73400"}}, "balance sheet, quarterly": {"Cash On Hand": {"2020-12-31": "321.10000", "2020-09-30": "314.00000", "2020-06-30": "416.10000", "2020-03-31": "394.00000", "2019-12-31": "216.20000", "2019-09-30": "181.90000", "2019-06-30": "167.40000", "2019-03-31": "240.10000", "2018-12-31": "133.10000", "2018-09-30": "155.00000", "2018-06-30": "146.60000", "2018-03-31": "120.30000", "2017-12-31": "125.40000", "2017-09-30": "140.50000", "2017-06-30": "447.90000", "2017-03-31": "132.40000", "2016-12-31": "151.50000", "2016-09-30": "131.70000", "2016-06-30": "156.20000", "2016-03-31": "137.50000", "2015-12-31": "129.80000", "2015-09-30": "169.80000", "2015-06-30": "255.90000", "2015-03-31": "169.20000", "2014-12-31": "294.10000", "2014-09-30": "253.50000", "2014-06-30": "310.10000", "2014-03-31": "263.40000", "2013-12-31": "399.70000", "2013-09-30": "418.10000", "2013-06-30": "396.80000", "2013-03-31": "457.90000", "2012-12-31": "601.50000", "2012-09-30": "485.50000", "2012-06-30": "509.90000", "2012-03-31": "358.90000", "2011-12-31": "468.40000", "2011-09-30": "406.50000", "2011-06-30": "637.60000", "2011-03-31": "642.40000", "2010-12-31": "877.10000", "2010-09-30": "899.80000", "2010-06-30": "796.20000", "2010-03-31": "709.30100", "2009-12-31": "755.50000", "2009-09-30": "631.03600", "2009-06-30": "277.08600", "2009-03-31": "112.01200", "2008-12-31": "133.38300", "2008-09-30": "94.70900", "2008-06-30": "74.73500", "2008-03-31": "68.20600", "2007-12-31": "30.14400", "2007-09-30": "87.76700", "2007-06-30": "73.33900", "2007-03-31": "100.81800", "2006-12-31": "101.07200", "2006-09-30": "54.06900", "2006-06-30": "38.75200", "2006-03-31": "31.28500", "2005-12-31": "65.41700", "2005-09-30": "63.10500", "2005-06-30": "66.98000", "2005-03-31": "51.76800"}, "Receivables": {"2020-12-31": "692.00000", "2020-09-30": "712.60000", "2020-06-30": "667.80000", "2020-03-31": "715.10000", "2019-12-31": "674.30000", "2019-09-30": "699.90000", "2019-06-30": "743.20000", "2019-03-31": "734.50000", "2018-12-31": "663.20000", "2018-09-30": "685.90000", "2018-06-30": "530.20000", "2018-03-31": "535.10000", "2017-12-31": "524.90000", "2017-09-30": "542.20000", "2017-06-30": "501.70000", "2017-03-31": "492.70000", "2016-12-31": "438.00000", "2016-09-30": "452.80000", "2016-06-30": "452.30000", "2016-03-31": "465.00000", "2015-12-31": "454.60000", "2015-09-30": "469.80000", "2015-06-30": "487.50000", "2015-03-31": "491.50000", "2014-12-31": "475.70000", "2014-09-30": "488.70000", "2014-06-30": "486.50000", "2014-03-31": "618.20000", "2013-12-31": "444.00000", "2013-09-30": "593.70000", "2013-06-30": "624.20000", "2013-03-31": "607.20000", "2012-12-31": "546.70000", "2012-09-30": "629.80000", "2012-06-30": "715.70000", "2012-03-31": "762.00000", "2011-12-31": "645.50000", "2011-09-30": "715.90000", "2011-06-30": "718.80000", "2011-03-31": "672.50000", "2010-12-31": "516.60000", "2010-09-30": "552.20000", "2010-06-30": "500.30000", "2010-03-31": "489.05400", "2009-12-31": "411.20000", "2009-09-30": "458.39300", "2009-06-30": "465.06800", "2009-03-31": "538.80400", "2008-12-31": "575.91500", "2008-09-30": "814.70200", "2008-06-30": "909.40900", "2008-03-31": "845.92700", "2007-12-31": "748.48300", "2007-09-30": "734.77100", "2007-06-30": "759.28500", "2007-03-31": "740.83700", "2006-12-31": "685.83600", "2006-09-30": "734.63100", "2006-06-30": "790.17100", "2006-03-31": "784.92000", "2005-12-31": "657.23700", "2005-09-30": "791.72900", "2005-06-30": "808.27600", "2005-03-31": "790.29400"}, "Inventory": {"2020-12-31": "841.30000", "2020-09-30": "789.90000", "2020-06-30": "784.00000", "2020-03-31": "819.70000", "2019-12-31": "842.00000", "2019-09-30": "805.30000", "2019-06-30": "843.80000", "2019-03-31": "839.40000", "2018-12-31": "835.70000", "2018-09-30": "841.00000", "2018-06-30": "777.40000", "2018-03-31": "776.80000", "2017-12-31": "738.90000", "2017-09-30": "687.50000", "2017-06-30": "617.00000", "2017-03-31": "566.20000", "2016-12-31": "553.70000", "2016-09-30": "575.90000", "2016-06-30": "555.40000", "2016-03-31": "551.30000", "2015-12-31": "543.20000", "2015-09-30": "595.40000", "2015-06-30": "574.20000", "2015-03-31": "580.30000", "2014-12-31": "585.50000", "2014-09-30": "618.30000", "2014-06-30": "625.00000", "2014-03-31": "829.70000", "2013-12-31": "582.60000", "2013-09-30": "856.10000", "2013-06-30": "818.60000", "2013-03-31": "833.80000", "2012-12-31": "862.10000", "2012-09-30": "928.10000", "2012-06-30": "943.30000", "2012-03-31": "993.10000", "2011-12-31": "964.40000", "2011-09-30": "949.20000", "2011-06-30": "928.90000", "2011-03-31": "917.50000", "2010-12-31": "828.50000", "2010-09-30": "771.40000", "2010-06-30": "699.50000", "2010-03-31": "689.37200", "2009-12-31": "671.20000", "2009-09-30": "716.94800", "2009-06-30": "930.14100", "2009-03-31": "1060.39900", "2008-12-31": "1000.49300", "2008-09-30": "1297.92800", "2008-06-30": "1247.75900", "2008-03-31": "1185.49800", "2007-12-31": "1087.71200", "2007-09-30": "1021.96100", "2007-06-30": "981.28700", "2007-03-31": "974.96700", "2006-12-31": "952.31000", "2006-09-30": "1077.79200", "2006-06-30": "1046.95600", "2006-03-31": "1045.58000", "2005-12-31": "900.29400", "2005-09-30": "1004.93900", "2005-06-30": "963.86200", "2005-03-31": "936.76400"}, "Pre-Paid Expenses": {"2020-12-31": "", "2020-09-30": "", "2020-06-30": "", "2020-03-31": "", "2019-12-31": "", "2019-09-30": "", "2019-06-30": "", "2019-03-31": "", "2018-12-31": "", "2018-09-30": "", "2018-06-30": "", "2018-03-31": "", "2017-12-31": "", "2017-09-30": "", "2017-06-30": "", "2017-03-31": "", "2016-12-31": "", "2016-09-30": "", "2016-06-30": "", "2016-03-31": "", "2015-12-31": "", "2015-09-30": "", "2015-06-30": "", "2015-03-31": "", "2014-12-31": "", "2014-09-30": "", "2014-06-30": "", "2014-03-31": "", "2013-12-31": "", "2013-09-30": "", "2013-06-30": "", "2013-03-31": "", "2012-12-31": "", "2012-09-30": "", "2012-06-30": "", "2012-03-31": "", "2011-12-31": "", "2011-09-30": "", "2011-06-30": "", "2011-03-31": "", "2010-12-31": "", "2010-09-30": "", "2010-06-30": "", "2010-03-31": "", "2009-12-31": "", "2009-09-30": "", "2009-06-30": "", "2009-03-31": "", "2008-12-31": "", "2008-09-30": "", "2008-06-30": "", "2008-03-31": "", "2007-12-31": "", "2007-09-30": "", "2007-06-30": "", "2007-03-31": "", "2006-12-31": "", "2006-09-30": "", "2006-06-30": "", "2006-03-31": "", "2005-12-31": "", "2005-09-30": "", "2005-06-30": "", "2005-03-31": ""}, "Other Current Assets": {"2020-12-31": "145.90000", "2020-09-30": "115.30000", "2020-06-30": "105.60000", "2020-03-31": "127.70000", "2019-12-31": "105.40000", "2019-09-30": "90.20000", "2019-06-30": "83.00000", "2019-03-31": "73.30000", "2018-12-31": "77.00000", "2018-09-30": "76.00000", "2018-06-30": "220.30000", "2018-03-31": "184.40000", "2017-12-31": "81.20000", "2017-09-30": "64.20000", "2017-06-30": "55.80000", "2017-03-31": "53.70000", "2016-12-31": "48.40000", "2016-09-30": "46.10000", "2016-06-30": "52.50000", "2016-03-31": "95.20000", "2015-12-31": "56.10000", "2015-09-30": "70.80000", "2015-06-30": "45.10000", "2015-03-31": "46.70000", "2014-12-31": "51.50000", "2014-09-30": "66.70000", "2014-06-30": "52.40000", "2014-03-31": "59.20000", "2013-12-31": "61.70000", "2013-09-30": "69.10000", "2013-06-30": "62.90000", "2013-03-31": "60.10000", "2012-12-31": "52.60000", "2012-09-30": "61.50000", "2012-06-30": "70.90000", "2012-03-31": "73.70000", "2011-12-31": "88.10000", "2011-09-30": "83.70000", "2011-06-30": "72.60000", "2011-03-31": "70.30000", "2010-12-31": "65.30000", "2010-09-30": "69.30000", "2010-06-30": "45.00000", "2010-03-31": "98.76300", "2009-12-31": "111.30000", "2009-09-30": "58.65700", "2009-06-30": "45.84600", "2009-03-31": "63.95000", "2008-12-31": "47.70400", "2008-09-30": "87.22600", "2008-06-30": "82.94000", "2008-03-31": "79.41100", "2007-12-31": "95.57100", "2007-09-30": "92.30500", "2007-06-30": "89.64200", "2007-03-31": "80.12300", "2006-12-31": "74.43100", "2006-09-30": "88.56900", "2006-06-30": "87.54600", "2006-03-31": "99.77300", "2005-12-31": "82.48600", "2005-09-30": "", "2005-06-30": "", "2005-03-31": ""}, "Total Current Assets": {"2020-12-31": "2000.30000", "2020-09-30": "1964.50000", "2020-06-30": "2006.90000", "2020-03-31": "2092.20000", "2019-12-31": "1874.60000", "2019-09-30": "1807.40000", "2019-06-30": "1866.70000", "2019-03-31": "1919.60000", "2018-12-31": "1737.20000", "2018-09-30": "1786.30000", "2018-06-30": "1699.80000", "2018-03-31": "1645.80000", "2017-12-31": "1500.10000", "2017-09-30": "1474.30000", "2017-06-30": "1659.50000", "2017-03-31": "1270.70000", "2016-12-31": "1211.90000", "2016-09-30": "1226.80000", "2016-06-30": "1237.10000", "2016-03-31": "1274.90000", "2015-12-31": "1206.40000", "2015-09-30": "1378.90000", "2015-06-30": "1436.00000", "2015-03-31": "1363.80000", "2014-12-31": "1481.90000", "2014-09-30": "1499.70000", "2014-06-30": "1562.10000", "2014-03-31": "1869.60000", "2013-12-31": "1937.50000", "2013-09-30": "2050.00000", "2013-06-30": "2003.10000", "2013-03-31": "2073.20000", "2012-12-31": "2162.00000", "2012-09-30": "2233.70000", "2012-06-30": "2365.50000", "2012-03-31": "2316.50000", "2011-12-31": "2292.90000", "2011-09-30": "2266.50000", "2011-06-30": "2470.80000", "2011-03-31": "2417.40000", "2010-12-31": "2399.20000", "2010-09-30": "2368.80000", "2010-06-30": "2114.30000", "2010-03-31": "2058.99100", "2009-12-31": "2022.50000", "2009-09-30": "2316.69700", "2009-06-30": "1818.77700", "2009-03-31": "1871.13300", "2008-12-31": "2033.46500", "2008-09-30": "2377.33200", "2008-06-30": "2396.94700", "2008-03-31": "2264.93800", "2007-12-31": "2045.25100", "2007-09-30": "2018.36800", "2007-06-30": "2006.82300", "2007-03-31": "1997.59800", "2006-12-31": "1910.30800", "2006-09-30": "2063.50700", "2006-06-30": "2071.29600", "2006-03-31": "2083.75100", "2005-12-31": "1983.30900", "2005-09-30": "1954.59400", "2005-06-30": "1930.14000", "2005-03-31": "1866.91800"}, "Property, Plant, And Equipment": {"2020-12-31": "1035.60000", "2020-09-30": "980.20000", "2020-06-30": "962.10000", "2020-03-31": "961.60000", "2019-12-31": "989.20000", "2019-09-30": "906.80000", "2019-06-30": "912.00000", "2019-03-31": "896.20000", "2018-12-31": "912.10000", "2018-09-30": "886.80000", "2018-06-30": "834.50000", "2018-03-31": "865.40000", "2017-12-31": "864.20000", "2017-09-30": "842.20000", "2017-06-30": "811.60000", "2017-03-31": "807.60000", "2016-12-31": "804.40000", "2016-09-30": "796.60000", "2016-06-30": "772.50000", "2016-03-31": "780.10000", "2015-12-31": "777.80000", "2015-09-30": "783.10000", "2015-06-30": "759.10000", "2015-03-31": "760.20000", "2014-12-31": "780.50000", "2014-09-30": "833.40000", "2014-06-30": "838.30000", "2014-03-31": "1559.90000", "2013-12-31": "855.80000", "2013-09-30": "1498.30000", "2013-06-30": "1469.10000", "2013-03-31": "1423.60000", "2012-12-31": "1405.30000", "2012-09-30": "1344.30000", "2012-06-30": "1320.00000", "2012-03-31": "1313.30000", "2011-12-31": "1308.90000", "2011-09-30": "1242.50000", "2011-06-30": "1243.10000", "2011-03-31": "1250.90000", "2010-12-31": "1267.70000", "2010-09-30": "1256.60000", "2010-06-30": "1263.50000", "2010-03-31": "1302.54200", "2009-12-31": "1335.20000", "2009-09-30": "1425.96000", "2009-06-30": "1653.21200", "2009-03-31": "1698.25800", "2008-12-31": "1516.97200", "2008-09-30": "1733.44500", "2008-06-30": "1774.74400", "2008-03-31": "1753.65600", "2007-12-31": "1722.08100", "2007-09-30": "1644.96500", "2007-06-30": "1623.74700", "2007-03-31": "1598.16000", "2006-12-31": "1601.55900", "2006-09-30": "1606.78200", "2006-06-30": "1549.64300", "2006-03-31": "1535.58300", "2005-12-31": "1474.07400", "2005-09-30": "1516.32500", "2005-06-30": "1522.60600", "2005-03-31": "1547.87500"}, "Long-Term Investments": {"2020-12-31": "", "2020-09-30": "", "2020-06-30": "", "2020-03-31": "", "2019-12-31": "", "2019-09-30": "", "2019-06-30": "", "2019-03-31": "", "2018-12-31": "", "2018-09-30": "", "2018-06-30": "", "2018-03-31": "", "2017-12-31": "", "2017-09-30": "", "2017-06-30": "", "2017-03-31": "", "2016-12-31": "", "2016-09-30": "", "2016-06-30": "", "2016-03-31": "", "2015-12-31": "", "2015-09-30": "", "2015-06-30": "", "2015-03-31": "", "2014-12-31": "", "2014-09-30": "", "2014-06-30": "", "2014-03-31": "", "2013-12-31": "", "2013-09-30": "", "2013-06-30": "", "2013-03-31": "", "2012-12-31": "", "2012-09-30": "", "2012-06-30": "", "2012-03-31": "", "2011-12-31": "", "2011-09-30": "", "2011-06-30": "", "2011-03-31": "", "2010-12-31": "", "2010-09-30": "", "2010-06-30": "", "2010-03-31": "", "2009-12-31": "", "2009-09-30": "", "2009-06-30": "", "2009-03-31": "", "2008-12-31": "", "2008-09-30": "", "2008-06-30": "", "2008-03-31": "", "2007-12-31": "", "2007-09-30": "", "2007-06-30": "", "2007-03-31": "", "2006-12-31": "", "2006-09-30": "", "2006-06-30": "", "2006-03-31": "", "2005-12-31": "", "2005-09-30": "", "2005-06-30": "", "2005-03-31": ""}, "Goodwill And Intangible Assets": {"2020-12-31": "1789.00000", "2020-09-30": "1758.30000", "2020-06-30": "1727.90000", "2020-03-31": "1723.20000", "2019-12-31": "1752.20000", "2019-09-30": "1657.50000", "2019-06-30": "1700.90000", "2019-03-31": "1667.10000", "2018-12-31": "1699.90000", "2018-09-30": "1708.50000", "2018-06-30": "882.70000", "2018-03-31": "930.50000", "2017-12-31": "932.40000", "2017-09-30": "939.20000", "2017-06-30": "661.70000", "2017-03-31": "622.60000", "2016-12-31": "628.50000", "2016-09-30": "633.50000", "2016-06-30": "586.70000", "2016-03-31": "593.80000", "2015-12-31": "598.60000", "2015-09-30": "604.90000", "2015-06-30": "482.80000", "2015-03-31": "486.70000", "2014-12-31": "499.30000", "2014-09-30": "449.00000", "2014-06-30": "552.80000", "2014-03-31": "572.40000", "2013-12-31": "553.50000", "2013-09-30": "581.70000", "2013-06-30": "589.20000", "2013-03-31": "571.00000", "2012-12-31": "563.60000", "2012-09-30": "553.80000", "2012-06-30": "558.40000", "2012-03-31": "564.50000", "2011-12-31": "568.40000", "2011-09-30": "514.40000", "2011-06-30": "350.70000", "2011-03-31": "353.00000", "2010-12-31": "353.60000", "2010-09-30": "353.40000", "2010-06-30": "345.80000", "2010-03-31": "350.80000", "2009-12-31": "353.80000", "2009-09-30": "356.66200", "2009-06-30": "395.96300", "2009-03-31": "397.95200", "2008-12-31": "362.33400", "2008-09-30": "441.21000", "2008-06-30": "449.74400", "2008-03-31": "450.25600", "2007-12-31": "432.23600", "2007-09-30": "312.74300", "2007-06-30": "310.33700", "2007-03-31": "305.32100", "2006-12-31": "305.96900", "2006-09-30": "397.07500", "2006-06-30": "388.42900", "2006-03-31": "387.15500", "2005-12-31": "383.17200", "2005-09-30": "363.99100", "2005-06-30": "362.79300", "2005-03-31": "367.07600"}, "Other Long-Term Assets": {"2020-12-31": "96.50000", "2020-09-30": "18.80000", "2020-06-30": "16.20000", "2020-03-31": "15.70000", "2019-12-31": "18.00000", "2019-09-30": "16.00000", "2019-06-30": "17.00000", "2019-03-31": "22.80000", "2018-12-31": "37.00000", "2018-09-30": "43.90000", "2018-06-30": "29.90000", "2018-03-31": "25.90000", "2017-12-31": "25.00000", "2017-09-30": "28.40000", "2017-06-30": "28.20000", "2017-03-31": "33.40000", "2016-12-31": "34.90000", "2016-09-30": "27.20000", "2016-06-30": "50.50000", "2016-03-31": "48.30000", "2015-12-31": "49.10000", "2015-09-30": "47.30000", "2015-06-30": "61.20000", "2015-03-31": "64.20000", "2014-12-31": "52.30000", "2014-09-30": "57.50000", "2014-06-30": "53.80000", "2014-03-31": "54.00000", "2013-12-31": "58.40000", "2013-09-30": "37.30000", "2013-06-30": "38.60000", "2013-03-31": "38.60000", "2012-12-31": "39.00000", "2012-09-30": "41.10000", "2012-06-30": "39.90000", "2012-03-31": "45.40000", "2011-12-31": "40.00000", "2011-09-30": "44.30000", "2011-06-30": "42.50000", "2011-03-31": "43.00000", "2010-12-31": "38.40000", "2010-09-30": "38.80000", "2010-06-30": "46.80000", "2010-03-31": "39.63700", "2009-12-31": "46.80000", "2009-09-30": "47.77400", "2009-06-30": "41.42100", "2009-03-31": "40.62600", "2008-12-31": "38.69500", "2008-09-30": "74.62900", "2008-06-30": "72.14300", "2008-03-31": "80.96100", "2007-12-31": "78.79700", "2007-09-30": "61.84200", "2007-06-30": "55.79100", "2007-03-31": "53.92600", "2006-12-31": "39.85800", "2006-09-30": "59.98500", "2006-06-30": "69.97900", "2006-03-31": "74.20000", "2005-12-31": "70.05600", "2005-09-30": "185.73600", "2005-06-30": "185.12000", "2005-03-31": "188.38300"}, "Total Long-Term Assets": {"2020-12-31": "3041.30000", "2020-09-30": "2944.60000", "2020-06-30": "2894.10000", "2020-03-31": "2887.80000", "2019-12-31": "2985.30000", "2019-09-30": "2757.90000", "2019-06-30": "2807.50000", "2019-03-31": "2761.10000", "2018-12-31": "2708.00000", "2018-09-30": "2713.20000", "2018-06-30": "1828.20000", "2018-03-31": "1903.70000", "2017-12-31": "1902.30000", "2017-09-30": "1889.30000", "2017-06-30": "1579.00000", "2017-03-31": "1544.90000", "2016-12-31": "1551.30000", "2016-09-30": "1592.40000", "2016-06-30": "1557.30000", "2016-03-31": "1575.20000", "2015-12-31": "1577.70000", "2015-09-30": "1567.70000", "2015-06-30": "1451.60000", "2015-03-31": "1456.60000", "2014-12-31": "1519.50000", "2014-09-30": "1607.00000", "2014-06-30": "1703.10000", "2014-03-31": "2548.40000", "2013-12-31": "2540.40000", "2013-09-30": "2142.90000", "2013-06-30": "2103.20000", "2013-03-31": "2091.90000", "2012-12-31": "2082.20000", "2012-09-30": "1984.80000", "2012-06-30": "2039.30000", "2012-03-31": "2057.00000", "2011-12-31": "2034.50000", "2011-09-30": "1856.50000", "2011-06-30": "1704.30000", "2011-03-31": "1763.20000", "2010-12-31": "1781.20000", "2010-09-30": "1880.20000", "2010-06-30": "1890.80000", "2010-03-31": "1929.12300", "2009-12-31": "1984.40000", "2009-09-30": "2141.32400", "2009-06-30": "2403.37800", "2009-03-31": "2446.74000", "2008-12-31": "2502.58500", "2008-09-30": "2329.78700", "2008-06-30": "2397.93200", "2008-03-31": "2386.30600", "2007-12-31": "2333.98600", "2007-09-30": "2178.68400", "2007-06-30": "2158.82300", "2007-03-31": "2126.46500", "2006-12-31": "2116.80300", "2006-09-30": "2080.54700", "2006-06-30": "2024.64200", "2006-03-31": "2000.06000", "2005-12-31": "2010.42500", "2005-09-30": "2153.22800", "2005-06-30": "2155.80300", "2005-03-31": "2186.32200"}, "Total Assets": {"2020-12-31": "5041.60000", "2020-09-30": "4909.10000", "2020-06-30": "4901.00000", "2020-03-31": "4980.00000", "2019-12-31": "4859.90000", "2019-09-30": "4565.30000", "2019-06-30": "4674.20000", "2019-03-31": "4680.70000", "2018-12-31": "4445.20000", "2018-09-30": "4499.50000", "2018-06-30": "3528.00000", "2018-03-31": "3549.50000", "2017-12-31": "3402.40000", "2017-09-30": "3363.60000", "2017-06-30": "3238.50000", "2017-03-31": "2815.60000", "2016-12-31": "2763.20000", "2016-09-30": "2819.20000", "2016-06-30": "2794.40000", "2016-03-31": "2850.10000", "2015-12-31": "2784.10000", "2015-09-30": "2946.60000", "2015-06-30": "2887.60000", "2015-03-31": "2820.40000", "2014-12-31": "3001.40000", "2014-09-30": "3106.70000", "2014-06-30": "3265.20000", "2014-03-31": "4418.00000", "2013-12-31": "4477.90000", "2013-09-30": "4192.90000", "2013-06-30": "4106.30000", "2013-03-31": "4165.10000", "2012-12-31": "4244.20000", "2012-09-30": "4218.50000", "2012-06-30": "4404.80000", "2012-03-31": "4373.50000", "2011-12-31": "4327.40000", "2011-09-30": "4123.00000", "2011-06-30": "4175.10000", "2011-03-31": "4180.60000", "2010-12-31": "4180.40000", "2010-09-30": "4249.00000", "2010-06-30": "4005.10000", "2010-03-31": "3988.11400", "2009-12-31": "4006.90000", "2009-09-30": "4458.02100", "2009-06-30": "4222.15500", "2009-03-31": "4317.87300", "2008-12-31": "4536.05000", "2008-09-30": "4707.11900", "2008-06-30": "4794.87900", "2008-03-31": "4651.24400", "2007-12-31": "4379.23700", "2007-09-30": "4197.05200", "2007-06-30": "4165.64600", "2007-03-31": "4124.06300", "2006-12-31": "4027.11100", "2006-09-30": "4144.05400", "2006-06-30": "4095.93800", "2006-03-31": "4083.81100", "2005-12-31": "3993.73400", "2005-09-30": "4107.82200", "2005-06-30": "4085.94300", "2005-03-31": "4053.24000"}, "Total Current Liabilities": {"2020-12-31": "848.00000", "2020-09-30": "740.40000", "2020-06-30": "664.80000", "2020-03-31": "769.80000", "2019-12-31": "736.60000", "2019-09-30": "704.60000", "2019-06-30": "696.30000", "2019-03-31": "683.60000", "2018-12-31": "685.60000", "2018-09-30": "656.60000", "2018-06-30": "711.20000", "2018-03-31": "702.30000", "2017-12-31": "671.70000", "2017-09-30": "568.70000", "2017-06-30": "537.90000", "2017-03-31": "498.40000", "2016-12-31": "452.70000", "2016-09-30": "450.50000", "2016-06-30": "475.00000", "2016-03-31": "442.60000", "2015-12-31": "505.30000", "2015-09-30": "605.60000", "2015-06-30": "594.00000", "2015-03-31": "519.40000", "2014-12-31": "533.80000", "2014-09-30": "562.10000", "2014-06-30": "849.90000", "2014-03-31": "982.20000", "2013-12-31": "980.10000", "2013-09-30": "978.40000", "2013-06-30": "662.90000", "2013-03-31": "676.60000", "2012-12-31": "667.80000", "2012-09-30": "797.90000", "2012-06-30": "827.70000", "2012-03-31": "816.50000", "2011-12-31": "819.90000", "2011-09-30": "845.70000", "2011-06-30": "755.90000", "2011-03-31": "743.20000", "2010-12-31": "711.00000", "2010-09-30": "715.50000", "2010-06-30": "590.80000", "2010-03-31": "600.98900", "2009-12-31": "540.40000", "2009-09-30": "881.50700", "2009-06-30": "805.77500", "2009-03-31": "884.32100", "2008-12-31": "798.31300", "2008-09-30": "1054.89500", "2008-06-30": "1133.08900", "2008-03-31": "927.31600", "2007-12-31": "904.42200", "2007-09-30": "808.03000", "2007-06-30": "818.18300", "2007-03-31": "845.54200", "2006-12-31": "831.14800", "2006-09-30": "1084.74000", "2006-06-30": "1090.02900", "2006-03-31": "1097.90100", "2005-12-31": "1071.32600", "2005-09-30": "1286.94300", "2005-06-30": "1188.53400", "2005-03-31": "1149.26900"}, "Long Term Debt": {"2020-12-31": "1433.90000", "2020-09-30": "1533.00000", "2020-06-30": "1730.10000", "2020-03-31": "1785.80000", "2019-12-31": "1648.10000", "2019-09-30": "1553.50000", "2019-06-30": "1642.60000", "2019-03-31": "1746.50000", "2018-12-31": "1638.60000", "2018-09-30": "1681.70000", "2018-06-30": "881.40000", "2018-03-31": "896.50000", "2017-12-31": "854.20000", "2017-09-30": "959.80000", "2017-06-30": "947.10000", "2017-03-31": "600.10000", "2016-12-31": "635.00000", "2016-09-30": "641.40000", "2016-06-30": "604.20000", "2016-03-31": "673.40000", "2015-12-31": "579.40000", "2015-09-30": "625.90000", "2015-06-30": "555.60000", "2015-03-31": "519.70000", "2014-12-31": "522.10000", "2014-09-30": "522.00000", "2014-06-30": "176.20000", "2014-03-31": "206.40000", "2013-12-31": "176.40000", "2013-09-30": "205.40000", "2013-06-30": "455.30000", "2013-03-31": "455.30000", "2012-12-31": "455.10000", "2012-09-30": "461.40000", "2012-06-30": "473.90000", "2012-03-31": "478.80000", "2011-12-31": "478.80000", "2011-09-30": "490.90000", "2011-06-30": "490.60000", "2011-03-31": "483.30000", "2010-12-31": "481.70000", "2010-09-30": "479.40000", "2010-06-30": "476.10000", "2010-03-31": "471.22900", "2009-12-31": "469.30000", "2009-09-30": "469.05700", "2009-06-30": "254.84500", "2009-03-31": "261.41300", "2008-12-31": "515.25000", "2008-09-30": "521.89600", "2008-06-30": "559.31500", "2008-03-31": "725.23900", "2007-12-31": "580.58700", "2007-09-30": "526.52100", "2007-06-30": "533.85600", "2007-03-31": "530.59000", "2006-12-31": "547.39000", "2006-09-30": "548.61100", "2006-06-30": "529.01600", "2006-03-31": "560.28600", "2005-12-31": "561.74700", "2005-09-30": "533.16900", "2005-06-30": "609.62700", "2005-03-31": "610.95700"}, "Other Non-Current Liabilities": {"2020-12-31": "254.70000", "2020-09-30": "102.10000", "2020-06-30": "92.00000", "2020-03-31": "85.30000", "2019-12-31": "84.00000", "2019-09-30": "81.00000", "2019-06-30": "78.10000", "2019-03-31": "75.60000", "2018-12-31": "70.30000", "2018-09-30": "62.80000", "2018-06-30": "54.80000", "2018-03-31": "72.90000", "2017-12-31": "67.70000", "2017-09-30": "47.30000", "2017-06-30": "44.40000", "2017-03-31": "73.10000", "2016-12-31": "74.50000", "2016-09-30": "79.00000", "2016-06-30": "72.30000", "2016-03-31": "72.60000", "2015-12-31": "68.20000", "2015-09-30": "70.80000", "2015-06-30": "75.60000", "2015-03-31": "69.20000", "2014-12-31": "44.60000", "2014-09-30": "43.60000", "2014-06-30": "46.30000", "2014-03-31": "53.60000", "2013-12-31": "55.90000", "2013-09-30": "45.60000", "2013-06-30": "43.20000", "2013-03-31": "68.60000", "2012-12-31": "107.00000", "2012-09-30": "114.50000", "2012-06-30": "114.20000", "2012-03-31": "92.10000", "2011-12-31": "91.80000", "2011-09-30": "70.90000", "2011-06-30": "113.40000", "2011-03-31": "111.20000", "2010-12-31": "114.20000", "2010-09-30": "104.30000", "2010-06-30": "107.90000", "2010-03-31": "98.92800", "2009-12-31": "100.40000", "2009-09-30": "109.71700", "2009-06-30": "97.09600", "2009-03-31": "98.36800", "2008-12-31": "83.98500", "2008-09-30": "106.16300", "2008-06-30": "96.74300", "2008-03-31": "94.13800", "2007-12-31": "91.18100", "2007-09-30": "91.78400", "2007-06-30": "97.04300", "2007-03-31": "96.24400", "2006-12-31": "72.36200", "2006-09-30": "84.55600", "2006-06-30": "77.16000", "2006-03-31": "98.87400", "2005-12-31": "60.24000", "2005-09-30": "54.40100", "2005-06-30": "45.76000", "2005-03-31": "49.58900"}, "Total Long Term Liabilities": {"2020-12-31": "1968.40000", "2020-09-30": "2069.70000", "2020-06-30": "2268.60000", "2020-03-31": "2309.90000", "2019-12-31": "2168.50000", "2019-09-30": "2043.20000", "2019-06-30": "2194.30000", "2019-03-31": "2291.20000", "2018-12-31": "2116.90000", "2018-09-30": "2202.50000", "2018-06-30": "1264.50000", "2018-03-31": "1304.40000", "2017-12-31": "1255.80000", "2017-09-30": "1339.00000", "2017-06-30": "1281.00000", "2017-03-31": "962.40000", "2016-12-31": "999.60000", "2016-09-30": "1002.50000", "2016-06-30": "960.20000", "2016-03-31": "1031.90000", "2015-12-31": "934.20000", "2015-09-30": "989.40000", "2015-06-30": "922.50000", "2015-03-31": "884.80000", "2014-12-31": "878.49990", "2014-09-30": "900.70000", "2014-06-30": "611.20000", "2014-03-31": "821.39990", "2013-12-31": "849.20000", "2013-09-30": "847.40000", "2013-06-30": "1115.60000", "2013-03-31": "1165.60000", "2012-12-31": "1329.80000", "2012-09-30": "1074.80000", "2012-06-30": "1261.90000", "2012-03-31": "1358.80000", "2011-12-31": "1465.00000", "2011-09-30": "1052.60000", "2011-06-30": "1212.90000", "2011-03-31": "1371.10000", "2010-12-31": "1527.60000", "2010-09-30": "1739.50000", "2010-06-30": "1756.00000", "2010-03-31": "1757.63600", "2009-12-31": "1870.90000", "2009-09-30": "1985.54100", "2009-06-30": "1815.23300", "2009-03-31": "1822.68600", "2008-12-31": "2074.69900", "2008-09-30": "1445.52200", "2008-06-30": "1483.61700", "2008-03-31": "1654.43500", "2007-12-31": "1514.14600", "2007-09-30": "1634.74900", "2007-06-30": "1669.07000", "2007-03-31": "1716.26400", "2006-12-31": "1719.78300", "2006-09-30": "1362.01100", "2006-06-30": "1344.60700", "2006-03-31": "1413.68800", "2005-12-31": "1425.34100", "2005-09-30": "1416.94900", "2005-06-30": "1555.24600", "2005-03-31": "1595.98000"}, "Total Liabilities": {"2020-12-31": "2816.40000", "2020-09-30": "2810.10000", "2020-06-30": "2933.40000", "2020-03-31": "3079.70000", "2019-12-31": "2905.10000", "2019-09-30": "2747.80000", "2019-06-30": "2890.60000", "2019-03-31": "2974.80000", "2018-12-31": "2802.50000", "2018-09-30": "2859.10000", "2018-06-30": "1975.70000", "2018-03-31": "2006.70000", "2017-12-31": "1927.50000", "2017-09-30": "1907.70000", "2017-06-30": "1818.90000", "2017-03-31": "1460.80000", "2016-12-31": "1452.30000", "2016-09-30": "1453.00000", "2016-06-30": "1435.20000", "2016-03-31": "1474.50000", "2015-12-31": "1439.50000", "2015-09-30": "1595.00000", "2015-06-30": "1516.50000", "2015-03-31": "1404.20000", "2014-12-31": "1412.30000", "2014-09-30": "1462.80000", "2014-06-30": "1461.10000", "2014-03-31": "1803.60000", "2013-12-31": "1829.30000", "2013-09-30": "1825.80000", "2013-06-30": "1778.50000", "2013-03-31": "1842.20000", "2012-12-31": "1997.60000", "2012-09-30": "1872.70000", "2012-06-30": "2089.60000", "2012-03-31": "2175.30000", "2011-12-31": "2284.90000", "2011-09-30": "1898.30000", "2011-06-30": "1968.80000", "2011-03-31": "2114.30000", "2010-12-31": "2238.60000", "2010-09-30": "2455.00000", "2010-06-30": "2346.80000", "2010-03-31": "2358.62500", "2009-12-31": "2411.30000", "2009-09-30": "2867.04800", "2009-06-30": "2621.00800", "2009-03-31": "2707.00700", "2008-12-31": "2873.01200", "2008-09-30": "2500.41700", "2008-06-30": "2616.70600", "2008-03-31": "2581.75100", "2007-12-31": "2418.56800", "2007-09-30": "2442.77900", "2007-06-30": "2487.25300", "2007-03-31": "2561.80600", "2006-12-31": "2550.93100", "2006-09-30": "2446.75100", "2006-06-30": "2434.63600", "2006-03-31": "2511.58900", "2005-12-31": "2496.66700", "2005-09-30": "2703.89200", "2005-06-30": "2743.78000", "2005-03-31": "2745.24900"}, "Common Stock Net": {"2020-12-31": "", "2020-09-30": "53.10000", "2020-06-30": "53.10000", "2020-03-31": "53.10000", "2019-12-31": "53.10000", "2019-09-30": "53.10000", "2019-06-30": "53.10000", "2019-03-31": "53.10000", "2018-12-31": "53.10000", "2018-09-30": "53.10000", "2018-06-30": "53.10000", "2018-03-31": "53.10000", "2017-12-31": "53.10000", "2017-09-30": "53.10000", "2017-06-30": "53.10000", "2017-03-31": "53.10000", "2016-12-31": "53.10000", "2016-09-30": "53.10000", "2016-06-30": "53.10000", "2016-03-31": "53.10000", "2015-12-31": "53.10000", "2015-09-30": "53.10000", "2015-06-30": "53.10000", "2015-03-31": "53.10000", "2014-12-31": "53.10000", "2014-09-30": "53.10000", "2014-06-30": "53.10000", "2014-03-31": "53.10000", "2013-12-31": "53.10000", "2013-09-30": "53.10000", "2013-06-30": "53.10000", "2013-03-31": "53.10000", "2012-12-31": "53.10000", "2012-09-30": "53.10000", "2012-06-30": "53.10000", "2012-03-31": "53.10000", "2011-12-31": "53.10000", "2011-09-30": "53.10000", "2011-06-30": "53.10000", "2011-03-31": "53.10000", "2010-12-31": "53.10000", "2010-09-30": "53.10000", "2010-06-30": "53.10000", "2010-03-31": "53.06400", "2009-12-31": "53.10000", "2009-09-30": "53.06400", "2009-06-30": "53.06400", "2009-03-31": "53.06400", "2008-12-31": "53.06400", "2008-09-30": "53.06400", "2008-06-30": "53.06400", "2008-03-31": "53.06400", "2007-12-31": "53.06400", "2007-09-30": "53.06400", "2007-06-30": "53.06400", "2007-03-31": "53.06400", "2006-12-31": "53.06400", "2006-09-30": "799.05300", "2006-06-30": "791.58500", "2006-03-31": "776.56000", "2005-12-31": "53.06400", "2005-09-30": "749.89800", "2005-06-30": "728.41000", "2005-03-31": "724.04500"}, "Retained Earnings (Accumulated Deficit)": {"2020-12-31": "", "2020-09-30": "", "2020-06-30": "", "2020-03-31": "", "2019-12-31": "", "2019-09-30": "", "2019-06-30": "", "2019-03-31": "", "2018-12-31": "", "2018-09-30": "", "2018-06-30": "", "2018-03-31": "", "2017-12-31": "", "2017-09-30": "", "2017-06-30": "", "2017-03-31": "", "2016-12-31": "", "2016-09-30": "", "2016-06-30": "", "2016-03-31": "", "2015-12-31": "", "2015-09-30": "", "2015-06-30": "", "2015-03-31": "", "2014-12-31": "", "2014-09-30": "", "2014-06-30": "", "2014-03-31": "", "2013-12-31": "", "2013-09-30": "", "2013-06-30": "", "2013-03-31": "", "2012-12-31": "", "2012-09-30": "", "2012-06-30": "", "2012-03-31": "", "2011-12-31": "", "2011-09-30": "", "2011-06-30": "", "2011-03-31": "", "2010-12-31": "", "2010-09-30": "", "2010-06-30": "", "2010-03-31": "", "2009-12-31": "", "2009-09-30": "", "2009-06-30": "", "2009-03-31": "", "2008-12-31": "", "2008-09-30": "", "2008-06-30": "", "2008-03-31": "", "2007-12-31": "", "2007-09-30": "", "2007-06-30": "", "2007-03-31": "", "2006-12-31": "", "2006-09-30": "", "2006-06-30": "", "2006-03-31": "", "2005-12-31": "", "2005-09-30": "", "2005-06-30": "", "2005-03-31": ""}, "Comprehensive Income": {"2020-12-31": "", "2020-09-30": "-39.30000", "2020-06-30": "-99.20000", "2020-03-31": "-118.90000", "2019-12-31": "-50.10000", "2019-09-30": "-80.10000", "2019-06-30": "-97.50000", "2019-03-31": "-101.10000", "2018-12-31": "-95.30000", "2018-09-30": "-88.80000", "2018-06-30": "-69.90000", "2018-03-31": "-29.20000", "2017-12-31": "-38.30000", "2017-09-30": "-41.00000", "2017-06-30": "-50.10000", "2017-03-31": "-60.80000", "2016-12-31": "-77.90000", "2016-09-30": "-264.80000", "2016-06-30": "-281.50000", "2016-03-31": "-271.90000", "2015-12-31": "-287.00000", "2015-09-30": "-411.60000", "2015-06-30": "-396.00000", "2015-03-31": "-405.20000", "2014-12-31": "-482.50000", "2014-09-30": "-408.50000", "2014-06-30": "-397.80000", "2014-03-31": "-614.00000", "2013-12-31": "-626.10000", "2013-09-30": "-953.60000", "2013-06-30": "-985.40000", "2013-03-31": "-998.90000", "2012-12-31": "-1013.20000", "2012-09-30": "-854.90000", "2012-06-30": "-882.50000", "2012-03-31": "-853.20000", "2011-12-31": "-889.50000", "2011-09-30": "-619.40000", "2011-06-30": "-559.40000", "2011-03-31": "-585.10000", "2010-12-31": "-624.70000", "2010-09-30": "-676.00000", "2010-06-30": "-743.80000", "2010-03-31": "-699.29100", "2009-12-31": "-717.10000", "2009-09-30": "-747.15700", "2009-06-30": "-791.22600", "2009-03-31": "-854.26000", "2008-12-31": "-819.63300", "2008-09-30": "-303.07000", "2008-06-30": "-214.21500", "2008-03-31": "-234.13400", "2007-12-31": "-271.25100", "2007-09-30": "-441.46000", "2007-06-30": "-483.16300", "2007-03-31": "-537.75300", "2006-12-31": "-544.56200", "2006-09-30": "-298.62800", "2006-06-30": "-295.66300", "2006-03-31": "-309.12200", "2005-12-31": "-323.44900", "2005-09-30": "-317.86800", "2005-06-30": "-332.14000", "2005-03-31": "-308.34100"}, "Other Share Holders Equity": {"2020-12-31": "", "2020-09-30": "2073.40000", "2020-06-30": "2005.70000", "2020-03-31": "1964.80000", "2019-12-31": "1907.40000", "2019-09-30": "1815.00000", "2019-06-30": "1772.00000", "2019-03-31": "1700.80000", "2018-12-31": "1630.20000", "2018-09-30": "1595.40000", "2018-06-30": "1545.30000", "2018-03-31": "1475.90000", "2017-12-31": "1408.40000", "2017-09-30": "1400.20000", "2017-06-30": "1367.70000", "2017-03-31": "1306.30000", "2016-12-31": "1289.30000", "2016-09-30": "1524.70000", "2016-06-30": "1524.40000", "2016-03-31": "1499.90000", "2015-12-31": "1457.60000", "2015-09-30": "1514.60000", "2015-06-30": "1472.90000", "2015-03-31": "1458.30000", "2014-12-31": "1615.40000", "2014-09-30": "1594.80000", "2014-06-30": "1642.20000", "2014-03-31": "2646.80000", "2013-12-31": "2586.40000", "2013-09-30": "2555.30000", "2013-06-30": "2524.90000", "2013-03-31": "2464.20000", "2012-12-31": "2411.20000", "2012-09-30": "2358.10000", "2012-06-30": "2299.10000", "2012-03-31": "2137.90000", "2011-12-31": "2004.70000", "2011-09-30": "1915.00000", "2011-06-30": "1823.50000", "2011-03-31": "1721.50000", "2010-12-31": "1626.40000", "2010-09-30": "1553.60000", "2010-06-30": "1495.80000", "2010-03-31": "1422.78200", "2009-12-31": "1402.90000", "2009-09-30": "1431.70100", "2009-06-30": "1490.29900", "2009-03-31": "1563.53000", "2008-12-31": "1580.08400", "2008-09-30": "1633.61400", "2008-06-30": "1520.57500", "2008-03-31": "1448.02100", "2007-12-31": "1379.87600", "2007-09-30": "1347.87100", "2007-06-30": "1322.90900", "2007-03-31": "1282.83200", "2006-12-31": "1217.16700", "2006-09-30": "1196.87800", "2006-06-30": "1165.38000", "2006-03-31": "1104.78400", "2005-12-31": "1052.87100", "2005-09-30": "971.90000", "2005-06-30": "945.89300", "2005-03-31": "892.28700"}, "Share Holder Equity": {"2020-12-31": "2225.20000", "2020-09-30": "2099.00000", "2020-06-30": "1967.60000", "2020-03-31": "1900.30000", "2019-12-31": "1954.80000", "2019-09-30": "1817.50000", "2019-06-30": "1783.60000", "2019-03-31": "1705.90000", "2018-12-31": "1642.70000", "2018-09-30": "1640.40000", "2018-06-30": "1552.30000", "2018-03-31": "1542.80000", "2017-12-31": "1474.90000", "2017-09-30": "1455.90000", "2017-06-30": "1419.60000", "2017-03-31": "1354.80000", "2016-12-31": "1310.90000", "2016-09-30": "1366.20000", "2016-06-30": "1359.20000", "2016-03-31": "1375.60000", "2015-12-31": "1344.60000", "2015-09-30": "1351.60000", "2015-06-30": "1371.10000", "2015-03-31": "1416.20000", "2014-12-31": "1589.10000", "2014-09-30": "1643.90000", "2014-06-30": "1804.10000", "2014-03-31": "2614.40000", "2013-12-31": "2648.60000", "2013-09-30": "2367.10000", "2013-06-30": "2327.80000", "2013-03-31": "2322.90000", "2012-12-31": "2246.60000", "2012-09-30": "2345.80000", "2012-06-30": "2315.20000", "2012-03-31": "2198.20000", "2011-12-31": "2042.50000", "2011-09-30": "2224.70000", "2011-06-30": "2206.30000", "2011-03-31": "2066.30000", "2010-12-31": "1941.80000", "2010-09-30": "1794.00000", "2010-06-30": "1658.30000", "2010-03-31": "1629.48900", "2009-12-31": "1595.60000", "2009-09-30": "1590.97300", "2009-06-30": "1601.14700", "2009-03-31": "1610.86600", "2008-12-31": "1663.03800", "2008-09-30": "2206.70200", "2008-06-30": "2178.17300", "2008-03-31": "2069.49300", "2007-12-31": "1960.66900", "2007-09-30": "1754.27300", "2007-06-30": "1678.39300", "2007-03-31": "1562.25700", "2006-12-31": "1476.18000", "2006-09-30": "1697.30300", "2006-06-30": "1661.30200", "2006-03-31": "1572.22200", "2005-12-31": "1497.06700", "2005-09-30": "1403.93000", "2005-06-30": "1342.16300", "2005-03-31": "1307.99100"}, "Total Liabilities And Share Holders Equity": {"2020-12-31": "5041.60000", "2020-09-30": "4909.10000", "2020-06-30": "4901.00000", "2020-03-31": "4980.00000", "2019-12-31": "4859.90000", "2019-09-30": "4565.30000", "2019-06-30": "4674.20000", "2019-03-31": "4680.70000", "2018-12-31": "4445.20000", "2018-09-30": "4499.50000", "2018-06-30": "3528.00000", "2018-03-31": "3549.50000", "2017-12-31": "3402.40000", "2017-09-30": "3363.60000", "2017-06-30": "3238.50000", "2017-03-31": "2815.60000", "2016-12-31": "2763.20000", "2016-09-30": "2819.20000", "2016-06-30": "2794.40000", "2016-03-31": "2850.10000", "2015-12-31": "2784.10000", "2015-09-30": "2946.60000", "2015-06-30": "2887.60000", "2015-03-31": "2820.40000", "2014-12-31": "3001.40000", "2014-09-30": "3106.70000", "2014-06-30": "3265.20000", "2014-03-31": "4418.00000", "2013-12-31": "4477.90000", "2013-09-30": "4192.90000", "2013-06-30": "4106.30000", "2013-03-31": "4165.10000", "2012-12-31": "4244.20000", "2012-09-30": "4218.50000", "2012-06-30": "4404.80000", "2012-03-31": "4373.50000", "2011-12-31": "4327.40000", "2011-09-30": "4123.00000", "2011-06-30": "4175.10000", "2011-03-31": "4180.60000", "2010-12-31": "4180.40000", "2010-09-30": "4249.00000", "2010-06-30": "4005.10000", "2010-03-31": "3988.11400", "2009-12-31": "4006.90000", "2009-09-30": "4458.02100", "2009-06-30": "4222.15500", "2009-03-31": "4317.87300", "2008-12-31": "4536.05000", "2008-09-30": "4707.11900", "2008-06-30": "4794.87900", "2008-03-31": "4651.24400", "2007-12-31": "4379.23700", "2007-09-30": "4197.05200", "2007-06-30": "4165.64600", "2007-03-31": "4124.06300", "2006-12-31": "4027.11100", "2006-09-30": "4144.05400", "2006-06-30": "4095.93800", "2006-03-31": "4083.81100", "2005-12-31": "3993.73400", "2005-09-30": "4107.82200", "2005-06-30": "4085.94300", "2005-03-31": "4053.24000"}}, "cash flow statement": {"Net Income/Loss": {"2020-12-31": "292.40000", "2019-12-31": "374.70000", "2018-12-31": "305.50000", "2017-12-31": "202.30000", "2016-12-31": "140.80000", "2015-12-31": "188.60000", "2014-12-31": "170.80000", "2013-12-31": "262.70000", "2012-12-31": "495.50000", "2011-12-31": "454.30000", "2010-12-31": "274.80000", "2009-12-31": "-134.00000", "2008-12-31": "267.70000", "2007-12-31": "220.05400", "2006-12-31": "222.52700", "2005-12-31": "260.28100"}, "Total Depreciation And Amortization - Cash Flow": {"2020-12-31": "167.10000", "2019-12-31": "160.60000", "2018-12-31": "146.00000", "2017-12-31": "137.70000", "2016-12-31": "131.70000", "2015-12-31": "130.80000", "2014-12-31": "137.00000", "2013-12-31": "142.40000", "2012-12-31": "149.60000", "2011-12-31": "192.50000", "2010-12-31": "189.70000", "2009-12-31": "201.50000", "2008-12-31": "200.80000", "2007-12-31": "187.91800", "2006-12-31": "196.59200", "2005-12-31": "209.65600"}, "Other Non-Cash Items": {"2020-12-31": "20.00000", "2019-12-31": "-23.40000", "2018-12-31": "15.30000", "2017-12-31": "27.30000", "2016-12-31": "64.20000", "2015-12-31": "50.90000", "2014-12-31": "56.20000", "2013-12-31": "-16.90000", "2012-12-31": "-95.50000", "2011-12-31": "-243.00000", "2010-12-31": "-154.90000", "2009-12-31": "197.00000", "2008-12-31": "129.40000", "2007-12-31": "80.46100", "2006-12-31": "-96.85600", "2005-12-31": "-54.02100"}, "Total Non-Cash Items": {"2020-12-31": "187.10000", "2019-12-31": "137.20000", "2018-12-31": "161.30000", "2017-12-31": "165.00000", "2016-12-31": "195.90000", "2015-12-31": "181.70000", "2014-12-31": "193.20000", "2013-12-31": "125.50000", "2012-12-31": "54.10000", "2011-12-31": "-50.50000", "2010-12-31": "34.80000", "2009-12-31": "398.50000", "2008-12-31": "330.20000", "2007-12-31": "268.37900", "2006-12-31": "99.73600", "2005-12-31": "155.63500"}, "Change In Accounts Receivable": {"2020-12-31": "-20.70000", "2019-12-31": "24.10000", "2018-12-31": "-66.40000", "2017-12-31": "-42.30000", "2016-12-31": "20.30000", "2015-12-31": "11.90000", "2014-12-31": "-48.30000", "2013-12-31": "-4.60000", "2012-12-31": "8.30000", "2011-12-31": "-111.60000", "2010-12-31": "-104.80000", "2009-12-31": "174.50000", "2008-12-31": "107.60000", "2007-12-31": "-15.81200", "2006-12-31": "-5.98700", "2005-12-31": "-12.39900"}, "Change In Inventories": {"2020-12-31": "27.40000", "2019-12-31": "50.70000", "2018-12-31": "-87.10000", "2017-12-31": "-132.10000", "2016-12-31": "10.10000", "2015-12-31": "53.10000", "2014-12-31": "-26.80000", "2013-12-31": "34.60000", "2012-12-31": "57.60000", "2011-12-31": "-125.60000", "2010-12-31": "-150.00000", "2009-12-31": "356.10000", "2008-12-31": "-97.70000", "2007-12-31": "-57.86700", "2006-12-31": "-6.74300", "2005-12-31": "-137.32900"}, "Change In Accounts Payable": {"2020-12-31": "22.60000", "2019-12-31": "19.90000", "2018-12-31": "-20.20000", "2017-12-31": "70.70000", "2016-12-31": "12.20000", "2015-12-31": "11.60000", "2014-12-31": "8.00000", "2013-12-31": "0.90000", "2012-12-31": "-36.00000", "2011-12-31": "14.90000", "2010-12-31": "", "2009-12-31": "", "2008-12-31": "", "2007-12-31": "", "2006-12-31": "", "2005-12-31": ""}, "Change In Assets/Liabilities": {"2020-12-31": "28.40000", "2019-12-31": "-15.50000", "2018-12-31": "5.30000", "2017-12-31": "-26.90000", "2016-12-31": "3.90000", "2015-12-31": "21.50000", "2014-12-31": "14.30000", "2013-12-31": "-17.00000", "2012-12-31": "28.10000", "2011-12-31": "-10.40000", "2010-12-31": "-13.00000", "2009-12-31": "-2.70000", "2008-12-31": "-8.00000", "2007-12-31": "-52.46700", "2006-12-31": "-13.51700", "2005-12-31": "-13.40300"}, "Total Change In Assets/Liabilities": {"2020-12-31": "98.10000", "2019-12-31": "38.20000", "2018-12-31": "-134.30000", "2017-12-31": "-130.50000", "2016-12-31": "67.20000", "2015-12-31": "10.00000", "2014-12-31": "-57.00000", "2013-12-31": "41.80000", "2012-12-31": "74.50000", "2011-12-31": "-194.40000", "2010-12-31": "3.10000", "2009-12-31": "323.20000", "2008-12-31": "-20.30000", "2007-12-31": "-146.52000", "2006-12-31": "14.66500", "2005-12-31": "-97.21500"}, "Cash Flow From Operating Activities": {"2020-12-31": "577.60000", "2019-12-31": "550.10000", "2018-12-31": "332.50000", "2017-12-31": "236.80000", "2016-12-31": "403.90000", "2015-12-31": "380.30000", "2014-12-31": "307.00000", "2013-12-31": "430.00000", "2012-12-31": "624.10000", "2011-12-31": "209.40000", "2010-12-31": "312.70000", "2009-12-31": "587.70000", "2008-12-31": "577.60000", "2007-12-31": "341.91300", "2006-12-31": "336.92800", "2005-12-31": "318.70100"}, "Net Change In Property, Plant, And Equipment": {"2020-12-31": "-121.60000", "2019-12-31": "-134.30000", "2018-12-31": "-111.10000", "2017-12-31": "-97.60000", "2016-12-31": "-136.00000", "2015-12-31": "-95.80000", "2014-12-31": "-108.30000", "2013-12-31": "-126.50000", "2012-12-31": "-116.50000", "2011-12-31": "-205.30000", "2010-12-31": "-113.90000", "2009-12-31": "-111.50000", "2008-12-31": "-221.70000", "2007-12-31": "-269.20300", "2006-12-31": "-286.88600", "2005-12-31": "-212.14000"}, "Net Change In Intangible Assets": {"2020-12-31": "", "2019-12-31": "", "2018-12-31": "", "2017-12-31": "", "2016-12-31": "", "2015-12-31": "", "2014-12-31": "", "2013-12-31": "", "2012-12-31": "", "2011-12-31": "", "2010-12-31": "", "2009-12-31": "", "2008-12-31": "", "2007-12-31": "", "2006-12-31": "", "2005-12-31": ""}, "Net Acquisitions/Divestitures": {"2020-12-31": "-24.00000", "2019-12-31": "-226.50000", "2018-12-31": "-751.40000", "2017-12-31": "-346.80000", "2016-12-31": "-72.60000", "2015-12-31": "-167.10000", "2014-12-31": "-14.30000", "2013-12-31": "-64.20000", "2012-12-31": "-20.70000", "2011-12-31": "-287.30000", "2010-12-31": "-22.60000", "2009-12-31": "303.20000", "2008-12-31": "-86.00000", "2007-12-31": "-203.72400", "2006-12-31": "185.36300", "2005-12-31": "-27.15800"}, "Net Change In Short-term Investments": {"2020-12-31": "", "2019-12-31": "-4.20000", "2018-12-31": "-2.80000", "2017-12-31": "-3.60000", "2016-12-31": "-2.60000", "2015-12-31": "-1.80000", "2014-12-31": "4.90000", "2013-12-31": "5.50000", "2012-12-31": "14.30000", "2011-12-31": "-22.70000", "2010-12-31": "-15.00000", "2009-12-31": "0.00000", "2008-12-31": "", "2007-12-31": "", "2006-12-31": "", "2005-12-31": ""}, "Net Change In Long-Term Investments": {"2020-12-31": "-9.40000", "2019-12-31": "", "2018-12-31": "", "2017-12-31": "", "2016-12-31": "", "2015-12-31": "", "2014-12-31": "", "2013-12-31": "", "2012-12-31": "", "2011-12-31": "5.70000", "2010-12-31": "", "2009-12-31": "", "2008-12-31": "", "2007-12-31": "", "2006-12-31": "", "2005-12-31": ""}, "Net Change In Investments - Total": {"2020-12-31": "-9.40000", "2019-12-31": "-4.20000", "2018-12-31": "-2.80000", "2017-12-31": "-3.60000", "2016-12-31": "-2.60000", "2015-12-31": "-1.80000", "2014-12-31": "4.90000", "2013-12-31": "5.50000", "2012-12-31": "14.30000", "2011-12-31": "-17.00000", "2010-12-31": "-15.00000", "2009-12-31": "", "2008-12-31": "", "2007-12-31": "", "2006-12-31": "", "2005-12-31": ""}, "Investing Activities - Other": {"2020-12-31": "1.50000", "2019-12-31": "0.10000", "2018-12-31": "0.10000", "2017-12-31": "-0.70000", "2016-12-31": "0.20000", "2015-12-31": "-0.50000", "2014-12-31": "-77.00000", "2013-12-31": "-190.80000", "2012-12-31": "-174.80000", "2011-12-31": "1.60000", "2010-12-31": "-1.40000", "2009-12-31": "2.50000", "2008-12-31": "-13.00000", "2007-12-31": "-23.64400", "2006-12-31": "-29.34500", "2005-12-31": "-3.50400"}, "Cash Flow From Investing Activities": {"2020-12-31": "-153.50000", "2019-12-31": "-364.90000", "2018-12-31": "-865.20000", "2017-12-31": "-448.70000", "2016-12-31": "-211.00000", "2015-12-31": "-265.20000", "2014-12-31": "-194.70000", "2013-12-31": "-376.00000", "2012-12-31": "-297.70000", "2011-12-31": "-508.00000", "2010-12-31": "-152.90000", "2009-12-31": "194.20000", "2008-12-31": "-320.70000", "2007-12-31": "-496.57100", "2006-12-31": "-130.86800", "2005-12-31": "-242.80200"}, "Net Long-Term Debt": {"2020-12-31": "-197.60000", "2019-12-31": "29.00000", "2018-12-31": "727.30000", "2017-12-31": "243.30000", "2016-12-31": "-4.80000", "2015-12-31": "75.10000", "2014-12-31": "95.50000", "2013-12-31": "-8.00000", "2012-12-31": "-18.40000", "2011-12-31": "0.60000", "2010-12-31": "4.50000", "2009-12-31": "-50.70000", "2008-12-31": "-73.70000", "2007-12-31": "45.76000", "2006-12-31": "-119.55100", "2005-12-31": "38.22100"}, "Net Current Debt": {"2020-12-31": "", "2019-12-31": "8.00000", "2018-12-31": "5.40000", "2017-12-31": "33.90000", "2016-12-31": "7.10000", "2015-12-31": "55.00000", "2014-12-31": "-9.80000", "2013-12-31": "4.80000", "2012-12-31": "-7.70000", "2011-12-31": "1.00000", "2010-12-31": "-3.80000", "2009-12-31": "-74.20000", "2008-12-31": "-21.60000", "2007-12-31": "58.48100", "2006-12-31": "-21.89100", "2005-12-31": "-79.16000"}, "Debt Issuance/Retirement Net - Total": {"2020-12-31": "-197.60000", "2019-12-31": "37.00000", "2018-12-31": "732.70000", "2017-12-31": "277.20000", "2016-12-31": "2.30000", "2015-12-31": "130.10000", "2014-12-31": "85.70000", "2013-12-31": "-3.20000", "2012-12-31": "-26.10000", "2011-12-31": "1.60000", "2010-12-31": "0.70000", "2009-12-31": "-124.90000", "2008-12-31": "-95.30000", "2007-12-31": "104.24100", "2006-12-31": "-141.44200", "2005-12-31": "-40.93900"}, "Net Common Equity Issued/Repurchased": {"2020-12-31": "-27.90000", "2019-12-31": "-50.60000", "2018-12-31": "-91.10000", "2017-12-31": "-21.90000", "2016-12-31": "-98.60000", "2015-12-31": "-309.60000", "2014-12-31": "-254.10000", "2013-12-31": "-176.10000", "2012-12-31": "-98.50000", "2011-12-31": "-27.20000", "2010-12-31": "21.20000", "2009-12-31": "0.90000", "2008-12-31": "16.90000", "2007-12-31": "37.80400", "2006-12-31": "22.96300", "2005-12-31": "39.79300"}, "Net Total Equity Issued/Repurchased": {"2020-12-31": "-27.90000", "2019-12-31": "-50.60000", "2018-12-31": "-91.10000", "2017-12-31": "-21.90000", "2016-12-31": "-98.60000", "2015-12-31": "-309.60000", "2014-12-31": "-254.10000", "2013-12-31": "-176.10000", "2012-12-31": "-98.50000", "2011-12-31": "-27.20000", "2010-12-31": "21.20000", "2009-12-31": "0.90000", "2008-12-31": "16.90000", "2007-12-31": "37.80400", "2006-12-31": "22.96300", "2005-12-31": "39.79300"}, "Total Common And Preferred Stock Dividends Paid": {"2020-12-31": "-87.00000", "2019-12-31": "-84.90000", "2018-12-31": "-85.70000", "2017-12-31": "-83.30000", "2016-12-31": "-81.60000", "2015-12-31": "-87.00000", "2014-12-31": "-90.30000", "2013-12-31": "-87.50000", "2012-12-31": "-89.00000", "2011-12-31": "-76.00000", "2010-12-31": "-51.30000", "2009-12-31": "-43.20000", "2008-12-31": "-67.50000", "2007-12-31": "-62.96600", "2006-12-31": "-58.23100", "2005-12-31": "-55.14800"}, "Financial Activities - Other": {"2020-12-31": "-18.60000", "2019-12-31": "-2.20000", "2018-12-31": "-2.80000", "2017-12-31": "-3.80000", "2016-12-31": "9.10000", "2015-12-31": "19.40000", "2014-12-31": "56.50000", "2013-12-31": "17.50000", "2012-12-31": "5.00000", "2011-12-31": "-2.70000", "2010-12-31": "-3.50000", "2009-12-31": "-10.80000", "2008-12-31": "", "2007-12-31": "", "2006-12-31": "", "2005-12-31": ""}, "Cash Flow From Financial Activities": {"2020-12-31": "-331.10000", "2019-12-31": "-100.70000", "2018-12-31": "553.10000", "2017-12-31": "168.20000", "2016-12-31": "-168.80000", "2015-12-31": "-247.10000", "2014-12-31": "-202.20000", "2013-12-31": "-249.30000", "2012-12-31": "-208.60000", "2011-12-31": "-104.30000", "2010-12-31": "-32.90000", "2009-12-31": "-178.00000", "2008-12-31": "-145.90000", "2007-12-31": "79.07900", "2006-12-31": "-176.71000", "2005-12-31": "-56.29400"}, "Net Cash Flow": {"2020-12-31": "104.90000", "2019-12-31": "83.10000", "2018-12-31": "7.70000", "2017-12-31": "-26.10000", "2016-12-31": "21.70000", "2015-12-31": "-149.20000", "2014-12-31": "-105.80000", "2013-12-31": "-201.80000", "2012-12-31": "121.60000", "2011-12-31": "-412.30000", "2010-12-31": "121.60000", "2009-12-31": "622.10000", "2008-12-31": "90.50000", "2007-12-31": "-65.00400", "2006-12-31": "35.65500", "2005-12-31": "14.45000"}, "Stock-Based Compensation": {"2020-12-31": "23.20000", "2019-12-31": "27.10000", "2018-12-31": "32.30000", "2017-12-31": "24.70000", "2016-12-31": "14.10000", "2015-12-31": "18.40000", "2014-12-31": "21.80000", "2013-12-31": "16.30000", "2012-12-31": "15.90000", "2011-12-31": "16.90000", "2010-12-31": "16.90000", "2009-12-31": "14.90000", "2008-12-31": "16.80000", "2007-12-31": "16.12700", "2006-12-31": "15.59400", "2005-12-31": "9.29300"}, "Common Stock Dividends Paid": {"2020-12-31": "-87.00000", "2019-12-31": "-84.90000", "2018-12-31": "-85.70000", "2017-12-31": "-83.30000", "2016-12-31": "-81.60000", "2015-12-31": "-87.00000", "2014-12-31": "-90.30000", "2013-12-31": "-87.50000", "2012-12-31": "-89.00000", "2011-12-31": "-76.00000", "2010-12-31": "-51.30000", "2009-12-31": "-43.20000", "2008-12-31": "-67.50000", "2007-12-31": "-62.96600", "2006-12-31": "-58.23100", "2005-12-31": "-55.14800"}}, "cash flow statement, quarterly": {"Net Income/Loss": {"2020-12-31": 55.3, "2020-09-30": 91.3, "2020-06-30": 61.8, "2020-03-31": "84.00000", "2019-12-31": 117.8, "2019-09-30": 66.7, "2019-06-30": 94.9, "2019-03-31": "95.30000", "2018-12-31": 60.8, "2018-09-30": 72.3, "2018-06-30": 92.2, "2018-03-31": "80.20000", "2017-12-31": 28.1, "2017-09-30": 53.5, "2017-06-30": 82.5, "2017-03-31": "38.20000", "2016-12-31": -6.9, "2016-09-30": 33.6, "2016-06-30": 48.2, "2016-03-31": "65.90000", "2015-12-31": 223.7, "2015-09-30": 63.4, "2015-06-30": 36.7, "2015-03-31": "-135.20000", "2014-12-31": 46.5, "2014-09-30": -21.9, "2014-06-30": 62.7, "2014-03-31": "83.50000", "2013-12-31": 52.6, "2013-09-30": 52.2, "2013-06-30": 82.8, "2013-03-31": "75.10000", "2012-12-31": 75.3, "2012-09-30": 80.9, "2012-06-30": 183.6, "2012-03-31": "155.70000", "2011-12-31": 109.1, "2011-09-30": 111, "2011-06-30": 121.5, "2011-03-31": "112.70000", "2010-12-31": 90.3, "2010-09-30": 70.3, "2010-06-30": 85.6, "2010-03-31": "28.60000", "2009-12-31": -20.2, "2009-09-30": -50.2, "2009-06-30": -64.47, "2009-03-31": "0.87000", "2008-12-31": -36.121, "2008-09-30": 130.413, "2008-06-30": 88.943, "2008-03-31": "84.46500", "2007-12-31": 48.291, "2007-09-30": 41.243, "2007-06-30": 55.326, "2007-03-31": "75.19400", "2006-12-31": 35.349, "2006-09-30": 46.547, "2006-06-30": 74.691, "2006-03-31": "65.94000", "2005-12-31": 94.881, "2005-09-30": 39.831, "2005-06-30": 67.334, "2005-03-31": "58.23500"}, "Total Depreciation And Amortization - Cash Flow": {"2020-12-31": 41.9, "2020-09-30": 41.2, "2020-06-30": 41.7, "2020-03-31": "42.30000", "2019-12-31": 40.2, "2019-09-30": 39.2, "2019-06-30": 41.7, "2019-03-31": "39.50000", "2018-12-31": 40.1, "2018-09-30": 35.1, "2018-06-30": 35, "2018-03-31": "35.80000", "2017-12-31": 35.2, "2017-09-30": 35.7, "2017-06-30": 33.9, "2017-03-31": "32.90000", "2016-12-31": 33.4, "2016-09-30": 33.3, "2016-06-30": 32.4, "2016-03-31": "32.60000", "2015-12-31": 33, "2015-09-30": 32.2, "2015-06-30": 32.1, "2015-03-31": "33.50000", "2014-12-31": 33.6, "2014-09-30": 34.1, "2014-06-30": 34.2, "2014-03-31": "35.10000", "2013-12-31": 36.1, "2013-09-30": 34.7, "2013-06-30": 23.2, "2013-03-31": "48.40000", "2012-12-31": 0.8, "2012-09-30": 49, "2012-06-30": 50, "2012-03-31": "49.80000", "2011-12-31": 49.6, "2011-09-30": 49.1, "2011-06-30": 46.4, "2011-03-31": "47.40000", "2010-12-31": 47.5, "2010-09-30": 47, "2010-06-30": 47.5, "2010-03-31": "47.70000", "2009-12-31": 50.7, "2009-09-30": 49, "2009-06-30": 51.652, "2009-03-31": "50.14800", "2008-12-31": 45.835, "2008-09-30": 37.885, "2008-06-30": 59.605, "2008-03-31": "57.47500", "2007-12-31": 27.323, "2007-09-30": 58.12, "2007-06-30": 47.975, "2007-03-31": "54.50000", "2006-12-31": 51.466, "2006-09-30": 47.748, "2006-06-30": 47.888, "2006-03-31": "49.49000", "2005-12-31": 48.891, "2005-09-30": 53.066, "2005-06-30": 53.599, "2005-03-31": "54.10000"}, "Other Non-Cash Items": {"2020-12-31": 22.5, "2020-09-30": -8.1, "2020-06-30": 9.7, "2020-03-31": "-4.10000", "2019-12-31": -31.7, "2019-09-30": -4.4, "2019-06-30": 8.3, "2019-03-31": "4.40000", "2018-12-31": -9.9, "2018-09-30": 13.6, "2018-06-30": 4.7, "2018-03-31": "6.90000", "2017-12-31": 7.9, "2017-09-30": 5.3, "2017-06-30": 5.9, "2017-03-31": "8.20000", "2016-12-31": 51.6, "2016-09-30": 10.6, "2016-06-30": 45.5, "2016-03-31": "-43.50000", "2015-12-31": -116.5, "2015-09-30": 20.7, "2015-06-30": 6.4, "2015-03-31": "140.30000", "2014-12-31": 1.9, "2014-09-30": 69.4, "2014-06-30": -7.5, "2014-03-31": "-7.60000", "2013-12-31": -4.2, "2013-09-30": -24.7, "2013-06-30": 106.8, "2013-03-31": "-94.80000", "2012-12-31": 165.9, "2012-09-30": -102.4, "2012-06-30": -81.2, "2012-03-31": "-77.80000", "2011-12-31": 79.1, "2011-09-30": -82.9, "2011-06-30": -102.2, "2011-03-31": "-137.00000", "2010-12-31": -94.4, "2010-09-30": -1.7, "2010-06-30": 7.2, "2010-03-31": "-66.00000", "2009-12-31": 98.8, "2009-09-30": 17.9, "2009-06-30": 59.541, "2009-03-31": "20.75900", "2008-12-31": 66.511, "2008-09-30": 62.384, "2008-06-30": 10.896, "2008-03-31": "-10.39100", "2007-12-31": 86.776, "2007-09-30": 13.847, "2007-06-30": -4.246, "2007-03-31": "-15.91600", "2006-12-31": -40.019, "2006-09-30": -59.238, "2006-06-30": -6.48, "2006-03-31": "8.88100", "2005-12-31": -49.818, "2005-09-30": 0.207, "2005-06-30": -4.137, "2005-03-31": "-0.27300"}, "Total Non-Cash Items": {"2020-12-31": 64.4, "2020-09-30": 33.1, "2020-06-30": 51.4, "2020-03-31": "38.20000", "2019-12-31": 8.5, "2019-09-30": 34.8, "2019-06-30": 50, "2019-03-31": "43.90000", "2018-12-31": 30.2, "2018-09-30": 48.7, "2018-06-30": 39.7, "2018-03-31": "42.70000", "2017-12-31": 43.1, "2017-09-30": 41, "2017-06-30": 39.8, "2017-03-31": "41.10000", "2016-12-31": 85, "2016-09-30": 43.9, "2016-06-30": 77.9, "2016-03-31": "-10.90000", "2015-12-31": -83.5, "2015-09-30": 52.9, "2015-06-30": 38.5, "2015-03-31": "173.80000", "2014-12-31": 35.5, "2014-09-30": 103.5, "2014-06-30": 26.7, "2014-03-31": "27.50000", "2013-12-31": 31.9, "2013-09-30": 10, "2013-06-30": 130, "2013-03-31": "-46.40000", "2012-12-31": 166.7, "2012-09-30": -53.4, "2012-06-30": -31.2, "2012-03-31": "-28.00000", "2011-12-31": 128.7, "2011-09-30": -33.8, "2011-06-30": -55.8, "2011-03-31": "-89.60000", "2010-12-31": -46.9, "2010-09-30": 45.3, "2010-06-30": 54.7, "2010-03-31": "-18.30000", "2009-12-31": 149.5, "2009-09-30": 66.9, "2009-06-30": 111.193, "2009-03-31": "70.90700", "2008-12-31": 112.346, "2008-09-30": 100.269, "2008-06-30": 70.501, "2008-03-31": "47.08400", "2007-12-31": 114.099, "2007-09-30": 71.967, "2007-06-30": 43.729, "2007-03-31": "38.58400", "2006-12-31": 11.447, "2006-09-30": -11.49, "2006-06-30": 41.408, "2006-03-31": "58.37100", "2005-12-31": -0.927, "2005-09-30": 53.273, "2005-06-30": 49.462, "2005-03-31": "53.82700"}, "Change In Accounts Receivable": {"2020-12-31": 6.9, "2020-09-30": -19.2, "2020-06-30": 39.2, "2020-03-31": "-47.60000", "2019-12-31": 30.5, "2019-09-30": 29.5, "2019-06-30": 29.1, "2019-03-31": "-65.00000", "2018-12-31": -0.7, "2018-09-30": 20.7, "2018-06-30": -14.3, "2018-03-31": "-72.10000", "2017-12-31": 19.3, "2017-09-30": -15.6, "2017-06-30": 4.3, "2017-03-31": "-50.30000", "2016-12-31": 8.1, "2016-09-30": 7.5, "2016-06-30": 9.6, "2016-03-31": "-4.90000", "2015-12-31": 13.8, "2015-09-30": 20.8, "2015-06-30": 6.9, "2015-03-31": "-29.60000", "2014-12-31": 4.3, "2014-09-30": -13.3, "2014-06-30": -15.5, "2014-03-31": "-23.80000", "2013-12-31": 0.2, "2013-09-30": 33.1, "2013-06-30": 23.9, "2013-03-31": "-61.80000", "2012-12-31": -5.5, "2012-09-30": 88.3, "2012-06-30": 37.5, "2012-03-31": "-112.00000", "2011-12-31": 76.3, "2011-09-30": 3.8, "2011-06-30": -42.1, "2011-03-31": "-149.60000", "2010-12-31": 36.1, "2010-09-30": -37.1, "2010-06-30": -21.7, "2010-03-31": "-82.10000", "2009-12-31": 46.1, "2009-09-30": -14.7, "2009-06-30": 87.671, "2009-03-31": "55.42900", "2008-12-31": 188.848, "2008-09-30": 51.545, "2008-06-30": -61.169, "2008-03-31": "-71.62400", "2007-12-31": 24.125, "2007-09-30": 36.32, "2007-06-30": -11.481, "2007-03-31": "-64.77600", "2006-12-31": 9.343, "2006-09-30": 60.635, "2006-06-30": -6.513, "2006-03-31": "-69.45200", "2005-12-31": 97.863, "2005-09-30": 13.46, "2005-06-30": -41.48, "2005-03-31": "-82.24200"}, "Change In Inventories": {"2020-12-31": -20.5, "2020-09-30": 6.6, "2020-06-30": 41, "2020-03-31": "0.30000", "2019-12-31": 12.9, "2019-09-30": 21.2, "2019-06-30": 20.7, "2019-03-31": "-4.10000", "2018-12-31": 7.2, "2018-09-30": -14.4, "2018-06-30": -26.1, "2018-03-31": "-53.80000", "2017-12-31": -46.7, "2017-09-30": -47.3, "2017-06-30": -31.6, "2017-03-31": "-6.50000", "2016-12-31": 23.7, "2016-09-30": -5.4, "2016-06-30": -8.1, "2016-03-31": "-0.10000", "2015-12-31": 46, "2015-09-30": 9.9, "2015-06-30": 10, "2015-03-31": "-12.80000", "2014-12-31": 25.3, "2014-09-30": -12.3, "2014-06-30": -19.9, "2014-03-31": "-19.90000", "2013-12-31": 35.9, "2013-09-30": -3.1, "2013-06-30": -25.5, "2013-03-31": "27.30000", "2012-12-31": 22.4, "2012-09-30": 20.1, "2012-06-30": 36.5, "2012-03-31": "-21.40000", "2011-12-31": -3.4, "2011-09-30": -35.6, "2011-06-30": -6.2, "2011-03-31": "-80.40000", "2010-12-31": -54.8, "2010-09-30": -49.5, "2010-06-30": -23.2, "2010-03-31": "-22.50000", "2009-12-31": 44.6, "2009-09-30": 107.4, "2009-06-30": 144.152, "2009-03-31": "59.94800", "2008-12-31": 115.684, "2008-09-30": -91.334, "2008-06-30": -53.472, "2008-03-31": "-68.57800", "2007-12-31": -23.101, "2007-09-30": -23.248, "2007-06-30": 6.273, "2007-03-31": "-17.79100", "2006-12-31": 58.829, "2006-09-30": -36.415, "2006-06-30": 8.548, "2006-03-31": "-37.70500", "2005-12-31": 24.777, "2005-09-30": -37.512, "2005-06-30": -48.823, "2005-03-31": "-75.77100"}, "Change In Accounts Payable": {"2020-12-31": 19.8, "2020-09-30": 31.7, "2020-06-30": -28.9, "2020-03-31": "", "2019-12-31": 27.3, "2019-09-30": -20.8, "2019-06-30": -6.8, "2019-03-31": "20.20000", "2018-12-31": -10.3, "2018-09-30": -1.5, "2018-06-30": -6.1, "2018-03-31": "-2.30000", "2017-12-31": 15, "2017-09-30": 5.2, "2017-06-30": 1.9, "2017-03-31": "48.60000", "2016-12-31": -2.8, "2016-09-30": 2.5, "2016-06-30": -4, "2016-03-31": "16.50000", "2015-12-31": -15.4, "2015-09-30": -1.9, "2015-06-30": 1, "2015-03-31": "27.90000", "2014-12-31": -39.3, "2014-09-30": 10.4, "2014-06-30": 18.8, "2014-03-31": "18.10000", "2013-12-31": -1, "2013-09-30": -10.5, "2013-06-30": 0, "2013-03-31": "12.40000", "2012-12-31": -36, "2012-09-30": 2.1, "2012-06-30": -24.2, "2012-03-31": "22.10000", "2011-12-31": 14.9, "2011-09-30": 0, "2011-06-30": 0, "2011-03-31": "", "2010-12-31": -100.4, "2010-09-30": 32.9, "2010-06-30": 1, "2010-03-31": "66.50000", "2009-12-31": 0, "2009-09-30": 0, "2009-06-30": 0, "2009-03-31": "", "2008-12-31": 0, "2008-09-30": 0, "2008-06-30": 0, "2008-03-31": "", "2007-12-31": 0, "2007-09-30": 0, "2007-06-30": 0, "2007-03-31": "", "2006-12-31": 0, "2006-09-30": 0, "2006-06-30": 0, "2006-03-31": "", "2005-12-31": 0, "2005-09-30": 0, "2005-06-30": 0, "2005-03-31": ""}, "Change In Assets/Liabilities": {"2020-12-31": 15.9, "2020-09-30": -15.5, "2020-06-30": 12.4, "2020-03-31": "15.60000", "2019-12-31": 19.6, "2019-09-30": -11.3, "2019-06-30": -43.8, "2019-03-31": "20.00000", "2018-12-31": 25.9, "2018-09-30": -4.5, "2018-06-30": -2.2, "2018-03-31": "-13.90000", "2017-12-31": -8.7, "2017-09-30": -19.4, "2017-06-30": 3.9, "2017-03-31": "-2.70000", "2016-12-31": 2.8, "2016-09-30": 4.6, "2016-06-30": 5.8, "2016-03-31": "-9.30000", "2015-12-31": 3.4, "2015-09-30": 19, "2015-06-30": -2.6, "2015-03-31": "1.70000", "2014-12-31": 5.1, "2014-09-30": 2.1, "2014-06-30": 11.4, "2014-03-31": "-4.30000", "2013-12-31": -0.9, "2013-09-30": -8.3, "2013-06-30": -6.8, "2013-03-31": "-1.00000", "2012-12-31": 26, "2012-09-30": 10, "2012-06-30": 2, "2012-03-31": "-9.90000", "2011-12-31": 2.5, "2011-09-30": -11.6, "2011-06-30": 3.9, "2011-03-31": "-5.20000", "2010-12-31": -18.6, "2010-09-30": -8.3, "2010-06-30": 14.7, "2010-03-31": "-0.80000", "2009-12-31": 11.6, "2009-09-30": -10.4, "2009-06-30": 16.265, "2009-03-31": "-20.16500", "2008-12-31": 7.316, "2008-09-30": -17.766, "2008-06-30": 3.85, "2008-03-31": "-1.40000", "2007-12-31": -25.39, "2007-09-30": -15.985, "2007-06-30": -26.794, "2007-03-31": "15.70200", "2006-12-31": 11.644, "2006-09-30": -14.816, "2006-06-30": -4.057, "2006-03-31": "-6.28800", "2005-12-31": 9.687, "2005-09-30": -1.906, "2005-06-30": -12.518, "2005-03-31": "-8.66600"}, "Total Change In Assets/Liabilities": {"2020-12-31": 0.7, "2020-09-30": 29.2, "2020-06-30": 134.2, "2020-03-31": "-66.00000", "2019-12-31": 69, "2019-09-30": 43.4, "2019-06-30": 12.7, "2019-03-31": "-86.90000", "2018-12-31": 46.5, "2018-09-30": 16.2, "2018-06-30": -29.8, "2018-03-31": "-167.20000", "2017-12-31": 22.7, "2017-09-30": -66.1, "2017-06-30": -54.5, "2017-03-31": "-32.60000", "2016-12-31": 47.1, "2016-09-30": -2.9, "2016-06-30": 29.4, "2016-03-31": "-6.40000", "2015-12-31": -6.2, "2015-09-30": 24.5, "2015-06-30": 13.3, "2015-03-31": "-21.60000", "2014-12-31": 29.6, "2014-09-30": -2.3, "2014-06-30": -13.5, "2014-03-31": "-70.80000", "2013-12-31": 95.6, "2013-09-30": 50.2, "2013-06-30": -37.5, "2013-03-31": "-66.50000", "2012-12-31": 15.6, "2012-09-30": 102.6, "2012-06-30": 122.7, "2012-03-31": "-166.40000", "2011-12-31": 39, "2011-09-30": 18.3, "2011-06-30": -31, "2011-03-31": "-220.70000", "2010-12-31": -44.1, "2010-09-30": 33.8, "2010-06-30": 37.6, "2010-03-31": "-24.20000", "2009-12-31": 34.2, "2009-09-30": 154.1, "2009-06-30": 173.551, "2009-03-31": "-38.65100", "2008-12-31": 192.519, "2008-09-30": -12.542, "2008-06-30": -55.817, "2008-03-31": "-144.46000", "2007-12-31": -6.656, "2007-09-30": -17.654, "2007-06-30": -2.73, "2007-03-31": "-119.48000", "2006-12-31": 117.782, "2006-09-30": 38.481, "2006-06-30": 19.389, "2006-03-31": "-160.98700", "2005-12-31": 119.053, "2005-09-30": -23.584, "2005-06-30": -60.903, "2005-03-31": "-131.78100"}, "Cash Flow From Operating Activities": {"2020-12-31": 120.4, "2020-09-30": 153.6, "2020-06-30": 247.4, "2020-03-31": "56.20000", "2019-12-31": 195.3, "2019-09-30": 144.9, "2019-06-30": 157.6, "2019-03-31": "52.30000", "2018-12-31": 137.5, "2018-09-30": 137.2, "2018-06-30": 102.1, "2018-03-31": "-44.30000", "2017-12-31": 93.9, "2017-09-30": 28.4, "2017-06-30": 67.8, "2017-03-31": "46.70000", "2016-12-31": 125.2, "2016-09-30": 74.6, "2016-06-30": 155.5, "2016-03-31": "48.60000", "2015-12-31": 134, "2015-09-30": 140.8, "2015-06-30": 88.5, "2015-03-31": "17.00000", "2014-12-31": 111.6, "2014-09-30": 79.3, "2014-06-30": 75.9, "2014-03-31": "40.20000", "2013-12-31": 180.1, "2013-09-30": 112.4, "2013-06-30": 175.3, "2013-03-31": "-37.80000", "2012-12-31": 257.6, "2012-09-30": 130.1, "2012-06-30": 275.1, "2012-03-31": "-38.70000", "2011-12-31": 276.8, "2011-09-30": 95.5, "2011-06-30": 34.7, "2011-03-31": "-197.60000", "2010-12-31": -0.7, "2010-09-30": 149.4, "2010-06-30": 177.9, "2010-03-31": "-13.90000", "2009-12-31": 163.5, "2009-09-30": 170.8, "2009-06-30": 220.274, "2009-03-31": "33.12600", "2008-12-31": 268.744, "2008-09-30": 218.14, "2008-06-30": 103.627, "2008-03-31": "-12.91100", "2007-12-31": 155.734, "2007-09-30": 95.556, "2007-06-30": 96.325, "2007-03-31": "-5.70200", "2006-12-31": 164.578, "2006-09-30": 73.538, "2006-06-30": 135.488, "2006-03-31": "-36.67600", "2005-12-31": 213.007, "2005-09-30": 69.52, "2005-06-30": 55.893, "2005-03-31": "-19.71900"}, "Net Change In Property, Plant, And Equipment": {"2020-12-31": -35.9, "2020-09-30": -29.2, "2020-06-30": -24.7, "2020-03-31": "-31.80000", "2019-12-31": -51.4, "2019-09-30": -43.7, "2019-06-30": -25.1, "2019-03-31": "-14.10000", "2018-12-31": -48.3, "2018-09-30": -23.2, "2018-06-30": -21.9, "2018-03-31": "-17.70000", "2017-12-31": -35.1, "2017-09-30": -25.1, "2017-06-30": -18.2, "2017-03-31": "-19.20000", "2016-12-31": -53.1, "2016-09-30": -32.6, "2016-06-30": -26.1, "2016-03-31": "-24.20000", "2015-12-31": -41.7, "2015-09-30": -16.2, "2015-06-30": -21, "2015-03-31": "-16.90000", "2014-12-31": -36.3, "2014-09-30": -34.7, "2014-06-30": -24, "2014-03-31": "-13.30000", "2013-12-31": -36, "2013-09-30": -27.6, "2013-06-30": -0.1, "2013-03-31": "-62.80000", "2012-12-31": 69, "2012-09-30": -71.6, "2012-06-30": -68.8, "2012-03-31": "-45.10000", "2011-12-31": -105, "2011-09-30": -45.9, "2011-06-30": -34.7, "2011-03-31": "-19.70000", "2010-12-31": -53.7, "2010-09-30": -21.7, "2010-06-30": -24.7, "2010-03-31": "-13.80000", "2009-12-31": -33.4, "2009-09-30": -28.3, "2009-06-30": -19.449, "2009-03-31": "-30.35100", "2008-12-31": -75.545, "2008-09-30": -48.449, "2008-06-30": -74.917, "2008-03-31": "-22.78900", "2007-12-31": -84.638, "2007-09-30": -70.252, "2007-06-30": -57.001, "2007-03-31": "-57.31200", "2006-12-31": -117.915, "2006-09-30": -68.131, "2006-06-30": -63.004, "2006-03-31": "-37.83600", "2005-12-31": -87.196, "2005-09-30": -44.37, "2005-06-30": -49.1, "2005-03-31": "-31.47400"}, "Net Change In Intangible Assets": {"2020-12-31": 0, "2020-09-30": 0, "2020-06-30": 0, "2020-03-31": "", "2019-12-31": 0, "2019-09-30": 0, "2019-06-30": 0, "2019-03-31": "", "2018-12-31": 0, "2018-09-30": 0, "2018-06-30": 0, "2018-03-31": "", "2017-12-31": 0, "2017-09-30": 0, "2017-06-30": 0, "2017-03-31": "", "2016-12-31": 0, "2016-09-30": 0, "2016-06-30": 0, "2016-03-31": "", "2015-12-31": 0, "2015-09-30": 0, "2015-06-30": 0, "2015-03-31": "", "2014-12-31": 0, "2014-09-30": 0, "2014-06-30": 0, "2014-03-31": "", "2013-12-31": 0, "2013-09-30": 0, "2013-06-30": 0, "2013-03-31": "", "2012-12-31": 0, "2012-09-30": 0, "2012-06-30": 0, "2012-03-31": "", "2011-12-31": 0, "2011-09-30": 0, "2011-06-30": 0, "2011-03-31": "", "2010-12-31": 0, "2010-09-30": 0, "2010-06-30": 0, "2010-03-31": "", "2009-12-31": 0, "2009-09-30": 0, "2009-06-30": 0, "2009-03-31": "", "2008-12-31": 0, "2008-09-30": 0, "2008-06-30": 0, "2008-03-31": "", "2007-12-31": 0, "2007-09-30": 0, "2007-06-30": 0, "2007-03-31": "", "2006-12-31": 0, "2006-09-30": 0, "2006-06-30": 0, "2006-03-31": "", "2005-12-31": 0, "2005-09-30": 0, "2005-06-30": 0, "2005-03-31": ""}, "Net Acquisitions/Divestitures": {"2020-12-31": -17.3, "2020-09-30": 0, "2020-06-30": -6.7, "2020-03-31": "", "2019-12-31": -143.8, "2019-09-30": 0.3, "2019-06-30": -80.1, "2019-03-31": "-2.90000", "2018-12-31": 0, "2018-09-30": -751.4, "2018-06-30": 0, "2018-03-31": "", "2017-12-31": 0.4, "2017-09-30": -283.1, "2017-06-30": -63.5, "2017-03-31": "-0.60000", "2016-12-31": -9.8, "2016-09-30": -62.1, "2016-06-30": -0.7, "2016-03-31": "", "2015-12-31": 46.5, "2015-09-30": -216.4, "2015-06-30": 2.8, "2015-03-31": "", "2014-12-31": -2.3, "2014-09-30": 0, "2014-06-30": -12, "2014-03-31": "", "2013-12-31": 0.3, "2013-09-30": 2.8, "2013-06-30": -52.9, "2013-03-31": "-14.40000", "2012-12-31": -20.5, "2012-09-30": 0, "2012-06-30": 0, "2012-03-31": "-0.20000", "2011-12-31": -93.2, "2011-09-30": -198.9, "2011-06-30": 4.8, "2011-03-31": "", "2010-12-31": -6.5, "2010-09-30": -16.1, "2010-06-30": 0, "2010-03-31": "", "2009-12-31": 303.6, "2009-09-30": -0.1, "2009-06-30": -0.258, "2009-03-31": "-0.04200", "2008-12-31": -28.822, "2008-09-30": -0.272, "2008-06-30": -1.577, "2008-03-31": "-55.32900", "2007-12-31": -202.899, "2007-09-30": 0.698, "2007-06-30": 0, "2007-03-31": "-1.52300", "2006-12-31": 192.385, "2006-09-30": -4.299, "2006-06-30": -3.598, "2006-03-31": "0.87500", "2005-12-31": -32.258, "2005-09-30": 0.775, "2005-06-30": 10.881, "2005-03-31": "-6.55600"}, "Net Change In Short-term Investments": {"2020-12-31": 10.4, "2020-09-30": -8.8, "2020-06-30": -1.8, "2020-03-31": "0.20000", "2019-12-31": -4.3, "2019-09-30": -0.1, "2019-06-30": 2.8, "2019-03-31": "-2.60000", "2018-12-31": -2.8, "2018-09-30": 0, "2018-06-30": -3.7, "2018-03-31": "3.70000", "2017-12-31": 0.6, "2017-09-30": 2.9, "2017-06-30": -0.3, "2017-03-31": "-6.80000", "2016-12-31": -4.7, "2016-09-30": 2.2, "2016-06-30": 0.4, "2016-03-31": "-0.50000", "2015-12-31": -1.2, "2015-09-30": -3.2, "2015-06-30": -0.3, "2015-03-31": "2.90000", "2014-12-31": 1, "2014-09-30": -3.3, "2014-06-30": 4.5, "2014-03-31": "2.70000", "2013-12-31": -0.1, "2013-09-30": -1.4, "2013-06-30": -1, "2013-03-31": "8.00000", "2012-12-31": -2.9, "2012-09-30": -1, "2012-06-30": 0.7, "2012-03-31": "17.50000", "2011-12-31": 1.2, "2011-09-30": -10.6, "2011-06-30": 0, "2011-03-31": "-13.30000", "2010-12-31": -15, "2010-09-30": 0, "2010-06-30": 0, "2010-03-31": "", "2009-12-31": 0, "2009-09-30": 0, "2009-06-30": 0, "2009-03-31": "", "2008-12-31": 0, "2008-09-30": 0, "2008-06-30": 0, "2008-03-31": "", "2007-12-31": 0, "2007-09-30": 0, "2007-06-30": 0, "2007-03-31": "", "2006-12-31": 0, "2006-09-30": 0, "2006-06-30": 0, "2006-03-31": "", "2005-12-31": 0, "2005-09-30": 0, "2005-06-30": 0, "2005-03-31": ""}, "Net Change In Long-Term Investments": {"2020-12-31": -9.4, "2020-09-30": 0, "2020-06-30": 0, "2020-03-31": "", "2019-12-31": 0, "2019-09-30": 0, "2019-06-30": 0, "2019-03-31": "", "2018-12-31": 0, "2018-09-30": 0, "2018-06-30": 0, "2018-03-31": "", "2017-12-31": -6.8, "2017-09-30": 6.8, "2017-06-30": 0, "2017-03-31": "", "2016-12-31": 0, "2016-09-30": 0, "2016-06-30": 0, "2016-03-31": "", "2015-12-31": 0, "2015-09-30": 0, "2015-06-30": 0, "2015-03-31": "", "2014-12-31": 0, "2014-09-30": 0, "2014-06-30": 0, "2014-03-31": "", "2013-12-31": 0, "2013-09-30": 0, "2013-06-30": 0, "2013-03-31": "", "2012-12-31": 0, "2012-09-30": 0, "2012-06-30": 0, "2012-03-31": "", "2011-12-31": 5.7, "2011-09-30": 0, "2011-06-30": 0, "2011-03-31": "", "2010-12-31": 30, "2010-09-30": -30, "2010-06-30": 0, "2010-03-31": "", "2009-12-31": 0, "2009-09-30": 0, "2009-06-30": 0, "2009-03-31": "", "2008-12-31": 0, "2008-09-30": 0, "2008-06-30": 0, "2008-03-31": "", "2007-12-31": 0, "2007-09-30": 0, "2007-06-30": 0, "2007-03-31": "", "2006-12-31": 0, "2006-09-30": 0, "2006-06-30": 0, "2006-03-31": "", "2005-12-31": 0, "2005-09-30": 0, "2005-06-30": 0, "2005-03-31": ""}, "Net Change In Investments - Total": {"2020-12-31": 1, "2020-09-30": -8.8, "2020-06-30": -1.8, "2020-03-31": "0.20000", "2019-12-31": -4.3, "2019-09-30": -0.1, "2019-06-30": 2.8, "2019-03-31": "-2.60000", "2018-12-31": -2.8, "2018-09-30": 0, "2018-06-30": -3.7, "2018-03-31": "3.70000", "2017-12-31": -6.2, "2017-09-30": 9.7, "2017-06-30": -0.3, "2017-03-31": "-6.80000", "2016-12-31": -4.7, "2016-09-30": 2.2, "2016-06-30": 0.4, "2016-03-31": "-0.50000", "2015-12-31": -1.2, "2015-09-30": -3.2, "2015-06-30": -0.3, "2015-03-31": "2.90000", "2014-12-31": 1, "2014-09-30": -3.3, "2014-06-30": 4.5, "2014-03-31": "2.70000", "2013-12-31": -0.1, "2013-09-30": -1.4, "2013-06-30": -1, "2013-03-31": "8.00000", "2012-12-31": -2.9, "2012-09-30": -1, "2012-06-30": 0.7, "2012-03-31": "17.50000", "2011-12-31": 6.9, "2011-09-30": -10.6, "2011-06-30": 0, "2011-03-31": "-13.30000", "2010-12-31": 15, "2010-09-30": -30, "2010-06-30": 0, "2010-03-31": "", "2009-12-31": 0, "2009-09-30": 0, "2009-06-30": 0, "2009-03-31": "", "2008-12-31": 0, "2008-09-30": 0, "2008-06-30": 0, "2008-03-31": "", "2007-12-31": 0, "2007-09-30": 0, "2007-06-30": 0, "2007-03-31": "", "2006-12-31": 0, "2006-09-30": 0, "2006-06-30": 0, "2006-03-31": "", "2005-12-31": 0, "2005-09-30": 0, "2005-06-30": 0, "2005-03-31": ""}, "Investing Activities - Other": {"2020-12-31": 0.1, "2020-09-30": 1.3, "2020-06-30": 0.1, "2020-03-31": "", "2019-12-31": -3.2, "2019-09-30": 1.1, "2019-06-30": 2.2, "2019-03-31": "", "2018-12-31": -3.8, "2018-09-30": 0.3, "2018-06-30": 3.6, "2018-03-31": "", "2017-12-31": -0.4, "2017-09-30": 0, "2017-06-30": 0, "2017-03-31": "-0.30000", "2016-12-31": -0.1, "2016-09-30": 0.2, "2016-06-30": 0, "2016-03-31": "0.10000", "2015-12-31": 0, "2015-09-30": 0.3, "2015-06-30": -0.8, "2015-03-31": "", "2014-12-31": 0, "2014-09-30": 0.6, "2014-06-30": -43.2, "2014-03-31": "-34.40000", "2013-12-31": -73.6, "2013-09-30": -36.8, "2013-06-30": -80.5, "2013-03-31": "0.10000", "2012-12-31": -178.3, "2012-09-30": 0.9, "2012-06-30": 4, "2012-03-31": "-1.40000", "2011-12-31": 0.8, "2011-09-30": -1.1, "2011-06-30": 1.1, "2011-03-31": "0.80000", "2010-12-31": -0.5, "2010-09-30": -2, "2010-06-30": 2.4, "2010-03-31": "-1.30000", "2009-12-31": -0.3, "2009-09-30": 1.9, "2009-06-30": 0.077, "2009-03-31": "0.82300", "2008-12-31": -6.921, "2008-09-30": -4.473, "2008-06-30": -1.153, "2008-03-31": "-0.45300", "2007-12-31": -24.732, "2007-09-30": -0.203, "2007-06-30": 1.797, "2007-03-31": "-0.50600", "2006-12-31": -25.055, "2006-09-30": -1.463, "2006-06-30": 0.097, "2006-03-31": "-2.92400", "2005-12-31": -6.69, "2005-09-30": 1.928, "2005-06-30": 1.859, "2005-03-31": "-0.60100"}, "Cash Flow From Investing Activities": {"2020-12-31": -52.1, "2020-09-30": -36.7, "2020-06-30": -33.1, "2020-03-31": "-31.60000", "2019-12-31": -202.7, "2019-09-30": -42.4, "2019-06-30": -100.2, "2019-03-31": "-19.60000", "2018-12-31": -54.9, "2018-09-30": -774.3, "2018-06-30": -22, "2018-03-31": "-14.00000", "2017-12-31": -41.3, "2017-09-30": -298.5, "2017-06-30": -82, "2017-03-31": "-26.90000", "2016-12-31": -67.7, "2016-09-30": -92.3, "2016-06-30": -26.4, "2016-03-31": "-24.60000", "2015-12-31": 3.6, "2015-09-30": -235.5, "2015-06-30": -19.3, "2015-03-31": "-14.00000", "2014-12-31": -37.6, "2014-09-30": -37.4, "2014-06-30": -74.7, "2014-03-31": "-45.00000", "2013-12-31": -109.4, "2013-09-30": -63, "2013-06-30": -134.5, "2013-03-31": "-69.10000", "2012-12-31": -132.7, "2012-09-30": -71.7, "2012-06-30": -64.1, "2012-03-31": "-29.20000", "2011-12-31": -190.5, "2011-09-30": -256.5, "2011-06-30": -28.8, "2011-03-31": "-32.20000", "2010-12-31": -45.7, "2010-09-30": -69.8, "2010-06-30": -22.3, "2010-03-31": "-15.10000", "2009-12-31": 269.9, "2009-09-30": -26.5, "2009-06-30": -19.63, "2009-03-31": "-29.57000", "2008-12-31": -111.288, "2008-09-30": -53.194, "2008-06-30": -77.647, "2008-03-31": "-78.57100", "2007-12-31": -312.269, "2007-09-30": -69.757, "2007-06-30": -55.204, "2007-03-31": "-59.34100", "2006-12-31": 49.415, "2006-09-30": -73.893, "2006-06-30": -66.505, "2006-03-31": "-39.88500", "2005-12-31": -126.144, "2005-09-30": -41.667, "2005-06-30": -36.36, "2005-03-31": "-38.63100"}, "Net Long-Term Debt": {"2020-12-31": -112.4, "2020-09-30": -218.1, "2020-06-30": -29.2, "2020-03-31": "162.10000", "2019-12-31": 59.7, "2019-09-30": -12.3, "2019-06-30": -108.6, "2019-03-31": "90.20000", "2018-12-31": -25.7, "2018-09-30": 717.2, "2018-06-30": 3.2, "2018-03-31": "32.60000", "2017-12-31": -45, "2017-09-30": -3.6, "2017-06-30": 333.7, "2017-03-31": "-41.80000", "2016-12-31": 9.8, "2016-09-30": 22.3, "2016-06-30": -81.9, "2016-03-31": "45.00000", "2015-12-31": -44.5, "2015-09-30": 85, "2015-06-30": 35.7, "2015-03-31": "-1.10000", "2014-12-31": -0.1, "2014-09-30": 95.8, "2014-06-30": 0, "2014-03-31": "-0.20000", "2013-12-31": 1.8, "2013-09-30": 0, "2013-06-30": -9.8, "2013-03-31": "", "2012-12-31": -1.2, "2012-09-30": -10.3, "2012-06-30": -5.4, "2012-03-31": "-1.50000", "2011-12-31": -4.7, "2011-09-30": -0.8, "2011-06-30": 6.4, "2011-03-31": "-0.30000", "2010-12-31": 1.7, "2010-09-30": 0.8, "2010-06-30": 2.4, "2010-03-31": "-0.40000", "2009-12-31": -251.4, "2009-09-30": 211, "2009-06-30": -10.093, "2009-03-31": "-0.20700", "2008-12-31": -0.014, "2008-09-30": -42.2999, "2008-06-30": -161.9431, "2008-03-31": "130.55700", "2007-12-31": 54.129, "2007-09-30": -0.021, "2007-06-30": -8.152, "2007-03-31": "-0.19600", "2006-12-31": -19.689, "2006-09-30": -99.18, "2006-06-30": -0.351, "2006-03-31": "-0.33100", "2005-12-31": 49.498, "2005-09-30": -0.292, "2005-06-30": -3.844, "2005-03-31": "-7.14100"}, "Net Current Debt": {"2020-12-31": 54, "2020-09-30": 19.5, "2020-06-30": -145.8, "2020-03-31": "72.30000", "2019-12-31": -6.8, "2019-09-30": -14, "2019-06-30": 10.6, "2019-03-31": "18.20000", "2018-12-31": -21, "2018-09-30": -33.4, "2018-06-30": -0.8, "2018-03-31": "60.60000", "2017-12-31": -4.8, "2017-09-30": -1.5, "2017-06-30": 21.3, "2017-03-31": "18.90000", "2016-12-31": -11.4, "2016-09-30": 6, "2016-06-30": 26.3, "2016-03-31": "-13.80000", "2015-12-31": -21.4, "2015-09-30": 1.6, "2015-06-30": 78.4, "2015-03-31": "-3.60000", "2014-12-31": -0.3, "2014-09-30": -54.9, "2014-06-30": 41.3, "2014-03-31": "4.10000", "2013-12-31": -2.8, "2013-09-30": 14.4, "2013-06-30": 0.2, "2013-03-31": "-7.00000", "2012-12-31": 1.6, "2012-09-30": 4.4, "2012-06-30": -3.8, "2012-03-31": "-9.90000", "2011-12-31": 8.3, "2011-09-30": -7.4, "2011-06-30": -8.5, "2011-03-31": "8.60000", "2010-12-31": 18.4, "2010-09-30": -1.4, "2010-06-30": -24.9, "2010-03-31": "4.10000", "2009-12-31": -37.2, "2009-09-30": -4.9, "2009-06-30": -38.341, "2009-03-31": "6.24100", "2008-12-31": -115.748, "2008-09-30": -64.378, "2008-06-30": 149.527, "2008-03-31": "8.99900", "2007-12-31": 64.971, "2007-09-30": -6.985, "2007-06-30": -66.516, "2007-03-31": "67.01100", "2006-12-31": -136.875, "2006-09-30": 126.027, "2006-06-30": -60.55, "2006-03-31": "49.50700", "2005-12-31": -128.836, "2005-09-30": -37.241, "2005-06-30": 14.314, "2005-03-31": "72.60300"}, "Debt Issuance/Retirement Net - Total": {"2020-12-31": -58.4, "2020-09-30": -198.6, "2020-06-30": -175, "2020-03-31": "234.40000", "2019-12-31": 52.9, "2019-09-30": -26.3, "2019-06-30": -98, "2019-03-31": "108.40000", "2018-12-31": -46.7, "2018-09-30": 683.8, "2018-06-30": 2.4, "2018-03-31": "93.20000", "2017-12-31": -49.8, "2017-09-30": -5.1, "2017-06-30": 355, "2017-03-31": "-22.90000", "2016-12-31": -1.6, "2016-09-30": 28.3, "2016-06-30": -55.6, "2016-03-31": "31.20000", "2015-12-31": -65.9, "2015-09-30": 86.6, "2015-06-30": 114.1, "2015-03-31": "-4.70000", "2014-12-31": -0.4, "2014-09-30": 40.9, "2014-06-30": 41.3, "2014-03-31": "3.90000", "2013-12-31": -1, "2013-09-30": 14.4, "2013-06-30": -9.6, "2013-03-31": "-7.00000", "2012-12-31": 0.4, "2012-09-30": -5.9, "2012-06-30": -9.2, "2012-03-31": "-11.40000", "2011-12-31": 3.6, "2011-09-30": -8.2, "2011-06-30": -2.1, "2011-03-31": "8.30000", "2010-12-31": 20.1, "2010-09-30": -0.6, "2010-06-30": -22.5, "2010-03-31": "3.70000", "2009-12-31": -288.6, "2009-09-30": 206.1, "2009-06-30": -48.434, "2009-03-31": "6.03400", "2008-12-31": -115.762, "2008-09-30": -106.678, "2008-06-30": -12.416, "2008-03-31": "139.55600", "2007-12-31": 119.1, "2007-09-30": -7.006, "2007-06-30": -74.668, "2007-03-31": "66.81500", "2006-12-31": -156.564, "2006-09-30": 26.847, "2006-06-30": -60.901, "2006-03-31": "49.17600", "2005-12-31": -79.338, "2005-09-30": -37.533, "2005-06-30": 10.47, "2005-03-31": "65.46200"}, "Net Common Equity Issued/Repurchased": {"2020-12-31": 8.2, "2020-09-30": 9.1, "2020-06-30": -0.2, "2020-03-31": "-45.00000", "2019-12-31": 4.9, "2019-09-30": -32.7, "2019-06-30": -9.1, "2019-03-31": "-13.70000", "2018-12-31": -35.4, "2018-09-30": -11.7, "2018-06-30": -25.3, "2018-03-31": "-18.70000", "2017-12-31": 2.2, "2017-09-30": -13.4, "2017-06-30": -11, "2017-03-31": "0.30000", "2016-12-31": -14.4, "2016-09-30": -14.9, "2016-06-30": -33.1, "2016-03-31": "-36.20000", "2015-12-31": -85.7, "2015-09-30": -50.7, "2015-06-30": -77.5, "2015-03-31": "-95.70000", "2014-12-31": -4.3, "2014-09-30": -104.1, "2014-06-30": -31.6, "2014-03-31": "-114.10000", "2013-12-31": -90.1, "2013-09-30": -23.9, "2013-06-30": -68.6, "2013-03-31": "6.50000", "2012-12-31": -6.4, "2012-09-30": -60.2, "2012-06-30": -18.3, "2012-03-31": "-13.60000", "2011-12-31": -6.8, "2011-09-30": -18.3, "2011-06-30": 8, "2011-03-31": "-10.10000", "2010-12-31": 20.9, "2010-09-30": 10.1, "2010-06-30": -4.1, "2010-03-31": "-5.70000", "2009-12-31": 0.2, "2009-09-30": 0.7, "2009-06-30": -1.648, "2009-03-31": "1.64800", "2008-12-31": 0.021, "2008-09-30": 1.171, "2008-06-30": 14.121, "2008-03-31": "1.58700", "2007-12-31": 0.817, "2007-09-30": 6.342, "2007-06-30": 18.759, "2007-03-31": "11.88600", "2006-12-31": 0.897, "2006-09-30": 3.967, "2006-06-30": 11.967, "2006-03-31": "6.13200", "2005-12-31": 9.053, "2005-09-30": 18.16, "2005-06-30": 2.505, "2005-03-31": "10.07500"}, "Net Total Equity Issued/Repurchased": {"2020-12-31": 8.2, "2020-09-30": 9.1, "2020-06-30": -0.2, "2020-03-31": "-45.00000", "2019-12-31": 4.9, "2019-09-30": -32.7, "2019-06-30": -9.1, "2019-03-31": "-13.70000", "2018-12-31": -35.4, "2018-09-30": -11.7, "2018-06-30": -25.3, "2018-03-31": "-18.70000", "2017-12-31": 2.2, "2017-09-30": -13.4, "2017-06-30": -11, "2017-03-31": "0.30000", "2016-12-31": -14.4, "2016-09-30": -14.9, "2016-06-30": -33.1, "2016-03-31": "-36.20000", "2015-12-31": -85.7, "2015-09-30": -50.7, "2015-06-30": -77.5, "2015-03-31": "-95.70000", "2014-12-31": -4.3, "2014-09-30": -104.1, "2014-06-30": -31.6, "2014-03-31": "-114.10000", "2013-12-31": -90.1, "2013-09-30": -23.9, "2013-06-30": -68.6, "2013-03-31": "6.50000", "2012-12-31": -6.4, "2012-09-30": -60.2, "2012-06-30": -18.3, "2012-03-31": "-13.60000", "2011-12-31": -6.8, "2011-09-30": -18.3, "2011-06-30": 8, "2011-03-31": "-10.10000", "2010-12-31": 20.9, "2010-09-30": 10.1, "2010-06-30": -4.1, "2010-03-31": "-5.70000", "2009-12-31": 0.2, "2009-09-30": 0.7, "2009-06-30": -1.648, "2009-03-31": "1.64800", "2008-12-31": 0.021, "2008-09-30": 1.171, "2008-06-30": 14.121, "2008-03-31": "1.58700", "2007-12-31": 0.817, "2007-09-30": 6.342, "2007-06-30": 18.759, "2007-03-31": "11.88600", "2006-12-31": 0.897, "2006-09-30": 3.967, "2006-06-30": 11.967, "2006-03-31": "6.13200", "2005-12-31": 9.053, "2005-09-30": 18.16, "2005-06-30": 2.505, "2005-03-31": "10.07500"}, "Total Common And Preferred Stock Dividends Paid": {"2020-12-31": -22, "2020-09-30": -21.1, "2020-06-30": -21, "2020-03-31": "-22.90000", "2019-12-31": -21.1, "2019-09-30": -21.2, "2019-06-30": -21.3, "2019-03-31": "-21.30000", "2018-12-31": -21.5, "2018-09-30": -21.5, "2018-06-30": -21.6, "2018-03-31": "-21.10000", "2017-12-31": -20.9, "2017-09-30": -21, "2017-06-30": -21.1, "2017-03-31": "-20.30000", "2016-12-31": -20.2, "2016-09-30": -20.3, "2016-06-30": -20.4, "2016-03-31": "-20.70000", "2015-12-31": -21.3, "2015-09-30": -21.7, "2015-06-30": -22.1, "2015-03-31": "-21.90000", "2014-12-31": -22.1, "2014-09-30": -22.5, "2014-06-30": -22.6, "2014-03-31": "-23.10000", "2013-12-31": -21.5, "2013-09-30": -21.8, "2013-06-30": -22.1, "2013-03-31": "-22.10000", "2012-12-31": -22.2, "2012-09-30": -21.9, "2012-06-30": -22.4, "2012-03-31": "-22.50000", "2011-12-31": -19.4, "2011-09-30": -19.5, "2011-06-30": -19.5, "2011-03-31": "-17.60000", "2010-12-31": -17.5, "2010-09-30": -12.5, "2010-06-30": -12.6, "2010-03-31": "-8.70000", "2009-12-31": -8.6, "2009-09-30": -8.5, "2009-06-30": -8.676, "2009-03-31": "-17.42400", "2008-12-31": -17.417, "2008-09-30": -17.374, "2008-06-30": -16.389, "2008-03-31": "-16.32000", "2007-12-31": -16.284, "2007-09-30": -16.281, "2007-06-30": -15.249, "2007-03-31": "-15.15200", "2006-12-31": -15.061, "2006-09-30": -15.048, "2006-06-30": -14.095, "2006-03-31": "-14.02700", "2005-12-31": -13.91, "2005-09-30": -13.824, "2005-06-30": -13.728, "2005-03-31": "-13.68600"}, "Financial Activities - Other": {"2020-12-31": -1.2, "2020-09-30": -15.8, "2020-06-30": -1.6, "2020-03-31": "", "2019-12-31": 0, "2019-09-30": -0.3, "2019-06-30": -1.9, "2019-03-31": "", "2018-12-31": -0.6, "2018-09-30": -1.2, "2018-06-30": 0.1, "2018-03-31": "-1.10000", "2017-12-31": -0.1, "2017-09-30": -3.7, "2017-06-30": 0, "2017-03-31": "", "2016-12-31": 7.1, "2016-09-30": -2.8, "2016-06-30": 0, "2016-03-31": "4.80000", "2015-12-31": 16, "2015-09-30": 3.9, "2015-06-30": -2, "2015-03-31": "1.50000", "2014-12-31": -0.3, "2014-09-30": -2.8, "2014-06-30": 57.2, "2014-03-31": "2.40000", "2013-12-31": 7.1, "2013-09-30": 0.6, "2013-06-30": 5.3, "2013-03-31": "4.50000", "2012-12-31": 1.4, "2012-09-30": 0, "2012-06-30": 3.6, "2012-03-31": "", "2011-12-31": 4.4, "2011-09-30": 1.8, "2011-06-30": -4.4, "2011-03-31": "-4.50000", "2010-12-31": 0, "2010-09-30": -3.5, "2010-06-30": 0, "2010-03-31": "", "2009-12-31": 237.4, "2009-09-30": -248.2, "2009-06-30": 0, "2009-03-31": "", "2008-12-31": 0, "2008-09-30": 0, "2008-06-30": 0, "2008-03-31": "", "2007-12-31": 0, "2007-09-30": 0, "2007-06-30": 0, "2007-03-31": "", "2006-12-31": 0, "2006-09-30": 0, "2006-06-30": 0, "2006-03-31": "", "2005-12-31": 0, "2005-09-30": 0, "2005-06-30": 0, "2005-03-31": ""}, "Cash Flow From Financial Activities": {"2020-12-31": -73.4, "2020-09-30": -226.4, "2020-06-30": -197.8, "2020-03-31": "166.50000", "2019-12-31": 36.7, "2019-09-30": -80.5, "2019-06-30": -130.3, "2019-03-31": "73.40000", "2018-12-31": -104.2, "2018-09-30": 649.4, "2018-06-30": -44.4, "2018-03-31": "52.30000", "2017-12-31": -68.6, "2017-09-30": -43.2, "2017-06-30": 322.9, "2017-03-31": "-42.90000", "2016-12-31": -29.1, "2016-09-30": -9.7, "2016-06-30": -109.1, "2016-03-31": "-20.90000", "2015-12-31": -156.9, "2015-09-30": 18.1, "2015-06-30": 12.5, "2015-03-31": "-120.80000", "2014-12-31": -27.1, "2014-09-30": -88.5, "2014-06-30": 44.3, "2014-03-31": "-130.90000", "2013-12-31": -105.5, "2013-09-30": -30.7, "2013-06-30": -95, "2013-03-31": "-18.10000", "2012-12-31": -26.8, "2012-09-30": -88, "2012-06-30": -46.3, "2012-03-31": "-47.50000", "2011-12-31": -18.2, "2011-09-30": -44.2, "2011-06-30": -18, "2011-03-31": "-23.90000", "2010-12-31": 23.5, "2010-09-30": -6.5, "2010-06-30": -39.2, "2010-03-31": "-10.70000", "2009-12-31": -59.6, "2009-09-30": -49.9, "2009-06-30": -58.758, "2009-03-31": "-9.74200", "2008-12-31": -133.158, "2008-09-30": -122.881, "2008-06-30": -14.684, "2008-03-31": "124.82300", "2007-12-31": 103.633, "2007-09-30": -16.945, "2007-06-30": -71.158, "2007-03-31": "63.54900", "2006-12-31": -170.728, "2006-09-30": 15.766, "2006-06-30": -63.029, "2006-03-31": "41.28100", "2005-12-31": -84.195, "2005-09-30": -33.197, "2005-06-30": -0.753, "2005-03-31": "61.85100"}, "Net Cash Flow": {"2020-12-31": 7.1, "2020-09-30": -102.1, "2020-06-30": 22.1, "2020-03-31": "177.80000", "2019-12-31": 34.3, "2019-09-30": 14.5, "2019-06-30": -72.7, "2019-03-31": "107.00000", "2018-12-31": -21.9, "2018-09-30": 8.4, "2018-06-30": 26.3, "2018-03-31": "-5.10000", "2017-12-31": -15, "2017-09-30": -307.4, "2017-06-30": 315.5, "2017-03-31": "-19.20000", "2016-12-31": 22.3, "2016-09-30": -27, "2016-06-30": 18.7, "2016-03-31": "7.70000", "2015-12-31": -25.4, "2015-09-30": -81.8, "2015-06-30": 82.4, "2015-03-31": "-124.40000", "2014-12-31": 40.6, "2014-09-30": -56.6, "2014-06-30": 46.5, "2014-03-31": "-136.30000", "2013-12-31": -33.5, "2013-09-30": 21.3, "2013-06-30": -61.1, "2013-03-31": "-128.50000", "2012-12-31": 100.9, "2012-09-30": -24.4, "2012-06-30": 154.6, "2012-03-31": "-109.50000", "2011-12-31": 61.9, "2011-09-30": -229.9, "2011-06-30": -4.8, "2011-03-31": "-239.50000", "2010-12-31": -22.7, "2010-09-30": 103.6, "2010-06-30": 86.9, "2010-03-31": "-46.20000", "2009-12-31": 372.7, "2009-09-30": 105.7, "2009-06-30": 152.972, "2009-03-31": "-9.27200", "2008-12-31": 18.281, "2008-09-30": 21.662, "2008-06-30": 12.495, "2008-03-31": "38.06200", "2007-12-31": -51.699, "2007-09-30": 14.428, "2007-06-30": -27.479, "2007-03-31": "-0.25400", "2006-12-31": 47.003, "2006-09-30": 15.317, "2006-06-30": 7.467, "2006-03-31": "-34.13200", "2005-12-31": 2.312, "2005-09-30": -3.875, "2005-06-30": 15.212, "2005-03-31": "0.80100"}, "Stock-Based Compensation": {"2020-12-31": 4, "2020-09-30": 7.8, "2020-06-30": 5.8, "2020-03-31": "5.60000", "2019-12-31": 6.4, "2019-09-30": 5.8, "2019-06-30": 7.1, "2019-03-31": "7.80000", "2018-12-31": 6.8, "2018-09-30": 7.7, "2018-06-30": 7.5, "2018-03-31": "10.30000", "2017-12-31": 6.5, "2017-09-30": 7.8, "2017-06-30": 4.8, "2017-03-31": "5.60000", "2016-12-31": 3.2, "2016-09-30": 4.2, "2016-06-30": 2.1, "2016-03-31": "4.60000", "2015-12-31": 4.3, "2015-09-30": 5, "2015-06-30": 5, "2015-03-31": "4.10000", "2014-12-31": 3.3, "2014-09-30": 4.8, "2014-06-30": 6.1, "2014-03-31": "7.60000", "2013-12-31": 5.9, "2013-09-30": 3.2, "2013-06-30": 3.1, "2013-03-31": "4.10000", "2012-12-31": 2.5, "2012-09-30": 4.1, "2012-06-30": 4.9, "2012-03-31": "4.40000", "2011-12-31": 3.8, "2011-09-30": 3.9, "2011-06-30": 5.8, "2011-03-31": "3.40000", "2010-12-31": 4.8, "2010-09-30": 3.6, "2010-06-30": 4, "2010-03-31": "4.50000", "2009-12-31": 3.3, "2009-09-30": 3.4, "2009-06-30": 3.791, "2009-03-31": "4.40900", "2008-12-31": 3.629, "2008-09-30": 3.599, "2008-06-30": 4.886, "2008-03-31": "4.68600", "2007-12-31": 3.456, "2007-09-30": 3.551, "2007-06-30": 4.886, "2007-03-31": "4.23400", "2006-12-31": 3.834, "2006-09-30": 3.568, "2006-06-30": 4.365, "2006-03-31": "3.82700", "2005-12-31": 4.895, "2005-09-30": 1.389, "2005-06-30": 1.713, "2005-03-31": "1.29600"}, "Common Stock Dividends Paid": {"2020-12-31": -22, "2020-09-30": -21.1, "2020-06-30": -21, "2020-03-31": "-22.90000", "2019-12-31": -21.1, "2019-09-30": -21.2, "2019-06-30": -21.3, "2019-03-31": "-21.30000", "2018-12-31": -21.5, "2018-09-30": -21.5, "2018-06-30": -21.6, "2018-03-31": "-21.10000", "2017-12-31": -20.9, "2017-09-30": -21, "2017-06-30": -21.1, "2017-03-31": "-20.30000", "2016-12-31": -20.2, "2016-09-30": -20.3, "2016-06-30": -20.4, "2016-03-31": "-20.70000", "2015-12-31": -21.3, "2015-09-30": -21.7, "2015-06-30": -22.1, "2015-03-31": "-21.90000", "2014-12-31": -22.1, "2014-09-30": -22.5, "2014-06-30": -22.6, "2014-03-31": "-23.10000", "2013-12-31": -21.5, "2013-09-30": -21.8, "2013-06-30": -22.1, "2013-03-31": "-22.10000", "2012-12-31": -22.2, "2012-09-30": -21.9, "2012-06-30": -22.4, "2012-03-31": "-22.50000", "2011-12-31": -19.4, "2011-09-30": -19.5, "2011-06-30": -19.5, "2011-03-31": "-17.60000", "2010-12-31": -17.5, "2010-09-30": -12.5, "2010-06-30": -12.6, "2010-03-31": "-8.70000", "2009-12-31": -8.6, "2009-09-30": -8.5, "2009-06-30": -8.676, "2009-03-31": "-17.42400", "2008-12-31": -17.417, "2008-09-30": -17.374, "2008-06-30": -16.389, "2008-03-31": "-16.32000", "2007-12-31": -16.284, "2007-09-30": -16.281, "2007-06-30": -15.249, "2007-03-31": "-15.15200", "2006-12-31": -15.061, "2006-09-30": -15.048, "2006-06-30": -14.095, "2006-03-31": "-14.02700", "2005-12-31": -13.91, "2005-09-30": -13.824, "2005-06-30": -13.728, "2005-03-31": "-13.68600"}}, "financial ratios": {"Current Ratio": {"2019-12-31": "2.54490", "2018-12-31": "2.53380", "2017-12-31": "2.23330", "2016-12-31": "2.67700", "2015-12-31": "2.38750", "2014-12-31": "2.77610", "2013-12-31": "1.97680", "2012-12-31": "3.23750", "2011-12-31": "2.79660", "2010-12-31": "3.37440", "2009-12-31": "3.74260", "2008-12-31": "2.54720", "2007-12-31": "2.26140", "2006-12-31": "2.29840", "2005-12-31": "1.85130"}, "Long-term Debt / Capital": {"2019-12-31": "0.45740", "2018-12-31": "0.49940", "2017-12-31": "0.36680", "2016-12-31": "0.32630", "2015-12-31": "0.30110", "2014-12-31": "0.24730", "2013-12-31": "0.06240", "2012-12-31": "0.16840", "2011-12-31": "0.18990", "2010-12-31": "0.19880", "2009-12-31": "0.22730", "2008-12-31": "0.23650", "2007-12-31": "0.22850", "2006-12-31": "0.27050", "2005-12-31": "0.27280"}, "Debt/Equity Ratio": {"2019-12-31": "0.88510", "2018-12-31": "1.02370", "2017-12-31": "0.65250", "2016-12-31": "0.50290", "2015-12-31": "0.48820", "2014-12-31": "0.33360", "2013-12-31": "0.16830", "2012-12-31": "0.21320", "2011-12-31": "0.25220", "2010-12-31": "0.26450", "2009-12-31": "0.32130", "2008-12-31": "0.37510", "2007-12-31": "0.36880", "2006-12-31": "0.40500", "2005-12-31": "0.48160"}, "Gross Margin": {"2019-12-31": "30.12750", "2018-12-31": "29.04660", "2017-12-31": "27.03580", "2016-12-31": "26.45520", "2015-12-31": "28.53110", "2014-12-31": "29.19190", "2013-12-31": "28.60910", "2012-12-31": "30.59980", "2011-12-31": "26.49220", "2010-12-31": "25.19300", "2009-12-31": "18.54790", "2008-12-31": "22.85150", "2007-12-31": "21.07170", "2006-12-31": "20.20950", "2005-12-31": "20.73240"}, "Operating Margin": {"2019-12-31": "13.62570", "2018-12-31": "12.69270", "2017-12-31": "9.97070", "2016-12-31": "9.15420", "2015-12-31": "8.90920", "2014-12-31": "6.77460", "2013-12-31": "10.07780", "2012-12-31": "13.21630", "2011-12-31": "14.10200", "2010-12-31": "10.75580", "2009-12-31": "-1.72200", "2008-12-31": "9.16520", "2007-12-31": "6.50670", "2006-12-31": "4.39540", "2005-12-31": "6.77900"}, "EBIT Margin": {"2019-12-31": "13.62570", "2018-12-31": "12.69270", "2017-12-31": "9.97070", "2016-12-31": "9.15420", "2015-12-31": "8.90920", "2014-12-31": "6.77460", "2013-12-31": "10.07780", "2012-12-31": "13.21630", "2011-12-31": "14.10200", "2010-12-31": "10.75580", "2009-12-31": "-1.72200", "2008-12-31": "9.16520", "2007-12-31": "6.50670", "2006-12-31": "4.39540", "2005-12-31": "6.77900"}, "EBITDA Margin": {"2019-12-31": "17.86330", "2018-12-31": "16.77000", "2017-12-31": "14.55490", "2016-12-31": "14.08720", "2015-12-31": "13.46310", "2014-12-31": "11.22810", "2013-12-31": "14.76910", "2012-12-31": "17.66930", "2011-12-31": "17.82520", "2010-12-31": "15.43340", "2009-12-31": "4.69190", "2008-12-31": "13.14870", "2007-12-31": "10.65310", "2006-12-31": "8.34830", "2005-12-31": "11.12580"}, "Pre-Tax Profit Margin": {"2019-12-31": "12.46470", "2018-12-31": "11.39690", "2017-12-31": "8.65240", "2016-12-31": "7.55110", "2015-12-31": "7.57930", "2014-12-31": "6.63160", "2013-12-31": "9.55720", "2012-12-31": "15.41300", "2011-12-31": "13.47720", "2010-12-31": "9.99880", "2009-12-31": "-2.99850", "2008-12-31": "8.72080", "2007-12-31": "5.83960", "2006-12-31": "5.11190", "2005-12-31": "7.18490"}, "Net Profit Margin": {"2019-12-31": "9.55430", "2018-12-31": "8.45620", "2017-12-31": "6.77140", "2016-12-31": "5.27380", "2015-12-31": "6.56620", "2014-12-31": "5.55230", "2013-12-31": "8.65450", "2012-12-31": "14.74920", "2011-12-31": "8.75590", "2010-12-31": "6.74640", "2009-12-31": "-4.26530", "2008-12-31": "5.31070", "2007-12-31": "4.85550", "2006-12-31": "4.47440", "2005-12-31": "5.39650"}, "Asset Turnover": {"2019-12-31": "0.77980", "2018-12-31": "0.80550", "2017-12-31": "0.88280", "2016-12-31": "0.96620", "2015-12-31": "1.03170", "2014-12-31": "1.02490", "2013-12-31": "0.67790", "2012-12-31": "0.79160", "2011-12-31": "1.19480", "2010-12-31": "0.97010", "2009-12-31": "0.78400", "2008-12-31": "1.11130", "2007-12-31": "1.03490", "2006-12-31": "1.23500", "2005-12-31": "1.20770"}, "Inventory Turnover Ratio": {"2019-12-31": "3.14500", "2018-12-31": "3.04020", "2017-12-31": "2.96620", "2016-12-31": "3.54610", "2015-12-31": "3.77910", "2014-12-31": "3.72020", "2013-12-31": "3.71950", "2012-12-31": "2.70440", "2011-12-31": "3.94080", "2010-12-31": "3.66180", "2009-12-31": "3.81240", "2008-12-31": "3.88700", "2007-12-31": "3.28860", "2006-12-31": "4.16700", "2005-12-31": "4.24660"}, "Receiveable Turnover": {"2019-12-31": "5.62050", "2018-12-31": "5.39930", "2017-12-31": "5.72260", "2016-12-31": "6.09540", "2015-12-31": "6.31830", "2014-12-31": "6.46670", "2013-12-31": "6.83650", "2012-12-31": "6.14510", "2011-12-31": "8.00960", "2010-12-31": "7.85040", "2009-12-31": "7.64010", "2008-12-31": "8.75270", "2007-12-31": "6.05500", "2006-12-31": "7.25150", "2005-12-31": "7.33860"}, "Days Sales In Receivables": {"2019-12-31": "64.94090", "2018-12-31": "67.60170", "2017-12-31": "63.78200", "2016-12-31": "59.88090", "2015-12-31": "57.76870", "2014-12-31": "56.44320", "2013-12-31": "53.39000", "2012-12-31": "59.39740", "2011-12-31": "45.57030", "2010-12-31": "46.49460", "2009-12-31": "47.77440", "2008-12-31": "41.70150", "2007-12-31": "60.28070", "2006-12-31": "50.33420", "2005-12-31": "49.73730"}, "ROE - Return On Equity": {"2019-12-31": "19.16820", "2018-12-31": "18.59740", "2017-12-31": "13.71620", "2016-12-31": "10.76360", "2015-12-31": "14.23470", "2014-12-31": "9.39530", "2013-12-31": "6.62610", "2012-12-31": "14.75560", "2011-12-31": "22.35500", "2010-12-31": "13.87890", "2009-12-31": "-4.13640", "2008-12-31": "16.99300", "2007-12-31": "10.74710", "2006-12-31": "11.95240", "2005-12-31": "15.60760"}, "Return On Tangible Equity": {"2019-12-31": "188.10270", "2018-12-31": "-534.09250", "2017-12-31": "37.29030", "2016-12-31": "20.67700", "2015-12-31": "25.65680", "2014-12-31": "13.69980", "2013-12-31": "8.37670", "2012-12-31": "19.69700", "2011-12-31": "30.97480", "2010-12-31": "16.96890", "2009-12-31": "-5.31490", "2008-12-31": "21.72670", "2007-12-31": "13.78630", "2006-12-31": "15.07750", "2005-12-31": "20.97650"}, "ROA - Return On Assets": {"2019-12-31": "7.71000", "2018-12-31": "6.87260", "2017-12-31": "5.94580", "2016-12-31": "5.10640", "2015-12-31": "6.87480", "2014-12-31": "4.97430", "2013-12-31": "3.91920", "2012-12-31": "7.81070", "2011-12-31": "10.55140", "2010-12-31": "6.44680", "2009-12-31": "-1.64720", "2008-12-31": "6.23010", "2007-12-31": "4.81170", "2006-12-31": "4.38130", "2005-12-31": "5.85060"}, "ROI - Return On Investment": {"2019-12-31": "10.40000", "2018-12-31": "9.31030", "2017-12-31": "8.68580", "2016-12-31": "7.25110", "2015-12-31": "9.94800", "2014-12-31": "7.07180", "2013-12-31": "6.21240", "2012-12-31": "12.27010", "2011-12-31": "18.10970", "2010-12-31": "11.12030", "2009-12-31": "-3.19630", "2008-12-31": "12.97350", "2007-12-31": "8.29170", "2006-12-31": "8.71920", "2005-12-31": "11.34910"}, "Book Value Per Share": {"2019-12-31": "25.87800", "2018-12-31": "21.62760", "2017-12-31": "18.98130", "2016-12-31": "16.92580", "2015-12-31": "16.75240", "2014-12-31": "17.93730", "2013-12-31": "28.44200", "2012-12-31": "23.42700", "2011-12-31": "20.91290", "2010-12-31": "19.85420", "2009-12-31": "16.47430", "2008-12-31": "17.22520", "2007-12-31": "20.46440", "2006-12-31": "15.67670", "2005-12-31": "16.09650"}, "Operating Cash Flow Per Share": {"2019-12-31": 2.9092, "2018-12-31": 1.2437, "2017-12-31": -2.0968, "2016-12-31": 0.6416, "2015-12-31": 1.0907, "2014-12-31": -1.1221, "2013-12-31": -1.9069, "2012-12-31": 4.2718, "2011-12-31": -1.0842, "2010-12-31": -2.9065, "2009-12-31": 0.0933, "2008-12-31": 2.4315, "2007-12-31": 0.0153, "2006-12-31": 0.1291, "2005-12-31": 3.444}, "Free Cash Flow Per Share": {"2019-12-31": 2.5809, "2018-12-31": 1.0623, "2017-12-31": -1.6171, "2016-12-31": 0.0476, "2015-12-31": 1.1553, "2014-12-31": -0.9891, "2013-12-31": -2.0334, "2012-12-31": 5.1591, "2011-12-31": -1.997, "2010-12-31": -2.9148, "2009-12-31": 1.2441, "2008-12-31": 2.9462, "2007-12-31": 0.2324, "2006-12-31": -0.6208, "2005-12-31": 1.1515}}, "financial ratios, quarterly": {"Current Ratio": {"2020-09-30": "2.65330", "2020-06-30": "3.01880", "2020-03-31": "2.71780", "2019-12-31": "2.54490", "2019-09-30": "2.56510", "2019-06-30": "2.68090", "2019-03-31": "2.80810", "2018-12-31": "2.53380", "2018-09-30": "2.72050", "2018-06-30": "2.39000", "2018-03-31": "2.34340", "2017-12-31": "2.23330", "2017-09-30": "2.59240", "2017-06-30": "3.08510", "2017-03-31": "2.54960", "2016-12-31": "2.67700", "2016-09-30": "2.72320", "2016-06-30": "2.60440", "2016-03-31": "2.88050", "2015-12-31": "2.38750", "2015-09-30": "2.27690", "2015-06-30": "2.41750", "2015-03-31": "2.62570", "2014-12-31": "2.77610", "2014-09-30": "2.66800", "2014-06-30": "1.83800", "2014-03-31": "1.90350", "2013-12-31": "1.97680", "2013-09-30": "2.09530", "2013-06-30": "3.02170", "2013-03-31": "3.06410", "2012-12-31": "3.23750", "2012-09-30": "2.79950", "2012-06-30": "2.85790", "2012-03-31": "2.83710", "2011-12-31": "2.79660", "2011-09-30": "2.68000", "2011-06-30": "3.26870", "2011-03-31": "3.25270", "2010-12-31": "3.37440", "2010-09-30": "3.31070", "2010-06-30": "3.57870", "2010-03-31": "3.42600", "2009-12-31": "3.74260", "2009-09-30": "2.62810", "2009-06-30": "2.25720", "2009-03-31": "2.11590", "2008-12-31": "2.54720", "2008-09-30": "2.25360", "2008-06-30": "2.11540", "2008-03-31": "2.44250", "2007-12-31": "2.26140", "2007-09-30": "2.49790", "2007-06-30": "2.45280", "2007-03-31": "2.36250", "2006-12-31": "2.29840", "2006-09-30": "1.90230", "2006-06-30": "1.90020", "2006-03-31": "1.89790", "2005-12-31": "1.85130", "2005-09-30": "1.51880", "2005-06-30": "1.62400", "2005-03-31": "1.62440"}, "Long-term Debt / Capital": {"2020-09-30": "0.42210", "2020-06-30": "0.46790", "2020-03-31": "0.48450", "2019-12-31": "0.45740", "2019-09-30": "0.46080", "2019-06-30": "0.47940", "2019-03-31": "0.50590", "2018-12-31": "0.49940", "2018-09-30": "0.50620", "2018-06-30": "0.36220", "2018-03-31": "0.36750", "2017-12-31": "0.36680", "2017-09-30": "0.39730", "2017-06-30": "0.40020", "2017-03-31": "0.30700", "2016-12-31": "0.32630", "2016-09-30": "0.31950", "2016-06-30": "0.30770", "2016-03-31": "0.32860", "2015-12-31": "0.30110", "2015-09-30": "0.31650", "2015-06-30": "0.28840", "2015-03-31": "0.26850", "2014-12-31": "0.24730", "2014-09-30": "0.24100", "2014-06-30": "0.08900", "2014-03-31": "0.07320", "2013-12-31": "0.06240", "2013-09-30": "0.07980", "2013-06-30": "0.16360", "2013-03-31": "0.16390", "2012-12-31": "0.16840", "2012-09-30": "0.16440", "2012-06-30": "0.16990", "2012-03-31": "0.17890", "2011-12-31": "0.18990", "2011-09-30": "0.18080", "2011-06-30": "0.18190", "2011-03-31": "0.18960", "2010-12-31": "0.19880", "2010-09-30": "0.21090", "2010-06-30": "0.22310", "2010-03-31": "0.22430", "2009-12-31": "0.22730", "2009-09-30": "0.22770", "2009-06-30": "0.13730", "2009-03-31": "0.13960", "2008-12-31": "0.23650", "2008-09-30": "0.19130", "2008-06-30": "0.20430", "2008-03-31": "0.25950", "2007-12-31": "0.22850", "2007-09-30": "0.23080", "2007-06-30": "0.24130", "2007-03-31": "0.25350", "2006-12-31": "0.27050", "2006-09-30": "0.24430", "2006-06-30": "0.24150", "2006-03-31": "0.26270", "2005-12-31": "0.27280", "2005-09-30": "0.27520", "2005-06-30": "0.31230", "2005-03-31": "0.31840"}, "Debt/Equity Ratio": {"2020-09-30": "0.76640", "2020-06-30": "0.91040", "2020-03-31": "1.04590", "2019-12-31": "0.88510", "2019-09-30": "0.90790", "2019-06-30": "0.94690", "2019-03-31": "1.04430", "2018-12-31": "1.02370", "2018-09-30": "1.05470", "2018-06-30": "0.67410", "2018-03-31": "0.69110", "2017-12-31": "0.65250", "2017-09-30": "0.69090", "2017-06-30": "0.70560", "2017-03-31": "0.47040", "2016-12-31": "0.50290", "2016-09-30": "0.48590", "2016-06-30": "0.46540", "2016-03-31": "0.50070", "2015-12-31": "0.48820", "2015-09-30": "0.53610", "2015-06-30": "0.46520", "2015-03-31": "0.36960", "2014-12-31": "0.33360", "2014-09-30": "0.32330", "2014-06-30": "0.27200", "2014-03-31": "0.18330", "2013-12-31": "0.16830", "2013-09-30": "0.20130", "2013-06-30": "0.19870", "2013-03-31": "0.20340", "2012-12-31": "0.21320", "2012-09-30": "0.20840", "2012-06-30": "0.21350", "2012-03-31": "0.22960", "2011-12-31": "0.25220", "2011-09-30": "0.23020", "2011-06-30": "0.23610", "2011-03-31": "0.25280", "2010-12-31": "0.26450", "2010-09-30": "0.27480", "2010-06-30": "0.29750", "2010-03-31": "0.31660", "2009-12-31": "0.32130", "2009-09-30": "0.50340", "2009-06-30": "0.37010", "2009-03-31": "0.39130", "2008-12-31": "0.37510", "2008-09-30": "0.33500", "2008-06-30": "0.39550", "2008-03-31": "0.42200", "2007-12-31": "0.36880", "2007-09-30": "0.34280", "2007-06-30": "0.35660", "2007-03-31": "0.42790", "2006-12-31": "0.40500", "2006-09-30": "0.44350", "2006-06-30": "0.42380", "2006-03-31": "0.48880", "2005-12-31": "0.48160", "2005-09-30": "0.57170", "2005-06-30": "0.62740", "2005-03-31": "0.64030"}, "Gross Margin": {"2020-09-30": "29.47690", "2020-06-30": "28.66210", "2020-03-31": "30.20360", "2019-12-31": "28.56510", "2019-09-30": "30.36110", "2019-06-30": "30.57000", "2019-03-31": "30.88700", "2018-12-31": "27.96400", "2018-09-30": "28.74160", "2018-06-30": "29.50460", "2018-03-31": "29.99660", "2017-12-31": "27.33930", "2017-09-30": "28.01400", "2017-06-30": "26.79190", "2017-03-31": "25.88800", "2016-12-31": "25.80940", "2016-09-30": "25.81380", "2016-06-30": "27.39010", "2016-03-31": "26.76900", "2015-12-31": "30.30520", "2015-09-30": "27.62230", "2015-06-30": "28.17310", "2015-03-31": "28.02770", "2014-12-31": "28.96880", "2014-09-30": "28.61680", "2014-06-30": "29.59960", "2014-03-31": "29.60100", "2013-12-31": "36.02180", "2013-09-30": "27.61830", "2013-06-30": "30.27930", "2013-03-31": "25.18580", "2012-12-31": "25.77990", "2012-09-30": "26.16190", "2012-06-30": "28.08960", "2012-03-31": "28.96550", "2011-12-31": "27.08940", "2011-09-30": "25.97220", "2011-06-30": "26.36130", "2011-03-31": "26.57680", "2010-12-31": "24.80620", "2010-09-30": "25.01650", "2010-06-30": "26.52760", "2010-03-31": "24.37340", "2009-12-31": "22.35860", "2009-09-30": "16.95910", "2009-06-30": "17.01950", "2009-03-31": "17.84110", "2008-12-31": "15.67350", "2008-09-30": "28.55090", "2008-06-30": "22.38570", "2008-03-31": "21.71490", "2007-12-31": "25.20490", "2007-09-30": "19.85420", "2007-06-30": "21.34390", "2007-03-31": "19.93120", "2006-12-31": "16.98200", "2006-09-30": "19.59570", "2006-06-30": "22.56600", "2006-03-31": "21.51090", "2005-12-31": "21.25250", "2005-09-30": "20.06240", "2005-06-30": "20.89660", "2005-03-31": "20.83880"}, "Operating Margin": {"2020-09-30": "13.30200", "2020-06-30": "14.36220", "2020-03-31": "13.17960", "2019-12-31": "10.43290", "2019-09-30": "13.99340", "2019-06-30": "14.51000", "2019-03-31": "15.30060", "2018-12-31": "11.47130", "2018-09-30": "12.33410", "2018-06-30": "13.82540", "2018-03-31": "13.14690", "2017-12-31": "10.20560", "2017-09-30": "10.47450", "2017-06-30": "10.17850", "2017-03-31": "8.93720", "2016-12-31": "8.91880", "2016-09-30": "8.68570", "2016-06-30": "10.92640", "2016-03-31": "8.08480", "2015-12-31": "36.91210", "2015-09-30": "9.42890", "2015-06-30": "10.01370", "2015-03-31": "-20.40140", "2014-12-31": "6.65180", "2014-09-30": "-0.77410", "2014-06-30": "11.58140", "2014-03-31": "9.82630", "2013-12-31": "7.99430", "2013-09-30": "8.05300", "2013-06-30": "11.81600", "2013-03-31": "10.98270", "2012-12-31": "10.58040", "2012-09-30": "11.75490", "2012-06-30": "14.71110", "2012-03-31": "17.36100", "2011-12-31": "13.41030", "2011-09-30": "14.14740", "2011-06-30": "14.33520", "2011-03-31": "14.50440", "2010-12-31": "9.66660", "2010-09-30": "11.50330", "2010-06-30": "12.51730", "2010-03-31": "9.21530", "2009-12-31": "-2.69150", "2009-09-30": "0.34050", "2009-06-30": "-7.23400", "2009-03-31": "2.01330", "2008-12-31": "-2.27810", "2008-09-30": "15.16590", "2008-06-30": "9.46460", "2008-03-31": "9.11170", "2007-12-31": "7.62730", "2007-09-30": "5.35790", "2007-06-30": "7.49570", "2007-03-31": "6.04010", "2006-12-31": "-4.25340", "2006-09-30": "5.82110", "2006-06-30": "7.97900", "2006-03-31": "7.81470", "2005-12-31": "4.17780", "2005-09-30": "5.16150", "2005-06-30": "8.69000", "2005-03-31": "8.26430"}, "EBIT Margin": {"2020-09-30": "13.30200", "2020-06-30": "14.36220", "2020-03-31": "13.17960", "2019-12-31": "10.43290", "2019-09-30": "13.99340", "2019-06-30": "14.51000", "2019-03-31": "15.30060", "2018-12-31": "11.47130", "2018-09-30": "12.33410", "2018-06-30": "13.82540", "2018-03-31": "13.14690", "2017-12-31": "10.20570", "2017-09-30": "10.47450", "2017-06-30": "10.17850", "2017-03-31": "8.93720", "2016-12-31": "8.91880", "2016-09-30": "8.68570", "2016-06-30": "10.92640", "2016-03-31": "8.08480", "2015-12-31": "36.91210", "2015-09-30": "9.42890", "2015-06-30": "10.01370", "2015-03-31": "-20.40140", "2014-12-31": "6.65180", "2014-09-30": "-0.77410", "2014-06-30": "11.58140", "2014-03-31": "9.82630", "2013-12-31": "7.99430", "2013-09-30": "8.05300", "2013-06-30": "11.81600", "2013-03-31": "10.98270", "2012-12-31": "10.58040", "2012-09-30": "11.75490", "2012-06-30": "14.71110", "2012-03-31": "17.36100", "2011-12-31": "13.41030", "2011-09-30": "14.14740", "2011-06-30": "14.33520", "2011-03-31": "14.50440", "2010-12-31": "9.66660", "2010-09-30": "11.50330", "2010-06-30": "12.51730", "2010-03-31": "9.21530", "2009-12-31": "-2.69150", "2009-09-30": "0.34050", "2009-06-30": "-7.23400", "2009-03-31": "2.01330", "2008-12-31": "-2.27820", "2008-09-30": "15.16590", "2008-06-30": "9.46460", "2008-03-31": "9.11170", "2007-12-31": "7.62730", "2007-09-30": "5.35790", "2007-06-30": "7.49570", "2007-03-31": "6.04010", "2006-12-31": "-4.25340", "2006-09-30": "5.82110", "2006-06-30": "7.97900", "2006-03-31": "7.81470", "2005-12-31": "4.17780", "2005-09-30": "5.16150", "2005-06-30": "8.69000", "2005-03-31": "8.26430"}, "EBITDA Margin": {"2020-09-30": "", "2020-06-30": "", "2020-03-31": "", "2019-12-31": "", "2019-09-30": "", "2019-06-30": "", "2019-03-31": "", "2018-12-31": "", "2018-09-30": "", "2018-06-30": "", "2018-03-31": "", "2017-12-31": "", "2017-09-30": "", "2017-06-30": "", "2017-03-31": "", "2016-12-31": "", "2016-09-30": "", "2016-06-30": "", "2016-03-31": "", "2015-12-31": "", "2015-09-30": "", "2015-06-30": "", "2015-03-31": "", "2014-12-31": "", "2014-09-30": "", "2014-06-30": "", "2014-03-31": "", "2013-12-31": "", "2013-09-30": "", "2013-06-30": "", "2013-03-31": "", "2012-12-31": "", "2012-09-30": "", "2012-06-30": "", "2012-03-31": "", "2011-12-31": "", "2011-09-30": "", "2011-06-30": "", "2011-03-31": "", "2010-12-31": "", "2010-09-30": "", "2010-06-30": "", "2010-03-31": "", "2009-12-31": "", "2009-09-30": "", "2009-06-30": "", "2009-03-31": "", "2008-12-31": "", "2008-09-30": "", "2008-06-30": "", "2008-03-31": "", "2007-12-31": "", "2007-09-30": "", "2007-06-30": "", "2007-03-31": "", "2006-12-31": "", "2006-09-30": "", "2006-06-30": "", "2006-03-31": "", "2005-12-31": "", "2005-09-30": "", "2005-06-30": "", "2005-03-31": ""}, "Pre-Tax Profit Margin": {"2020-09-30": "13.17910", "2020-06-30": "11.17610", "2020-03-31": "12.30240", "2019-12-31": "11.72730", "2019-09-30": "11.18160", "2019-06-30": "12.85000", "2019-03-31": "13.94300", "2018-12-31": "8.77930", "2018-09-30": "11.04050", "2018-06-30": "13.47240", "2018-03-31": "12.32020", "2017-12-31": "7.35220", "2017-09-30": "9.74850", "2017-06-30": "9.84550", "2017-03-31": "7.61580", "2016-12-31": "-1.86320", "2016-09-30": "7.48400", "2016-06-30": "10.34740", "2016-03-31": "13.87430", "2015-12-31": "34.89640", "2015-09-30": "8.18490", "2015-06-30": "9.14840", "2015-03-31": "-21.60550", "2014-12-31": "5.62840", "2014-09-30": "-1.57360", "2014-06-30": "10.79570", "2014-03-31": "11.98430", "2013-12-31": "8.18350", "2013-09-30": "7.47880", "2013-06-30": "10.99460", "2013-03-31": "10.44130", "2012-12-31": "9.67320", "2012-09-30": "11.21230", "2012-06-30": "22.02950", "2012-03-31": "16.71360", "2011-12-31": "12.61170", "2011-09-30": "13.79180", "2011-06-30": "13.82370", "2011-03-31": "13.65120", "2010-12-31": "9.33030", "2010-09-30": "10.45580", "2010-06-30": "11.88450", "2010-03-31": "8.16460", "2009-12-31": "-4.93920", "2009-09-30": "-1.55840", "2009-06-30": "-8.33330", "2009-03-31": "2.00300", "2008-12-31": "-3.34870", "2008-09-30": "14.44920", "2008-06-30": "8.75940", "2008-03-31": "9.52070", "2007-12-31": "7.94940", "2007-09-30": "4.46460", "2007-06-30": "6.64950", "2007-03-31": "5.29270", "2006-12-31": "2.15410", "2006-09-30": "4.75880", "2006-06-30": "6.91320", "2006-03-31": "6.47850", "2005-12-31": "11.24980", "2005-09-30": "3.87070", "2005-06-30": "7.67080", "2005-03-31": "6.97170"}, "Net Profit Margin": {"2020-09-30": "9.92620", "2020-06-30": "7.70380", "2020-03-31": "8.73940", "2019-12-31": "12.66460", "2019-09-30": "7.02410", "2019-06-30": "9.25000", "2019-03-31": "9.38040", "2018-12-31": "6.59270", "2018-09-30": "8.12440", "2018-06-30": "10.04080", "2018-03-31": "9.08160", "2017-12-31": "3.75320", "2017-09-30": "6.93540", "2017-06-30": "10.99120", "2017-03-31": "5.42770", "2016-12-31": "-1.05380", "2016-09-30": "5.11100", "2016-06-30": "7.15560", "2016-03-31": "9.63450", "2015-12-31": "31.31300", "2015-09-30": "8.96240", "2015-06-30": "5.04120", "2015-03-31": "-18.71280", "2014-12-31": "6.10080", "2014-09-30": "-2.77920", "2014-06-30": "7.94480", "2014-03-31": "11.33280", "2013-12-31": "12.46450", "2013-09-30": "7.13700", "2013-06-30": "10.46380", "2013-03-31": "6.88140", "2012-12-31": "6.97030", "2012-09-30": "7.06350", "2012-06-30": "13.62420", "2012-03-31": "10.92890", "2011-12-31": "8.60280", "2011-09-30": "8.36740", "2011-06-30": "9.10800", "2011-03-31": "8.94670", "2010-12-31": "8.32170", "2010-09-30": "6.63400", "2010-06-30": "8.46350", "2010-03-31": "3.13010", "2009-12-31": "-2.60400", "2009-09-30": "-6.57410", "2009-06-30": "-8.75410", "2009-03-31": "0.10040", "2008-12-31": "-4.91960", "2008-09-30": "9.75890", "2008-06-30": "5.79230", "2008-03-31": "5.88740", "2007-12-31": "7.58000", "2007-09-30": "3.27000", "2007-06-30": "4.10060", "2007-03-31": "5.85390", "2006-12-31": "2.87180", "2006-09-30": "3.92480", "2006-06-30": "5.73590", "2006-03-31": "5.25710", "2005-12-31": "10.13890", "2005-09-30": "3.16590", "2005-06-30": "5.08300", "2005-03-31": "4.46400"}, "Asset Turnover": {"2020-09-30": "0.18220", "2020-06-30": "0.16390", "2020-03-31": "0.18540", "2019-12-31": "0.18440", "2019-09-30": "0.20020", "2019-06-30": "0.21390", "2019-03-31": "0.20930", "2018-12-31": "0.20470", "2018-09-30": "0.19590", "2018-06-30": "0.25690", "2018-03-31": "0.24880", "2017-12-31": "0.22870", "2017-09-30": "0.22930", "2017-06-30": "0.23180", "2017-03-31": "0.25000", "2016-12-31": "0.23700", "2016-09-30": "0.23320", "2016-06-30": "0.24110", "2016-03-31": "0.24000", "2015-12-31": "0.25660", "2015-09-30": "0.24010", "2015-06-30": "0.25210", "2015-03-31": "0.25620", "2014-12-31": "0.25390", "2014-09-30": "0.25360", "2014-06-30": "0.24170", "2014-03-31": "0.16680", "2013-12-31": "0.09440", "2013-09-30": "0.17440", "2013-06-30": "0.19270", "2013-03-31": "0.26170", "2012-12-31": "0.25450", "2012-09-30": "0.27080", "2012-06-30": "0.30490", "2012-03-31": "0.32490", "2011-12-31": "0.29230", "2011-09-30": "0.32060", "2011-06-30": "0.31850", "2011-03-31": "0.30000", "2010-12-31": "0.25610", "2010-09-30": "0.24940", "2010-06-30": "0.25250", "2010-03-31": "0.22910", "2009-12-31": "0.19330", "2009-09-30": "0.17130", "2009-06-30": "0.17450", "2009-03-31": "0.20070", "2008-12-31": "0.16190", "2008-09-30": "0.28390", "2008-06-30": "0.32020", "2008-03-31": "0.30840", "2007-12-31": "0.14550", "2007-09-30": "0.30050", "2007-06-30": "0.32390", "2007-03-31": "0.31150", "2006-12-31": "0.30570", "2006-09-30": "0.28620", "2006-06-30": "0.31790", "2006-03-31": "0.30710", "2005-12-31": "0.23430", "2005-09-30": "0.30630", "2005-06-30": "0.32420", "2005-03-31": "0.32190"}, "Inventory Turnover Ratio": {"2020-09-30": "0.79870", "2020-06-30": "0.73110", "2020-03-31": "0.78630", "2019-12-31": "0.76030", "2019-09-30": "0.79040", "2019-06-30": "0.82280", "2019-03-31": "0.80660", "2018-12-31": "0.78450", "2018-09-30": "0.74670", "2018-06-30": "0.82180", "2018-03-31": "0.79580", "2017-12-31": "0.76510", "2017-09-30": "0.80770", "2017-06-30": "0.89060", "2017-03-31": "0.92120", "2016-12-31": "0.87740", "2016-09-30": "0.84680", "2016-06-30": "0.88060", "2016-03-31": "0.90860", "2015-12-31": "0.91660", "2015-09-30": "0.85990", "2015-06-30": "0.91070", "2015-03-31": "0.89610", "2014-12-31": "0.92470", "2014-09-30": "0.90980", "2014-06-30": "0.88900", "2014-03-31": "0.62520", "2013-12-31": "0.46430", "2013-09-30": "0.61840", "2013-06-30": "0.67400", "2013-03-31": "0.97790", "2012-12-31": "0.93010", "2012-09-30": "0.90900", "2012-06-30": "1.02400", "2012-03-31": "1.01640", "2011-12-31": "0.95610", "2011-09-30": "1.03090", "2011-06-30": "1.05400", "2011-03-31": "1.00360", "2010-12-31": "0.97180", "2010-09-30": "1.03010", "2010-06-30": "1.06230", "2010-03-31": "1.00240", "2009-12-31": "0.89600", "2009-09-30": "0.88440", "2009-06-30": "0.65730", "2009-03-31": "0.67140", "2008-12-31": "0.61880", "2008-09-30": "0.73560", "2008-06-30": "0.95520", "2008-03-31": "0.94740", "2007-12-31": "0.43810", "2007-09-30": "0.98910", "2007-06-30": "1.08150", "2007-03-31": "1.05490", "2006-12-31": "1.07310", "2006-09-30": "0.88470", "2006-06-30": "0.96310", "2006-03-31": "0.94160", "2005-12-31": "0.81850", "2005-09-30": "1.00080", "2005-06-30": "1.08720", "2005-03-31": "1.10240"}, "Receiveable Turnover": {"2020-09-30": "1.25540", "2020-06-30": "1.20320", "2020-03-31": "1.29130", "2019-12-31": "1.32910", "2019-09-30": "1.30590", "2019-06-30": "1.34550", "2019-03-31": "1.33380", "2018-12-31": "1.37230", "2018-09-30": "1.28490", "2018-06-30": "1.70940", "2018-03-31": "1.65030", "2017-12-31": "1.48220", "2017-09-30": "1.42270", "2017-06-30": "1.49610", "2017-03-31": "1.42850", "2016-12-31": "1.49500", "2016-09-30": "1.45190", "2016-06-30": "1.48930", "2016-03-31": "1.47100", "2015-12-31": "1.57150", "2015-09-30": "1.50570", "2015-06-30": "1.49330", "2015-03-31": "1.47000", "2014-12-31": "1.60230", "2014-09-30": "1.61240", "2014-06-30": "1.62220", "2014-03-31": "1.19180", "2013-12-31": "0.95230", "2013-09-30": "1.23190", "2013-06-30": "1.26770", "2013-03-31": "1.79500", "2012-12-31": "1.97600", "2012-09-30": "1.81410", "2012-06-30": "1.87680", "2012-03-31": "1.86480", "2011-12-31": "1.95930", "2011-09-30": "1.84630", "2011-06-30": "1.84980", "2011-03-31": "1.86480", "2010-12-31": "2.07260", "2010-09-30": "1.91910", "2010-06-30": "2.02160", "2010-03-31": "1.86830", "2009-12-31": "1.88370", "2009-09-30": "1.66580", "2009-06-30": "1.58430", "2009-03-31": "1.60840", "2008-12-31": "1.27490", "2008-09-30": "1.64030", "2008-06-30": "1.68850", "2008-03-31": "1.69600", "2007-12-31": "0.85120", "2007-09-30": "1.71650", "2007-06-30": "1.77700", "2007-03-31": "1.73390", "2006-12-31": "1.79480", "2006-09-30": "1.61440", "2006-06-30": "1.64800", "2006-03-31": "1.59800", "2005-12-31": "1.42390", "2005-09-30": "1.58910", "2005-06-30": "1.63890", "2005-03-31": "1.65070"}, "Days Sales In Receivables": {"2020-09-30": "71.69010", "2020-06-30": "74.80030", "2020-03-31": "69.69790", "2019-12-31": "67.71590", "2019-09-30": "68.91800", "2019-06-30": "66.88800", "2019-03-31": "67.47470", "2018-12-31": "65.58400", "2018-09-30": "70.04540", "2018-06-30": "52.65140", "2018-03-31": "54.53400", "2017-12-31": "60.72110", "2017-09-30": "63.25900", "2017-06-30": "60.15590", "2017-03-31": "63.00510", "2016-12-31": "60.20160", "2016-09-30": "61.98970", "2016-06-30": "60.43200", "2016-03-31": "61.18420", "2015-12-31": "57.27040", "2015-09-30": "59.77100", "2015-06-30": "60.26790", "2015-03-31": "61.22490", "2014-12-31": "56.17030", "2014-09-30": "55.81600", "2014-06-30": "55.48020", "2014-03-31": "75.51300", "2013-12-31": "94.51280", "2013-09-30": "73.05580", "2013-06-30": "70.99460", "2013-03-31": "50.14040", "2012-12-31": "45.54570", "2012-09-30": "49.61230", "2012-06-30": "47.95490", "2012-03-31": "48.26180", "2011-12-31": "45.93580", "2011-09-30": "48.74490", "2011-06-30": "48.65520", "2011-03-31": "48.26170", "2010-12-31": "43.42390", "2010-09-30": "46.89820", "2010-06-30": "44.51950", "2010-03-31": "48.17210", "2009-12-31": "47.77790", "2009-09-30": "54.02750", "2009-06-30": "56.80800", "2009-03-31": "55.95600", "2008-12-31": "70.59430", "2008-09-30": "54.86820", "2008-06-30": "53.30130", "2008-03-31": "53.06690", "2007-12-31": "105.73740", "2007-09-30": "52.43210", "2007-06-30": "50.64790", "2007-03-31": "51.90710", "2006-12-31": "50.14560", "2006-09-30": "55.74950", "2006-06-30": "54.61280", "2006-03-31": "56.32010", "2005-12-31": "63.20830", "2005-09-30": "56.63600", "2005-06-30": "54.91510", "2005-03-31": "54.52230"}, "ROE - Return On Equity": {"2020-09-30": "4.34970", "2020-06-30": "3.14090", "2020-03-31": "4.42040", "2019-12-31": "6.02620", "2019-09-30": "3.66990", "2019-06-30": "5.32070", "2019-03-31": "5.58650", "2018-12-31": "3.70120", "2018-09-30": "4.40750", "2018-06-30": "5.92020", "2018-03-31": "5.21780", "2017-12-31": "1.90520", "2017-09-30": "3.71590", "2017-06-30": "5.77630", "2017-03-31": "2.81220", "2016-12-31": "-0.52640", "2016-09-30": "2.48870", "2016-06-30": "3.54620", "2016-03-31": "4.78340", "2015-12-31": "16.65920", "2015-09-30": "4.77210", "2015-06-30": "2.74960", "2015-03-31": "-9.51840", "2014-12-31": "2.61780", "2014-09-30": "-0.62050", "2014-06-30": "3.19270", "2014-03-31": "2.30650", "2013-12-31": "0.38890", "2013-09-30": "1.47020", "2013-06-30": "2.37990", "2013-03-31": "3.22870", "2012-12-31": "3.35620", "2012-09-30": "3.45720", "2012-06-30": "7.92160", "2012-03-31": "7.09670", "2011-12-31": "5.30230", "2011-09-30": "5.04340", "2011-06-30": "5.54320", "2011-03-31": "5.50740", "2010-12-31": "4.45980", "2010-09-30": "4.02450", "2010-06-30": "4.94480", "2010-03-31": "1.76130", "2009-12-31": "-0.44900", "2009-09-30": "-1.19420", "2009-06-30": "-2.39830", "2009-03-31": "-0.08910", "2008-12-31": "-1.06080", "2008-09-30": "5.66320", "2008-06-30": "4.12830", "2008-03-31": "4.12420", "2007-12-31": "2.02050", "2007-09-30": "2.35100", "2007-06-30": "3.31280", "2007-03-31": "4.75300", "2006-12-31": "1.06820", "2006-09-30": "2.27940", "2006-06-30": "3.90590", "2006-03-31": "3.63140", "2005-12-31": "4.55930", "2005-09-30": "2.83710", "2005-06-30": "5.01680", "2005-03-31": "4.45220"}, "Return On Tangible Equity": {"2020-09-30": "26.79780", "2020-06-30": "25.78220", "2020-03-31": "47.43080", "2019-12-31": "58.14420", "2019-09-30": "41.68760", "2019-06-30": "114.75200", "2019-03-31": "245.61830", "2018-12-31": "-106.29400", "2018-09-30": "-106.16730", "2018-06-30": "13.72460", "2018-03-31": "13.14720", "2017-12-31": "5.17970", "2017-09-30": "10.47030", "2017-06-30": "10.81940", "2017-03-31": "5.20350", "2016-12-31": "-1.01110", "2016-09-30": "4.64040", "2016-06-30": "6.23950", "2016-03-31": "8.41650", "2015-12-31": "30.02680", "2015-09-30": "8.63800", "2015-06-30": "4.24410", "2015-03-31": "-14.50240", "2014-12-31": "3.81720", "2014-09-30": "-0.85360", "2014-06-30": "4.60320", "2014-03-31": "2.95300", "2013-12-31": "0.49160", "2013-09-30": "1.94910", "2013-06-30": "3.18650", "2013-03-31": "4.28110", "2012-12-31": "4.48010", "2012-09-30": "4.52570", "2012-06-30": "10.43940", "2012-03-31": "9.54890", "2011-12-31": "7.34690", "2011-09-30": "6.56030", "2011-06-30": "6.59090", "2011-03-31": "6.64220", "2010-12-31": "5.45270", "2010-09-30": "5.01180", "2010-06-30": "6.24760", "2010-03-31": "2.24450", "2009-12-31": "-0.57700", "2009-09-30": "-1.53930", "2009-06-30": "-3.18620", "2009-03-31": "-0.11830", "2008-12-31": "-1.35630", "2008-09-30": "7.07850", "2008-06-30": "5.20250", "2008-03-31": "5.27100", "2007-12-31": "2.59190", "2007-09-30": "2.86110", "2007-06-30": "4.06420", "2007-03-31": "5.90750", "2006-12-31": "1.34750", "2006-09-30": "2.97550", "2006-06-30": "5.09780", "2006-03-31": "4.81780", "2005-12-31": "6.12770", "2005-09-30": "3.83010", "2005-06-30": "6.87520", "2005-03-31": "6.18920"}, "ROA - Return On Assets": {"2020-09-30": "1.85980", "2020-06-30": "1.26100", "2020-03-31": "1.68670", "2019-12-31": "2.42390", "2019-09-30": "1.46100", "2019-06-30": "2.03030", "2019-03-31": "2.03600", "2018-12-31": "1.36780", "2018-09-30": "1.60680", "2018-06-30": "2.60490", "2018-03-31": "2.26790", "2017-12-31": "0.82590", "2017-09-30": "1.60840", "2017-06-30": "2.53200", "2017-03-31": "1.35320", "2016-12-31": "-0.24970", "2016-09-30": "1.20600", "2016-06-30": "1.72490", "2016-03-31": "2.30870", "2015-12-31": "8.04570", "2015-09-30": "2.18900", "2015-06-30": "1.30560", "2015-03-31": "-4.77950", "2014-12-31": "1.38600", "2014-09-30": "-0.32830", "2014-06-30": "1.76410", "2014-03-31": "1.36490", "2013-12-31": "0.23000", "2013-09-30": "0.83000", "2013-06-30": "1.34910", "2013-03-31": "1.80070", "2012-12-31": "1.77650", "2012-09-30": "1.92250", "2012-06-30": "4.16360", "2012-03-31": "3.56690", "2011-12-31": "2.50270", "2011-09-30": "2.72130", "2011-06-30": "2.92930", "2011-03-31": "2.72210", "2010-12-31": "2.07160", "2010-09-30": "1.69920", "2010-06-30": "2.04740", "2010-03-31": "0.71960", "2009-12-31": "-0.17880", "2009-09-30": "-0.42620", "2009-06-30": "-0.90950", "2009-03-31": "-0.03320", "2008-12-31": "-0.38890", "2008-09-30": "2.65490", "2008-06-30": "1.87540", "2008-03-31": "1.83500", "2007-12-31": "0.90460", "2007-09-30": "0.98270", "2007-06-30": "1.33480", "2007-03-31": "1.80050", "2006-12-31": "0.39160", "2006-09-30": "0.93360", "2006-06-30": "1.58420", "2006-03-31": "1.39810", "2005-12-31": "1.70910", "2005-09-30": "0.96960", "2005-06-30": "1.64790", "2005-03-31": "1.43680"}, "ROI - Return On Investment": {"2020-09-30": "2.51380", "2020-06-30": "1.67130", "2020-03-31": "2.27880", "2019-12-31": "3.26960", "2019-09-30": "1.97860", "2019-06-30": "2.76980", "2019-03-31": "2.76040", "2018-12-31": "1.85290", "2018-09-30": "2.17630", "2018-06-30": "3.77610", "2018-03-31": "3.30010", "2017-12-31": "1.20650", "2017-09-30": "2.23950", "2017-06-30": "3.46470", "2017-03-31": "1.94890", "2016-12-31": "-0.35460", "2016-09-30": "1.69360", "2016-06-30": "2.45490", "2016-03-31": "3.21130", "2015-12-31": "11.64240", "2015-09-30": "3.26170", "2015-06-30": "1.95670", "2015-03-31": "-6.96320", "2014-12-31": "1.97040", "2014-09-30": "-0.47090", "2014-06-30": "2.90870", "2014-03-31": "2.13770", "2013-12-31": "0.36460", "2013-09-30": "1.35280", "2013-06-30": "1.99060", "2013-03-31": "2.69960", "2012-12-31": "2.79080", "2012-09-30": "2.88900", "2012-06-30": "6.57560", "2012-03-31": "5.82740", "2011-12-31": "4.29540", "2011-09-30": "4.13170", "2011-06-30": "4.53480", "2011-03-31": "4.46340", "2010-12-31": "3.57330", "2010-09-30": "3.17590", "2010-06-30": "3.84180", "2010-03-31": "1.36620", "2009-12-31": "-0.34700", "2009-09-30": "-0.92230", "2009-06-30": "-2.06900", "2009-03-31": "-0.07660", "2008-12-31": "-0.80990", "2008-09-30": "4.58000", "2008-06-30": "3.28480", "2008-03-31": "3.05400", "2007-12-31": "1.55890", "2007-09-30": "1.80830", "2007-06-30": "2.51330", "2007-03-31": "3.54800", "2006-12-31": "0.77930", "2006-09-30": "1.72260", "2006-06-30": "2.96250", "2006-03-31": "2.67730", "2005-12-31": "3.31530", "2005-09-30": "2.05620", "2005-06-30": "3.44990", "2005-03-31": "3.03470"}, "Book Value Per Share": {"2020-09-30": "27.85450", "2020-06-30": "26.20040", "2020-03-31": "25.31510", "2019-12-31": "25.87800", "2019-09-30": "24.12910", "2019-06-30": "23.45550", "2019-03-31": "22.41070", "2018-12-31": "21.62760", "2018-09-30": "21.34240", "2018-06-30": "20.13180", "2018-03-31": "19.88220", "2017-12-31": "18.98130", "2017-09-30": "18.75750", "2017-06-30": "18.23670", "2017-03-31": "17.37080", "2016-12-31": "16.92580", "2016-09-30": "17.55700", "2016-06-30": "17.36240", "2016-03-31": "17.36360", "2015-12-31": "16.75240", "2015-09-30": "16.28550", "2015-06-30": "16.21860", "2015-03-31": "16.39230", "2014-12-31": "17.93730", "2014-09-30": "18.53600", "2014-06-30": "19.87440", "2014-03-31": "28.65130", "2013-12-31": "28.44200", "2013-09-30": "25.01240", "2013-06-30": "24.50160", "2013-03-31": "24.15810", "2012-12-31": "23.42700", "2012-09-30": "24.47440", "2012-06-30": "23.78710", "2012-03-31": "22.51910", "2011-12-31": "20.91290", "2011-09-30": "22.78240", "2011-06-30": "22.48000", "2011-03-31": "21.10470", "2010-12-31": "19.85420", "2010-09-30": "18.47660", "2010-06-30": "17.14170", "2010-03-31": "16.82960", "2009-12-31": "16.47430", "2009-09-30": "16.42790", "2009-06-30": "16.53770", "2009-03-31": "16.64170", "2008-12-31": "17.22520", "2008-09-30": "22.85510", "2008-06-30": "22.57080", "2008-03-31": "21.54820", "2007-12-31": "20.46440", "2007-09-30": "18.31430", "2007-06-30": "17.55940", "2007-03-31": "16.46340", "2006-12-31": "15.67670", "2006-09-30": "18.03130", "2006-06-30": "17.67630", "2006-03-31": "16.80590", "2005-12-31": "16.09650", "2005-09-30": "15.18570", "2005-06-30": "14.66400", "2005-03-31": "14.31050"}, "Operating Cash Flow Per Share": {"2020-09-30": 1.9825, "2020-06-30": 3.2742, "2020-03-31": "0.73650", "2019-12-31": 2.5214, "2019-09-30": 1.9137, "2019-06-30": 2.0395, "2019-03-31": "0.67910", "2018-12-31": 1.7581, "2018-09-30": 1.7501, "2018-06-30": 1.297, "2018-03-31": "-0.56070", "2017-12-31": 1.1874, "2017-09-30": 0.3646, "2017-06-30": 0.8569, "2017-03-31": "0.59190", "2016-12-31": 1.5526, "2016-09-30": 0.9717, "2016-06-30": 1.9691, "2016-03-31": "0.60420", "2015-12-31": 1.5289, "2015-09-30": 1.7026, "2015-06-30": 1.0306, "2015-03-31": "0.19390", "2014-12-31": 1.1865, "2014-09-30": 0.9131, "2014-06-30": 0.8333, "2014-03-31": "0.43240", "2013-12-31": 1.8681, "2013-09-30": 1.1952, "2013-06-30": 1.8145, "2013-03-31": "-0.39040", "2012-12-31": 2.6902, "2012-09-30": 1.3664, "2012-06-30": 2.7997, "2012-03-31": "-0.39250", "2011-12-31": 2.8069, "2011-09-30": 0.9627, "2011-06-30": 0.351, "2011-03-31": "-1.99810", "2010-12-31": -0.0055, "2010-09-30": 1.5218, "2010-06-30": 1.8339, "2010-03-31": "-0.14350", "2009-12-31": 1.7025, "2009-09-30": 1.7752, "2009-06-30": 2.2905, "2009-03-31": "0.34500", "2008-12-31": 2.8061, "2008-09-30": 2.2649, "2008-06-30": 1.0844, "2008-03-31": "-0.13550", "2007-12-31": 1.651, "2007-09-30": 0.9891, "2007-06-30": 1.0084, "2007-03-31": "-0.06010", "2006-12-31": 1.7469, "2006-09-30": 0.7785, "2006-06-30": 1.4378, "2006-03-31": "-0.39010", "2005-12-31": 2.3053, "2005-09-30": 0.7447, "2005-06-30": 0.6086, "2005-03-31": "-0.21460"}, "Free Cash Flow Per Share": {"2020-09-30": 1.6055, "2020-06-30": 2.9445, "2020-03-31": "0.31980", "2019-12-31": 1.8573, "2019-09-30": 1.339, "2019-06-30": 1.7149, "2019-03-31": "0.49600", "2018-12-31": 1.1407, "2018-09-30": 1.4537, "2018-06-30": 1.0166, "2018-03-31": "-0.78470", "2017-12-31": 0.7437, "2017-09-30": 0.0447, "2017-06-30": 0.627, "2017-03-31": "0.34860", "2016-12-31": 0.8905, "2016-09-30": 0.5514, "2016-06-30": 1.6359, "2016-03-31": "0.30330", "2015-12-31": 1.0494, "2015-09-30": 1.4995, "2015-06-30": 0.7835, "2015-03-31": "0.00110", "2014-12-31": 0.8022, "2014-09-30": 0.5169, "2014-06-30": 0.5698, "2014-03-31": "0.28930", "2013-12-31": 1.4966, "2013-09-30": 0.898, "2013-06-30": 1.8117, "2013-03-31": "-1.03900", "2012-12-31": 3.3936, "2012-09-30": 0.6162, "2012-06-30": 2.0974, "2012-03-31": "-0.85000", "2011-12-31": 1.7444, "2011-09-30": 0.4944, "2011-06-30": 0.0001, "2011-03-31": "-2.19730", "2010-12-31": -0.5565, "2010-09-30": 1.3016, "2010-06-30": 1.5795, "2010-03-31": "-0.28600", "2009-12-31": 1.3548, "2009-09-30": 1.481, "2009-06-30": 2.0887, "2009-03-31": "0.02890", "2008-12-31": 2.0163, "2008-09-30": 1.7661, "2008-06-30": 0.3017, "2008-03-31": "-0.37480", "2007-12-31": 0.7463, "2007-09-30": 0.2647, "2007-06-30": 0.4167, "2007-03-31": "-0.66460", "2006-12-31": 0.4949, "2006-09-30": 0.0573, "2006-06-30": 0.7711, "2006-03-31": "-0.79260", "2005-12-31": 1.3589, "2005-09-30": 0.2762, "2005-06-30": 0.0736, "2005-03-31": "-0.55720"}}, "revenue": {"Timken Annual Revenue (Millions of US $)": {"2020": "$3,513", "2019": "$3,790", "2018": "$3,581", "2017": "$3,004", "2016": "$2,670", "2015": "$2,872", "2014": "$3,076", "2013": "$3,035", "2012": "$3,360", "2011": "$5,170", "2010": "$4,056", "2009": "$3,142", "2008": "$5,041", "2007": "$4,532", "2006": "$4,973", "2005": "$4,823"}, "Timken Quarterly Revenue (Millions of US $)": {"2020-12-31": "$892", "2020-09-30": "$895", "2020-06-30": "$804", "2020-03-31": "$923", "2019-12-31": "$896", "2019-09-30": "$914", "2019-06-30": "$1,000", "2019-03-31": "$980", "2018-12-31": "$910", "2018-09-30": "$881", "2018-06-30": "$906", "2018-03-31": "$883", "2017-12-31": "$778", "2017-09-30": "$771", "2017-06-30": "$751", "2017-03-31": "$704", "2016-12-31": "$655", "2016-09-30": "$657", "2016-06-30": "$674", "2016-03-31": "$684", "2015-12-31": "$714", "2015-09-30": "$707", "2015-06-30": "$728", "2015-03-31": "$723", "2014-12-31": "$762", "2014-09-30": "$788", "2014-06-30": "$789", "2014-03-31": "$737", "2013-12-31": "$423", "2013-09-30": "$731", "2013-06-30": "$791", "2013-03-31": "$1,090", "2012-12-31": "$1,080", "2012-09-30": "$1,143", "2012-06-30": "$1,343", "2012-03-31": "$1,421", "2011-12-31": "$1,265", "2011-09-30": "$1,322", "2011-06-30": "$1,330", "2011-03-31": "$1,254", "2010-12-31": "$1,071", "2010-09-30": "$1,060", "2010-06-30": "$1,011", "2010-03-31": "$914", "2009-12-31": "$775", "2009-09-30": "$764", "2009-06-30": "$737", "2009-03-31": "$867", "2008-12-31": "$734", "2008-09-30": "$1,336", "2008-06-30": "$1,536", "2008-03-31": "$1,435", "2007-12-31": "$637", "2007-09-30": "$1,261", "2007-06-30": "$1,349", "2007-03-31": "$1,285", "2006-12-31": "$1,231", "2006-09-30": "$1,186", "2006-06-30": "$1,302", "2006-03-31": "$1,254", "2005-12-31": "$936", "2005-09-30": "$1,258", "2005-06-30": "$1,325", "2005-03-31": "$1,305"}}, "gross-profit": {"Timken Annual Gross Profit (Millions of US $)": {"2020": "$1,010", "2019": "$1,142", "2018": "$1,040", "2017": "$812", "2016": "$706", "2015": "$820", "2014": "$898", "2013": "$868", "2012": "$1,028", "2011": "$1,370", "2010": "$1,022", "2009": "$583", "2008": "$1,152", "2007": "$955", "2006": "$1,005", "2005": "$1,000"}, "Timken Quarterly Gross Profit (Millions of US $)": {"2020-12-31": "$237", "2020-09-30": "$264", "2020-06-30": "$230", "2020-03-31": "$279", "2019-12-31": "$256", "2019-09-30": "$278", "2019-06-30": "$306", "2019-03-31": "$303", "2018-12-31": "$255", "2018-09-30": "$253", "2018-06-30": "$267", "2018-03-31": "$265", "2017-12-31": "$213", "2017-09-30": "$216", "2017-06-30": "$201", "2017-03-31": "$182", "2016-12-31": "$169", "2016-09-30": "$170", "2016-06-30": "$185", "2016-03-31": "$183", "2015-12-31": "$217", "2015-09-30": "$195", "2015-06-30": "$205", "2015-03-31": "$203", "2014-12-31": "$221", "2014-09-30": "$226", "2014-06-30": "$234", "2014-03-31": "$218", "2013-12-31": "$152", "2013-09-30": "$202", "2013-06-30": "$240", "2013-03-31": "$275", "2012-12-31": "$279", "2012-09-30": "$299", "2012-06-30": "$377", "2012-03-31": "$412", "2011-12-31": "$343", "2011-09-30": "$343", "2011-06-30": "$351", "2011-03-31": "$333", "2010-12-31": "$266", "2010-09-30": "$265", "2010-06-30": "$268", "2010-03-31": "$223", "2009-12-31": "$173", "2009-09-30": "$130", "2009-06-30": "$125", "2009-03-31": "$155", "2008-12-31": "$115", "2008-09-30": "$382", "2008-06-30": "$344", "2008-03-31": "$312", "2007-12-31": "$161", "2007-09-30": "$250", "2007-06-30": "$288", "2007-03-31": "$256", "2006-12-31": "$209", "2006-09-30": "$232", "2006-06-30": "$294", "2006-03-31": "$270", "2005-12-31": "$199", "2005-09-30": "$252", "2005-06-30": "$277", "2005-03-31": "$272"}}, "operating-income": {"Timken Annual Operating Income (Millions of US $)": {"2020": "$455", "2019": "$516", "2018": "$455", "2017": "$300", "2016": "$244", "2015": "$256", "2014": "$208", "2013": "$306", "2012": "$444", "2011": "$729", "2010": "$436", "2009": "$-54", "2008": "$462", "2007": "$295", "2006": "$219", "2005": "$327"}, "Timken Quarterly Operating Income (Millions of US $)": {"2020-12-31": "$99", "2020-09-30": "$119", "2020-06-30": "$115", "2020-03-31": "$122", "2019-12-31": "$94", "2019-09-30": "$128", "2019-06-30": "$145", "2019-03-31": "$150", "2018-12-31": "$104", "2018-09-30": "$109", "2018-06-30": "$125", "2018-03-31": "$116", "2017-12-31": "$79", "2017-09-30": "$81", "2017-06-30": "$76", "2017-03-31": "$63", "2016-12-31": "$58", "2016-09-30": "$57", "2016-06-30": "$74", "2016-03-31": "$55", "2015-12-31": "$264", "2015-09-30": "$67", "2015-06-30": "$73", "2015-03-31": "$-147", "2014-12-31": "$51", "2014-09-30": "$-6", "2014-06-30": "$91", "2014-03-31": "$72", "2013-12-31": "$34", "2013-09-30": "$59", "2013-06-30": "$94", "2013-03-31": "$120", "2012-12-31": "$114", "2012-09-30": "$134", "2012-06-30": "$198", "2012-03-31": "$247", "2011-12-31": "$170", "2011-09-30": "$187", "2011-06-30": "$191", "2011-03-31": "$182", "2010-12-31": "$104", "2010-09-30": "$122", "2010-06-30": "$127", "2010-03-31": "$84", "2009-12-31": "$-21", "2009-09-30": "$3", "2009-06-30": "$-53", "2009-03-31": "$17", "2008-12-31": "$-17", "2008-09-30": "$203", "2008-06-30": "$145", "2008-03-31": "$131", "2007-12-31": "$49", "2007-09-30": "$68", "2007-06-30": "$101", "2007-03-31": "$78", "2006-12-31": "$-52", "2006-09-30": "$69", "2006-06-30": "$104", "2006-03-31": "$98", "2005-12-31": "$39", "2005-09-30": "$65", "2005-06-30": "$115", "2005-03-31": "$108"}}, "ebitda": {"Timken Annual EBITDA (Millions of US $)": {"2019": "$677", "2018": "$601", "2017": "$437", "2016": "$376", "2015": "$387", "2014": "$345", "2013": "$448", "2012": "$594", "2011": "$922", "2010": "$626", "2009": "$147", "2008": "$663", "2007": "$483", "2006": "$415", "2005": "$537"}, "Timken Quarterly EBITDA (Millions of US $)": {"2020-09-30": "$160", "2020-06-30": "$157", "2020-03-31": "$164", "2019-12-31": "$134", "2019-09-30": "$167", "2019-06-30": "$187", "2019-03-31": "$189", "2018-12-31": "$145", "2018-09-30": "$144", "2018-06-30": "$160", "2018-03-31": "$152", "2017-12-31": "$115", "2017-09-30": "$117", "2017-06-30": "$110", "2017-03-31": "$96", "2016-12-31": "$92", "2016-09-30": "$90", "2016-06-30": "$106", "2016-03-31": "$88", "2015-12-31": "$297", "2015-09-30": "$99", "2015-06-30": "$105", "2015-03-31": "$-114", "2014-12-31": "$84", "2014-09-30": "$28", "2014-06-30": "$126", "2014-03-31": "$108", "2013-12-31": "$70", "2013-09-30": "$94", "2013-06-30": "$117", "2013-03-31": "$168", "2012-12-31": "$115", "2012-09-30": "$183", "2012-06-30": "$248", "2012-03-31": "$297", "2011-12-31": "$219", "2011-09-30": "$236", "2011-06-30": "$237", "2011-03-31": "$229", "2010-12-31": "$151", "2010-09-30": "$169", "2010-06-30": "$174", "2010-03-31": "$132", "2009-12-31": "$30", "2009-09-30": "$52", "2009-06-30": "$-2", "2009-03-31": "$68", "2008-12-31": "$29", "2008-09-30": "$241", "2008-06-30": "$205", "2008-03-31": "$188", "2007-12-31": "$76", "2007-09-30": "$126", "2007-06-30": "$149", "2007-03-31": "$132", "2006-12-31": "$-1", "2006-09-30": "$117", "2006-06-30": "$152", "2006-03-31": "$148", "2005-12-31": "$88", "2005-09-30": "$118", "2005-06-30": "$169", "2005-03-31": "$162"}}, "net-income": {"Timken Annual Net Income (Millions of US $)": {"2020": "$285", "2019": "$362", "2018": "$303", "2017": "$203", "2016": "$141", "2015": "$189", "2014": "$171", "2013": "$263", "2012": "$496", "2011": "$453", "2010": "$274", "2009": "$-134", "2008": "$268", "2007": "$220", "2006": "$223", "2005": "$260"}, "Timken Quarterly Net Income (Millions of US $)": {"2020-12-31": "$53", "2020-09-30": "$89", "2020-06-30": "$62", "2020-03-31": "$81", "2019-12-31": "$114", "2019-09-30": "$64", "2019-06-30": "$93", "2019-03-31": "$92", "2018-12-31": "$60", "2018-09-30": "$72", "2018-06-30": "$91", "2018-03-31": "$80", "2017-12-31": "$29", "2017-09-30": "$54", "2017-06-30": "$83", "2017-03-31": "$38", "2016-12-31": "$-7", "2016-09-30": "$34", "2016-06-30": "$48", "2016-03-31": "$66", "2015-12-31": "$224", "2015-09-30": "$63", "2015-06-30": "$37", "2015-03-31": "$-135", "2014-12-31": "$47", "2014-09-30": "$-22", "2014-06-30": "$63", "2014-03-31": "$84", "2013-12-31": "$53", "2013-09-30": "$52", "2013-06-30": "$83", "2013-03-31": "$75", "2012-12-31": "$75", "2012-09-30": "$81", "2012-06-30": "$183", "2012-03-31": "$155", "2011-12-31": "$109", "2011-09-30": "$111", "2011-06-30": "$121", "2011-03-31": "$112", "2010-12-31": "$89", "2010-09-30": "$70", "2010-06-30": "$86", "2010-03-31": "$29", "2009-12-31": "$-20", "2009-09-30": "$-50", "2009-06-30": "$-65", "2009-03-31": "$1", "2008-12-31": "$-36", "2008-09-30": "$130", "2008-06-30": "$89", "2008-03-31": "$84", "2007-12-31": "$48", "2007-09-30": "$41", "2007-06-30": "$55", "2007-03-31": "$75", "2006-12-31": "$35", "2006-09-30": "$47", "2006-06-30": "$75", "2006-03-31": "$66", "2005-12-31": "$95", "2005-09-30": "$40", "2005-06-30": "$67", "2005-03-31": "$58"}}, "eps-earnings-per-share-diluted": {"Timken Annual EPS": {"2020": "$3.72", "2019": "$4.71", "2018": "$3.86", "2017": "$2.58", "2016": "$1.78", "2015": "$2.21", "2014": "$1.87", "2013": "$2.74", "2012": "$5.07", "2011": "$4.59", "2010": "$2.81", "2009": "$-1.39", "2008": "$2.77", "2007": "$2.29", "2006": "$2.36", "2005": "$2.81"}, "Timken Quarterly EPS": {"2020-12-31": "$0.69", "2020-09-30": "$1.16", "2020-06-30": "$0.82", "2020-03-31": "$1.06", "2019-12-31": "$1.48", "2019-09-30": "$0.84", "2019-06-30": "$1.20", "2019-03-31": "$1.19", "2018-12-31": "$0.77", "2018-09-30": "$0.91", "2018-06-30": "$1.16", "2018-03-31": "$1.02", "2017-12-31": "$0.38", "2017-09-30": "$0.68", "2017-06-30": "$1.04", "2017-03-31": "$0.48", "2016-12-31": "$-0.08", "2016-09-30": "$0.43", "2016-06-30": "$0.61", "2016-03-31": "$0.82", "2015-12-31": "$2.57", "2015-09-30": "$0.75", "2015-06-30": "$0.43", "2015-03-31": "$-1.54", "2014-12-31": "$0.53", "2014-09-30": "$-0.24", "2014-06-30": "$0.68", "2014-03-31": "$0.90", "2013-12-31": "$0.57", "2013-09-30": "$0.54", "2013-06-30": "$0.86", "2013-03-31": "$0.77", "2012-12-31": "$0.78", "2012-09-30": "$0.83", "2012-06-30": "$1.86", "2012-03-31": "$1.58", "2011-12-31": "$1.12", "2011-09-30": "$1.12", "2011-06-30": "$1.22", "2011-03-31": "$1.13", "2010-12-31": "$0.92", "2010-09-30": "$0.72", "2010-06-30": "$0.88", "2010-03-31": "$0.29", "2009-12-31": "$-0.21", "2009-09-30": "$-0.52", "2009-06-30": "$-0.67", "2009-03-31": "$0.01", "2008-12-31": "$-0.38", "2008-09-30": "$1.35", "2008-06-30": "$0.92", "2008-03-31": "$0.88", "2007-12-31": "$0.49", "2007-09-30": "$0.43", "2007-06-30": "$0.58", "2007-03-31": "$0.79", "2006-12-31": "$0.38", "2006-09-30": "$0.49", "2006-06-30": "$0.79", "2006-03-31": "$0.70", "2005-12-31": "$1.02", "2005-09-30": "$0.43", "2005-06-30": "$0.73", "2005-03-31": "$0.63"}}, "shares-outstanding": {"Timken Annual Shares Outstanding (Millions of Shares)": {"2020": "76", "2019": "77", "2018": "78", "2017": "79", "2016": "79", "2015": "85", "2014": "91", "2013": "96", "2012": "98", "2011": "99", "2010": "98", "2009": "96", "2008": "96", "2007": "95", "2006": "94", "2005": "93"}, "Timken Quarterly Shares Outstanding (Millions of Shares)": {"2020-12-31": "77", "2020-09-30": "76", "2020-06-30": "76", "2020-03-31": "76", "2019-12-31": "77", "2019-09-30": "77", "2019-06-30": "77", "2019-03-31": "77", "2018-12-31": "78", "2018-09-30": "78", "2018-06-30": "78", "2018-03-31": "79", "2017-12-31": "79", "2017-09-30": "79", "2017-06-30": "79", "2017-03-31": "79", "2016-12-31": "79", "2016-09-30": "79", "2016-06-30": "79", "2016-03-31": "80", "2015-12-31": "85", "2015-09-30": "84", "2015-06-30": "86", "2015-03-31": "88", "2014-12-31": "91", "2014-09-30": "90", "2014-06-30": "92", "2014-03-31": "93", "2013-12-31": "96", "2013-09-30": "95", "2013-06-30": "97", "2013-03-31": "97", "2012-12-31": "97", "2012-09-30": "97", "2012-06-30": "98", "2012-03-31": "99", "2011-12-31": "99", "2011-09-30": "98", "2011-06-30": "99", "2011-03-31": "99", "2010-12-31": "98", "2010-09-30": "98", "2010-06-30": "97", "2010-03-31": "97", "2009-12-31": "96", "2009-09-30": "96", "2009-06-30": "96", "2009-03-31": "96", "2008-12-31": "96", "2008-09-30": "96", "2008-06-30": "96", "2008-03-31": "95", "2007-12-31": "95", "2007-09-30": "96", "2007-06-30": "96", "2007-03-31": "95", "2006-12-31": "94", "2006-09-30": "94", "2006-06-30": "94", "2006-03-31": "94", "2005-12-31": "93", "2005-09-30": "93", "2005-06-30": "92", "2005-03-31": "92"}}, "total-assets": {"Timken Annual Total Assets (Millions of US $)": {"2019": "$4,860", "2018": "$4,445", "2017": "$3,402", "2016": "$2,763", "2015": "$2,784", "2014": "$3,001", "2013": "$4,478", "2012": "$4,244", "2011": "$4,327", "2010": "$4,180", "2009": "$4,007", "2008": "$4,536", "2007": "$4,379", "2006": "$4,027", "2005": "$3,994"}, "Timken Quarterly Total Assets (Millions of US $)": {"2020-09-30": "$4,909", "2020-06-30": "$4,901", "2020-03-31": "$4,980", "2019-12-31": "$4,860", "2019-09-30": "$4,565", "2019-06-30": "$4,674", "2019-03-31": "$4,681", "2018-12-31": "$4,445", "2018-09-30": "$4,500", "2018-06-30": "$3,528", "2018-03-31": "$3,550", "2017-12-31": "$3,402", "2017-09-30": "$3,364", "2017-06-30": "$3,239", "2017-03-31": "$2,816", "2016-12-31": "$2,763", "2016-09-30": "$2,819", "2016-06-30": "$2,794", "2016-03-31": "$2,850", "2015-12-31": "$2,784", "2015-09-30": "$2,947", "2015-06-30": "$2,888", "2015-03-31": "$2,820", "2014-12-31": "$3,001", "2014-09-30": "$3,107", "2014-06-30": "$3,265", "2014-03-31": "$4,418", "2013-12-31": "$4,478", "2013-09-30": "$4,193", "2013-06-30": "$4,106", "2013-03-31": "$4,165", "2012-12-31": "$4,244", "2012-09-30": "$4,219", "2012-06-30": "$4,405", "2012-03-31": "$4,374", "2011-12-31": "$4,327", "2011-09-30": "$4,123", "2011-06-30": "$4,175", "2011-03-31": "$4,181", "2010-12-31": "$4,180", "2010-09-30": "$4,249", "2010-06-30": "$4,005", "2010-03-31": "$3,988", "2009-12-31": "$4,007", "2009-09-30": "$4,458", "2009-06-30": "$4,222", "2009-03-31": "$4,318", "2008-12-31": "$4,536", "2008-09-30": "$4,707", "2008-06-30": "$4,795", "2008-03-31": "$4,651", "2007-12-31": "$4,379", "2007-09-30": "$4,197", "2007-06-30": "$4,166", "2007-03-31": "$4,124", "2006-12-31": "$4,027", "2006-09-30": "$4,144", "2006-06-30": "$4,096", "2006-03-31": "$4,084", "2005-12-31": "$3,994", "2005-09-30": "$4,108", "2005-06-30": "$4,086", "2005-03-31": "$4,053"}}, "cash-on-hand": {"Timken Annual Cash on Hand (Millions of US $)": {"2019": "$216", "2018": "$133", "2017": "$125", "2016": "$152", "2015": "$130", "2014": "$294", "2013": "$400", "2012": "$602", "2011": "$468", "2010": "$877", "2009": "$756", "2008": "$133", "2007": "$30", "2006": "$101", "2005": "$65"}, "Timken Quarterly Cash on Hand (Millions of US $)": {"2020-09-30": "$314", "2020-06-30": "$416", "2020-03-31": "$394", "2019-12-31": "$216", "2019-09-30": "$182", "2019-06-30": "$167", "2019-03-31": "$240", "2018-12-31": "$133", "2018-09-30": "$155", "2018-06-30": "$147", "2018-03-31": "$120", "2017-12-31": "$125", "2017-09-30": "$141", "2017-06-30": "$448", "2017-03-31": "$132", "2016-12-31": "$152", "2016-09-30": "$132", "2016-06-30": "$156", "2016-03-31": "$138", "2015-12-31": "$130", "2015-09-30": "$170", "2015-06-30": "$256", "2015-03-31": "$169", "2014-12-31": "$294", "2014-09-30": "$254", "2014-06-30": "$310", "2014-03-31": "$263", "2013-12-31": "$400", "2013-09-30": "$418", "2013-06-30": "$397", "2013-03-31": "$458", "2012-12-31": "$602", "2012-09-30": "$486", "2012-06-30": "$510", "2012-03-31": "$359", "2011-12-31": "$468", "2011-09-30": "$407", "2011-06-30": "$638", "2011-03-31": "$642", "2010-12-31": "$877", "2010-09-30": "$900", "2010-06-30": "$796", "2010-03-31": "$709", "2009-12-31": "$756", "2009-09-30": "$631", "2009-06-30": "$277", "2009-03-31": "$112", "2008-12-31": "$133", "2008-09-30": "$95", "2008-06-30": "$75", "2008-03-31": "$68", "2007-12-31": "$30", "2007-09-30": "$88", "2007-06-30": "$73", "2007-03-31": "$101", "2006-12-31": "$101", "2006-09-30": "$54", "2006-06-30": "$39", "2006-03-31": "$31", "2005-12-31": "$65", "2005-09-30": "$63", "2005-06-30": "$67", "2005-03-31": "$52"}}, "long-term-debt": {"Timken Annual Long Term Debt (Millions of US $)": {"2019": "$1,648", "2018": "$1,639", "2017": "$854", "2016": "$635", "2015": "$579", "2014": "$522", "2013": "$176", "2012": "$455", "2011": "$479", "2010": "$482", "2009": "$469", "2008": "$515", "2007": "$581", "2006": "$547", "2005": "$562"}, "Timken Quarterly Long Term Debt (Millions of US $)": {"2020-09-30": "$1,533", "2020-06-30": "$1,730", "2020-03-31": "$1,786", "2019-12-31": "$1,648", "2019-09-30": "$1,554", "2019-06-30": "$1,643", "2019-03-31": "$1,747", "2018-12-31": "$1,639", "2018-09-30": "$1,682", "2018-06-30": "$881", "2018-03-31": "$897", "2017-12-31": "$854", "2017-09-30": "$960", "2017-06-30": "$947", "2017-03-31": "$600", "2016-12-31": "$635", "2016-09-30": "$641", "2016-06-30": "$604", "2016-03-31": "$673", "2015-12-31": "$579", "2015-09-30": "$626", "2015-06-30": "$556", "2015-03-31": "$520", "2014-12-31": "$522", "2014-09-30": "$522", "2014-06-30": "$176", "2014-03-31": "$206", "2013-12-31": "$176", "2013-09-30": "$205", "2013-06-30": "$455", "2013-03-31": "$455", "2012-12-31": "$455", "2012-09-30": "$461", "2012-06-30": "$474", "2012-03-31": "$479", "2011-12-31": "$479", "2011-09-30": "$491", "2011-06-30": "$491", "2011-03-31": "$483", "2010-12-31": "$482", "2010-09-30": "$479", "2010-06-30": "$476", "2010-03-31": "$471", "2009-12-31": "$469", "2009-09-30": "$469", "2009-06-30": "$255", "2009-03-31": "$261", "2008-12-31": "$515", "2008-09-30": "$522", "2008-06-30": "$559", "2008-03-31": "$725", "2007-12-31": "$581", "2007-09-30": "$527", "2007-06-30": "$534", "2007-03-31": "$531", "2006-12-31": "$547", "2006-09-30": "$549", "2006-06-30": "$529", "2006-03-31": "$560", "2005-12-31": "$562", "2005-09-30": "$533", "2005-06-30": "$610", "2005-03-31": "$611"}}, "total-liabilities": {"Timken Annual Total Liabilities (Millions of US $)": {"2019": "$2,905", "2018": "$2,803", "2017": "$1,928", "2016": "$1,452", "2015": "$1,440", "2014": "$1,412", "2013": "$1,829", "2012": "$1,998", "2011": "$2,285", "2010": "$2,239", "2009": "$2,411", "2008": "$2,873", "2007": "$2,419", "2006": "$2,551", "2005": "$2,497"}, "Timken Quarterly Total Liabilities (Millions of US $)": {"2020-09-30": "$2,810", "2020-06-30": "$2,933", "2020-03-31": "$3,080", "2019-12-31": "$2,905", "2019-09-30": "$2,748", "2019-06-30": "$2,891", "2019-03-31": "$2,975", "2018-12-31": "$2,803", "2018-09-30": "$2,859", "2018-06-30": "$1,976", "2018-03-31": "$2,007", "2017-12-31": "$1,928", "2017-09-30": "$1,908", "2017-06-30": "$1,819", "2017-03-31": "$1,461", "2016-12-31": "$1,452", "2016-09-30": "$1,453", "2016-06-30": "$1,435", "2016-03-31": "$1,475", "2015-12-31": "$1,440", "2015-09-30": "$1,595", "2015-06-30": "$1,517", "2015-03-31": "$1,404", "2014-12-31": "$1,412", "2014-09-30": "$1,463", "2014-06-30": "$1,461", "2014-03-31": "$1,804", "2013-12-31": "$1,829", "2013-09-30": "$1,826", "2013-06-30": "$1,779", "2013-03-31": "$1,842", "2012-12-31": "$1,998", "2012-09-30": "$1,873", "2012-06-30": "$2,090", "2012-03-31": "$2,175", "2011-12-31": "$2,285", "2011-09-30": "$1,898", "2011-06-30": "$1,969", "2011-03-31": "$2,114", "2010-12-31": "$2,239", "2010-09-30": "$2,455", "2010-06-30": "$2,347", "2010-03-31": "$2,359", "2009-12-31": "$2,411", "2009-09-30": "$2,867", "2009-06-30": "$2,621", "2009-03-31": "$2,707", "2008-12-31": "$2,873", "2008-09-30": "$2,500", "2008-06-30": "$2,617", "2008-03-31": "$2,582", "2007-12-31": "$2,419", "2007-09-30": "$2,443", "2007-06-30": "$2,487", "2007-03-31": "$2,562", "2006-12-31": "$2,551", "2006-09-30": "$2,447", "2006-06-30": "$2,435", "2006-03-31": "$2,512", "2005-12-31": "$2,497", "2005-09-30": "$2,704", "2005-06-30": "$2,744", "2005-03-31": "$2,745"}}, "total-share-holder-equity": {"Timken Annual Share Holder Equity (Millions of US $)": {"2019": "$1,955", "2018": "$1,643", "2017": "$1,475", "2016": "$1,311", "2015": "$1,345", "2014": "$1,589", "2013": "$2,649", "2012": "$2,247", "2011": "$2,043", "2010": "$1,942", "2009": "$1,596", "2008": "$1,663", "2007": "$1,961", "2006": "$1,476", "2005": "$1,497"}, "Timken Quarterly Share Holder Equity (Millions of US $)": {"2020-09-30": "$2,099", "2020-06-30": "$1,968", "2020-03-31": "$1,900", "2019-12-31": "$1,955", "2019-09-30": "$1,818", "2019-06-30": "$1,784", "2019-03-31": "$1,706", "2018-12-31": "$1,643", "2018-09-30": "$1,640", "2018-06-30": "$1,552", "2018-03-31": "$1,543", "2017-12-31": "$1,475", "2017-09-30": "$1,456", "2017-06-30": "$1,420", "2017-03-31": "$1,355", "2016-12-31": "$1,311", "2016-09-30": "$1,366", "2016-06-30": "$1,359", "2016-03-31": "$1,376", "2015-12-31": "$1,345", "2015-09-30": "$1,352", "2015-06-30": "$1,371", "2015-03-31": "$1,416", "2014-12-31": "$1,589", "2014-09-30": "$1,644", "2014-06-30": "$1,804", "2014-03-31": "$2,614", "2013-12-31": "$2,649", "2013-09-30": "$2,367", "2013-06-30": "$2,328", "2013-03-31": "$2,323", "2012-12-31": "$2,247", "2012-09-30": "$2,346", "2012-06-30": "$2,315", "2012-03-31": "$2,198", "2011-12-31": "$2,043", "2011-09-30": "$2,225", "2011-06-30": "$2,206", "2011-03-31": "$2,066", "2010-12-31": "$1,942", "2010-09-30": "$1,794", "2010-06-30": "$1,658", "2010-03-31": "$1,629", "2009-12-31": "$1,596", "2009-09-30": "$1,591", "2009-06-30": "$1,601", "2009-03-31": "$1,611", "2008-12-31": "$1,663", "2008-09-30": "$2,207", "2008-06-30": "$2,178", "2008-03-31": "$2,069", "2007-12-31": "$1,961", "2007-09-30": "$1,754", "2007-06-30": "$1,678", "2007-03-31": "$1,562", "2006-12-31": "$1,476", "2006-09-30": "$1,697", "2006-06-30": "$1,661", "2006-03-31": "$1,572", "2005-12-31": "$1,497", "2005-09-30": "$1,404", "2005-06-30": "$1,342", "2005-03-31": "$1,308"}}, "profit-margins": {"current": "8.1%"}, "gross margin": {"2020-12-31": "28.74%", "2020-09-30": "29.25%", "2020-06-30": "29.49%", "2020-03-31": "29.98%", "2019-12-31": "30.16%", "2019-09-30": "30.02%", "2019-06-30": "29.62%", "2019-03-31": "29.32%", "2018-12-31": "29.05%", "2018-09-30": "28.94%", "2018-06-30": "28.79%", "2018-03-31": "28.12%", "2017-12-31": "27.03%", "2017-09-30": "26.66%", "2017-06-30": "26.09%", "2017-03-31": "26.25%", "2016-12-31": "26.48%", "2016-09-30": "27.63%", "2016-06-30": "28.03%", "2016-03-31": "28.20%", "2015-12-31": "28.52%", "2015-09-30": "28.22%", "2015-06-30": "28.49%", "2015-03-31": "28.87%", "2014-12-31": "29.23%", "2014-09-30": "30.33%", "2014-06-30": "30.07%", "2014-03-31": "30.28%", "2013-12-31": "28.63%", "2013-09-30": "26.98%", "2013-06-30": "26.63%", "2013-03-31": "26.42%", "2012-12-31": "27.41%", "2012-09-30": "27.67%", "2012-06-30": "27.56%", "2012-03-31": "27.14%", "2011-12-31": "26.49%", "2011-09-30": "25.98%", "2011-06-30": "25.77%", "2011-03-31": "25.75%", "2010-12-31": "25.20%", "2010-09-30": "24.71%", "2010-06-30": "22.92%", "2010-03-31": "20.41%", "2009-12-31": "18.55%", "2009-09-30": "16.92%", "2009-06-30": "21.15%", "2009-03-31": "22.27%", "2008-12-31": "22.87%", "2008-09-30": "24.25%", "2008-06-30": "21.91%", "2008-03-31": "21.59%", "2007-12-31": "21.07%", "2007-09-30": "19.57%", "2007-06-30": "19.50%", "2007-03-31": "19.80%", "2006-12-31": "20.21%", "2006-09-30": "21.27%", "2006-06-30": "21.37%", "2006-03-31": "20.91%", "2005-12-31": "20.73%"}, "operating margin": {"2020-12-31": "12.95%", "2020-09-30": "12.76%", "2020-06-30": "12.95%", "2020-03-31": "13.07%", "2019-12-31": "13.61%", "2019-09-30": "13.85%", "2019-06-30": "13.47%", "2019-03-31": "13.27%", "2018-12-31": "12.68%", "2018-09-30": "12.44%", "2018-06-30": "12.01%", "2018-03-31": "11.06%", "2017-12-31": "9.95%", "2017-09-30": "9.65%", "2017-06-30": "9.18%", "2017-03-31": "9.37%", "2016-12-31": "9.14%", "2016-09-30": "16.49%", "2016-06-30": "16.55%", "2016-03-31": "16.20%", "2015-12-31": "8.95%", "2015-09-30": "1.51%", "2015-06-30": "-0.97%", "2015-03-31": "-0.36%", "2014-12-31": "6.76%", "2014-09-30": "6.98%", "2014-06-30": "9.55%", "2014-03-31": "9.66%", "2013-12-31": "10.12%", "2013-09-30": "10.48%", "2013-06-30": "11.26%", "2013-03-31": "12.16%", "2012-12-31": "13.90%", "2012-09-30": "14.48%", "2012-06-30": "14.99%", "2012-03-31": "14.89%", "2011-12-31": "14.12%", "2011-09-30": "13.34%", "2011-06-30": "12.70%", "2011-03-31": "12.17%", "2010-12-31": "10.77%", "2010-09-30": "8.30%", "2010-06-30": "5.57%", "2010-03-31": "0.41%", "2009-12-31": "-1.72%", "2009-09-30": "-1.61%", "2009-06-30": "4.08%", "2009-03-31": "7.78%", "2008-12-31": "9.16%", "2008-09-30": "10.68%", "2008-06-30": "8.07%", "2008-03-31": "7.45%", "2007-12-31": "6.53%", "2007-09-30": "3.80%", "2007-06-30": "3.88%", "2007-03-31": "3.98%", "2006-12-31": "4.40%", "2006-09-30": "6.63%", "2006-06-30": "6.44%", "2006-03-31": "6.64%", "2005-12-31": "6.78%"}, "ebitda margin": {"2020-09-30": "17.48%", "2020-06-30": "17.59%", "2020-03-31": "17.47%", "2019-12-31": "17.86%", "2019-09-30": "18.09%", "2019-06-30": "17.63%", "2019-03-31": "17.35%", "2018-12-31": "16.79%", "2018-09-30": "16.56%", "2018-06-30": "16.30%", "2018-03-31": "15.52%", "2017-12-31": "14.58%", "2017-09-30": "14.40%", "2017-06-30": "14.02%", "2017-03-31": "14.28%", "2016-12-31": "14.08%", "2016-09-30": "21.29%", "2016-06-30": "21.23%", "2016-03-31": "20.79%", "2015-12-31": "13.47%", "2015-09-30": "5.96%", "2015-06-30": "3.43%", "2015-03-31": "4.05%", "2014-12-31": "11.25%", "2014-09-30": "12.13%", "2014-06-30": "14.85%", "2014-03-31": "14.50%", "2013-12-31": "14.79%", "2013-09-30": "13.38%", "2013-06-30": "14.21%", "2013-03-31": "15.34%", "2012-12-31": "16.90%", "2012-09-30": "18.31%", "2012-06-30": "18.69%", "2012-03-31": "18.53%", "2011-12-31": "17.81%", "2011-09-30": "17.14%", "2011-06-30": "16.67%", "2011-03-31": "16.45%", "2010-12-31": "15.43%", "2010-09-30": "13.43%", "2010-06-30": "11.20%", "2010-03-31": "6.65%", "2009-12-31": "4.71%", "2009-09-30": "4.74%", "2009-06-30": "9.15%", "2009-03-31": "12.14%", "2008-12-31": "13.15%", "2008-09-30": "14.36%", "2008-06-30": "12.22%", "2008-03-31": "11.51%", "2007-12-31": "10.66%", "2007-09-30": "7.92%", "2007-06-30": "7.86%", "2007-03-31": "7.99%", "2006-12-31": "8.37%", "2006-09-30": "10.80%", "2006-06-30": "10.65%", "2006-03-31": "10.96%", "2005-12-31": "11.13%"}, "pre tax profit margin": {"2020-12-31": "11.30%", "2020-09-30": "12.14%", "2020-06-30": "11.62%", "2020-03-31": "12.05%", "2019-12-31": "12.48%", "2019-09-30": "11.78%", "2019-06-30": "11.75%", "2019-03-31": "11.86%", "2018-12-31": "11.40%", "2018-09-30": "11.17%", "2018-06-30": "10.87%", "2018-03-31": "9.90%", "2017-12-31": "8.66%", "2017-09-30": "6.63%", "2017-06-30": "5.96%", "2017-03-31": "5.99%", "2016-12-31": "7.57%", "2016-09-30": "16.97%", "2016-06-30": "16.98%", "2016-03-31": "16.55%", "2015-12-31": "7.59%", "2015-09-30": "0.41%", "2015-06-30": "-1.93%", "2015-03-31": "-1.31%", "2014-12-31": "6.63%", "2014-09-30": "7.16%", "2014-06-30": "9.81%", "2014-03-31": "9.88%", "2013-12-31": "9.59%", "2013-09-30": "9.78%", "2013-06-30": "10.58%", "2013-03-31": "13.81%", "2012-12-31": "15.38%", "2012-09-30": "15.89%", "2012-06-30": "16.37%", "2012-03-31": "14.31%", "2011-12-31": "13.48%", "2011-09-30": "12.80%", "2011-06-30": "12.00%", "2011-03-31": "11.42%", "2010-12-31": "10.01%", "2010-09-30": "7.13%", "2010-06-30": "4.19%", "2010-03-31": "-1.13%", "2009-12-31": "-2.99%", "2009-09-30": "-2.61%", "2009-06-30": "3.38%", "2009-03-31": "7.15%", "2008-12-31": "8.73%", "2008-09-30": "10.44%", "2008-06-30": "7.78%", "2008-03-31": "7.13%", "2007-12-31": "5.85%", "2007-09-30": "4.70%", "2007-06-30": "4.77%", "2007-03-31": "4.82%", "2006-12-31": "5.11%", "2006-09-30": "7.10%", "2006-06-30": "6.84%", "2006-03-31": "7.06%", "2005-12-31": "7.19%"}, "net profit margin": {"2020-12-31": "8.11%", "2020-09-30": "9.84%", "2020-06-30": "9.08%", "2020-03-31": "9.43%", "2019-12-31": "9.58%", "2019-09-30": "8.12%", "2019-06-30": "8.41%", "2019-03-31": "8.57%", "2018-12-31": "8.46%", "2018-09-30": "7.89%", "2018-06-30": "7.61%", "2018-03-31": "7.73%", "2017-12-31": "6.79%", "2017-09-30": "5.83%", "2017-06-30": "5.35%", "2017-03-31": "4.20%", "2016-12-31": "5.28%", "2016-09-30": "13.63%", "2016-06-30": "14.43%", "2016-03-31": "13.77%", "2015-12-31": "6.58%", "2015-09-30": "0.41%", "2015-06-30": "-2.43%", "2015-03-31": "-1.53%", "2014-12-31": "5.59%", "2014-09-30": "6.50%", "2014-06-30": "9.40%", "2014-03-31": "10.14%", "2013-12-31": "8.67%", "2013-09-30": "7.72%", "2013-06-30": "7.65%", "2013-03-31": "8.89%", "2012-12-31": "9.91%", "2012-09-30": "10.21%", "2012-06-30": "10.43%", "2012-03-31": "9.29%", "2011-12-31": "8.76%", "2011-09-30": "8.70%", "2011-06-30": "8.31%", "2011-03-31": "8.12%", "2010-12-31": "6.76%", "2010-09-30": "4.39%", "2010-06-30": "1.30%", "2010-03-31": "-3.32%", "2009-12-31": "-4.26%", "2009-09-30": "-4.84%", "2009-06-30": "0.82%", "2009-03-31": "4.11%", "2008-12-31": "5.30%", "2008-09-30": "7.10%", "2008-06-30": "5.38%", "2008-03-31": "4.87%", "2007-12-31": "4.83%", "2007-09-30": "4.02%", "2007-06-30": "4.20%", "2007-03-31": "4.64%", "2006-12-31": "4.48%", "2006-09-30": "6.05%", "2006-06-30": "5.81%", "2006-03-31": "5.61%", "2005-12-31": "5.39%"}, "pe ratio": {"current": "17.75", "2021-02-05": "23.94", "2020-12-31": "25.45", "2020-09-30": "11.95", "2020-06-30": "10.73", "2020-03-31": "6.95", "2019-12-31": "11.70", "2019-09-30": "10.59", "2019-06-30": "12.20", "2019-03-31": "10.40", "2018-12-31": "9.23", "2018-09-30": "13.66", "2018-06-30": "12.71", "2018-03-31": "13.74", "2017-12-31": "17.82", "2017-09-30": "17.92", "2017-06-30": "20.37", "2017-03-31": "25.53", "2016-12-31": "18.81", "2016-09-30": "27.14", "2016-06-30": "16.56", "2016-03-31": "19.60", "2015-12-31": "0.00", "2015-09-30": "218.64", "2015-06-30": "0.00", "2015-03-31": "0.00", "2014-12-31": "19.36", "2014-09-30": "18.34", "2014-06-30": "15.30", "2014-03-31": "12.37", "2013-12-31": "12.10", "2013-09-30": "12.20", "2013-06-30": "10.32", "2013-03-31": "7.90", "2012-12-31": "5.59", "2012-09-30": "4.06", "2012-06-30": "4.73", "2012-03-31": "5.89", "2011-12-31": "4.92", "2011-09-30": "4.35", "2011-06-30": "7.32", "2011-03-31": "8.29", "2010-12-31": "9.77", "2010-09-30": "13.02", "2010-06-30": "33.05", "2010-03-31": "0.00", "2009-12-31": "0.00", "2009-09-30": "0.00", "2009-06-30": "31.19", "2009-03-31": "4.14", "2008-12-31": "3.96", "2008-09-30": "4.29", "2008-06-30": "6.64", "2008-03-31": "6.82", "2007-12-31": "9.16", "2007-09-30": "11.05", "2007-06-30": "10.36", "2007-03-31": "7.80", "2006-12-31": "6.69"}, "price sales": {"2021-02-05": "1.58", "2020-12-31": "1.68", "2020-09-30": "1.17", "2020-06-30": "0.97", "2020-03-31": "0.65", "2019-12-31": "1.12", "2019-09-30": "0.86", "2019-06-30": "1.02", "2019-03-31": "0.89", "2018-12-31": "0.78", "2018-09-30": "1.08", "2018-06-30": "0.97", "2018-03-31": "1.06", "2017-12-31": "1.20", "2017-09-30": "1.23", "2017-06-30": "1.21", "2017-03-31": "1.22", "2016-12-31": "1.07", "2016-09-30": "0.94", "2016-06-30": "0.81", "2016-03-31": "0.88", "2015-12-31": "0.75", "2015-09-30": "0.72", "2015-06-30": "0.94", "2015-03-31": "1.07", "2014-12-31": "1.09", "2014-09-30": "1.22", "2014-06-30": "1.43", "2014-03-31": "1.25", "2013-12-31": "1.04", "2013-09-30": "0.94", "2013-06-30": "0.79", "2013-03-31": "0.70", "2012-12-31": "0.55", "2012-09-30": "0.42", "2012-06-30": "0.49", "2012-03-31": "0.55", "2011-12-31": "0.43", "2011-09-30": "0.38", "2011-06-30": "0.61", "2011-03-31": "0.67", "2010-12-31": "0.66", "2010-09-30": "0.57", "2010-06-30": "0.41", "2010-03-31": "0.52", "2009-12-31": "0.41", "2009-09-30": "0.41", "2009-06-30": "0.25", "2009-03-31": "0.17", "2008-12-31": "0.21", "2008-09-30": "0.30", "2008-06-30": "0.36", "2008-03-31": "0.33", "2007-12-31": "0.38", "2007-09-30": "0.38", "2007-06-30": "0.37", "2007-03-31": "0.31", "2006-12-31": "0.30"}, "price book": {"current": "2.47", "2021-02-05": "2.61", "2020-09-30": "1.94", "2020-06-30": "1.72", "2020-03-31": "1.26", "2019-12-31": "2.13", "2019-09-30": "1.76", "2019-06-30": "2.12", "2019-03-31": "1.87", "2018-12-31": "1.65", "2018-09-30": "2.21", "2018-06-30": "2.04", "2018-03-31": "2.15", "2017-12-31": "2.41", "2017-09-30": "2.40", "2017-06-30": "2.33", "2017-03-31": "2.38", "2016-12-31": "2.13", "2016-09-30": "1.81", "2016-06-30": "1.58", "2016-03-31": "1.72", "2015-12-31": "1.51", "2015-09-30": "1.48", "2015-06-30": "1.96", "2015-03-31": "2.22", "2014-12-31": "2.04", "2014-09-30": "1.95", "2014-06-30": "2.06", "2014-03-31": "1.23", "2013-12-31": "1.16", "2013-09-30": "1.44", "2013-06-30": "1.36", "2013-03-31": "1.39", "2012-12-31": "1.21", "2012-09-30": "0.89", "2012-06-30": "1.13", "2012-03-31": "1.32", "2011-12-31": "1.08", "2011-09-30": "0.84", "2011-06-30": "1.30", "2011-03-31": "1.43", "2010-12-31": "1.38", "2010-09-30": "1.19", "2010-06-30": "0.87", "2010-03-31": "1.02", "2009-12-31": "0.82", "2009-09-30": "0.81", "2009-06-30": "0.58", "2009-03-31": "0.47", "2008-12-31": "0.64", "2008-09-30": "0.69", "2008-06-30": "0.80", "2008-03-31": "0.76", "2007-12-31": "0.88", "2007-09-30": "1.10", "2007-06-30": "1.12", "2007-03-31": "1.00", "2006-12-31": "1.00", "2006-09-30": "0.89", "2006-06-30": "1.01", "2006-03-31": "1.02"}, "price fcf": {"2021-02-05": "", "2020-09-30": "$6.73", "2020-06-30": "$6.46", "2020-03-31": "$5.23", "2019-12-31": "$5.41", "2019-09-30": "$4.69", "2019-06-30": "$4.81", "2019-03-31": "$4.11", "2018-12-31": "$2.83", "2018-09-30": "$2.43", "2018-06-30": "$1.02", "2018-03-31": "$0.63", "2017-12-31": "$1.76", "2017-09-30": "$1.91", "2017-06-30": "$2.42", "2017-03-31": "$3.43", "2016-12-31": "$3.38", "2016-09-30": "$3.54", "2016-06-30": "$4.49", "2016-03-31": "$3.64", "2015-12-31": "$3.33", "2015-09-30": "$3.09", "2015-06-30": "$2.10", "2015-03-31": "$1.89", "2014-12-31": "$2.18", "2014-09-30": "$2.87", "2014-06-30": "$3.25", "2014-03-31": "$4.50", "2013-12-31": "$3.17", "2013-09-30": "$5.06", "2013-06-30": "$4.78", "2013-03-31": "$5.07", "2012-12-31": "$5.26", "2012-09-30": "$3.61", "2012-06-30": "$3.49", "2012-03-31": "$1.39", "2011-12-31": "$0.04", "2011-09-30": "$-2.26", "2011-06-30": "$-1.45", "2011-03-31": "$0.13", "2010-12-31": "$2.04", "2010-09-30": "$3.95", "2010-06-30": "$4.13", "2010-03-31": "$4.64", "2009-12-31": "$4.95", "2009-09-30": "$5.61", "2009-06-30": "$5.90", "2009-03-31": "$4.11", "2008-12-31": "$3.71", "2008-09-30": "$2.44", "2008-06-30": "$0.94", "2008-03-31": "$1.05", "2007-12-31": "$0.76", "2007-09-30": "$0.51", "2007-06-30": "$0.30", "2007-03-31": "$0.66", "2006-12-31": "$0.53"}, "net worth": {"value": "$5.49B"}, "current ratio": {"2020-12-31": "2.36", "2020-09-30": "2.65", "2020-06-30": "3.02", "2020-03-31": "2.72", "2019-12-31": "2.55", "2019-09-30": "2.57", "2019-06-30": "2.68", "2019-03-31": "2.81", "2018-12-31": "2.53", "2018-09-30": "2.72", "2018-06-30": "2.39", "2018-03-31": "2.34", "2017-12-31": "2.23", "2017-09-30": "2.59", "2017-06-30": "3.09", "2017-03-31": "2.55", "2016-12-31": "2.68", "2016-09-30": "2.72", "2016-06-30": "2.60", "2016-03-31": "2.88", "2015-12-31": "2.39", "2015-09-30": "2.28", "2015-06-30": "2.42", "2015-03-31": "2.63", "2014-12-31": "2.78", "2014-09-30": "2.67", "2014-06-30": "1.84", "2014-03-31": "1.90", "2013-12-31": "1.98", "2013-09-30": "2.10", "2013-06-30": "3.02", "2013-03-31": "3.06", "2012-12-31": "3.24", "2012-09-30": "2.80", "2012-06-30": "2.86", "2012-03-31": "2.84", "2011-12-31": "2.80", "2011-09-30": "2.68", "2011-06-30": "3.27", "2011-03-31": "3.25", "2010-12-31": "3.37", "2010-09-30": "3.31", "2010-06-30": "3.58", "2010-03-31": "3.43", "2009-12-31": "3.74", "2009-09-30": "2.63", "2009-06-30": "2.26", "2009-03-31": "2.12", "2008-12-31": "2.55", "2008-09-30": "2.25", "2008-06-30": "2.12", "2008-03-31": "2.44", "2007-12-31": "2.26", "2007-09-30": "2.50", "2007-06-30": "2.45", "2007-03-31": "2.36", "2006-12-31": "2.30", "2006-09-30": "1.90", "2006-06-30": "1.90", "2006-03-31": "1.90", "2005-12-31": "1.85", "2005-09-30": "1.52", "2005-06-30": "1.62", "2005-03-31": "1.62"}, "quick ratio": {"2020-12-31": "1.37", "2020-09-30": "1.59", "2020-06-30": "1.84", "2020-03-31": "1.65", "2019-12-31": "1.40", "2019-09-30": "1.42", "2019-06-30": "1.47", "2019-03-31": "1.58", "2018-12-31": "1.32", "2018-09-30": "1.44", "2018-06-30": "1.30", "2018-03-31": "1.24", "2017-12-31": "1.13", "2017-09-30": "1.38", "2017-06-30": "1.94", "2017-03-31": "1.41", "2016-12-31": "1.45", "2016-09-30": "1.45", "2016-06-30": "1.44", "2016-03-31": "1.64", "2015-12-31": "1.31", "2015-09-30": "1.29", "2015-06-30": "1.45", "2015-03-31": "1.51", "2014-12-31": "1.68", "2014-09-30": "1.57", "2014-06-30": "1.10", "2014-03-31": "1.06", "2013-12-31": "1.38", "2013-09-30": "1.22", "2013-06-30": "1.79", "2013-03-31": "1.83", "2012-12-31": "1.95", "2012-09-30": "1.64", "2012-06-30": "1.72", "2012-03-31": "1.62", "2011-12-31": "1.62", "2011-09-30": "1.56", "2011-06-30": "2.04", "2011-03-31": "2.02", "2010-12-31": "2.21", "2010-09-30": "2.23", "2010-06-30": "2.40", "2010-03-31": "2.28", "2009-12-31": "2.50", "2009-09-30": "1.82", "2009-06-30": "1.10", "2009-03-31": "0.92", "2008-12-31": "1.29", "2008-09-30": "1.02", "2008-06-30": "1.01", "2008-03-31": "1.16", "2007-12-31": "1.06", "2007-09-30": "1.23", "2007-06-30": "1.25", "2007-03-31": "1.21", "2006-12-31": "1.15", "2006-09-30": "0.91", "2006-06-30": "0.94", "2006-03-31": "0.95", "2005-12-31": "1.01", "2005-09-30": "0.74", "2005-06-30": "0.81", "2005-03-31": "0.81"}, "debt equity ratio": {"current": "0.64", "2020-12-31": "1.27", "2020-09-30": "1.34", "2020-06-30": "1.49", "2020-03-31": "1.62", "2019-12-31": "1.49", "2019-09-30": "1.51", "2019-06-30": "1.62", "2019-03-31": "1.74", "2018-12-31": "1.71", "2018-09-30": "1.74", "2018-06-30": "1.27", "2018-03-31": "1.30", "2017-12-31": "1.31", "2017-09-30": "1.31", "2017-06-30": "1.28", "2017-03-31": "1.08", "2016-12-31": "1.11", "2016-09-30": "1.06", "2016-06-30": "1.06", "2016-03-31": "1.07", "2015-12-31": "1.07", "2015-09-30": "1.18", "2015-06-30": "1.11", "2015-03-31": "0.99", "2014-12-31": "0.89", "2014-09-30": "0.89", "2014-06-30": "0.81", "2014-03-31": "0.69", "2013-12-31": "0.69", "2013-09-30": "0.77", "2013-06-30": "0.76", "2013-03-31": "0.79", "2012-12-31": "0.89", "2012-09-30": "0.80", "2012-06-30": "0.90", "2012-03-31": "0.99", "2011-12-31": "1.12", "2011-09-30": "0.85", "2011-06-30": "0.89", "2011-03-31": "1.02", "2010-12-31": "1.15", "2010-09-30": "1.37", "2010-06-30": "1.42", "2010-03-31": "1.45", "2009-12-31": "1.51", "2009-09-30": "1.80", "2009-06-30": "1.64", "2009-03-31": "1.68", "2008-12-31": "1.73", "2008-09-30": "1.13", "2008-06-30": "1.20", "2008-03-31": "1.25", "2007-12-31": "1.23", "2007-09-30": "1.39", "2007-06-30": "1.48", "2007-03-31": "1.64", "2006-12-31": "1.73", "2006-09-30": "1.44", "2006-06-30": "1.47", "2006-03-31": "1.60", "2005-12-31": "1.67", "2005-09-30": "1.93", "2005-06-30": "2.04", "2005-03-31": "2.10"}, "return on equity": {"2020-12-31": "13.92%", "2020-09-30": "17.47%", "2020-06-30": "16.80%", "2020-03-31": "18.88%", "2019-12-31": "19.99%", "2019-09-30": "17.78%", "2019-06-30": "18.72%", "2019-03-31": "19.26%", "2018-12-31": "19.00%", "2018-09-30": "17.52%", "2018-06-30": "16.86%", "2018-03-31": "16.69%", "2017-12-31": "14.30%", "2017-09-30": "12.13%", "2017-06-30": "10.86%", "2017-03-31": "8.38%", "2016-12-31": "10.42%", "2016-09-30": "27.32%", "2016-06-30": "29.53%", "2016-03-31": "28.66%", "2015-12-31": "13.79%", "2015-09-30": "0.84%", "2015-06-30": "-4.85%", "2015-03-31": "-2.91%", "2014-12-31": "8.99%", "2014-09-30": "8.17%", "2014-06-30": "10.68%", "2014-03-31": "10.93%", "2013-12-31": "10.88%", "2013-09-30": "12.30%", "2013-06-30": "13.59%", "2013-03-31": "17.94%", "2012-12-31": "21.70%", "2012-09-30": "23.73%", "2012-06-30": "25.42%", "2012-03-31": "22.88%", "2011-12-31": "21.22%", "2011-09-30": "20.52%", "2011-06-30": "19.58%", "2011-03-31": "19.14%", "2010-12-31": "15.61%", "2010-09-30": "9.88%", "2010-06-30": "2.78%", "2010-03-31": "-6.61%", "2009-12-31": "-8.38%", "2009-09-30": "-9.28%", "2009-06-30": "1.69%", "2009-03-31": "9.61%", "2008-12-31": "13.16%", "2008-09-30": "16.68%", "2008-06-30": "13.16%", "2008-03-31": "12.22%", "2007-12-31": "12.60%", "2007-09-30": "12.74%", "2007-06-30": "13.22%", "2007-03-31": "14.51%", "2006-12-31": "13.92%", "2006-09-30": "17.61%", "2006-06-30": "18.00%", "2006-03-31": "18.44%", "2005-12-31": "18.74%"}, "return on assets": {"2020-12-31": "5.75%", "2020-09-30": "7.04%", "2020-06-30": "6.65%", "2020-03-31": "7.38%", "2019-12-31": "7.73%", "2019-09-30": "6.73%", "2019-06-30": "6.93%", "2019-03-31": "7.35%", "2018-12-31": "7.56%", "2018-09-30": "7.26%", "2018-06-30": "7.34%", "2018-03-31": "7.26%", "2017-12-31": "6.36%", "2017-09-30": "5.52%", "2017-06-30": "5.09%", "2017-03-31": "4.04%", "2016-12-31": "5.02%", "2016-09-30": "13.23%", "2016-06-30": "14.10%", "2016-03-31": "13.60%", "2015-12-31": "6.61%", "2015-09-30": "0.41%", "2015-06-30": "-2.47%", "2015-03-31": "-1.54%", "2014-12-31": "4.99%", "2014-09-30": "4.66%", "2014-06-30": "6.16%", "2014-03-31": "6.33%", "2013-12-31": "6.21%", "2013-09-30": "6.82%", "2013-06-30": "7.51%", "2013-03-31": "9.72%", "2012-12-31": "11.46%", "2012-09-30": "12.19%", "2012-06-30": "12.95%", "2012-03-31": "11.67%", "2011-12-31": "10.78%", "2011-09-30": "10.40%", "2011-06-30": "9.34%", "2011-03-31": "8.59%", "2010-12-31": "6.67%", "2010-09-30": "4.06%", "2010-06-30": "1.09%", "2010-03-31": "-2.54%", "2009-12-31": "-3.15%", "2009-09-30": "-3.42%", "2009-06-30": "0.67%", "2009-03-31": "4.01%", "2008-12-31": "5.71%", "2008-09-30": "7.58%", "2008-06-30": "5.82%", "2008-03-31": "5.24%", "2007-12-31": "5.19%", "2007-09-30": "4.99%", "2007-06-30": "5.15%", "2007-03-31": "5.66%", "2006-12-31": "5.46%", "2006-09-30": "6.94%", "2006-06-30": "6.78%", "2006-03-31": "6.59%", "2005-12-31": "6.40%"}, "return on investments": {"2020-12-31": "12.40%", "2020-09-30": "12.29%", "2020-06-30": "12.76%", "2020-03-31": "13.86%", "2019-12-31": "14.90%", "2019-09-30": "15.58%", "2019-06-30": "15.07%", "2019-03-31": "15.63%", "2018-12-31": "15.82%", "2018-09-30": "16.31%", "2018-06-30": "16.68%", "2018-03-31": "14.74%", "2017-12-31": "13.19%", "2017-09-30": "12.81%", "2017-06-30": "12.28%", "2017-03-31": "12.80%", "2016-12-31": "12.25%", "2016-09-30": "22.66%", "2016-06-30": "23.25%", "2016-03-31": "23.31%", "2015-12-31": "13.24%", "2015-09-30": "2.21%", "2015-06-30": "-1.43%", "2015-03-31": "-0.54%", "2014-12-31": "9.17%", "2014-09-30": "7.80%", "2014-06-30": "10.04%", "2014-03-31": "9.42%", "2013-12-31": "11.21%", "2013-09-30": "14.29%", "2013-06-30": "16.69%", "2013-03-31": "20.44%", "2012-12-31": "25.26%", "2012-09-30": "27.76%", "2012-06-30": "29.97%", "2012-03-31": "29.97%", "2011-12-31": "27.85%", "2011-09-30": "25.57%", "2011-06-30": "24.09%", "2011-03-31": "22.81%", "2010-12-31": "19.57%", "2010-09-30": "14.56%", "2010-06-30": "9.23%", "2010-03-31": "0.64%", "2009-12-31": "-2.75%", "2009-09-30": "-2.51%", "2009-06-30": "6.95%", "2009-03-31": "14.63%", "2008-12-31": "17.70%", "2008-09-30": "19.55%", "2008-06-30": "15.18%", "2008-03-31": "14.20%", "2007-12-31": "12.97%", "2007-09-30": "9.06%", "2007-06-30": "9.14%", "2007-03-31": "9.31%", "2006-12-31": "10.19%", "2006-09-30": "14.37%", "2006-06-30": "14.71%", "2006-03-31": "15.69%", "2005-12-31": "16.63%"}, "return on tangible equity": {"2020-09-30": "144.02%", "2020-06-30": "164.62%", "2020-03-31": "226.00%", "2019-12-31": "299.38%", "2019-09-30": "549.33%", "2019-06-30": "-42266.67%", "2019-03-31": "215.75%", "2018-12-31": "104.75%", "2018-09-30": "61.96%", "2018-06-30": "43.40%", "2018-03-31": "40.51%", "2017-12-31": "32.01%", "2017-09-30": "24.99%", "2017-06-30": "20.38%", "2017-03-31": "15.48%", "2016-12-31": "19.00%", "2016-09-30": "49.06%", "2016-06-30": "52.64%", "2016-03-31": "49.32%", "2015-12-31": "22.84%", "2015-09-30": "1.31%", "2015-06-30": "-7.12%", "2015-03-31": "-4.21%", "2014-12-31": "12.33%", "2014-09-30": "10.82%", "2014-06-30": "14.05%", "2014-03-31": "14.20%", "2013-12-31": "14.27%", "2013-09-30": "16.38%", "2013-06-30": "18.03%", "2013-03-31": "23.71%", "2012-12-31": "28.78%", "2012-09-30": "31.73%", "2012-06-30": "33.95%", "2012-03-31": "29.73%", "2011-12-31": "26.83%", "2011-09-30": "25.22%", "2011-06-30": "23.76%", "2011-03-31": "23.58%", "2010-12-31": "19.50%", "2010-09-30": "12.51%", "2010-06-30": "3.55%", "2010-03-31": "-8.55%", "2009-12-31": "-10.95%", "2009-09-30": "-12.11%", "2009-06-30": "2.19%", "2009-03-31": "12.25%", "2008-12-31": "16.65%", "2008-09-30": "21.14%", "2008-06-30": "16.59%", "2008-03-31": "15.31%", "2007-12-31": "15.66%", "2007-09-30": "15.73%", "2007-06-30": "16.64%", "2007-03-31": "18.56%", "2006-12-31": "18.10%", "2006-09-30": "23.23%", "2006-06-30": "23.94%", "2006-03-31": "24.83%", "2005-12-31": "25.53%"}, "dividend yield history": {"last payout": "$1.16", "last yield": "1.59%"}}