{"ticker": "TJX", "price": {"title": "TJX Historical Annual Stock Price Data", "value": 69.02, "historical": {"2021": {"Average Stock Price": "67.4593", "Year Open": "66.8100", "Year High": "70.2200", "Year Low": "63.9300", "Year Close": "69.0200", "Annual % Change": "1.07%"}, "2020": {"Average Stock Price": "55.6272", "Year Open": "61.7000", "Year High": "68.4000", "Year Low": "36.7600", "Year Close": "68.2900", "Annual % Change": "11.84%"}, "2019": {"Average Stock Price": "54.2111", "Year Open": "44.6600", "Year High": "61.1700", "Year Low": "44.1900", "Year Close": "61.0600", "Annual % Change": "36.48%"}, "2018": {"Average Stock Price": "46.3795", "Year Open": "38.3450", "Year High": "56.1250", "Year Low": "37.1800", "Year Close": "44.7400", "Annual % Change": "17.03%"}, "2017": {"Average Stock Price": "37.0225", "Year Open": "37.7250", "Year High": "40.3600", "Year Low": "33.4500", "Year Close": "38.2300", "Annual % Change": "1.77%"}, "2016": {"Average Stock Price": "37.8634", "Year Open": "35.4150", "Year High": "41.4350", "Year Low": "33.4650", "Year Close": "37.5650", "Annual % Change": "5.95%"}, "2015": {"Average Stock Price": "34.4946", "Year Open": "33.9800", "Year High": "38.3900", "Year Low": "32.1050", "Year Close": "35.4550", "Annual % Change": "3.40%"}, "2014": {"Average Stock Price": "29.7101", "Year Open": "31.7400", "Year High": "34.2900", "Year Low": "26.1150", "Year Close": "34.2900", "Annual % Change": "7.61%"}, "2013": {"Average Stock Price": "26.0692", "Year Open": "21.5850", "Year High": "31.9950", "Year Low": "21.5850", "Year Close": "31.8650", "Annual % Change": "50.13%"}, "2012": {"Average Stock Price": "20.6156", "Year Open": "15.9275", "Year High": "23.3200", "Year Low": "15.9275", "Year Close": "21.2250", "Annual % Change": "31.53%"}, "2011": {"Average Stock Price": "13.4619", "Year Open": "10.9525", "Year High": "16.3450", "Year Low": "10.7500", "Year Close": "16.1375", "Annual % Change": "45.42%"}, "2010": {"Average Stock Price": "10.7869", "Year Open": "9.0100", "Year High": "12.0025", "Year Low": "9.0100", "Year Close": "11.0975", "Annual % Change": "21.45%"}, "2009": {"Average Stock Price": "7.8143", "Year Open": "5.3875", "Year High": "10.0550", "Year Low": "4.8550", "Year Close": "9.1375", "Annual % Change": "77.69%"}, "2008": {"Average Stock Price": "7.5087", "Year Open": "7.0100", "Year High": "9.2500", "Year Low": "4.6050", "Year Close": "5.1425", "Annual % Change": "-28.40%"}, "2007": {"Average Stock Price": "7.1489", "Year Open": "7.1675", "Year High": "7.9675", "Year Low": "6.5000", "Year Close": "7.1825", "Annual % Change": "0.74%"}, "2006": {"Average Stock Price": "6.4448", "Year Open": "5.7875", "Year High": "7.4500", "Year Low": "5.5575", "Year Close": "7.1300", "Annual % Change": "22.77%"}, "2005": {"Average Stock Price": "5.7816", "Year Open": "6.2125", "Year High": "6.4725", "Year Low": "5.0650", "Year Close": "5.8075", "Annual % Change": "-7.56%"}, "2004": {"Average Stock Price": "5.8993", "Year Open": "5.4025", "Year High": "6.5875", "Year Low": "5.2375", "Year Close": "6.2825", "Annual % Change": "13.97%"}, "2003": {"Average Stock Price": "4.8790", "Year Open": "5.0075", "Year High": "5.8200", "Year Low": "3.9825", "Year Close": "5.5125", "Annual % Change": "12.96%"}, "2002": {"Average Stock Price": "4.9257", "Year Open": "4.9538", "Year High": "5.5438", "Year Low": "4.0050", "Year Close": "4.8800", "Annual % Change": "-2.06%"}, "2001": {"Average Stock Price": "4.1370", "Year Open": "3.4300", "Year High": "5.0050", "Year Low": "3.4300", "Year Close": "4.9825", "Annual % Change": "43.64%"}, "2000": {"Average Stock Price": "2.5807", "Year Open": "2.5388", "Year High": "3.7188", "Year Low": "1.7663", "Year Close": "3.4688", "Annual % Change": "35.77%"}, "1999": {"Average Stock Price": "3.6656", "Year Open": "3.5313", "Year High": "4.5475", "Year Low": "2.1725", "Year Close": "2.5550", "Annual % Change": "-29.52%"}, "1998": {"Average Stock Price": "2.8035", "Year Open": "2.0663", "Year High": "3.6250", "Year Low": "1.9569", "Year Close": "3.6250", "Annual % Change": "68.70%"}, "1997": {"Average Stock Price": "1.6640", "Year Open": "1.4141", "Year High": "2.3788", "Year Low": "1.2031", "Year Close": "2.1488", "Annual % Change": "45.13%"}, "1996": {"Average Stock Price": "0.9923", "Year Open": "0.5900", "Year High": "1.4922", "Year Low": "0.5469", "Year Close": "1.4806", "Annual % Change": "150.95%"}, "1995": {"Average Stock Price": "0.4304", "Year Open": "0.4922", "Year High": "0.5978", "Year Low": "0.3594", "Year Close": "0.5900", "Annual % Change": "20.80%"}, "1994": {"Average Stock Price": "0.6863", "Year Open": "0.8750", "Year High": "0.8984", "Year Low": "0.4494", "Year Close": "0.4884", "Annual % Change": "-46.35%"}, "1993": {"Average Stock Price": "0.9377", "Year Open": "0.8750", "Year High": "1.0625", "Year Low": "0.7891", "Year Close": "0.9103", "Annual % Change": "3.12%"}, "1992": {"Average Stock Price": "0.6384", "Year Open": "0.5275", "Year High": "0.8947", "Year Low": "0.4884", "Year Close": "0.8828", "Annual % Change": "67.36%"}, "1991": {"Average Stock Price": "0.5104", "Year Open": "0.3516", "Year High": "0.6369", "Year Low": "0.3047", "Year Close": "0.5275", "Annual % Change": "55.15%"}, "1990": {"Average Stock Price": "0.4184", "Year Open": "0.4844", "Year High": "0.5431", "Year Low": "0.2852", "Year Close": "0.3400", "Annual % Change": "-29.26%"}, "1989": {"Average Stock Price": "0.6326", "Year Open": "0.6681", "Year High": "0.9256", "Year Low": "0.4375", "Year Close": "0.4806", "Annual % Change": "-29.72%"}}}, "market cap": {"value": "$82.84B"}, "income statement": {"Revenue": {"2020-01-31": "41716.98000", "2019-01-31": "38972.93000", "2018-01-31": "35864.66000", "2017-01-31": "33183.74000", "2016-01-31": "30944.94000", "2015-01-31": "29078.41000", "2014-01-31": "27422.70000", "2013-01-31": "25878.37000", "2012-01-31": "23191.46000", "2011-01-31": "21942.19000", "2010-01-31": "20288.44000", "2009-01-31": "18999.51000", "2008-01-31": "18336.73000", "2007-01-31": "17104.01000", "2006-01-31": "15955.94000", "2005-01-31": "14860.75000"}, "Cost Of Goods Sold": {"2020-01-31": "29845.78000", "2019-01-31": "27831.18000", "2018-01-31": "25502.17000", "2017-01-31": "23565.75000", "2016-01-31": "22034.52000", "2015-01-31": "20776.52000", "2014-01-31": "19605.04000", "2013-01-31": "18521.40000", "2012-01-31": "16854.25000", "2011-01-31": "16040.46000", "2010-01-31": "14968.43000", "2009-01-31": "14429.18000", "2008-01-31": "13883.95000", "2007-01-31": "12970.00000", "2006-01-31": "12214.67000", "2005-01-31": "11357.39000"}, "Gross Profit": {"2020-01-31": "11871.20000", "2019-01-31": "11141.76000", "2018-01-31": "10362.50000", "2017-01-31": "9617.98800", "2016-01-31": "8910.41400", "2015-01-31": "8301.88500", "2014-01-31": "7817.65800", "2013-01-31": "7356.97100", "2012-01-31": "6337.20700", "2011-01-31": "5901.73200", "2010-01-31": "5320.01500", "2009-01-31": "4570.32100", "2008-01-31": "4452.77400", "2007-01-31": "4134.01400", "2006-01-31": "3741.27000", "2005-01-31": "3503.35900"}, "Research And Development Expenses": {"2020-01-31": "", "2019-01-31": "", "2018-01-31": "", "2017-01-31": "", "2016-01-31": "", "2015-01-31": "", "2014-01-31": "", "2013-01-31": "", "2012-01-31": "", "2011-01-31": "", "2010-01-31": "", "2009-01-31": "", "2008-01-31": "", "2007-01-31": "", "2006-01-31": "", "2005-01-31": ""}, "SG&A Expenses": {"2020-01-31": "7454.98800", "2019-01-31": "6923.56400", "2018-01-31": "6375.07100", "2017-01-31": "5768.46700", "2016-01-31": "5205.71500", "2015-01-31": "4695.38400", "2014-01-31": "4467.08900", "2013-01-31": "4250.44600", "2012-01-31": "3890.14400", "2011-01-31": "3710.05300", "2010-01-31": "3328.94400", "2009-01-31": "3135.58900", "2008-01-31": "2997.26300", "2007-01-31": "2849.28300", "2006-01-31": "2703.27100", "2005-01-31": "2487.80400"}, "Other Operating Income Or Expenses": {"2020-01-31": "", "2019-01-31": "", "2018-01-31": "", "2017-01-31": "", "2016-01-31": "", "2015-01-31": "", "2014-01-31": "", "2013-01-31": "", "2012-01-31": "", "2011-01-31": "11.55000", "2010-01-31": "0.00000", "2009-01-31": "30.50000", "2008-01-31": "-197.02200", "2007-01-31": "-4.96000", "2006-01-31": "", "2005-01-31": ""}, "Operating Expenses": {"2020-01-31": "37300.77000", "2019-01-31": "34790.86000", "2018-01-31": "31976.49000", "2017-01-31": "29365.39000", "2016-01-31": "27240.24000", "2015-01-31": "25471.91000", "2014-01-31": "24072.13000", "2013-01-31": "22771.85000", "2012-01-31": "20744.39000", "2011-01-31": "19738.96000", "2010-01-31": "18297.37000", "2009-01-31": "17534.27000", "2008-01-31": "17078.24000", "2007-01-31": "15824.24000", "2006-01-31": "14917.94000", "2005-01-31": "13845.19000"}, "Operating Income": {"2020-01-31": "4416.21100", "2019-01-31": "4182.07000", "2018-01-31": "3888.17600", "2017-01-31": "3818.34800", "2016-01-31": "3704.69900", "2015-01-31": "3606.50000", "2014-01-31": "3350.57000", "2013-01-31": "3106.52500", "2012-01-31": "2447.06300", "2011-01-31": "2203.23000", "2010-01-31": "1991.07000", "2009-01-31": "1465.23200", "2008-01-31": "1258.49000", "2007-01-31": "1279.77100", "2006-01-31": "1037.99900", "2005-01-31": "1015.55600"}, "Total Non-Operating Income/Expense": {"2020-01-31": "-10.02600", "2019-01-31": "-8.86000", "2018-01-31": "-31.58800", "2017-01-31": "-95.30700", "2016-01-31": "-46.40000", "2015-01-31": "-56.61700", "2014-01-31": "-31.08100", "2013-01-31": "-29.17500", "2012-01-31": "-35.64800", "2011-01-31": "-39.13700", "2010-01-31": "-39.50900", "2009-01-31": "-14.29100", "2008-01-31": "1.59800", "2007-01-31": "-15.56600", "2006-01-31": "-29.63200", "2005-01-31": "-25.75700"}, "Pre-Tax Income": {"2020-01-31": "4406.18300", "2019-01-31": "4173.21100", "2018-01-31": "3856.58800", "2017-01-31": "3723.04300", "2016-01-31": "3658.30000", "2015-01-31": "3549.88400", "2014-01-31": "3319.48900", "2013-01-31": "3077.35100", "2012-01-31": "2411.41400", "2011-01-31": "2164.09200", "2010-01-31": "1951.56200", "2009-01-31": "1450.94000", "2008-01-31": "1260.08700", "2007-01-31": "1264.20800", "2006-01-31": "1008.36900", "2005-01-31": "989.79400"}, "Income Taxes": {"2020-01-31": "1133.99000", "2019-01-31": "1113.41300", "2018-01-31": "1248.64000", "2017-01-31": "1424.80900", "2016-01-31": "1380.64200", "2015-01-31": "1334.75600", "2014-01-31": "1182.09300", "2013-01-31": "1170.66400", "2012-01-31": "915.32400", "2011-01-31": "824.56200", "2010-01-31": "737.99000", "2009-01-31": "536.05400", "2008-01-31": "477.65500", "2007-01-31": "477.03600", "2006-01-31": "318.53500", "2005-01-31": "379.57700"}, "Income After Taxes": {"2020-01-31": "3272.19300", "2019-01-31": "3059.79800", "2018-01-31": "2607.94800", "2017-01-31": "2298.23400", "2016-01-31": "2277.65800", "2015-01-31": "2215.12800", "2014-01-31": "2137.39600", "2013-01-31": "1906.68700", "2012-01-31": "1496.09000", "2011-01-31": "1339.53000", "2010-01-31": "1213.57200", "2009-01-31": "914.88590", "2008-01-31": "782.43200", "2007-01-31": "787.17200", "2006-01-31": "689.83400", "2005-01-31": "610.21700"}, "Other Income": {"2020-01-31": "", "2019-01-31": "", "2018-01-31": "", "2017-01-31": "", "2016-01-31": "", "2015-01-31": "", "2014-01-31": "", "2013-01-31": "", "2012-01-31": "", "2011-01-31": "", "2010-01-31": "", "2009-01-31": "", "2008-01-31": "", "2007-01-31": "", "2006-01-31": "", "2005-01-31": ""}, "Income From Continuous Operations": {"2020-01-31": "3272.19300", "2019-01-31": "3059.79800", "2018-01-31": "2607.94800", "2017-01-31": "2298.23400", "2016-01-31": "2277.65800", "2015-01-31": "2215.12800", "2014-01-31": "2137.39600", "2013-01-31": "1906.68700", "2012-01-31": "1496.09000", "2011-01-31": "1339.53000", "2010-01-31": "1213.57200", "2009-01-31": "914.88600", "2008-01-31": "782.43200", "2007-01-31": "787.17200", "2006-01-31": "689.83400", "2005-01-31": "610.21700"}, "Income From Discontinued Operations": {"2020-01-31": "", "2019-01-31": "", "2018-01-31": "", "2017-01-31": "", "2016-01-31": "", "2015-01-31": "", "2014-01-31": "", "2013-01-31": "", "2012-01-31": "", "2011-01-31": "3.61100", "2010-01-31": "0.00000", "2009-01-31": "-34.26900", "2008-01-31": "-10.68200", "2007-01-31": "-49.13300", "2006-01-31": "0.58900", "2005-01-31": "-0.51800"}, "Net Income": {"2020-01-31": "3272.19300", "2019-01-31": "3059.79800", "2018-01-31": "2607.94800", "2017-01-31": "2298.23400", "2016-01-31": "2277.65800", "2015-01-31": "2215.12800", "2014-01-31": "2137.39600", "2013-01-31": "1906.68700", "2012-01-31": "1496.09000", "2011-01-31": "1343.14100", "2010-01-31": "1213.57200", "2009-01-31": "880.61700", "2008-01-31": "771.75000", "2007-01-31": "738.03900", "2006-01-31": "690.42300", "2005-01-31": "609.69900"}, "EBITDA": {"2020-01-31": "5283.51400", "2019-01-31": "5001.72600", "2018-01-31": "4713.38300", "2017-01-31": "4477.14400", "2016-01-31": "4321.39500", "2015-01-31": "4283.48900", "2014-01-31": "3899.39300", "2013-01-31": "3615.45400", "2012-01-31": "2932.76300", "2011-01-31": "2661.28200", "2010-01-31": "2481.43300", "2009-01-31": "1918.16800", "2008-01-31": "1685.25600", "2007-01-31": "1702.68500", "2006-01-31": "1443.47400", "2005-01-31": "1394.73600"}, "EBIT": {"2020-01-31": "4416.21100", "2019-01-31": "4182.07000", "2018-01-31": "3888.17600", "2017-01-31": "3818.34800", "2016-01-31": "3704.69900", "2015-01-31": "3606.50000", "2014-01-31": "3350.57000", "2013-01-31": "3106.52500", "2012-01-31": "2447.06300", "2011-01-31": "2203.23000", "2010-01-31": "1991.07000", "2009-01-31": "1465.23200", "2008-01-31": "1258.49000", "2007-01-31": "1279.77100", "2006-01-31": "1037.99900", "2005-01-31": "1015.55600"}, "Basic Shares Outstanding": {"2020-01-31": "1208.16300", "2019-01-31": "1241.15300", "2018-01-31": "1273.65400", "2017-01-31": "1311.29400", "2016-01-31": "1346.96800", "2015-01-31": "1385.38200", "2014-01-31": "1426.94000", "2013-01-31": "1467.17600", "2012-01-31": "1522.21800", "2011-01-31": "1600.58200", "2010-01-31": "1671.18400", "2009-01-31": "1676.30400", "2008-01-31": "1772.20000", "2007-01-31": "1816.17600", "2006-01-31": "1866.14800", "2005-01-31": "1955.23600"}, "Shares Outstanding": {"2020-01-31": "1226.51900", "2019-01-31": "1259.25200", "2018-01-31": "1292.20900", "2017-01-31": "1328.86400", "2016-01-31": "1366.50200", "2015-01-31": "1407.09000", "2014-01-31": "1452.75200", "2013-01-31": "1495.11000", "2012-01-31": "1547.54400", "2011-01-31": "1625.65200", "2010-01-31": "1710.47800", "2009-01-31": "1769.02000", "2008-01-31": "1872.18400", "2007-01-31": "1920.18000", "2006-01-31": "1966.00000", "2005-01-31": "2038.64400"}, "Basic EPS": {"2020-01-31": "2.71000", "2019-01-31": "2.47000", "2018-01-31": "2.05000", "2017-01-31": "1.75000", "2016-01-31": "1.69000", "2015-01-31": "1.60000", "2014-01-31": "1.50000", "2013-01-31": "1.30000", "2012-01-31": "0.98500", "2011-01-31": "0.84000", "2010-01-31": "0.72500", "2009-01-31": "0.52500", "2008-01-31": "0.43500", "2007-01-31": "0.40750", "2006-01-31": "0.37000", "2005-01-31": "0.31250"}, "EPS - Earnings Per Share": {"2020-01-31": "2.67000", "2019-01-31": "2.43000", "2018-01-31": "2.02000", "2017-01-31": "1.73000", "2016-01-31": "1.66500", "2015-01-31": "1.57500", "2014-01-31": "1.47000", "2013-01-31": "1.27500", "2012-01-31": "0.96500", "2011-01-31": "0.82500", "2010-01-31": "0.71000", "2009-01-31": "0.50000", "2008-01-31": "0.41500", "2007-01-31": "0.38750", "2006-01-31": "0.35250", "2005-01-31": "0.30250"}}, "income statement, quarterly": {"Revenue": {"2020-10-31": "10117.29000", "2020-07-31": "6667.57500", "2020-04-30": "4408.88800", "2020-01-31": "12206.46000", "2019-10-31": "10451.33000", "2019-07-31": "9781.59600", "2019-04-30": "9277.58500", "2019-01-31": "11127.34000", "2018-10-31": "9825.75900", "2018-07-31": "9331.11500", "2018-04-30": "8688.72000", "2018-01-31": "10960.72000", "2017-10-31": "8762.22000", "2017-07-31": "8357.70000", "2017-04-30": "7784.02400", "2017-01-31": "9467.64600", "2016-10-31": "8291.68800", "2016-07-31": "7882.05300", "2016-04-30": "7542.35600", "2016-01-31": "8962.07400", "2015-10-31": "7753.49500", "2015-07-31": "7363.73100", "2015-04-30": "6865.63700", "2015-01-31": "8303.95200", "2014-10-31": "7366.06600", "2014-07-31": "6917.21200", "2014-04-30": "6491.17600", "2014-01-31": "7808.78800", "2013-10-31": "6981.87600", "2013-07-31": "6442.42400", "2013-04-30": "6189.60900", "2013-01-31": "7723.81300", "2012-10-31": "6410.91300", "2012-07-31": "5945.55900", "2012-04-30": "5798.08600", "2012-01-31": "6709.76000", "2011-10-31": "5793.12800", "2011-07-31": "5468.27400", "2011-04-30": "5220.29500", "2011-01-31": "6331.72600", "2010-10-31": "5525.84700", "2010-07-31": "5068.08000", "2010-04-30": "5016.54000", "2010-01-31": "5941.74700", "2009-10-31": "5244.94600", "2009-07-31": "4747.52800", "2009-04-30": "4354.22400", "2009-01-31": "5380.02700", "2008-10-31": "4761.53000", "2008-07-31": "4554.39500", "2008-04-30": "4303.55500", "2008-01-31": "5256.63000", "2007-10-31": "4658.71800", "2007-07-31": "4313.29800", "2007-04-30": "4108.08100", "2007-01-31": "4796.15100", "2006-10-31": "4472.94300", "2006-07-31": "3963.65900", "2006-04-30": "3871.25600", "2006-01-31": "4614.33200", "2005-10-31": "4041.91200", "2005-07-31": "3647.86600", "2005-04-30": "3651.83000", "2005-01-31": "4276.37600"}, "Cost Of Goods Sold": {"2020-10-31": "7062.28500", "2020-07-31": "5174.49000", "2020-04-30": "4414.46500", "2020-01-31": "8741.80500", "2019-10-31": "7440.03300", "2019-07-31": "7026.05700", "2019-04-30": "6637.88500", "2019-01-31": "8033.64200", "2018-10-31": "6983.48300", "2018-07-31": "6635.81500", "2018-04-30": "6178.23900", "2018-01-31": "7849.40200", "2017-10-31": "6150.02000", "2017-07-31": "5972.67500", "2017-04-30": "5530.07200", "2017-01-31": "6786.77700", "2016-10-31": "5843.87300", "2016-07-31": "5562.96100", "2016-04-30": "5372.14300", "2016-01-31": "6388.19200", "2015-10-31": "5506.89900", "2015-07-31": "5219.19100", "2015-04-30": "4920.24100", "2015-01-31": "5959.03700", "2014-10-31": "5203.62900", "2014-07-31": "4935.85600", "2014-04-30": "4678.00000", "2014-01-31": "5650.30100", "2013-10-31": "4934.46500", "2013-07-31": "4586.73900", "2013-04-30": "4433.53300", "2013-01-31": "5514.52600", "2012-10-31": "4566.07300", "2012-07-31": "4275.07300", "2012-04-30": "4165.72800", "2012-01-31": "4884.36800", "2011-10-31": "4166.58700", "2011-07-31": "3976.03500", "2011-04-30": "3827.25800", "2011-01-31": "4666.17300", "2010-10-31": "4006.40400", "2010-07-31": "3719.21000", "2010-04-30": "3648.67400", "2010-01-31": "4358.60300", "2009-10-31": "3802.17900", "2009-07-31": "3534.30200", "2009-04-30": "3273.34600", "2009-01-31": "4167.80800", "2008-10-31": "3536.99000", "2008-07-31": "3447.44300", "2008-04-30": "3276.94300", "2008-01-31": "4008.43300", "2007-10-31": "3480.60700", "2007-07-31": "3277.69700", "2007-04-30": "3117.21500", "2007-01-31": "3678.73900", "2006-10-31": "3334.08500", "2006-07-31": "3034.32300", "2006-04-30": "2922.84900", "2006-01-31": "3546.02400", "2005-10-31": "3072.01600", "2005-07-31": "2807.86100", "2005-04-30": "2788.76900", "2005-01-31": "3352.73200"}, "Gross Profit": {"2020-10-31": "3055.00400", "2020-07-31": "1493.08500", "2020-04-30": "-5.57670", "2020-01-31": "3464.65700", "2019-10-31": "3011.30100", "2019-07-31": "2755.53900", "2019-04-30": "2639.70000", "2019-01-31": "3093.69900", "2018-10-31": "2842.27600", "2018-07-31": "2695.30000", "2018-04-30": "2510.48100", "2018-01-31": "3111.32100", "2017-10-31": "2612.20000", "2017-07-31": "2385.02500", "2017-04-30": "2253.95200", "2017-01-31": "2680.87000", "2016-10-31": "2447.81500", "2016-07-31": "2319.09200", "2016-04-30": "2170.21300", "2016-01-31": "2573.88200", "2015-10-31": "2246.59600", "2015-07-31": "2144.54000", "2015-04-30": "1945.39600", "2015-01-31": "2344.91500", "2014-10-31": "2162.43700", "2014-07-31": "1981.35600", "2014-04-30": "1813.17600", "2014-01-31": "2158.48700", "2013-10-31": "2047.41100", "2013-07-31": "1855.68500", "2013-04-30": "1756.07600", "2013-01-31": "2209.28700", "2012-10-31": "1844.84000", "2012-07-31": "1670.48600", "2012-04-30": "1632.35800", "2012-01-31": "1825.39200", "2011-10-31": "1626.54100", "2011-07-31": "1492.23900", "2011-04-30": "1393.03700", "2011-01-31": "1665.55300", "2010-10-31": "1519.44300", "2010-07-31": "1348.87000", "2010-04-30": "1367.86600", "2010-01-31": "1583.14400", "2009-10-31": "1442.76700", "2009-07-31": "1213.22600", "2009-04-30": "1080.87800", "2009-01-31": "1212.21900", "2008-10-31": "1224.54000", "2008-07-31": "1106.95200", "2008-04-30": "1026.61200", "2008-01-31": "1248.19700", "2007-10-31": "1178.11100", "2007-07-31": "1035.60100", "2007-04-30": "990.86600", "2007-01-31": "1117.41300", "2006-10-31": "1138.85800", "2006-07-31": "929.33590", "2006-04-30": "948.40700", "2006-01-31": "1068.30800", "2005-10-31": "969.89600", "2005-07-31": "840.00490", "2005-04-30": "863.06100", "2005-01-31": "923.64380"}, "Research And Development Expenses": {"2020-10-31": "", "2020-07-31": "", "2020-04-30": "", "2020-01-31": "", "2019-10-31": "", "2019-07-31": "", "2019-04-30": "", "2019-01-31": "", "2018-10-31": "", "2018-07-31": "", "2018-04-30": "", "2018-01-31": "", "2017-10-31": "", "2017-07-31": "", "2017-04-30": "", "2017-01-31": "", "2016-10-31": "", "2016-07-31": "", "2016-04-30": "", "2016-01-31": "", "2015-10-31": "", "2015-07-31": "", "2015-04-30": "", "2015-01-31": "", "2014-10-31": "", "2014-07-31": "", "2014-04-30": "", "2014-01-31": "", "2013-10-31": "", "2013-07-31": "", "2013-04-30": "", "2013-01-31": "", "2012-10-31": "", "2012-07-31": "", "2012-04-30": "", "2012-01-31": "", "2011-10-31": "", "2011-07-31": "", "2011-04-30": "", "2011-01-31": "", "2010-10-31": "", "2010-07-31": "", "2010-04-30": "", "2010-01-31": "", "2009-10-31": "", "2009-07-31": "", "2009-04-30": "", "2009-01-31": "", "2008-10-31": "", "2008-07-31": "", "2008-04-30": "", "2008-01-31": "", "2007-10-31": "", "2007-07-31": "", "2007-04-30": "", "2007-01-31": "", "2006-10-31": "", "2006-07-31": "", "2006-04-30": "", "2006-01-31": "", "2005-10-31": "", "2005-07-31": "", "2005-04-30": "", "2005-01-31": ""}, "SG&A Expenses": {"2020-10-31": "1986.12800", "2020-07-31": "1527.76800", "2020-04-30": "1313.92000", "2020-01-31": "2135.32900", "2019-10-31": "1885.92300", "2019-07-31": "1731.33500", "2019-04-30": "1702.40100", "2019-01-31": "1916.62700", "2018-10-31": "1756.44800", "2018-07-31": "1699.71400", "2018-04-30": "1550.77500", "2018-01-31": "1895.60100", "2017-10-31": "1584.21900", "2017-07-31": "1483.64800", "2017-04-30": "1411.60300", "2017-01-31": "1577.59400", "2016-10-31": "1462.57400", "2016-07-31": "1393.24800", "2016-04-30": "1335.05000", "2016-01-31": "1497.11900", "2015-10-31": "1292.40100", "2015-07-31": "1247.53800", "2015-04-30": "1168.65700", "2015-01-31": "1306.27900", "2014-10-31": "1193.29700", "2014-07-31": "1122.75800", "2014-04-30": "1073.05000", "2014-01-31": "1215.19200", "2013-10-31": "1158.66800", "2013-07-31": "1074.32000", "2013-04-30": "1018.90900", "2013-01-31": "1239.52400", "2012-10-31": "1090.28200", "2012-07-31": "978.51400", "2012-04-30": "942.12600", "2012-01-31": "1057.73900", "2011-10-31": "954.23800", "2011-07-31": "923.69300", "2011-04-30": "954.47400", "2011-01-31": "1122.08100", "2010-10-31": "912.80800", "2010-07-31": "853.80100", "2010-04-30": "821.36300", "2010-01-31": "938.91420", "2009-10-31": "864.09700", "2009-07-31": "790.87600", "2009-04-30": "735.05700", "2009-01-31": "832.43410", "2008-10-31": "807.83300", "2008-07-31": "766.93600", "2008-04-30": "728.38600", "2008-01-31": "767.19790", "2007-10-31": "771.73700", "2007-07-31": "749.05100", "2007-04-30": "709.27700", "2007-01-31": "715.50510", "2006-10-31": "756.34800", "2006-07-31": "693.26400", "2006-04-30": "684.16600", "2006-01-31": "711.42200", "2005-10-31": "702.46100", "2005-07-31": "652.14300", "2005-04-30": "637.24500", "2005-01-31": "723.59190"}, "Other Operating Income Or Expenses": {"2020-10-31": "", "2020-07-31": "", "2020-04-30": "", "2020-01-31": "", "2019-10-31": "", "2019-07-31": "", "2019-04-30": "", "2019-01-31": "", "2018-10-31": "", "2018-07-31": "", "2018-04-30": "", "2018-01-31": "", "2017-10-31": "", "2017-07-31": "", "2017-04-30": "", "2017-01-31": "", "2016-10-31": "", "2016-07-31": "", "2016-04-30": "", "2016-01-31": "", "2015-10-31": "", "2015-07-31": "", "2015-04-30": "", "2015-01-31": "", "2014-10-31": "", "2014-07-31": "", "2014-04-30": "", "2014-01-31": "", "2013-10-31": "", "2013-07-31": "", "2013-04-30": "", "2013-01-31": "", "2012-10-31": "", "2012-07-31": "", "2012-04-30": "", "2012-01-31": "", "2011-10-31": "", "2011-07-31": "", "2011-04-30": "", "2011-01-31": "", "2010-10-31": "", "2010-07-31": "11.55000", "2010-04-30": "", "2010-01-31": "", "2009-10-31": "", "2009-07-31": "", "2009-04-30": "", "2009-01-31": "23.50000", "2008-10-31": "7.00000", "2008-07-31": "", "2008-04-30": "", "2008-01-31": "18.90000", "2007-10-31": "", "2007-07-31": "-195.91800", "2007-04-30": "-20.00400", "2007-01-31": "", "2006-10-31": "", "2006-07-31": "", "2006-04-30": "", "2006-01-31": "", "2005-10-31": "", "2005-07-31": "", "2005-04-30": "", "2005-01-31": ""}, "Operating Expenses": {"2020-10-31": "9048.41300", "2020-07-31": "6702.25800", "2020-04-30": "5728.38500", "2020-01-31": "10877.13000", "2019-10-31": "9325.95600", "2019-07-31": "8757.39300", "2019-04-30": "8340.28600", "2019-01-31": "9950.26800", "2018-10-31": "8776.05300", "2018-07-31": "8335.52900", "2018-04-30": "7729.01400", "2018-01-31": "9844.25300", "2017-10-31": "7734.23900", "2017-07-31": "7456.32300", "2017-04-30": "6941.67500", "2017-01-31": "8364.37100", "2016-10-31": "7337.62000", "2016-07-31": "6956.20900", "2016-04-30": "6707.19300", "2016-01-31": "7885.31100", "2015-10-31": "6799.30000", "2015-07-31": "6466.72900", "2015-04-30": "6088.89800", "2015-01-31": "7265.31600", "2014-10-31": "6396.92600", "2014-07-31": "6058.61400", "2014-04-30": "5751.05000", "2014-01-31": "6865.49100", "2013-10-31": "6093.13300", "2013-07-31": "5661.05900", "2013-04-30": "5452.44200", "2013-01-31": "6754.04800", "2012-10-31": "5656.35500", "2012-07-31": "5253.58700", "2012-04-30": "5107.85400", "2012-01-31": "5942.10800", "2011-10-31": "5120.82500", "2011-07-31": "4899.72800", "2011-04-30": "4781.73200", "2011-01-31": "5788.25300", "2010-10-31": "4919.21200", "2010-07-31": "4561.46100", "2010-04-30": "4470.03700", "2010-01-31": "5297.51700", "2009-10-31": "4666.27600", "2009-07-31": "4325.17800", "2009-04-30": "4008.40300", "2009-01-31": "4976.74200", "2008-10-31": "4337.82300", "2008-07-31": "4214.37900", "2008-04-30": "4005.32900", "2008-01-31": "4756.73000", "2007-10-31": "4252.34400", "2007-07-31": "4222.66600", "2007-04-30": "3846.49600", "2007-01-31": "4399.20500", "2006-10-31": "4090.43300", "2006-07-31": "3727.58700", "2006-04-30": "3607.01500", "2006-01-31": "4257.44700", "2005-10-31": "3774.47700", "2005-07-31": "3460.00400", "2005-04-30": "3426.01400", "2005-01-31": "4076.32500"}, "Operating Income": {"2020-10-31": "1068.87600", "2020-07-31": "-34.68310", "2020-04-30": "-1319.49700", "2020-01-31": "1329.33200", "2019-10-31": "1125.37800", "2019-07-31": "1024.20300", "2019-04-30": "937.29880", "2019-01-31": "1177.07300", "2018-10-31": "1049.70600", "2018-07-31": "995.58590", "2018-04-30": "959.70610", "2018-01-31": "1116.47000", "2017-10-31": "1027.98000", "2017-07-31": "901.37740", "2017-04-30": "842.34910", "2017-01-31": "1103.27500", "2016-10-31": "954.06840", "2016-07-31": "925.84420", "2016-04-30": "835.16260", "2016-01-31": "1076.76400", "2015-10-31": "954.19530", "2015-07-31": "897.00200", "2015-04-30": "776.73880", "2015-01-31": "1038.63600", "2014-10-31": "969.14010", "2014-07-31": "858.59770", "2014-04-30": "740.12600", "2014-01-31": "943.29640", "2013-10-31": "888.74320", "2013-07-31": "781.36520", "2013-04-30": "737.16650", "2013-01-31": "969.76420", "2012-10-31": "754.55760", "2012-07-31": "691.97170", "2012-04-30": "690.23190", "2012-01-31": "767.65190", "2011-10-31": "672.30320", "2011-07-31": "568.54590", "2011-04-30": "438.56300", "2011-01-31": "543.47270", "2010-10-31": "606.63530", "2010-07-31": "506.61910", "2010-04-30": "546.50290", "2010-01-31": "644.22950", "2009-10-31": "578.66990", "2009-07-31": "422.35010", "2009-04-30": "345.82130", "2009-01-31": "403.28470", "2008-10-31": "423.70650", "2008-07-31": "340.01610", "2008-04-30": "298.22610", "2008-01-31": "499.89940", "2007-10-31": "406.37400", "2007-07-31": "90.63180", "2007-04-30": "261.58500", "2007-01-31": "396.94680", "2006-10-31": "382.50980", "2006-07-31": "236.07200", "2006-04-30": "264.24100", "2006-01-31": "356.88530", "2005-10-31": "267.43510", "2005-07-31": "187.86180", "2005-04-30": "225.81590", "2005-01-31": "200.05130"}, "Total Non-Operating Income/Expense": {"2020-10-31": "-52.88400", "2020-07-31": "-57.33600", "2020-04-30": "-23.35100", "2020-01-31": "-3.05300", "2019-10-31": "-3.25900", "2019-07-31": "-2.89700", "2019-04-30": "-0.81700", "2019-01-31": "1.50500", "2018-10-31": "-3.18800", "2018-07-31": "-3.02900", "2018-04-30": "-4.14800", "2018-01-31": "-4.08900", "2017-10-31": "-7.98100", "2017-07-31": "-9.67700", "2017-04-30": "-9.84100", "2017-01-31": "-9.61600", "2016-10-31": "-64.23500", "2016-07-31": "-11.26200", "2016-04-30": "-10.19400", "2016-01-31": "-10.96300", "2015-10-31": "-13.00500", "2015-07-31": "-10.80800", "2015-04-30": "-11.62400", "2015-01-31": "-9.00200", "2014-10-31": "-10.04000", "2014-07-31": "-27.98000", "2014-04-30": "-9.59500", "2014-01-31": "-7.50900", "2013-10-31": "-9.37100", "2013-07-31": "-8.91900", "2013-04-30": "-5.28200", "2013-01-31": "-5.07700", "2012-10-31": "-6.08900", "2012-07-31": "-9.18200", "2012-04-30": "-8.82700", "2012-01-31": "-9.07100", "2011-10-31": "-8.55100", "2011-07-31": "-9.10900", "2011-04-30": "-8.91700", "2011-01-31": "-9.14500", "2010-10-31": "-9.51800", "2010-07-31": "-10.27200", "2010-04-30": "-10.20200", "2010-01-31": "-10.99400", "2009-10-31": "-12.66500", "2009-07-31": "-9.24900", "2009-04-30": "-6.60100", "2009-01-31": "-4.52700", "2008-10-31": "-5.44900", "2008-07-31": "-2.64100", "2008-04-30": "-1.67400", "2008-01-31": "1.17500", "2007-10-31": "-3.05300", "2007-07-31": "1.40000", "2007-04-30": "2.07600", "2007-01-31": "0.39000", "2006-10-31": "-6.78400", "2006-07-31": "-5.41300", "2006-04-30": "-3.75900", "2006-01-31": "-5.56000", "2005-10-31": "-10.11900", "2005-07-31": "-7.91700", "2005-04-30": "-6.03600", "2005-01-31": "-5.04700"}, "Pre-Tax Income": {"2020-10-31": "1015.99200", "2020-07-31": "-92.01900", "2020-04-30": "-1342.84800", "2020-01-31": "1326.27500", "2019-10-31": "1122.11900", "2019-07-31": "1021.30700", "2019-04-30": "936.48200", "2019-01-31": "1178.57800", "2018-10-31": "1046.51800", "2018-07-31": "992.55700", "2018-04-30": "955.55800", "2018-01-31": "1112.38000", "2017-10-31": "1020.00000", "2017-07-31": "891.70000", "2017-04-30": "832.50800", "2017-01-31": "1093.65900", "2016-10-31": "889.83300", "2016-07-31": "914.58200", "2016-04-30": "824.96900", "2016-01-31": "1065.80100", "2015-10-31": "941.19000", "2015-07-31": "886.19400", "2015-04-30": "765.11500", "2015-01-31": "1029.63500", "2014-10-31": "959.10000", "2014-07-31": "830.61800", "2014-04-30": "730.53100", "2014-01-31": "935.78590", "2013-10-31": "879.37200", "2013-07-31": "772.44600", "2013-04-30": "731.88500", "2013-01-31": "964.68700", "2012-10-31": "748.46900", "2012-07-31": "682.79000", "2012-04-30": "681.40500", "2012-01-31": "758.57910", "2011-10-31": "663.75200", "2011-07-31": "559.43700", "2011-04-30": "429.64600", "2011-01-31": "534.32710", "2010-10-31": "597.11700", "2010-07-31": "496.34700", "2010-04-30": "536.30100", "2010-01-31": "633.23600", "2009-10-31": "566.00500", "2009-07-31": "413.10100", "2009-04-30": "339.22000", "2009-01-31": "398.75490", "2008-10-31": "418.25800", "2008-07-31": "337.37500", "2008-04-30": "296.55200", "2008-01-31": "501.07300", "2007-10-31": "403.32100", "2007-07-31": "92.03200", "2007-04-30": "263.66100", "2007-01-31": "397.34100", "2006-10-31": "375.72600", "2006-07-31": "230.65900", "2006-04-30": "260.48200", "2006-01-31": "351.32800", "2005-10-31": "257.31600", "2005-07-31": "179.94500", "2005-04-30": "219.78000", "2005-01-31": "195.00000"}, "Income Taxes": {"2020-10-31": "149.33600", "2020-07-31": "122.20100", "2020-04-30": "-455.35900", "2020-01-31": "341.48500", "2019-10-31": "293.85600", "2019-07-31": "262.34500", "2019-04-30": "236.30400", "2019-01-31": "337.03990", "2018-10-31": "284.26500", "2018-07-31": "252.93100", "2018-04-30": "239.17700", "2018-01-31": "235.10400", "2017-10-31": "378.56400", "2017-07-31": "338.74300", "2017-04-30": "296.22900", "2017-01-31": "415.73100", "2016-10-31": "340.04700", "2016-07-31": "352.40800", "2016-04-30": "316.62300", "2016-01-31": "399.33500", "2015-10-31": "353.93400", "2015-07-31": "336.85900", "2015-04-30": "290.51400", "2015-01-31": "381.40500", "2014-10-31": "364.14300", "2014-07-31": "312.99400", "2014-04-30": "276.21400", "2014-01-31": "353.49400", "2013-10-31": "256.71700", "2013-07-31": "292.88700", "2013-04-30": "278.99500", "2013-01-31": "359.84300", "2012-10-31": "286.91800", "2012-07-31": "261.69800", "2012-04-30": "262.20500", "2012-01-31": "283.26500", "2011-10-31": "257.26500", "2011-07-31": "211.09900", "2011-04-30": "163.69500", "2011-01-31": "203.52400", "2010-10-31": "224.80800", "2010-07-31": "191.36300", "2010-04-30": "204.86700", "2010-01-31": "238.23800", "2009-10-31": "218.20600", "2009-07-31": "151.54000", "2009-04-30": "130.00600", "2009-01-31": "148.05900", "2008-10-31": "164.14100", "2008-07-31": "125.30200", "2008-04-30": "98.55200", "2008-01-31": "191.04200", "2007-10-31": "152.06000", "2007-07-31": "33.00000", "2007-04-30": "101.55300", "2007-01-31": "143.67400", "2006-10-31": "144.90700", "2006-07-31": "91.83500", "2006-04-30": "96.62000", "2006-01-31": "63.21400", "2005-10-31": "101.99100", "2005-07-31": "69.13100", "2005-04-30": "84.19900", "2005-01-31": "71.99200"}, "Income After Taxes": {"2020-10-31": "866.65600", "2020-07-31": "-214.22000", "2020-04-30": "-887.48900", "2020-01-31": "984.79020", "2019-10-31": "828.26310", "2019-07-31": "758.96200", "2019-04-30": "700.17800", "2019-01-31": "841.53800", "2018-10-31": "762.25290", "2018-07-31": "739.62600", "2018-04-30": "716.38100", "2018-01-31": "877.27570", "2017-10-31": "641.43600", "2017-07-31": "552.95700", "2017-04-30": "536.27900", "2017-01-31": "677.92790", "2016-10-31": "549.78600", "2016-07-31": "562.17400", "2016-04-30": "508.34600", "2016-01-31": "666.46630", "2015-10-31": "587.25600", "2015-07-31": "549.33500", "2015-04-30": "474.60100", "2015-01-31": "648.22990", "2014-10-31": "594.95700", "2014-07-31": "517.62400", "2014-04-30": "454.31700", "2014-01-31": "582.29200", "2013-10-31": "622.65500", "2013-07-31": "479.55900", "2013-04-30": "452.89000", "2013-01-31": "604.84410", "2012-10-31": "461.55100", "2012-07-31": "421.09200", "2012-04-30": "419.20000", "2012-01-31": "475.31400", "2011-10-31": "406.48700", "2011-07-31": "348.33800", "2011-04-30": "265.95100", "2011-01-31": "330.80300", "2010-10-31": "372.30900", "2010-07-31": "304.98400", "2010-04-30": "331.43400", "2010-01-31": "394.99800", "2009-10-31": "347.79900", "2009-07-31": "261.56100", "2009-04-30": "209.21400", "2009-01-31": "250.69590", "2008-10-31": "254.11700", "2008-07-31": "212.07300", "2008-04-30": "198.00000", "2008-01-31": "310.03100", "2007-10-31": "251.26100", "2007-07-31": "59.03200", "2007-04-30": "162.10800", "2007-01-31": "253.66700", "2006-10-31": "230.81900", "2006-07-31": "138.82400", "2006-04-30": "163.86200", "2006-01-31": "288.11400", "2005-10-31": "155.32500", "2005-07-31": "110.81400", "2005-04-30": "135.58100", "2005-01-31": "123.00800"}, "Other Income": {"2020-10-31": "", "2020-07-31": "", "2020-04-30": "", "2020-01-31": "", "2019-10-31": "", "2019-07-31": "", "2019-04-30": "", "2019-01-31": "", "2018-10-31": "", "2018-07-31": "", "2018-04-30": "", "2018-01-31": "", "2017-10-31": "", "2017-07-31": "", "2017-04-30": "", "2017-01-31": "", "2016-10-31": "", "2016-07-31": "", "2016-04-30": "", "2016-01-31": "", "2015-10-31": "", "2015-07-31": "", "2015-04-30": "", "2015-01-31": "", "2014-10-31": "", "2014-07-31": "", "2014-04-30": "", "2014-01-31": "", "2013-10-31": "", "2013-07-31": "", "2013-04-30": "", "2013-01-31": "", "2012-10-31": "", "2012-07-31": "", "2012-04-30": "", "2012-01-31": "", "2011-10-31": "", "2011-07-31": "", "2011-04-30": "", "2011-01-31": "", "2010-10-31": "", "2010-07-31": "", "2010-04-30": "", "2010-01-31": "", "2009-10-31": "", "2009-07-31": "", "2009-04-30": "", "2009-01-31": "", "2008-10-31": "", "2008-07-31": "", "2008-04-30": "", "2008-01-31": "", "2007-10-31": "", "2007-07-31": "", "2007-04-30": "", "2007-01-31": "", "2006-10-31": "", "2006-07-31": "", "2006-04-30": "", "2006-01-31": "", "2005-10-31": "", "2005-07-31": "", "2005-04-30": "", "2005-01-31": ""}, "Income From Continuous Operations": {"2020-10-31": "866.65600", "2020-07-31": "-214.22000", "2020-04-30": "-887.48900", "2020-01-31": "984.79020", "2019-10-31": "828.26310", "2019-07-31": "758.96200", "2019-04-30": "700.17800", "2019-01-31": "841.53800", "2018-10-31": "762.25290", "2018-07-31": "739.62600", "2018-04-30": "716.38100", "2018-01-31": "877.27570", "2017-10-31": "641.43600", "2017-07-31": "552.95700", "2017-04-30": "536.27900", "2017-01-31": "677.92790", "2016-10-31": "549.78600", "2016-07-31": "562.17400", "2016-04-30": "508.34600", "2016-01-31": "666.46630", "2015-10-31": "587.25600", "2015-07-31": "549.33500", "2015-04-30": "474.60100", "2015-01-31": "648.22990", "2014-10-31": "594.95700", "2014-07-31": "517.62400", "2014-04-30": "454.31700", "2014-01-31": "582.29200", "2013-10-31": "622.65500", "2013-07-31": "479.55900", "2013-04-30": "452.89000", "2013-01-31": "604.84410", "2012-10-31": "461.55100", "2012-07-31": "421.09200", "2012-04-30": "419.20000", "2012-01-31": "475.31400", "2011-10-31": "406.48700", "2011-07-31": "348.33800", "2011-04-30": "265.95100", "2011-01-31": "330.80300", "2010-10-31": "372.30900", "2010-07-31": "304.98400", "2010-04-30": "331.43400", "2010-01-31": "394.99800", "2009-10-31": "347.79900", "2009-07-31": "261.56100", "2009-04-30": "209.21400", "2009-01-31": "250.69600", "2008-10-31": "254.11700", "2008-07-31": "212.07300", "2008-04-30": "198.00000", "2008-01-31": "310.03100", "2007-10-31": "251.26100", "2007-07-31": "59.03200", "2007-04-30": "162.10800", "2007-01-31": "253.66700", "2006-10-31": "230.81900", "2006-07-31": "138.82400", "2006-04-30": "163.86200", "2006-01-31": "288.11400", "2005-10-31": "155.32500", "2005-07-31": "110.81400", "2005-04-30": "135.58100", "2005-01-31": "123.00800"}, "Income From Discontinued Operations": {"2020-10-31": "", "2020-07-31": "", "2020-04-30": "", "2020-01-31": "", "2019-10-31": "", "2019-07-31": "", "2019-04-30": "", "2019-01-31": "", "2018-10-31": "", "2018-07-31": "", "2018-04-30": "", "2018-01-31": "", "2017-10-31": "", "2017-07-31": "", "2017-04-30": "", "2017-01-31": "", "2016-10-31": "", "2016-07-31": "", "2016-04-30": "", "2016-01-31": "", "2015-10-31": "", "2015-07-31": "", "2015-04-30": "", "2015-01-31": "", "2014-10-31": "", "2014-07-31": "", "2014-04-30": "", "2014-01-31": "", "2013-10-31": "", "2013-07-31": "", "2013-04-30": "", "2013-01-31": "", "2012-10-31": "", "2012-07-31": "", "2012-04-30": "", "2012-01-31": "", "2011-10-31": "", "2011-07-31": "", "2011-04-30": "", "2011-01-31": "", "2010-10-31": "", "2010-07-31": "", "2010-04-30": "", "2010-01-31": "", "2009-10-31": "", "2009-07-31": "", "2009-04-30": "", "2009-01-31": "0.00000", "2008-10-31": "-18.26800", "2008-07-31": "-11.85000", "2008-04-30": "-4.15100", "2008-01-31": "-8.88200", "2007-10-31": "-1.80000", "2007-07-31": "", "2007-04-30": "", "2007-01-31": "-48.20500", "2006-10-31": "-0.20700", "2006-07-31": "-0.66800", "2006-04-30": "-0.05300", "2006-01-31": "", "2005-10-31": "", "2005-07-31": "", "2005-04-30": "", "2005-01-31": ""}, "Net Income": {"2020-10-31": "866.65600", "2020-07-31": "-214.22000", "2020-04-30": "-887.48900", "2020-01-31": "984.79030", "2019-10-31": "828.26300", "2019-07-31": "758.96200", "2019-04-30": "700.17800", "2019-01-31": "841.53820", "2018-10-31": "762.25300", "2018-07-31": "739.62600", "2018-04-30": "716.38100", "2018-01-31": "877.27590", "2017-10-31": "641.43600", "2017-07-31": "552.95700", "2017-04-30": "536.27900", "2017-01-31": "677.92790", "2016-10-31": "549.78600", "2016-07-31": "562.17400", "2016-04-30": "508.34600", "2016-01-31": "666.46590", "2015-10-31": "587.25600", "2015-07-31": "549.33500", "2015-04-30": "474.60100", "2015-01-31": "648.22990", "2014-10-31": "594.95700", "2014-07-31": "517.62400", "2014-04-30": "454.31700", "2014-01-31": "582.29200", "2013-10-31": "622.65500", "2013-07-31": "479.55900", "2013-04-30": "452.89000", "2013-01-31": "604.84390", "2012-10-31": "461.55100", "2012-07-31": "421.09200", "2012-04-30": "419.20000", "2012-01-31": "475.31400", "2011-10-31": "406.48700", "2011-07-31": "348.33800", "2011-04-30": "265.95100", "2011-01-31": "334.41400", "2010-10-31": "372.30900", "2010-07-31": "304.98400", "2010-04-30": "331.43400", "2010-01-31": "394.99800", "2009-10-31": "347.79900", "2009-07-31": "261.56100", "2009-04-30": "209.21400", "2009-01-31": "250.69600", "2008-10-31": "235.84900", "2008-07-31": "200.22300", "2008-04-30": "193.84900", "2008-01-31": "301.14900", "2007-10-31": "249.46100", "2007-07-31": "59.03200", "2007-04-30": "162.10800", "2007-01-31": "205.46200", "2006-10-31": "230.61200", "2006-07-31": "138.15600", "2006-04-30": "163.80900", "2006-01-31": "288.70300", "2005-10-31": "155.32500", "2005-07-31": "110.81400", "2005-04-30": "135.58100", "2005-01-31": "122.49000"}, "EBITDA": {"2020-10-31": "1287.84800", "2020-07-31": "185.38190", "2020-04-30": "-1100.03700", "2020-01-31": "1549.24600", "2019-10-31": "1344.93300", "2019-07-31": "1239.83600", "2019-04-30": "1149.50000", "2019-01-31": "1395.50100", "2018-10-31": "1204.67700", "2018-07-31": "1249.54700", "2018-04-30": "1152.00100", "2018-01-31": "1409.25300", "2017-10-31": "1212.27400", "2017-07-31": "1077.02200", "2017-04-30": "1014.83400", "2017-01-31": "1192.29600", "2016-10-31": "1149.19000", "2016-07-31": "1118.52400", "2016-04-30": "1017.13600", "2016-01-31": "1239.75400", "2015-10-31": "1109.44300", "2015-07-31": "1046.92000", "2015-04-30": "925.27870", "2015-01-31": "1277.46300", "2014-10-31": "1115.65100", "2014-07-31": "1006.09400", "2014-04-30": "884.28100", "2014-01-31": "1084.83700", "2013-10-31": "1030.05500", "2013-07-31": "916.79220", "2013-04-30": "867.70950", "2013-01-31": "1106.32600", "2012-10-31": "880.46360", "2012-07-31": "817.79470", "2012-04-30": "810.86990", "2012-01-31": "896.40990", "2011-10-31": "792.80420", "2011-07-31": "688.75990", "2011-04-30": "554.79100", "2011-01-31": "615.54270", "2010-10-31": "765.38620", "2010-07-31": "606.92410", "2010-04-30": "673.42900", "2010-01-31": "774.82150", "2009-10-31": "703.16190", "2009-07-31": "541.07810", "2009-04-30": "462.37230", "2009-01-31": "517.09970", "2008-10-31": "538.33360", "2008-07-31": "452.67310", "2008-04-30": "410.06310", "2008-01-31": "612.03340", "2007-10-31": "509.86200", "2007-07-31": "196.85480", "2007-04-30": "366.50600", "2007-01-31": "502.60180", "2006-10-31": "488.25580", "2006-07-31": "342.02700", "2006-04-30": "369.79900", "2006-01-31": "458.38530", "2005-10-31": "368.02910", "2005-07-31": "288.32080", "2005-04-30": "328.73790", "2005-01-31": "367.27120"}, "EBIT": {"2020-10-31": "1068.87600", "2020-07-31": "-34.68310", "2020-04-30": "-1319.49700", "2020-01-31": "1329.33100", "2019-10-31": "1125.37800", "2019-07-31": "1024.20300", "2019-04-30": "937.29880", "2019-01-31": "1177.07200", "2018-10-31": "1049.70600", "2018-07-31": "995.58590", "2018-04-30": "959.70610", "2018-01-31": "1116.46900", "2017-10-31": "1027.98000", "2017-07-31": "901.37740", "2017-04-30": "842.34910", "2017-01-31": "1103.27200", "2016-10-31": "954.06840", "2016-07-31": "925.84420", "2016-04-30": "835.16260", "2016-01-31": "1076.76300", "2015-10-31": "954.19530", "2015-07-31": "897.00200", "2015-04-30": "776.73880", "2015-01-31": "1038.63600", "2014-10-31": "969.14010", "2014-07-31": "858.59770", "2014-04-30": "740.12600", "2014-01-31": "943.29540", "2013-10-31": "888.74320", "2013-07-31": "781.36520", "2013-04-30": "737.16650", "2013-01-31": "969.76420", "2012-10-31": "754.55760", "2012-07-31": "691.97170", "2012-04-30": "690.23190", "2012-01-31": "767.65040", "2011-10-31": "672.30320", "2011-07-31": "568.54590", "2011-04-30": "438.56300", "2011-01-31": "543.47310", "2010-10-31": "606.63530", "2010-07-31": "506.61910", "2010-04-30": "546.50290", "2010-01-31": "644.22900", "2009-10-31": "578.66990", "2009-07-31": "422.35010", "2009-04-30": "345.82130", "2009-01-31": "403.28370", "2008-10-31": "423.70650", "2008-07-31": "340.01610", "2008-04-30": "298.22610", "2008-01-31": "499.89940", "2007-10-31": "406.37400", "2007-07-31": "90.63180", "2007-04-30": "261.58500", "2007-01-31": "396.94780", "2006-10-31": "382.50980", "2006-07-31": "236.07200", "2006-04-30": "264.24100", "2006-01-31": "356.88620", "2005-10-31": "267.43510", "2005-07-31": "187.86180", "2005-04-30": "225.81590", "2005-01-31": "200.05130"}, "Basic Shares Outstanding": {"2020-10-31": "1199.95100", "2020-07-31": "1198.63400", "2020-04-30": "1197.80900", "2020-01-31": "1208.16300", "2019-10-31": "1206.36900", "2019-07-31": "1210.52500", "2019-04-30": "1214.53100", "2019-01-31": "1241.15300", "2018-10-31": "1236.84200", "2018-07-31": "1246.85100", "2018-04-30": "1253.22400", "2018-01-31": "1273.65400", "2017-10-31": "1268.04400", "2017-07-31": "1278.25400", "2017-04-30": "1288.85000", "2017-01-31": "1311.29400", "2016-10-31": "1307.11800", "2016-07-31": "1316.23400", "2016-04-30": "1323.03000", "2016-01-31": "1346.96800", "2015-10-31": "1342.30800", "2015-07-31": "1352.16400", "2015-04-30": "1362.73800", "2015-01-31": "1385.38200", "2014-10-31": "1380.36600", "2014-07-31": "1388.43400", "2014-04-30": "1402.05400", "2014-01-31": "1426.94000", "2013-10-31": "1423.19000", "2013-07-31": "1431.41200", "2013-04-30": "1439.05600", "2013-01-31": "1467.17600", "2012-10-31": "1463.15000", "2012-07-31": "1473.66000", "2012-04-30": "1484.46600", "2012-01-31": "1522.21800", "2011-10-31": "1508.54600", "2011-07-31": "1527.43000", "2011-04-30": "1551.91200", "2011-01-31": "1600.58200", "2010-10-31": "1588.86800", "2010-07-31": "1614.83200", "2010-04-30": "1632.21200", "2010-01-31": "1671.18400", "2009-10-31": "1686.61600", "2009-07-31": "1695.56400", "2009-04-30": "1650.17600", "2009-01-31": "1676.30400", "2008-10-31": "1668.42800", "2008-07-31": "1685.15600", "2008-04-30": "1702.48000", "2008-01-31": "1772.20000", "2007-10-31": "1757.02400", "2007-07-31": "1791.93600", "2007-04-30": "1814.26000", "2007-01-31": "1816.17600", "2006-10-31": "1810.17600", "2006-07-31": "1808.52800", "2006-04-30": "1835.68000", "2006-01-31": "1866.14800", "2005-10-31": "1847.74400", "2005-07-31": "1868.82400", "2005-04-30": "1907.91600", "2005-01-31": "1955.23600"}, "Shares Outstanding": {"2020-10-31": "1214.19500", "2020-07-31": "1198.63400", "2020-04-30": "1197.80900", "2020-01-31": "1226.51900", "2019-10-31": "1224.28800", "2019-07-31": "1228.98600", "2019-04-30": "1233.40700", "2019-01-31": "1259.25200", "2018-10-31": "1257.56200", "2018-07-31": "1265.92000", "2018-04-30": "1268.87200", "2018-01-31": "1292.20900", "2017-10-31": "1285.76200", "2017-07-31": "1296.63400", "2017-04-30": "1309.59800", "2017-01-31": "1328.86400", "2016-10-31": "1323.44200", "2016-07-31": "1333.21200", "2016-04-30": "1340.77600", "2016-01-31": "1366.50200", "2015-10-31": "1361.68800", "2015-07-31": "1370.64400", "2015-04-30": "1382.41200", "2015-01-31": "1407.09000", "2014-10-31": "1402.01000", "2014-07-31": "1410.40000", "2014-04-30": "1425.80400", "2014-01-31": "1452.75200", "2013-10-31": "1448.21600", "2013-07-31": "1457.19800", "2013-04-30": "1465.11000", "2013-01-31": "1495.11000", "2012-10-31": "1491.48200", "2012-07-31": "1502.48600", "2012-04-30": "1512.03200", "2012-01-31": "1547.54400", "2011-10-31": "1532.10400", "2011-07-31": "1550.50200", "2011-04-30": "1576.01800", "2011-01-31": "1625.65200", "2010-10-31": "1612.16000", "2010-07-31": "1638.96800", "2010-04-30": "1657.60000", "2010-01-31": "1710.47800", "2009-10-31": "1712.36800", "2009-07-31": "1721.81200", "2009-04-30": "1727.68000", "2009-01-31": "1769.02000", "2008-10-31": "1762.99600", "2008-07-31": "1781.69200", "2008-04-30": "1801.60400", "2008-01-31": "1872.18400", "2007-10-31": "1858.13600", "2007-07-31": "1893.27600", "2007-04-30": "1916.10400", "2007-01-31": "1920.18000", "2006-10-31": "1917.96400", "2006-07-31": "1909.94000", "2006-04-30": "1939.78800", "2006-01-31": "1966.00000", "2005-10-31": "1945.98000", "2005-07-31": "1971.26800", "2005-04-30": "1988.46000", "2005-01-31": "2038.64400"}, "Basic EPS": {"2020-10-31": "0.72000", "2020-07-31": "-0.18000", "2020-04-30": "-0.74000", "2020-01-31": "0.81000", "2019-10-31": "0.69000", "2019-07-31": "0.63000", "2019-04-30": "0.58000", "2019-01-31": "0.69000", "2018-10-31": "0.62000", "2018-07-31": "0.59000", "2018-04-30": "0.57000", "2018-01-31": "0.69000", "2017-10-31": "0.51000", "2017-07-31": "0.43500", "2017-04-30": "0.41500", "2017-01-31": "0.52000", "2016-10-31": "0.42000", "2016-07-31": "0.42500", "2016-04-30": "0.38500", "2016-01-31": "0.49500", "2015-10-31": "0.44000", "2015-07-31": "0.40500", "2015-04-30": "0.35000", "2015-01-31": "0.47000", "2014-10-31": "0.43000", "2014-07-31": "0.37500", "2014-04-30": "0.32500", "2014-01-31": "0.41000", "2013-10-31": "0.44000", "2013-07-31": "0.33500", "2013-04-30": "0.31500", "2013-01-31": "0.42000", "2012-10-31": "0.31500", "2012-07-31": "0.28500", "2012-04-30": "0.28000", "2012-01-31": "0.31500", "2011-10-31": "0.27000", "2011-07-31": "0.23000", "2011-04-30": "0.17000", "2011-01-31": "0.21250", "2010-10-31": "0.23500", "2010-07-31": "0.19000", "2010-04-30": "0.20250", "2010-01-31": "0.23750", "2009-10-31": "0.20500", "2009-07-31": "0.15500", "2009-04-30": "0.12750", "2009-01-31": "0.14750", "2008-10-31": "0.14250", "2008-07-31": "0.12000", "2008-04-30": "0.11500", "2008-01-31": "0.17000", "2007-10-31": "0.14250", "2007-07-31": "0.03250", "2007-04-30": "0.09000", "2007-01-31": "0.11250", "2006-10-31": "0.12750", "2006-07-31": "0.07750", "2006-04-30": "0.09000", "2006-01-31": "0.15500", "2005-10-31": "0.08500", "2005-07-31": "0.06000", "2005-04-30": "0.07000", "2005-01-31": "0.06500"}, "EPS - Earnings Per Share": {"2020-10-31": "0.71000", "2020-07-31": "-0.18000", "2020-04-30": "-0.74000", "2020-01-31": "0.80000", "2019-10-31": "0.68000", "2019-07-31": "0.62000", "2019-04-30": "0.57000", "2019-01-31": "0.68000", "2018-10-31": "0.61000", "2018-07-31": "0.58000", "2018-04-30": "0.56000", "2018-01-31": "0.68500", "2017-10-31": "0.50000", "2017-07-31": "0.42500", "2017-04-30": "0.41000", "2017-01-31": "0.51500", "2016-10-31": "0.41500", "2016-07-31": "0.42000", "2016-04-30": "0.38000", "2016-01-31": "0.49000", "2015-10-31": "0.43000", "2015-07-31": "0.40000", "2015-04-30": "0.34500", "2015-01-31": "0.46500", "2014-10-31": "0.42500", "2014-07-31": "0.36500", "2014-04-30": "0.32000", "2014-01-31": "0.40000", "2013-10-31": "0.43000", "2013-07-31": "0.33000", "2013-04-30": "0.31000", "2013-01-31": "0.41000", "2012-10-31": "0.31000", "2012-07-31": "0.28000", "2012-04-30": "0.27500", "2012-01-31": "0.30500", "2011-10-31": "0.26500", "2011-07-31": "0.22500", "2011-04-30": "0.17000", "2011-01-31": "0.21000", "2010-10-31": "0.23000", "2010-07-31": "0.18500", "2010-04-30": "0.20000", "2010-01-31": "0.23250", "2009-10-31": "0.20250", "2009-07-31": "0.15250", "2009-04-30": "0.12250", "2009-01-31": "0.14500", "2008-10-31": "0.13500", "2008-07-31": "0.11250", "2008-04-30": "0.10750", "2008-01-31": "0.16250", "2007-10-31": "0.13500", "2007-07-31": "0.03250", "2007-04-30": "0.08500", "2007-01-31": "0.11000", "2006-10-31": "0.12000", "2006-07-31": "0.07250", "2006-04-30": "0.08500", "2006-01-31": "0.14500", "2005-10-31": "0.08000", "2005-07-31": "0.05750", "2005-04-30": "0.07000", "2005-01-31": "0.06500"}}, "balance sheet": {"Cash On Hand": {"2020-01-31": "3216.75200", "2019-01-31": "3030.22900", "2018-01-31": "3264.64200", "2017-01-31": "3473.09100", "2016-01-31": "2447.78600", "2015-01-31": "2776.39800", "2014-01-31": "2444.44800", "2013-01-31": "2047.81000", "2012-01-31": "1601.80300", "2011-01-31": "1818.01200", "2010-01-31": "1745.24300", "2009-01-31": "453.52700", "2008-01-31": "732.61200", "2007-01-31": "856.66900", "2006-01-31": "465.64900", "2005-01-31": "307.18700"}, "Receivables": {"2020-01-31": "386.26100", "2019-01-31": "346.29800", "2018-01-31": "327.16600", "2017-01-31": "258.83100", "2016-01-31": "238.07200", "2015-01-31": "226.29900", "2014-01-31": "210.09400", "2013-01-31": "222.78800", "2012-01-31": "204.30400", "2011-01-31": "200.14700", "2010-01-31": "148.12600", "2009-01-31": "143.50000", "2008-01-31": "143.28900", "2007-01-31": "115.24500", "2006-01-31": "140.74700", "2005-01-31": "119.61100"}, "Inventory": {"2020-01-31": "4872.59200", "2019-01-31": "4579.03300", "2018-01-31": "4187.24300", "2017-01-31": "3644.95900", "2016-01-31": "3695.11300", "2015-01-31": "3217.92300", "2014-01-31": "2966.49000", "2013-01-31": "3014.21400", "2012-01-31": "2950.52300", "2011-01-31": "2765.46400", "2010-01-31": "2532.31800", "2009-01-31": "2619.33600", "2008-01-31": "2737.37800", "2007-01-31": "2581.96900", "2006-01-31": "2365.86100", "2005-01-31": "2352.03200"}, "Pre-Paid Expenses": {"2020-01-31": "415.01700", "2019-01-31": "513.66200", "2018-01-31": "706.67600", "2017-01-31": "373.89300", "2016-01-31": "391.58900", "2015-01-31": "356.82400", "2014-01-31": "345.32700", "2013-01-31": "330.51200", "2012-01-31": "270.13300", "2011-01-31": "249.83200", "2010-01-31": "255.70700", "2009-01-31": "274.09100", "2008-01-31": "215.55000", "2007-01-31": "159.10500", "2006-01-31": "158.62400", "2005-01-31": "126.29000"}, "Other Current Assets": {"2020-01-31": "", "2019-01-31": "", "2018-01-31": "", "2017-01-31": "", "2016-01-31": "", "2015-01-31": "", "2014-01-31": "", "2013-01-31": "", "2012-01-31": "", "2011-01-31": "", "2010-01-31": "", "2009-01-31": "", "2008-01-31": "", "2007-01-31": "", "2006-01-31": "", "2005-01-31": ""}, "Total Current Assets": {"2020-01-31": "8890.62200", "2019-01-31": "8469.22200", "2018-01-31": "8485.72700", "2017-01-31": "7750.77400", "2016-01-31": "6772.56000", "2015-01-31": "6577.44400", "2014-01-31": "6067.99800", "2013-01-31": "5711.54300", "2012-01-31": "5132.63200", "2011-01-31": "5099.52700", "2010-01-31": "4803.85600", "2009-01-31": "3626.12900", "2008-01-31": "3992.29400", "2007-01-31": "3748.81300", "2006-01-31": "3140.12700", "2005-01-31": "2905.12000"}, "Property, Plant, And Equipment": {"2020-01-31": "5325.04800", "2019-01-31": "5255.20800", "2018-01-31": "5006.05300", "2017-01-31": "4532.89400", "2016-01-31": "4137.57500", "2015-01-31": "3868.36500", "2014-01-31": "3594.50100", "2013-01-31": "3223.24200", "2012-01-31": "2706.37700", "2011-01-31": "2449.80100", "2010-01-31": "2273.88200", "2009-01-31": "2185.75600", "2008-01-31": "2217.45300", "2007-01-31": "2018.46100", "2006-01-31": "1990.89700", "2005-01-31": "1836.74500"}, "Long-Term Investments": {"2020-01-31": "", "2019-01-31": "", "2018-01-31": "", "2017-01-31": "", "2016-01-31": "", "2015-01-31": "", "2014-01-31": "", "2013-01-31": "", "2012-01-31": "", "2011-01-31": "", "2010-01-31": "", "2009-01-31": "", "2008-01-31": "", "2007-01-31": "", "2006-01-31": "", "2005-01-31": ""}, "Goodwill And Intangible Assets": {"2020-01-31": "95.54600", "2019-01-31": "97.55200", "2018-01-31": "100.06900", "2017-01-31": "195.87100", "2016-01-31": "193.91100", "2015-01-31": "309.87000", "2014-01-31": "312.68700", "2013-01-31": "316.26900", "2012-01-31": "179.93500", "2011-01-31": "179.93600", "2010-01-31": "179.79400", "2009-01-31": "179.52800", "2008-01-31": "181.52400", "2007-01-31": "182.89800", "2006-01-31": "183.42500", "2005-01-31": "183.76300"}, "Other Long-Term Assets": {"2020-01-31": "761.32320", "2019-01-31": "497.58000", "2018-01-31": "459.60800", "2017-01-31": "398.07600", "2016-01-31": "372.55400", "2015-01-31": "210.53900", "2014-01-31": "194.32800", "2013-01-31": "260.80100", "2012-01-31": "253.91300", "2011-01-31": "231.51800", "2010-01-31": "193.23000", "2009-01-31": "171.38100", "2008-01-31": "190.98100", "2007-01-31": "115.61300", "2006-01-31": "153.31200", "2005-01-31": "125.46300"}, "Total Long-Term Assets": {"2020-01-31": "15254.38000", "2019-01-31": "5856.80700", "2018-01-31": "5572.28800", "2017-01-31": "5133.03400", "2016-01-31": "4717.87200", "2015-01-31": "4411.30600", "2014-01-31": "4133.02400", "2013-01-31": "3800.31200", "2012-01-31": "3148.97300", "2011-01-31": "2872.23600", "2010-01-31": "2660.12100", "2009-01-31": "2552.11300", "2008-01-31": "2607.64000", "2007-01-31": "2336.88700", "2006-01-31": "2356.17800", "2005-01-31": "2170.35300"}, "Total Assets": {"2020-01-31": "24145.00000", "2019-01-31": "14326.03000", "2018-01-31": "14058.01000", "2017-01-31": "12883.81000", "2016-01-31": "11490.43000", "2015-01-31": "10988.75000", "2014-01-31": "10201.02000", "2013-01-31": "9511.85500", "2012-01-31": "8281.60500", "2011-01-31": "7971.76300", "2010-01-31": "7463.97700", "2009-01-31": "6178.24200", "2008-01-31": "6599.93400", "2007-01-31": "6085.70000", "2006-01-31": "5496.30500", "2005-01-31": "5075.47300"}, "Total Current Liabilities": {"2020-01-31": "7150.24700", "2019-01-31": "5531.37400", "2018-01-31": "5125.53700", "2017-01-31": "4757.65600", "2016-01-31": "4402.23000", "2015-01-31": "3929.63400", "2014-01-31": "3517.84300", "2013-01-31": "3760.59600", "2012-01-31": "3063.42300", "2011-01-31": "3133.12100", "2010-01-31": "2894.98600", "2009-01-31": "2767.89100", "2008-01-31": "2760.99300", "2007-01-31": "2382.98000", "2006-01-31": "2251.85100", "2005-01-31": "2204.11200"}, "Long Term Debt": {"2020-01-31": "2236.62500", "2019-01-31": "2233.61600", "2018-01-31": "2230.60700", "2017-01-31": "2227.59900", "2016-01-31": "1615.00300", "2015-01-31": "1623.86400", "2014-01-31": "1274.21600", "2013-01-31": "774.55200", "2012-01-31": "784.62300", "2011-01-31": "787.51700", "2010-01-31": "790.16900", "2009-01-31": "383.78200", "2008-01-31": "853.46000", "2007-01-31": "808.02700", "2006-01-31": "807.15000", "2005-01-31": "598.54000"}, "Other Non-Current Liabilities": {"2020-01-31": "851.11600", "2019-01-31": "1354.24200", "2018-01-31": "1320.50500", "2017-01-31": "1073.95400", "2016-01-31": "881.02100", "2015-01-31": "888.13700", "2014-01-31": "732.99900", "2013-01-31": "961.28400", "2012-01-31": "861.76800", "2011-01-31": "709.32100", "2010-01-31": "697.09900", "2009-01-31": "765.00400", "2008-01-31": "811.33300", "2007-01-31": "583.04700", "2006-01-31": "544.65000", "2005-01-31": "466.78600"}, "Total Long Term Liabilities": {"2020-01-31": "11046.54000", "2019-01-31": "3746.04900", "2018-01-31": "3784.16900", "2017-01-31": "3615.55300", "2016-01-31": "2781.12600", "2015-01-31": "2794.88600", "2014-01-31": "2453.28600", "2013-01-31": "2085.32200", "2012-01-31": "2008.89200", "2011-01-31": "1738.74300", "2010-01-31": "1679.71500", "2009-01-31": "1275.79400", "2008-01-31": "1707.69600", "2007-01-31": "1412.59900", "2006-01-31": "1351.80000", "2005-01-31": "1124.80500"}, "Total Liabilities": {"2020-01-31": "18196.79000", "2019-01-31": "9277.42300", "2018-01-31": "8909.70600", "2017-01-31": "8373.20900", "2016-01-31": "7183.35500", "2015-01-31": "6724.52000", "2014-01-31": "5971.12900", "2013-01-31": "5845.91800", "2012-01-31": "5072.31500", "2011-01-31": "4871.86400", "2010-01-31": "4574.70100", "2009-01-31": "4043.68500", "2008-01-31": "4468.68900", "2007-01-31": "3795.57900", "2006-01-31": "3603.65100", "2005-01-31": "3328.91700"}, "Common Stock Net": {"2020-01-31": "1199.10000", "2019-01-31": "1217.18300", "2018-01-31": "1256.01800", "2017-01-31": "646.31900", "2016-01-31": "663.49600", "2015-01-31": "684.73300", "2014-01-31": "705.01700", "2013-01-31": "723.90200", "2012-01-31": "746.70200", "2011-01-31": "389.65700", "2010-01-31": "409.38600", "2009-01-31": "412.82200", "2008-01-31": "427.95000", "2007-01-31": "453.65000", "2006-01-31": "460.96700", "2005-01-31": "480.69900"}, "Retained Earnings (Accumulated Deficit)": {"2020-01-31": "5422.28300", "2019-01-31": "4461.74400", "2018-01-31": "4334.15000", "2017-01-31": "4558.50600", "2016-01-31": "4311.05100", "2015-01-31": "4133.88200", "2014-01-31": "3724.40800", "2013-01-31": "3155.42700", "2012-01-31": "2655.16300", "2011-01-31": "2801.99700", "2010-01-31": "2614.01400", "2009-01-31": "1939.51600", "2008-01-31": "1731.98000", "2007-01-31": "1870.46000", "2006-01-31": "1475.98300", "2005-01-31": "1292.10200"}, "Comprehensive Income": {"2020-01-31": "-673.17100", "2019-01-31": "-630.32100", "2018-01-31": "-441.85900", "2017-01-31": "-694.22600", "2016-01-31": "-667.47200", "2015-01-31": "-554.38500", "2014-01-31": "-199.53200", "2013-01-31": "-213.39200", "2012-01-31": "-192.57500", "2011-01-31": "-91.75500", "2010-01-31": "-134.12400", "2009-01-31": "-217.78100", "2008-01-31": "-28.68500", "2007-01-31": "-33.98900", "2006-01-31": "-44.29600", "2005-01-31": "-26.24500"}, "Other Share Holders Equity": {"2020-01-31": "", "2019-01-31": "", "2018-01-31": "", "2017-01-31": "", "2016-01-31": "", "2015-01-31": "", "2014-01-31": "", "2013-01-31": "", "2012-01-31": "", "2011-01-31": "", "2010-01-31": "", "2009-01-31": "", "2008-01-31": "", "2007-01-31": "", "2006-01-31": "", "2005-01-31": ""}, "Share Holder Equity": {"2020-01-31": "5948.21200", "2019-01-31": "5048.60600", "2018-01-31": "5148.30900", "2017-01-31": "4510.59900", "2016-01-31": "4307.07500", "2015-01-31": "4264.23000", "2014-01-31": "4229.89300", "2013-01-31": "3665.93700", "2012-01-31": "3209.29000", "2011-01-31": "3099.89900", "2010-01-31": "2889.27600", "2009-01-31": "2134.55700", "2008-01-31": "2131.24500", "2007-01-31": "2290.12100", "2006-01-31": "1892.65400", "2005-01-31": "1746.55600"}, "Total Liabilities And Share Holders Equity": {"2020-01-31": "24145.00000", "2019-01-31": "14326.03000", "2018-01-31": "14058.01000", "2017-01-31": "12883.81000", "2016-01-31": "11490.43000", "2015-01-31": "10988.75000", "2014-01-31": "10201.02000", "2013-01-31": "9511.85500", "2012-01-31": "8281.60500", "2011-01-31": "7971.76300", "2010-01-31": "7463.97700", "2009-01-31": "6178.24200", "2008-01-31": "6599.93400", "2007-01-31": "6085.70000", "2006-01-31": "5496.30500", "2005-01-31": "5075.47300"}}, "balance sheet, quarterly": {"Cash On Hand": {"2020-10-31": "10581.99000", "2020-07-31": "6620.41100", "2020-04-30": "4287.83500", "2020-01-31": "3216.75200", "2019-10-31": "2060.17600", "2019-07-31": "2186.38200", "2019-04-30": "2235.05600", "2019-01-31": "3030.22900", "2018-10-31": "2711.76700", "2018-07-31": "2872.71700", "2018-04-30": "3117.00800", "2018-01-31": "3264.64200", "2017-10-31": "2875.86200", "2017-07-31": "2952.06200", "2017-04-30": "3126.58600", "2017-01-31": "3473.09100", "2016-10-31": "2826.33600", "2016-07-31": "2224.80100", "2016-04-30": "2347.85700", "2016-01-31": "2447.78600", "2015-10-31": "2123.05000", "2015-07-31": "2238.27600", "2015-04-30": "2588.79100", "2015-01-31": "2776.39800", "2014-10-31": "2430.85000", "2014-07-31": "2468.33300", "2014-04-30": "2319.18300", "2014-01-31": "2444.44800", "2013-10-31": "2262.02800", "2013-07-31": "2090.01100", "2013-04-30": "2227.87800", "2013-01-31": "2047.81000", "2012-10-31": "1842.90100", "2012-07-31": "1796.69700", "2012-04-30": "1738.56300", "2012-01-31": "1601.80300", "2011-10-31": "1028.66900", "2011-07-31": "1059.85900", "2011-04-30": "1462.49500", "2011-01-31": "1818.01200", "2010-10-31": "1469.03200", "2010-07-31": "1519.39800", "2010-04-30": "1959.34100", "2010-01-31": "1745.24300", "2009-10-31": "1522.29100", "2009-07-31": "1561.52200", "2009-04-30": "1069.24200", "2009-01-31": "453.52700", "2008-10-31": "387.35100", "2008-07-31": "517.49300", "2008-04-30": "698.11500", "2008-01-31": "732.61200", "2007-10-31": "388.13100", "2007-07-31": "533.78600", "2007-04-30": "781.21000", "2007-01-31": "856.66900", "2006-10-31": "341.63600", "2006-07-31": "273.71700", "2006-04-30": "279.88200", "2006-01-31": "465.64900", "2005-10-31": "201.01900", "2005-07-31": "181.68900", "2005-04-30": "177.75000", "2005-01-31": "307.18700"}, "Receivables": {"2020-10-31": "649.38000", "2020-07-31": "749.85300", "2020-04-30": "654.10600", "2020-01-31": "433.23000", "2019-10-31": "625.28500", "2019-07-31": "556.18200", "2019-04-30": "431.78400", "2019-01-31": "346.29800", "2018-10-31": "419.79000", "2018-07-31": "356.18000", "2018-04-30": "368.31400", "2018-01-31": "327.16600", "2017-10-31": "365.60300", "2017-07-31": "323.83700", "2017-04-30": "317.22400", "2017-01-31": "258.83100", "2016-10-31": "321.84100", "2016-07-31": "302.74000", "2016-04-30": "294.14200", "2016-01-31": "238.07200", "2015-10-31": "289.73400", "2015-07-31": "275.69500", "2015-04-30": "277.07500", "2015-01-31": "226.29900", "2014-10-31": "260.94000", "2014-07-31": "242.54900", "2014-04-30": "255.77500", "2014-01-31": "210.09400", "2013-10-31": "250.88600", "2013-07-31": "221.16400", "2013-04-30": "257.98500", "2013-01-31": "222.78800", "2012-10-31": "238.25100", "2012-07-31": "202.14000", "2012-04-30": "232.88400", "2012-01-31": "204.30400", "2011-10-31": "235.97500", "2011-07-31": "218.08300", "2011-04-30": "231.11900", "2011-01-31": "200.14700", "2010-10-31": "229.31800", "2010-07-31": "171.20300", "2010-04-30": "168.04300", "2010-01-31": "148.12600", "2009-10-31": "163.55500", "2009-07-31": "145.38700", "2009-04-30": "150.40600", "2009-01-31": "143.50000", "2008-10-31": "166.55300", "2008-07-31": "141.82600", "2008-04-30": "172.77200", "2008-01-31": "143.28900", "2007-10-31": "192.48300", "2007-07-31": "147.50200", "2007-04-30": "155.23300", "2007-01-31": "115.24500", "2006-10-31": "161.57000", "2006-07-31": "119.48200", "2006-04-30": "153.86500", "2006-01-31": "140.74700", "2005-10-31": "173.51600", "2005-07-31": "120.93200", "2005-04-30": "132.21000", "2005-01-31": "119.61100"}, "Inventory": {"2020-10-31": "4997.50600", "2020-07-31": "3744.06200", "2020-04-30": "4945.72000", "2020-01-31": "4872.59200", "2019-10-31": "6274.77800", "2019-07-31": "5087.04600", "2019-04-30": "5057.20200", "2019-01-31": "4579.03300", "2018-10-31": "5543.41300", "2018-07-31": "4498.52300", "2018-04-30": "4369.89300", "2018-01-31": "4187.24300", "2017-10-31": "4725.85000", "2017-07-31": "3864.45400", "2017-04-30": "3736.11400", "2017-01-31": "3644.95900", "2016-10-31": "4384.17100", "2016-07-31": "3870.60500", "2016-04-30": "3904.98900", "2016-01-31": "3695.11300", "2015-10-31": "4441.98900", "2015-07-31": "3749.63600", "2015-04-30": "3531.60000", "2015-01-31": "3217.92300", "2014-10-31": "3958.64800", "2014-07-31": "3388.18200", "2014-04-30": "3208.46000", "2014-01-31": "2966.49000", "2013-10-31": "3663.17100", "2013-07-31": "3188.48900", "2013-04-30": "3091.47300", "2013-01-31": "3014.21400", "2012-10-31": "3297.11900", "2012-07-31": "3007.73100", "2012-04-30": "2909.80500", "2012-01-31": "2950.52300", "2011-10-31": "3706.02200", "2011-07-31": "3368.08200", "2011-04-30": "3014.80900", "2011-01-31": "2765.46400", "2010-10-31": "3272.96000", "2010-07-31": "2884.60200", "2010-04-30": "2615.07900", "2010-01-31": "2532.31800", "2009-10-31": "3267.66700", "2009-07-31": "3100.17500", "2009-04-30": "2817.71100", "2009-01-31": "2619.33600", "2008-10-31": "3279.30500", "2008-07-31": "3104.81700", "2008-04-30": "2899.79500", "2008-01-31": "2737.37800", "2007-10-31": "3364.50000", "2007-07-31": "3050.20100", "2007-04-30": "2829.30300", "2007-01-31": "2581.96900", "2006-10-31": "3246.28700", "2006-07-31": "2923.43400", "2006-04-30": "2555.28600", "2006-01-31": "2365.86100", "2005-10-31": "2913.46900", "2005-07-31": "2814.69100", "2005-04-30": "2460.40100", "2005-01-31": "2352.03200"}, "Pre-Paid Expenses": {"2020-10-31": "425.02700", "2020-07-31": "403.62100", "2020-04-30": "408.58700", "2020-01-31": "368.04800", "2019-10-31": "414.37600", "2019-07-31": "438.99400", "2019-04-30": "343.17000", "2019-01-31": "513.66200", "2018-10-31": "642.04300", "2018-07-31": "712.55200", "2018-04-30": "567.06000", "2018-01-31": "706.67600", "2017-10-31": "422.71900", "2017-07-31": "427.42800", "2017-04-30": "368.57600", "2017-01-31": "373.89300", "2016-10-31": "409.98600", "2016-07-31": "412.52800", "2016-04-30": "330.71300", "2016-01-31": "391.58900", "2015-10-31": "372.50900", "2015-07-31": "405.03200", "2015-04-30": "327.05500", "2015-01-31": "356.82400", "2014-10-31": "381.24100", "2014-07-31": "380.67100", "2014-04-30": "319.01900", "2014-01-31": "345.32700", "2013-10-31": "345.04400", "2013-07-31": "359.02100", "2013-04-30": "291.10800", "2013-01-31": "330.51200", "2012-10-31": "231.75600", "2012-07-31": "250.69400", "2012-04-30": "242.06900", "2012-01-31": "270.13300", "2011-10-31": "366.18300", "2011-07-31": "316.63200", "2011-04-30": "227.06600", "2011-01-31": "249.83200", "2010-10-31": "290.46500", "2010-07-31": "277.76600", "2010-04-30": "240.41500", "2010-01-31": "255.70700", "2009-10-31": "259.35700", "2009-07-31": "295.76600", "2009-04-30": "231.06700", "2009-01-31": "274.09100", "2008-10-31": "331.51900", "2008-07-31": "308.25200", "2008-04-30": "180.64400", "2008-01-31": "215.55000", "2007-10-31": "243.92800", "2007-07-31": "299.79000", "2007-04-30": "255.91200", "2007-01-31": "159.10500", "2006-10-31": "173.81800", "2006-07-31": "322.24500", "2006-04-30": "257.13600", "2006-01-31": "158.62400", "2005-10-31": "222.23200", "2005-07-31": "263.57100", "2005-04-30": "224.54500", "2005-01-31": "126.29000"}, "Other Current Assets": {"2020-10-31": "", "2020-07-31": "", "2020-04-30": "", "2020-01-31": "", "2019-10-31": "", "2019-07-31": "", "2019-04-30": "", "2019-01-31": "", "2018-10-31": "", "2018-07-31": "", "2018-04-30": "", "2018-01-31": "", "2017-10-31": "", "2017-07-31": "", "2017-04-30": "", "2017-01-31": "", "2016-10-31": "", "2016-07-31": "", "2016-04-30": "", "2016-01-31": "", "2015-10-31": "", "2015-07-31": "", "2015-04-30": "", "2015-01-31": "", "2014-10-31": "", "2014-07-31": "", "2014-04-30": "", "2014-01-31": "", "2013-10-31": "", "2013-07-31": "", "2013-04-30": "", "2013-01-31": "", "2012-10-31": "", "2012-07-31": "", "2012-04-30": "", "2012-01-31": "", "2011-10-31": "", "2011-07-31": "", "2011-04-30": "", "2011-01-31": "", "2010-10-31": "", "2010-07-31": "", "2010-04-30": "", "2010-01-31": "", "2009-10-31": "", "2009-07-31": "", "2009-04-30": "", "2009-01-31": "", "2008-10-31": "", "2008-07-31": "", "2008-04-30": "", "2008-01-31": "", "2007-10-31": "", "2007-07-31": "", "2007-04-30": "", "2007-01-31": "", "2006-10-31": "", "2006-07-31": "", "2006-04-30": "", "2006-01-31": "", "2005-10-31": "", "2005-07-31": "", "2005-04-30": "", "2005-01-31": ""}, "Total Current Assets": {"2020-10-31": "16653.91000", "2020-07-31": "11517.95000", "2020-04-30": "10296.25000", "2020-01-31": "8890.62200", "2019-10-31": "9374.61500", "2019-07-31": "8268.60400", "2019-04-30": "8067.21200", "2019-01-31": "8469.22200", "2018-10-31": "9317.01300", "2018-07-31": "8439.97200", "2018-04-30": "8422.27500", "2018-01-31": "8485.72700", "2017-10-31": "8390.03400", "2017-07-31": "7567.78100", "2017-04-30": "7548.50000", "2017-01-31": "7750.77400", "2016-10-31": "7942.33400", "2016-07-31": "6810.67400", "2016-04-30": "6877.70100", "2016-01-31": "6772.56000", "2015-10-31": "7227.28200", "2015-07-31": "6668.63900", "2015-04-30": "6724.52100", "2015-01-31": "6577.44400", "2014-10-31": "7154.62200", "2014-07-31": "6593.76300", "2014-04-30": "6235.55000", "2014-01-31": "6067.99800", "2013-10-31": "6623.57500", "2013-07-31": "5950.24400", "2013-04-30": "5976.14300", "2013-01-31": "5711.54300", "2012-10-31": "5694.66500", "2012-07-31": "5340.79000", "2012-04-30": "5231.81600", "2012-01-31": "5132.63200", "2011-10-31": "5418.05100", "2011-07-31": "5029.06900", "2011-04-30": "5008.42100", "2011-01-31": "5099.52700", "2010-10-31": "5296.64200", "2010-07-31": "4948.91900", "2010-04-30": "5105.41700", "2010-01-31": "4803.85600", "2009-10-31": "5330.65700", "2009-07-31": "5211.70200", "2009-04-30": "4406.91300", "2009-01-31": "3626.12900", "2008-10-31": "4262.43400", "2008-07-31": "4166.23900", "2008-04-30": "4052.23900", "2008-01-31": "3992.29400", "2007-10-31": "4285.74300", "2007-07-31": "4125.64800", "2007-04-30": "4057.46200", "2007-01-31": "3748.81300", "2006-10-31": "3939.59500", "2006-07-31": "3652.81600", "2006-04-30": "3257.76100", "2006-01-31": "3140.12700", "2005-10-31": "3516.15300", "2005-07-31": "3384.04300", "2005-04-30": "2995.30900", "2005-01-31": "2905.12000"}, "Property, Plant, And Equipment": {"2020-10-31": "5004.77400", "2020-07-31": "5100.41100", "2020-04-30": "5201.69700", "2020-01-31": "5325.04800", "2019-10-31": "5250.97100", "2019-07-31": "5041.87800", "2019-04-30": "5018.59800", "2019-01-31": "5255.20800", "2018-10-31": "5165.87500", "2018-07-31": "5100.45400", "2018-04-30": "5026.09200", "2018-01-31": "5006.05300", "2017-10-31": "4858.28400", "2017-07-31": "4744.69000", "2017-04-30": "4601.04400", "2017-01-31": "4532.89400", "2016-10-31": "4318.82900", "2016-07-31": "4263.38000", "2016-04-30": "4229.70400", "2016-01-31": "4137.57500", "2015-10-31": "4066.98700", "2015-07-31": "3995.97800", "2015-04-30": "3936.73100", "2015-01-31": "3868.36500", "2014-10-31": "3849.80400", "2014-07-31": "3776.03700", "2014-04-30": "3645.57000", "2014-01-31": "3594.50100", "2013-10-31": "3540.53200", "2013-07-31": "3377.83900", "2013-04-30": "3273.32200", "2013-01-31": "3223.24200", "2012-10-31": "3055.66900", "2012-07-31": "2848.19600", "2012-04-30": "2819.53900", "2012-01-31": "2706.37700", "2011-10-31": "2698.97800", "2011-07-31": "2650.56800", "2011-04-30": "2564.47300", "2011-01-31": "2449.80100", "2010-10-31": "2470.42800", "2010-07-31": "2338.28200", "2010-04-30": "2254.37500", "2010-01-31": "2273.88200", "2009-10-31": "2260.53200", "2009-07-31": "2229.23600", "2009-04-30": "2152.73700", "2009-01-31": "2185.75600", "2008-10-31": "2164.33200", "2008-07-31": "2246.61600", "2008-04-30": "2205.03400", "2008-01-31": "2217.45300", "2007-10-31": "2218.32600", "2007-07-31": "2089.08000", "2007-04-30": "2032.62500", "2007-01-31": "2018.46100", "2006-10-31": "2035.11900", "2006-07-31": "1998.85100", "2006-04-30": "2000.44200", "2006-01-31": "1990.89700", "2005-10-31": "1966.15700", "2005-07-31": "1877.42300", "2005-04-30": "1861.20700", "2005-01-31": "1836.74500"}, "Long-Term Investments": {"2020-10-31": "", "2020-07-31": "", "2020-04-30": "", "2020-01-31": "", "2019-10-31": "", "2019-07-31": "", "2019-04-30": "", "2019-01-31": "", "2018-10-31": "", "2018-07-31": "", "2018-04-30": "", "2018-01-31": "", "2017-10-31": "", "2017-07-31": "", "2017-04-30": "", "2017-01-31": "", "2016-10-31": "", "2016-07-31": "", "2016-04-30": "", "2016-01-31": "", "2015-10-31": "", "2015-07-31": "", "2015-04-30": "", "2015-01-31": "", "2014-10-31": "", "2014-07-31": "", "2014-04-30": "", "2014-01-31": "", "2013-10-31": "", "2013-07-31": "", "2013-04-30": "", "2013-01-31": "", "2012-10-31": "", "2012-07-31": "", "2012-04-30": "", "2012-01-31": "", "2011-10-31": "", "2011-07-31": "", "2011-04-30": "", "2011-01-31": "", "2010-10-31": "", "2010-07-31": "", "2010-04-30": "", "2010-01-31": "", "2009-10-31": "", "2009-07-31": "", "2009-04-30": "", "2009-01-31": "", "2008-10-31": "", "2008-07-31": "", "2008-04-30": "", "2008-01-31": "", "2007-10-31": "", "2007-07-31": "", "2007-04-30": "", "2007-01-31": "", "2006-10-31": "", "2006-07-31": "", "2006-04-30": "", "2006-01-31": "", "2005-10-31": "", "2005-07-31": "", "2005-04-30": "", "2005-01-31": ""}, "Goodwill And Intangible Assets": {"2020-10-31": "96.73300", "2020-07-31": "97.13100", "2020-04-30": "94.46900", "2020-01-31": "95.54600", "2019-10-31": "96.31300", "2019-07-31": "95.93800", "2019-04-30": "96.68500", "2019-01-31": "97.55200", "2018-10-31": "97.34800", "2018-07-31": "98.11400", "2018-04-30": "98.61400", "2018-01-31": "100.06900", "2017-10-31": "196.36500", "2017-07-31": "197.52200", "2017-04-30": "195.58500", "2017-01-31": "195.87100", "2016-10-31": "196.01100", "2016-07-31": "196.04600", "2016-04-30": "196.51100", "2016-01-31": "193.91100", "2015-10-31": "342.05800", "2015-07-31": "308.53900", "2015-04-30": "309.31100", "2015-01-31": "309.87000", "2014-10-31": "310.73800", "2014-07-31": "311.44300", "2014-04-30": "312.07400", "2014-01-31": "312.68700", "2013-10-31": "313.46500", "2013-07-31": "314.11300", "2013-04-30": "312.94800", "2013-01-31": "316.26900", "2012-10-31": "179.94600", "2012-07-31": "179.93200", "2012-04-30": "179.98300", "2012-01-31": "179.93500", "2011-10-31": "179.95800", "2011-07-31": "180.04300", "2011-04-30": "180.06800", "2011-01-31": "179.93600", "2010-10-31": "179.89700", "2010-07-31": "179.87500", "2010-04-30": "179.90100", "2010-01-31": "179.79400", "2009-10-31": "179.76700", "2009-07-31": "179.77900", "2009-04-30": "179.59300", "2009-01-31": "179.52800", "2008-10-31": "179.45900", "2008-07-31": "179.98000", "2008-04-30": "181.44300", "2008-01-31": "181.52400", "2007-10-31": "182.96600", "2007-07-31": "182.86500", "2007-04-30": "182.88600", "2007-01-31": "182.89800", "2006-10-31": "183.12000", "2006-07-31": "183.21700", "2006-04-30": "183.36300", "2006-01-31": "183.42500", "2005-10-31": "183.49800", "2005-07-31": "183.54800", "2005-04-30": "183.61600", "2005-01-31": "183.76300"}, "Other Long-Term Assets": {"2020-10-31": "725.25900", "2020-07-31": "740.45900", "2020-04-30": "712.18550", "2020-01-31": "761.32300", "2019-10-31": "492.17500", "2019-07-31": "498.61500", "2019-04-30": "490.40040", "2019-01-31": "497.58000", "2018-10-31": "445.00600", "2018-07-31": "472.87900", "2018-04-30": "456.96500", "2018-01-31": "459.60800", "2017-10-31": "433.01200", "2017-07-31": "425.62200", "2017-04-30": "412.00500", "2017-01-31": "398.07600", "2016-10-31": "406.03800", "2016-07-31": "393.69200", "2016-04-30": "390.70000", "2016-01-31": "372.55400", "2015-10-31": "205.85200", "2015-07-31": "208.33500", "2015-04-30": "214.48600", "2015-01-31": "210.53900", "2014-10-31": "251.08400", "2014-07-31": "213.05100", "2014-04-30": "207.13900", "2014-01-31": "194.32800", "2013-10-31": "191.66700", "2013-07-31": "283.84700", "2013-04-30": "277.95100", "2013-01-31": "260.80100", "2012-10-31": "241.80900", "2012-07-31": "260.09200", "2012-04-30": "263.55200", "2012-01-31": "253.91300", "2011-10-31": "224.68700", "2011-07-31": "227.58100", "2011-04-30": "221.08500", "2011-01-31": "231.51800", "2010-10-31": "223.64100", "2010-07-31": "207.53500", "2010-04-30": "202.16100", "2010-01-31": "193.23000", "2009-10-31": "198.33500", "2009-07-31": "200.95100", "2009-04-30": "184.73400", "2009-01-31": "171.38100", "2008-10-31": "166.18400", "2008-07-31": "183.15500", "2008-04-30": "190.86200", "2008-01-31": "190.98100", "2007-10-31": "228.08500", "2007-07-31": "203.52300", "2007-04-30": "195.38500", "2007-01-31": "115.61300", "2006-10-31": "127.43200", "2006-07-31": "130.19400", "2006-04-30": "145.04600", "2006-01-31": "153.31200", "2005-10-31": "117.67900", "2005-07-31": "124.02900", "2005-04-30": "113.60300", "2005-01-31": "125.46300"}, "Total Long-Term Assets": {"2020-10-31": "14911.59000", "2020-07-31": "15050.46000", "2020-04-30": "15118.99000", "2020-01-31": "15254.38000", "2019-10-31": "14914.09000", "2019-07-31": "14586.38000", "2019-04-30": "14421.85000", "2019-01-31": "5856.80700", "2018-10-31": "5708.22900", "2018-07-31": "5671.45600", "2018-04-30": "5584.84900", "2018-01-31": "5572.28800", "2017-10-31": "5487.66200", "2017-07-31": "5367.83400", "2017-04-30": "5214.98100", "2017-01-31": "5133.03400", "2016-10-31": "4924.50200", "2016-07-31": "4859.97900", "2016-04-30": "4827.02100", "2016-01-31": "4717.87200", "2015-10-31": "4632.21400", "2015-07-31": "4531.90700", "2015-04-30": "4481.32200", "2015-01-31": "4411.30600", "2014-10-31": "4437.42600", "2014-07-31": "4328.23400", "2014-04-30": "4194.38800", "2014-01-31": "4133.02400", "2013-10-31": "4045.66400", "2013-07-31": "3975.79900", "2013-04-30": "3864.22100", "2013-01-31": "3800.31200", "2012-10-31": "3477.42400", "2012-07-31": "3295.85100", "2012-04-30": "3271.26300", "2012-01-31": "3148.97300", "2011-10-31": "3112.92900", "2011-07-31": "3068.05700", "2011-04-30": "2976.04900", "2011-01-31": "2872.23600", "2010-10-31": "2885.50600", "2010-07-31": "2737.79000", "2010-04-30": "2649.09300", "2010-01-31": "2660.12100", "2009-10-31": "2652.40700", "2009-07-31": "2624.29800", "2009-04-30": "2531.95400", "2009-01-31": "2552.11300", "2008-10-31": "2525.98200", "2008-07-31": "2626.31600", "2008-04-30": "2594.46300", "2008-01-31": "2607.64000", "2007-10-31": "2656.49500", "2007-07-31": "2494.26700", "2007-04-30": "2430.25300", "2007-01-31": "2336.88700", "2006-10-31": "2366.14500", "2006-07-31": "2343.69600", "2006-04-30": "2361.84700", "2006-01-31": "2356.17800", "2005-10-31": "2290.04100", "2005-07-31": "2208.26600", "2005-04-30": "2182.25000", "2005-01-31": "2170.35300"}, "Total Assets": {"2020-10-31": "31565.50000", "2020-07-31": "26568.40000", "2020-04-30": "25415.24000", "2020-01-31": "24145.00000", "2019-10-31": "24288.70000", "2019-07-31": "22854.98000", "2019-04-30": "22489.06000", "2019-01-31": "14326.03000", "2018-10-31": "15025.24000", "2018-07-31": "14111.43000", "2018-04-30": "14007.12000", "2018-01-31": "14058.01000", "2017-10-31": "13877.70000", "2017-07-31": "12935.62000", "2017-04-30": "12763.48000", "2017-01-31": "12883.81000", "2016-10-31": "12866.84000", "2016-07-31": "11670.65000", "2016-04-30": "11704.72000", "2016-01-31": "11490.43000", "2015-10-31": "11859.50000", "2015-07-31": "11200.55000", "2015-04-30": "11205.84000", "2015-01-31": "10988.75000", "2014-10-31": "11592.05000", "2014-07-31": "10922.00000", "2014-04-30": "10429.94000", "2014-01-31": "10201.02000", "2013-10-31": "10669.24000", "2013-07-31": "9926.04300", "2013-04-30": "9840.36400", "2013-01-31": "9511.85500", "2012-10-31": "9172.08900", "2012-07-31": "8636.64100", "2012-04-30": "8503.07900", "2012-01-31": "8281.60500", "2011-10-31": "8530.98000", "2011-07-31": "8097.12600", "2011-04-30": "7984.47000", "2011-01-31": "7971.76300", "2010-10-31": "8182.14800", "2010-07-31": "7686.70900", "2010-04-30": "7754.51000", "2010-01-31": "7463.97700", "2009-10-31": "7983.06400", "2009-07-31": "7836.00000", "2009-04-30": "6938.86700", "2009-01-31": "6178.24200", "2008-10-31": "6788.41600", "2008-07-31": "6792.55500", "2008-04-30": "6646.70200", "2008-01-31": "6599.93400", "2007-10-31": "6942.23800", "2007-07-31": "6619.91500", "2007-04-30": "6487.71500", "2007-01-31": "6085.70000", "2006-10-31": "6305.74000", "2006-07-31": "5996.51200", "2006-04-30": "5619.60800", "2006-01-31": "5496.30500", "2005-10-31": "5806.19400", "2005-07-31": "5592.30900", "2005-04-30": "5177.55900", "2005-01-31": "5075.47300"}, "Total Current Liabilities": {"2020-10-31": "11817.19000", "2020-07-31": "7647.25100", "2020-04-30": "4669.54700", "2020-01-31": "7150.24700", "2019-10-31": "7687.14400", "2019-07-31": "6600.74100", "2019-04-30": "6581.01900", "2019-01-31": "5531.37400", "2018-10-31": "6013.82500", "2018-07-31": "5137.81700", "2018-04-30": "4976.86400", "2018-01-31": "5125.53700", "2017-10-31": "5467.98100", "2017-07-31": "4656.53300", "2017-04-30": "4605.39200", "2017-01-31": "4757.65600", "2016-10-31": "4894.51400", "2016-07-31": "4314.20500", "2016-04-30": "4296.73500", "2016-01-31": "4402.23000", "2015-10-31": "4730.07800", "2015-07-31": "4160.86100", "2015-04-30": "4136.53600", "2015-01-31": "3929.63400", "2014-10-31": "4389.58200", "2014-07-31": "3824.92900", "2014-04-30": "3705.26000", "2014-01-31": "3517.84300", "2013-10-31": "4043.74100", "2013-07-31": "3442.88100", "2013-04-30": "3498.61700", "2013-01-31": "3760.59600", "2012-10-31": "3598.99100", "2012-07-31": "3225.48900", "2012-04-30": "3151.71600", "2012-01-31": "3063.42300", "2011-10-31": "3379.50000", "2011-07-31": "3191.34400", "2011-04-30": "3101.85500", "2011-01-31": "3133.12100", "2010-10-31": "3229.95200", "2010-07-31": "2974.62000", "2010-04-30": "3014.63500", "2010-01-31": "2894.98600", "2009-10-31": "3246.14000", "2009-07-31": "3229.51100", "2009-04-30": "3328.25400", "2009-01-31": "2767.89100", "2008-10-31": "3224.55500", "2008-07-31": "2984.30500", "2008-04-30": "2822.74200", "2008-01-31": "2760.99300", "2007-10-31": "3132.08600", "2007-07-31": "2871.98300", "2007-04-30": "2513.15000", "2007-01-31": "2382.98000", "2006-10-31": "2732.29600", "2006-07-31": "2747.40200", "2006-04-30": "2335.13100", "2006-01-31": "2251.85100", "2005-10-31": "3006.74800", "2005-07-31": "2848.54700", "2005-04-30": "2433.25000", "2005-01-31": "2204.11200"}, "Long Term Debt": {"2020-10-31": "5447.20800", "2020-07-31": "5445.32500", "2020-04-30": "7192.41300", "2020-01-31": "2236.62500", "2019-10-31": "2235.87300", "2019-07-31": "2235.12100", "2019-04-30": "2234.36800", "2019-01-31": "2233.61600", "2018-10-31": "2232.86400", "2018-07-31": "2232.11200", "2018-04-30": "2231.36000", "2018-01-31": "2230.60700", "2017-10-31": "2229.85500", "2017-07-31": "2229.10300", "2017-04-30": "2228.35100", "2017-01-31": "2227.59900", "2016-10-31": "2226.91300", "2016-07-31": "1615.95200", "2016-04-30": "1615.47700", "2016-01-31": "1615.00300", "2015-10-31": "1614.52900", "2015-07-31": "1614.05500", "2015-04-30": "1613.58100", "2015-01-31": "1623.86400", "2014-10-31": "1623.81700", "2014-07-31": "1623.76900", "2014-04-30": "1274.24500", "2014-01-31": "1274.21600", "2013-10-31": "1274.18600", "2013-07-31": "1274.15600", "2013-04-30": "1274.12600", "2013-01-31": "774.55200", "2012-10-31": "774.53300", "2012-07-31": "774.51400", "2012-04-30": "783.86200", "2012-01-31": "784.62300", "2011-10-31": "785.36900", "2011-07-31": "786.10000", "2011-04-30": "786.81600", "2011-01-31": "787.51700", "2010-10-31": "788.20400", "2010-07-31": "788.87800", "2010-04-30": "789.53800", "2010-01-31": "790.16900", "2009-10-31": "790.75700", "2009-07-31": "791.33200", "2009-04-30": "391.93100", "2009-01-31": "383.78200", "2008-10-31": "767.36600", "2008-07-31": "852.09600", "2008-04-30": "852.44200", "2008-01-31": "853.46000", "2007-10-31": "860.24000", "2007-07-31": "833.67300", "2007-04-30": "821.87900", "2007-01-31": "808.02700", "2006-10-31": "817.54000", "2006-07-31": "812.41710", "2006-04-30": "813.38200", "2006-01-31": "807.15000", "2005-10-31": "600.71500", "2005-07-31": "600.22100", "2005-04-30": "599.22400", "2005-01-31": "598.54000"}, "Other Non-Current Liabilities": {"2020-10-31": "860.49700", "2020-07-31": "848.25300", "2020-04-30": "786.00800", "2020-01-31": "851.11600", "2019-10-31": "797.57300", "2019-07-31": "776.65400", "2019-04-30": "752.96800", "2019-01-31": "1354.24200", "2018-10-31": "1284.91100", "2018-07-31": "1289.35300", "2018-04-30": "1275.84300", "2018-01-31": "1320.50500", "2017-10-31": "1159.97500", "2017-07-31": "1116.52400", "2017-04-30": "1071.52600", "2017-01-31": "1073.95400", "2016-10-31": "1098.49100", "2016-07-31": "928.96200", "2016-04-30": "908.53700", "2016-01-31": "881.02100", "2015-10-31": "907.09300", "2015-07-31": "888.28100", "2015-04-30": "878.38900", "2015-01-31": "888.13700", "2014-10-31": "741.09700", "2014-07-31": "727.91000", "2014-04-30": "691.87100", "2014-01-31": "732.99900", "2013-10-31": "831.22800", "2013-07-31": "983.51500", "2013-04-30": "936.71200", "2013-01-31": "961.28400", "2012-10-31": "920.85900", "2012-07-31": "860.13900", "2012-04-30": "852.76000", "2012-01-31": "861.76800", "2011-10-31": "720.39900", "2011-07-31": "718.72100", "2011-04-30": "716.32900", "2011-01-31": "709.32100", "2010-10-31": "746.86000", "2010-07-31": "719.32500", "2010-04-30": "688.12300", "2010-01-31": "697.09900", "2009-10-31": "742.59400", "2009-07-31": "753.25400", "2009-04-30": "734.26200", "2009-01-31": "765.00400", "2008-10-31": "570.29000", "2008-07-31": "744.03200", "2008-04-30": "754.55200", "2008-01-31": "811.33300", "2007-10-31": "808.30600", "2007-07-31": "754.65800", "2007-04-30": "724.62500", "2007-01-31": "583.04700", "2006-10-31": "567.94300", "2006-07-31": "562.01100", "2006-04-30": "542.25400", "2006-01-31": "544.65000", "2005-10-31": "513.13400", "2005-07-31": "485.71100", "2005-04-30": "466.16900", "2005-01-31": "466.78600"}, "Total Long Term Liabilities": {"2020-10-31": "14181.55000", "2020-07-31": "14260.58000", "2020-04-30": "16006.47000", "2020-01-31": "11046.54000", "2019-10-31": "11059.03000", "2019-07-31": "10951.63000", "2019-04-30": "10776.15000", "2019-01-31": "3746.04900", "2018-10-31": "3754.54400", "2018-07-31": "3746.53800", "2018-04-30": "3767.85200", "2018-01-31": "3784.16900", "2017-10-31": "3764.10600", "2017-07-31": "3738.27800", "2017-04-30": "3604.56600", "2017-01-31": "3615.55300", "2016-10-31": "3642.51100", "2016-07-31": "2905.09200", "2016-04-30": "2873.01800", "2016-01-31": "2781.12600", "2015-10-31": "2778.95700", "2015-07-31": "2763.61800", "2015-04-30": "2779.01700", "2015-01-31": "2794.88600", "2014-10-31": "2828.65800", "2014-07-31": "2822.41600", "2014-04-30": "2441.18400", "2014-01-31": "2453.28600", "2013-10-31": "2501.72700", "2013-07-31": "2633.02300", "2013-04-30": "2579.08200", "2013-01-31": "2085.32200", "2012-10-31": "2106.70600", "2012-07-31": "2021.13500", "2012-04-30": "2019.55000", "2012-01-31": "2008.89200", "2011-10-31": "1968.15200", "2011-07-31": "1800.79300", "2011-04-30": "1759.22100", "2011-01-31": "1738.74300", "2010-10-31": "1842.87400", "2010-07-31": "1738.40700", "2010-04-30": "1700.49700", "2010-01-31": "1679.71500", "2009-10-31": "1796.41700", "2009-07-31": "1774.57700", "2009-04-30": "1275.13900", "2009-01-31": "1275.79400", "2008-10-31": "1437.45100", "2008-07-31": "1694.67600", "2008-04-30": "1685.91300", "2008-01-31": "1707.69600", "2007-10-31": "1668.54600", "2007-07-31": "1593.65400", "2007-04-30": "1554.55800", "2007-01-31": "1412.59900", "2006-10-31": "1399.57200", "2006-07-31": "1374.42800", "2006-04-30": "1355.63600", "2006-01-31": "1351.80000", "2005-10-31": "1161.04500", "2005-07-31": "1130.66700", "2005-04-30": "1117.27200", "2005-01-31": "1124.80500"}, "Total Liabilities": {"2020-10-31": "25998.74000", "2020-07-31": "21907.83000", "2020-04-30": "20676.02000", "2020-01-31": "18196.79000", "2019-10-31": "18746.17000", "2019-07-31": "17552.37000", "2019-04-30": "17357.17000", "2019-01-31": "9277.42300", "2018-10-31": "9768.36900", "2018-07-31": "8884.35500", "2018-04-30": "8744.71600", "2018-01-31": "8909.70600", "2017-10-31": "9232.08700", "2017-07-31": "8394.81100", "2017-04-30": "8209.95800", "2017-01-31": "8373.20900", "2016-10-31": "8537.02500", "2016-07-31": "7219.29700", "2016-04-30": "7169.75300", "2016-01-31": "7183.35500", "2015-10-31": "7509.03500", "2015-07-31": "6924.47900", "2015-04-30": "6915.55300", "2015-01-31": "6724.52000", "2014-10-31": "7218.24000", "2014-07-31": "6647.34500", "2014-04-30": "6146.44400", "2014-01-31": "5971.12900", "2013-10-31": "6545.46800", "2013-07-31": "6075.90400", "2013-04-30": "6077.69900", "2013-01-31": "5845.91800", "2012-10-31": "5705.69700", "2012-07-31": "5246.62400", "2012-04-30": "5171.26600", "2012-01-31": "5072.31500", "2011-10-31": "5347.65200", "2011-07-31": "4992.13700", "2011-04-30": "4861.07600", "2011-01-31": "4871.86400", "2010-10-31": "5072.82600", "2010-07-31": "4713.02700", "2010-04-30": "4715.13200", "2010-01-31": "4574.70100", "2009-10-31": "5042.55700", "2009-07-31": "5004.08800", "2009-04-30": "4603.39300", "2009-01-31": "4043.68500", "2008-10-31": "4662.00600", "2008-07-31": "4678.98100", "2008-04-30": "4508.65500", "2008-01-31": "4468.68900", "2007-10-31": "4800.63200", "2007-07-31": "4465.63700", "2007-04-30": "4067.70800", "2007-01-31": "3795.57900", "2006-10-31": "4131.86800", "2006-07-31": "4121.83000", "2006-04-30": "3690.76700", "2006-01-31": "3603.65100", "2005-10-31": "4167.79300", "2005-07-31": "3979.21400", "2005-04-30": "3550.52200", "2005-01-31": "3328.91700"}, "Common Stock Net": {"2020-10-31": "1200.63100", "2020-07-31": "1199.06100", "2020-04-30": "1197.87700", "2020-01-31": "1199.10000", "2019-10-31": "1203.18400", "2019-07-31": "1208.93300", "2019-04-30": "1212.66800", "2019-01-31": "1217.18300", "2018-10-31": "1233.14500", "2018-07-31": "1241.53300", "2018-04-30": "1250.40500", "2018-01-31": "1256.01800", "2017-10-31": "1264.60500", "2017-07-31": "636.27400", "2017-04-30": "643.27600", "2017-01-31": "646.31900", "2016-10-31": "651.90100", "2016-07-31": "656.64500", "2016-04-30": "661.08300", "2016-01-31": "663.49600", "2015-10-31": "669.52900", "2015-07-31": "674.37000", "2015-04-30": "680.38500", "2015-01-31": "684.73300", "2014-10-31": "688.90000", "2014-07-31": "692.94200", "2014-04-30": "700.31200", "2014-01-31": "705.01700", "2013-10-31": "711.19800", "2013-07-31": "715.23600", "2013-04-30": "719.77300", "2013-01-31": "723.90200", "2012-10-31": "729.25300", "2012-07-31": "736.10000", "2012-04-30": "740.95200", "2012-01-31": "746.70200", "2011-10-31": "754.28000", "2011-07-31": "380.98000", "2011-04-30": "386.10700", "2011-01-31": "389.65700", "2010-10-31": "395.80200", "2010-07-31": "400.66100", "2010-04-30": "407.97900", "2010-01-31": "409.38600", "2009-10-31": "419.70900", "2009-07-31": "423.85400", "2009-04-30": "413.53400", "2009-01-31": "412.82200", "2008-10-31": "416.34000", "2008-07-31": "419.41100", "2008-04-30": "424.70100", "2008-01-31": "427.95000", "2007-10-31": "437.01800", "2007-07-31": "444.62200", "2007-04-30": "454.87000", "2007-01-31": "453.65000", "2006-10-31": "455.09900", "2006-07-31": "449.49900", "2006-04-30": "457.02700", "2006-01-31": "460.96700", "2005-10-31": "460.69000", "2005-07-31": "465.92300", "2005-04-30": "470.43100", "2005-01-31": "480.69900"}, "Retained Earnings (Accumulated Deficit)": {"2020-10-31": "4982.57300", "2020-07-31": "4115.91700", "2020-04-30": "4330.56100", "2020-01-31": "5422.28300", "2019-10-31": "4976.76200", "2019-07-31": "4806.50400", "2019-04-30": "4552.50900", "2019-01-31": "4461.74400", "2018-10-31": "4615.57500", "2018-07-31": "4583.93800", "2018-04-30": "4567.53300", "2018-01-31": "4334.15000", "2017-10-31": "3983.92200", "2017-07-31": "4465.26000", "2017-04-30": "4605.68100", "2017-01-31": "4558.50600", "2016-10-31": "4479.46700", "2016-07-31": "4454.39200", "2016-04-30": "4410.29800", "2016-01-31": "4311.05100", "2015-10-31": "4226.10700", "2015-07-31": "4138.64400", "2015-04-30": "4117.29900", "2015-01-31": "4133.88200", "2014-10-31": "3929.37900", "2014-07-31": "3749.20500", "2014-04-30": "3745.00500", "2014-01-31": "3724.40800", "2013-10-31": "3641.34000", "2013-07-31": "3395.00600", "2013-04-30": "3272.14000", "2013-01-31": "3155.42700", "2012-10-31": "2902.05300", "2012-07-31": "2852.89800", "2012-04-30": "2744.15600", "2012-01-31": "2655.16300", "2011-10-31": "2511.73300", "2011-07-31": "2770.48200", "2011-04-30": "2768.08700", "2011-01-31": "2801.99700", "2010-10-31": "2815.01400", "2010-07-31": "2705.75400", "2010-04-30": "2768.69700", "2010-01-31": "2614.01400", "2009-10-31": "2605.71500", "2009-07-31": "2308.28100", "2009-04-30": "2099.10600", "2009-01-31": "1939.51600", "2008-10-31": "1802.17200", "2008-07-31": "1727.64600", "2008-04-30": "1744.34500", "2008-01-31": "1731.98000", "2007-10-31": "1717.45200", "2007-07-31": "1734.63900", "2007-04-30": "1962.80800", "2007-01-31": "1870.46000", "2006-10-31": "1751.54600", "2006-07-31": "1461.75400", "2006-04-30": "1512.93200", "2006-01-31": "1475.98300", "2005-10-31": "1214.06800", "2005-07-31": "1180.01500", "2005-04-30": "1182.47600", "2005-01-31": "1292.10200"}, "Comprehensive Income": {"2020-10-31": "-742.86100", "2020-07-31": "-722.94100", "2020-04-30": "-797.32400", "2020-01-31": "-673.17100", "2019-10-31": "-637.41400", "2019-07-31": "-712.82500", "2019-04-30": "-633.28200", "2019-01-31": "-630.32100", "2018-10-31": "-591.84700", "2018-07-31": "-598.39800", "2018-04-30": "-555.53000", "2018-01-31": "-441.85900", "2017-10-31": "-602.91900", "2017-07-31": "-560.73000", "2017-04-30": "-695.43400", "2017-01-31": "-694.22600", "2016-10-31": "-801.55700", "2016-07-31": "-659.68100", "2016-04-30": "-536.41200", "2016-01-31": "-667.47200", "2015-10-31": "-545.17500", "2015-07-31": "-536.94700", "2015-04-30": "-507.39400", "2015-01-31": "-554.38500", "2014-10-31": "-244.47100", "2014-07-31": "-167.49500", "2014-04-30": "-161.82300", "2014-01-31": "-199.53200", "2013-10-31": "-228.76700", "2013-07-31": "-260.10300", "2013-04-30": "-229.24800", "2013-01-31": "-213.39200", "2012-10-31": "-164.91400", "2012-07-31": "-198.98100", "2012-04-30": "-153.29500", "2012-01-31": "-192.57500", "2011-10-31": "-82.68500", "2011-07-31": "-46.47300", "2011-04-30": "-30.80000", "2011-01-31": "-91.75500", "2010-10-31": "-101.49400", "2010-07-31": "-132.73300", "2010-04-30": "-137.29800", "2010-01-31": "-134.12400", "2009-10-31": "-119.63600", "2009-07-31": "-115.79100", "2009-04-30": "-188.83400", "2009-01-31": "-217.78100", "2008-10-31": "-92.10200", "2008-07-31": "-33.48300", "2008-04-30": "-30.99900", "2008-01-31": "-28.68500", "2007-10-31": "-12.86400", "2007-07-31": "-24.98300", "2007-04-30": "-30.27800", "2007-01-31": "-33.98900", "2006-10-31": "-32.77300", "2006-07-31": "-36.57100", "2006-04-30": "-41.11800", "2006-01-31": "-44.29600", "2005-10-31": "-36.35700", "2005-07-31": "-32.84300", "2005-04-30": "-25.87000", "2005-01-31": "-26.24500"}, "Other Share Holders Equity": {"2020-10-31": "", "2020-07-31": "", "2020-04-30": "", "2020-01-31": "", "2019-10-31": "", "2019-07-31": "", "2019-04-30": "", "2019-01-31": "", "2018-10-31": "", "2018-07-31": "", "2018-04-30": "", "2018-01-31": "", "2017-10-31": "", "2017-07-31": "", "2017-04-30": "", "2017-01-31": "", "2016-10-31": "", "2016-07-31": "", "2016-04-30": "", "2016-01-31": "", "2015-10-31": "", "2015-07-31": "", "2015-04-30": "", "2015-01-31": "", "2014-10-31": "", "2014-07-31": "", "2014-04-30": "", "2014-01-31": "", "2013-10-31": "", "2013-07-31": "", "2013-04-30": "", "2013-01-31": "", "2012-10-31": "", "2012-07-31": "", "2012-04-30": "", "2012-01-31": "", "2011-10-31": "", "2011-07-31": "", "2011-04-30": "", "2011-01-31": "", "2010-10-31": "", "2010-07-31": "", "2010-04-30": "", "2010-01-31": "", "2009-10-31": "", "2009-07-31": "", "2009-04-30": "", "2009-01-31": "", "2008-10-31": "", "2008-07-31": "", "2008-04-30": "", "2008-01-31": "", "2007-10-31": "", "2007-07-31": "", "2007-04-30": "", "2007-01-31": "", "2006-10-31": "", "2006-07-31": "", "2006-04-30": "", "2006-01-31": "", "2005-10-31": "", "2005-07-31": "", "2005-04-30": "", "2005-01-31": ""}, "Share Holder Equity": {"2020-10-31": "5566.75600", "2020-07-31": "4660.56900", "2020-04-30": "4739.21800", "2020-01-31": "5948.21200", "2019-10-31": "5542.53200", "2019-07-31": "5302.61200", "2019-04-30": "5131.89500", "2019-01-31": "5048.60600", "2018-10-31": "5256.87300", "2018-07-31": "5227.07300", "2018-04-30": "5262.40800", "2018-01-31": "5148.30900", "2017-10-31": "4645.60800", "2017-07-31": "4540.80400", "2017-04-30": "4553.52300", "2017-01-31": "4510.59900", "2016-10-31": "4329.81100", "2016-07-31": "4451.35600", "2016-04-30": "4534.96900", "2016-01-31": "4307.07500", "2015-10-31": "4350.46100", "2015-07-31": "4276.06700", "2015-04-30": "4290.29000", "2015-01-31": "4264.23000", "2014-10-31": "4373.80800", "2014-07-31": "4274.65200", "2014-04-30": "4283.49400", "2014-01-31": "4229.89300", "2013-10-31": "4123.77100", "2013-07-31": "3850.13900", "2013-04-30": "3762.66500", "2013-01-31": "3665.93700", "2012-10-31": "3466.39200", "2012-07-31": "3390.01700", "2012-04-30": "3331.81300", "2012-01-31": "3209.29000", "2011-10-31": "3183.32800", "2011-07-31": "3104.98900", "2011-04-30": "3123.39400", "2011-01-31": "3099.89900", "2010-10-31": "3109.32200", "2010-07-31": "2973.68200", "2010-04-30": "3039.37800", "2010-01-31": "2889.27600", "2009-10-31": "2940.50700", "2009-07-31": "2831.91200", "2009-04-30": "2335.47400", "2009-01-31": "2134.55700", "2008-10-31": "2126.41000", "2008-07-31": "2113.57400", "2008-04-30": "2138.04700", "2008-01-31": "2131.24500", "2007-10-31": "2141.60600", "2007-07-31": "2154.27800", "2007-04-30": "2420.00700", "2007-01-31": "2290.12100", "2006-10-31": "2173.87200", "2006-07-31": "1874.68200", "2006-04-30": "1928.84100", "2006-01-31": "1892.65400", "2005-10-31": "1638.40100", "2005-07-31": "1613.09500", "2005-04-30": "1627.03700", "2005-01-31": "1746.55600"}, "Total Liabilities And Share Holders Equity": {"2020-10-31": "31565.50000", "2020-07-31": "26568.40000", "2020-04-30": "25415.24000", "2020-01-31": "24145.00000", "2019-10-31": "24288.70000", "2019-07-31": "22854.98000", "2019-04-30": "22489.06000", "2019-01-31": "14326.03000", "2018-10-31": "15025.24000", "2018-07-31": "14111.43000", "2018-04-30": "14007.12000", "2018-01-31": "14058.01000", "2017-10-31": "13877.70000", "2017-07-31": "12935.62000", "2017-04-30": "12763.48000", "2017-01-31": "12883.81000", "2016-10-31": "12866.84000", "2016-07-31": "11670.65000", "2016-04-30": "11704.72000", "2016-01-31": "11490.43000", "2015-10-31": "11859.50000", "2015-07-31": "11200.55000", "2015-04-30": "11205.84000", "2015-01-31": "10988.75000", "2014-10-31": "11592.05000", "2014-07-31": "10922.00000", "2014-04-30": "10429.94000", "2014-01-31": "10201.02000", "2013-10-31": "10669.24000", "2013-07-31": "9926.04300", "2013-04-30": "9840.36400", "2013-01-31": "9511.85500", "2012-10-31": "9172.08900", "2012-07-31": "8636.64100", "2012-04-30": "8503.07900", "2012-01-31": "8281.60500", "2011-10-31": "8530.98000", "2011-07-31": "8097.12600", "2011-04-30": "7984.47000", "2011-01-31": "7971.76300", "2010-10-31": "8182.14800", "2010-07-31": "7686.70900", "2010-04-30": "7754.51000", "2010-01-31": "7463.97700", "2009-10-31": "7983.06400", "2009-07-31": "7836.00000", "2009-04-30": "6938.86700", "2009-01-31": "6178.24200", "2008-10-31": "6788.41600", "2008-07-31": "6792.55500", "2008-04-30": "6646.70200", "2008-01-31": "6599.93400", "2007-10-31": "6942.23800", "2007-07-31": "6619.91500", "2007-04-30": "6487.71500", "2007-01-31": "6085.70000", "2006-10-31": "6305.74000", "2006-07-31": "5996.51200", "2006-04-30": "5619.60800", "2006-01-31": "5496.30500", "2005-10-31": "5806.19400", "2005-07-31": "5592.30900", "2005-04-30": "5177.55900", "2005-01-31": "5075.47300"}}, "cash flow statement": {"Net Income/Loss": {"2020-01-31": "3272.19300", "2019-01-31": "3059.79800", "2018-01-31": "2607.94800", "2017-01-31": "2298.23400", "2016-01-31": "2277.65800", "2015-01-31": "2215.12800", "2014-01-31": "2137.39600", "2013-01-31": "1906.68700", "2012-01-31": "1496.09000", "2011-01-31": "1343.14100", "2010-01-31": "1213.57200", "2009-01-31": "880.61700", "2008-01-31": "771.75000", "2007-01-31": "738.03900", "2006-01-31": "690.42300", "2005-01-31": "609.69900"}, "Total Depreciation And Amortization - Cash Flow": {"2020-01-31": "867.30300", "2019-01-31": "819.65500", "2018-01-31": "825.20700", "2017-01-31": "658.79600", "2016-01-31": "616.69600", "2015-01-31": "676.98900", "2014-01-31": "548.82300", "2013-01-31": "508.92900", "2012-01-31": "485.70100", "2011-01-31": "458.05200", "2010-01-31": "490.36300", "2009-01-31": "452.93600", "2008-01-31": "426.76600", "2007-01-31": "422.91400", "2006-01-31": "405.47500", "2005-01-31": "379.18000"}, "Other Non-Cash Items": {"2020-01-31": "134.77800", "2019-01-31": "68.73800", "2018-01-31": "-27.20700", "2017-01-31": "113.90200", "2016-01-31": "64.01400", "2015-01-31": "27.73400", "2014-01-31": "53.68100", "2013-01-31": "27.08500", "2012-01-31": "176.35300", "2011-01-31": "177.42300", "2010-01-31": "45.93100", "2009-01-31": "168.83200", "2008-01-31": "-82.61100", "2007-01-31": "35.39700", "2006-01-31": "-77.64500", "2005-01-31": "24.64400"}, "Total Non-Cash Items": {"2020-01-31": "1002.08100", "2019-01-31": "888.39310", "2018-01-31": "797.99990", "2017-01-31": "772.69800", "2016-01-31": "680.71000", "2015-01-31": "704.72290", "2014-01-31": "602.50400", "2013-01-31": "536.01400", "2012-01-31": "662.05400", "2011-01-31": "635.47500", "2010-01-31": "536.29390", "2009-01-31": "621.76800", "2008-01-31": "344.15500", "2007-01-31": "458.31100", "2006-01-31": "327.83000", "2005-01-31": "403.82400"}, "Change In Accounts Receivable": {"2020-01-31": "-42.99800", "2019-01-31": "-23.53200", "2018-01-31": "-62.35800", "2017-01-31": "-23.23500", "2016-01-31": "-27.35700", "2015-01-31": "-9.05200", "2014-01-31": "11.97900", "2013-01-31": "-18.41800", "2012-01-31": "-4.41000", "2011-01-31": "-23.58700", "2010-01-31": "-1.86200", "2009-01-31": "-8.24500", "2008-01-31": "-25.51600", "2007-01-31": "26.39700", "2006-01-31": "-20.99700", "2005-01-31": "-27.73100"}, "Change In Inventories": {"2020-01-31": "-296.54100", "2019-01-31": "-465.42900", "2018-01-31": "-450.37700", "2017-01-31": "11.86200", "2016-01-31": "-506.63300", "2015-01-31": "-332.27100", "2014-01-31": "35.23300", "2013-01-31": "27.18600", "2012-01-31": "-187.15700", "2011-01-31": "-211.82300", "2010-01-31": "147.80500", "2009-01-31": "-68.48900", "2008-01-31": "-112.41100", "2007-01-31": "-201.41300", "2006-01-31": "-8.77200", "2005-01-31": "-390.65500"}, "Change In Accounts Payable": {"2020-01-31": "29.33800", "2019-01-31": "198.21200", "2018-01-31": "205.11100", "2017-01-31": "48.25300", "2016-01-31": "216.26500", "2015-01-31": "285.22300", "2014-01-31": "-152.27100", "2013-01-31": "211.68900", "2012-01-31": "-36.55300", "2011-01-31": "163.82300", "2010-01-31": "197.49600", "2009-01-31": "-141.58000", "2008-01-31": "117.30400", "2007-01-31": "50.16500", "2006-01-31": "35.01000", "2005-01-31": "305.34400"}, "Change In Assets/Liabilities": {"2020-01-31": "-51.26100", "2019-01-31": "236.34200", "2018-01-31": "-317.85000", "2017-01-31": "-9.60000", "2016-01-31": "-40.10300", "2015-01-31": "-8.75600", "2014-01-31": "-3.35400", "2013-01-31": "-53.70500", "2012-01-31": "-20.70900", "2011-01-31": "0.49500", "2010-01-31": "21.21900", "2009-01-31": "-118.83000", "2008-01-31": "2.14400", "2007-01-31": "-23.17900", "2006-01-31": "-35.19700", "2005-01-31": "35.91200"}, "Total Change In Assets/Liabilities": {"2020-01-31": "-144.05900", "2019-01-31": "155.97600", "2018-01-31": "-385.44400", "2017-01-31": "563.44500", "2016-01-31": "-4.88500", "2015-01-31": "100.92100", "2014-01-31": "-127.00900", "2013-01-31": "611.72900", "2012-01-31": "-238.17900", "2011-01-31": "-5.04700", "2010-01-31": "548.55500", "2009-01-31": "-382.15700", "2008-01-31": "222.32300", "2007-01-31": "-19.99600", "2006-01-31": "141.30900", "2005-01-31": "80.46600"}, "Cash Flow From Operating Activities": {"2020-01-31": "4066.54000", "2019-01-31": "4088.45900", "2018-01-31": "3025.62400", "2017-01-31": "3626.85900", "2016-01-31": "2956.91500", "2015-01-31": "3008.36900", "2014-01-31": "2600.46600", "2013-01-31": "3055.72000", "2012-01-31": "1916.03400", "2011-01-31": "1976.48100", "2010-01-31": "2271.92600", "2009-01-31": "1154.57200", "2008-01-31": "1374.77400", "2007-01-31": "1212.74600", "2006-01-31": "1158.01900", "2005-01-31": "1076.80900"}, "Net Change In Property, Plant, And Equipment": {"2020-01-31": "-1223.11600", "2019-01-31": "-1125.13900", "2018-01-31": "-1057.61700", "2017-01-31": "-1024.74700", "2016-01-31": "-889.38000", "2015-01-31": "-911.52200", "2014-01-31": "-946.67800", "2013-01-31": "-978.22800", "2012-01-31": "-803.33000", "2011-01-31": "-707.13400", "2010-01-31": "-429.28200", "2009-01-31": "-582.93200", "2008-01-31": "-526.98700", "2007-01-31": "-378.01100", "2006-01-31": "-486.26000", "2005-01-31": "-429.13300"}, "Net Change In Intangible Assets": {"2020-01-31": "", "2019-01-31": "", "2018-01-31": "", "2017-01-31": "", "2016-01-31": "", "2015-01-31": "", "2014-01-31": "", "2013-01-31": "", "2012-01-31": "", "2011-01-31": "", "2010-01-31": "", "2009-01-31": "", "2008-01-31": "", "2007-01-31": "", "2006-01-31": "", "2005-01-31": ""}, "Net Acquisitions/Divestitures": {"2020-01-31": "", "2019-01-31": "", "2018-01-31": "", "2017-01-31": "", "2016-01-31": "-57.10400", "2015-01-31": "", "2014-01-31": "2.65300", "2013-01-31": "-190.37400", "2012-01-31": "", "2011-01-31": "", "2010-01-31": "", "2009-01-31": "", "2008-01-31": "", "2007-01-31": "", "2006-01-31": "", "2005-01-31": ""}, "Net Change In Short-term Investments": {"2020-01-31": "-16.11800", "2019-01-31": "474.93500", "2018-01-31": "44.88100", "2017-01-31": "-187.80700", "2016-01-31": "-116.63100", "2015-01-31": "-43.11500", "2014-01-31": "-101.74300", "2013-01-31": "-152.84200", "2012-01-31": "-19.36300", "2011-01-31": "60.58600", "2010-01-31": "-125.41700", "2009-01-31": "0.00000", "2008-01-31": "", "2007-01-31": "", "2006-01-31": "", "2005-01-31": ""}, "Net Change In Long-Term Investments": {"2020-01-31": "-230.15600", "2019-01-31": "", "2018-01-31": "", "2017-01-31": "", "2016-01-31": "", "2015-01-31": "", "2014-01-31": "", "2013-01-31": "", "2012-01-31": "", "2011-01-31": "", "2010-01-31": "", "2009-01-31": "14.37900", "2008-01-31": "-13.66700", "2007-01-31": "-17.71300", "2006-01-31": "", "2005-01-31": ""}, "Net Change In Investments - Total": {"2020-01-31": "-246.27400", "2019-01-31": "474.93500", "2018-01-31": "44.88100", "2017-01-31": "-187.80700", "2016-01-31": "-116.63100", "2015-01-31": "-43.11500", "2014-01-31": "-101.74300", "2013-01-31": "-152.84200", "2012-01-31": "-19.36300", "2011-01-31": "60.58600", "2010-01-31": "-125.41700", "2009-01-31": "14.37900", "2008-01-31": "-13.66700", "2007-01-31": "-17.71300", "2006-01-31": "", "2005-01-31": ""}, "Investing Activities - Other": {"2020-01-31": "7.41900", "2019-01-31": "26.65200", "2018-01-31": "", "2017-01-31": "-2.32400", "2016-01-31": "", "2015-01-31": "", "2014-01-31": "", "2013-01-31": "34.49000", "2012-01-31": "11.65200", "2011-01-31": "-1.06500", "2010-01-31": "-5.57800", "2009-01-31": "-0.03400", "2008-01-31": "0.75300", "2007-01-31": "0.70000", "2006-01-31": "0.65200", "2005-01-31": "0.65200"}, "Cash Flow From Investing Activities": {"2020-01-31": "-1461.97100", "2019-01-31": "-623.55200", "2018-01-31": "-1012.73600", "2017-01-31": "-1214.87800", "2016-01-31": "-1063.11500", "2015-01-31": "-954.63700", "2014-01-31": "-1045.76800", "2013-01-31": "-1286.95400", "2012-01-31": "-811.04100", "2011-01-31": "-647.61300", "2010-01-31": "-560.27700", "2009-01-31": "-568.58700", "2008-01-31": "-539.90100", "2007-01-31": "-395.02400", "2006-01-31": "-485.60800", "2005-01-31": "-428.48100"}, "Net Long-Term Debt": {"2020-01-31": "", "2019-01-31": "", "2018-01-31": "", "2017-01-31": "566.95590", "2016-01-31": "", "2015-01-31": "333.11800", "2014-01-31": "499.55500", "2013-01-31": "-1.45600", "2012-01-31": "-2.72700", "2011-01-31": "-2.35500", "2010-01-31": "378.51600", "2009-01-31": "-2.00800", "2008-01-31": "-1.85400", "2007-01-31": "-1.71200", "2006-01-31": "102.84700", "2005-01-31": "-6.46200"}, "Net Current Debt": {"2020-01-31": "", "2019-01-31": "", "2018-01-31": "", "2017-01-31": "", "2016-01-31": "", "2015-01-31": "", "2014-01-31": "", "2013-01-31": "", "2012-01-31": "", "2011-01-31": "", "2010-01-31": "", "2009-01-31": "", "2008-01-31": "", "2007-01-31": "", "2006-01-31": "", "2005-01-31": ""}, "Debt Issuance/Retirement Net - Total": {"2020-01-31": "", "2019-01-31": "", "2018-01-31": "", "2017-01-31": "566.95590", "2016-01-31": "", "2015-01-31": "333.11800", "2014-01-31": "499.55500", "2013-01-31": "-1.45600", "2012-01-31": "-2.72700", "2011-01-31": "-2.35500", "2010-01-31": "378.51600", "2009-01-31": "-2.00800", "2008-01-31": "-1.85400", "2007-01-31": "-1.71200", "2006-01-31": "102.84700", "2005-01-31": "-6.46200"}, "Net Common Equity Issued/Repurchased": {"2020-01-31": "-1319.88600", "2019-01-31": "-2151.75600", "2018-01-31": "-1510.89400", "2017-01-31": "-1535.80800", "2016-01-31": "-1696.26400", "2015-01-31": "-1507.69900", "2014-01-31": "-1324.60100", "2013-01-31": "-1211.31100", "2012-01-31": "-1101.81300", "2011-01-31": "-1017.22100", "2010-01-31": "-774.90000", "2009-01-31": "-608.94300", "2008-01-31": "-806.09900", "2007-01-31": "-297.03700", "2006-01-31": "-501.30100", "2005-01-31": "-497.71900"}, "Net Total Equity Issued/Repurchased": {"2020-01-31": "-1319.88600", "2019-01-31": "-2151.75600", "2018-01-31": "-1510.89400", "2017-01-31": "-1535.80800", "2016-01-31": "-1696.26400", "2015-01-31": "-1507.69900", "2014-01-31": "-1324.60100", "2013-01-31": "-1211.31100", "2012-01-31": "-1101.81300", "2011-01-31": "-1017.22100", "2010-01-31": "-774.90000", "2009-01-31": "-608.94300", "2008-01-31": "-806.09900", "2007-01-31": "-297.03700", "2006-01-31": "-501.30100", "2005-01-31": "-497.71900"}, "Total Common And Preferred Stock Dividends Paid": {"2020-01-31": "-1071.56200", "2019-01-31": "-922.59600", "2018-01-31": "-764.04000", "2017-01-31": "-650.98800", "2016-01-31": "-544.27100", "2015-01-31": "-465.90200", "2014-01-31": "-393.75500", "2013-01-31": "-323.92200", "2012-01-31": "-275.01600", "2011-01-31": "-229.32900", "2010-01-31": "-197.66200", "2009-01-31": "-176.74900", "2008-01-31": "-151.49200", "2007-01-31": "-122.92700", "2006-01-31": "-105.25100", "2005-01-31": "-83.41800"}, "Financial Activities - Other": {"2020-01-31": "-23.42300", "2019-01-31": "-23.12900", "2018-01-31": "-22.41200", "2017-01-31": "32.96300", "2016-01-31": "45.10800", "2015-01-31": "80.94100", "2014-01-31": "74.99800", "2013-01-31": "61.10200", "2012-01-31": "43.84400", "2011-01-31": "24.97700", "2010-01-31": "10.29200", "2009-01-31": "18.87900", "2008-01-31": "6.75600", "2007-01-31": "3.63200", "2006-01-31": "", "2005-01-31": "3.02200"}, "Cash Flow From Financial Activities": {"2020-01-31": "-2414.87100", "2019-01-31": "-3097.48100", "2018-01-31": "-2297.34600", "2017-01-31": "-1586.87700", "2016-01-31": "-2195.42700", "2015-01-31": "-1559.54200", "2014-01-31": "-1143.80300", "2013-01-31": "-1475.58700", "2012-01-31": "-1335.71200", "2011-01-31": "-1223.92800", "2010-01-31": "-583.75400", "2009-01-31": "-768.82100", "2008-01-31": "-952.68900", "2007-01-31": "-418.04400", "2006-01-31": "-503.70500", "2005-01-31": "-584.57700"}, "Net Cash Flow": {"2020-01-31": "186.52300", "2019-01-31": "271.75200", "2018-01-31": "-171.37200", "2017-01-31": "834.37600", "2016-01-31": "-398.30200", "2015-01-31": "344.02900", "2014-01-31": "337.78900", "2013-01-31": "304.84500", "2012-01-31": "-234.63900", "2011-01-31": "127.14400", "2010-01-31": "1161.08000", "2009-01-31": "-279.08500", "2008-01-31": "-124.05700", "2007-01-31": "391.02000", "2006-01-31": "158.46200", "2005-01-31": "60.78400"}, "Stock-Based Compensation": {"2020-01-31": "124.95700", "2019-01-31": "103.55700", "2018-01-31": "101.36200", "2017-01-31": "102.25100", "2016-01-31": "94.10700", "2015-01-31": "", "2014-01-31": "76.08000", "2013-01-31": "64.41600", "2012-01-31": "64.17500", "2011-01-31": "58.80400", "2010-01-31": "", "2009-01-31": "", "2008-01-31": "", "2007-01-31": "", "2006-01-31": "", "2005-01-31": ""}, "Common Stock Dividends Paid": {"2020-01-31": "-1071.56200", "2019-01-31": "-922.59600", "2018-01-31": "-764.04000", "2017-01-31": "-650.98800", "2016-01-31": "-544.27100", "2015-01-31": "-465.90200", "2014-01-31": "-393.75500", "2013-01-31": "-323.92200", "2012-01-31": "-275.01600", "2011-01-31": "-229.32900", "2010-01-31": "-197.66200", "2009-01-31": "-176.74900", "2008-01-31": "-151.49200", "2007-01-31": "-122.92700", "2006-01-31": "-105.25100", "2005-01-31": "-83.41800"}}, "cash flow statement, quarterly": {"Net Income/Loss": {"2020-10-31": 866.656, "2020-07-31": -214.22, "2020-04-30": "-887.48900", "2020-01-31": 984.79, "2019-10-31": 828.263, "2019-07-31": 758.962, "2019-04-30": "700.17800", "2019-01-31": 841.538, "2018-10-31": 762.253, "2018-07-31": 739.626, "2018-04-30": "716.38100", "2018-01-31": 877.276, "2017-10-31": 641.436, "2017-07-31": 552.957, "2017-04-30": "536.27900", "2017-01-31": 677.928, "2016-10-31": 549.786, "2016-07-31": 562.174, "2016-04-30": "508.34600", "2016-01-31": 666.466, "2015-10-31": 587.256, "2015-07-31": 549.335, "2015-04-30": "474.60100", "2015-01-31": 648.23, "2014-10-31": 594.957, "2014-07-31": 517.624, "2014-04-30": "454.31700", "2014-01-31": 582.292, "2013-10-31": 622.655, "2013-07-31": 479.559, "2013-04-30": "452.89000", "2013-01-31": 604.844, "2012-10-31": 461.551, "2012-07-31": 421.092, "2012-04-30": "419.20000", "2012-01-31": 475.314, "2011-10-31": 406.487, "2011-07-31": 348.338, "2011-04-30": "265.95100", "2011-01-31": 334.414, "2010-10-31": 372.309, "2010-07-31": 304.984, "2010-04-30": "331.43400", "2010-01-31": 394.998, "2009-10-31": 347.799, "2009-07-31": 261.561, "2009-04-30": "209.21400", "2009-01-31": 250.696, "2008-10-31": 235.849, "2008-07-31": 200.223, "2008-04-30": "193.84900", "2008-01-31": 301.149, "2007-10-31": 249.461, "2007-07-31": 59.032, "2007-04-30": "162.10800", "2007-01-31": 205.462, "2006-10-31": 230.612, "2006-07-31": 138.156, "2006-04-30": "163.80900", "2006-01-31": 288.703, "2005-10-31": 155.325, "2005-07-31": 110.814, "2005-04-30": "135.58100", "2005-01-31": 609.699}, "Total Depreciation And Amortization - Cash Flow": {"2020-10-31": 218.972, "2020-07-31": 220.065, "2020-04-30": "219.46000", "2020-01-31": 219.914, "2019-10-31": 219.555, "2019-07-31": 215.633, "2019-04-30": "212.20100", "2019-01-31": 218.428, "2018-10-31": 154.971, "2018-07-31": 253.961, "2018-04-30": "192.29500", "2018-01-31": 292.783, "2017-10-31": 184.294, "2017-07-31": 175.645, "2017-04-30": "172.48500", "2017-01-31": 89.021, "2016-10-31": 195.122, "2016-07-31": 192.68, "2016-04-30": "181.97300", "2016-01-31": 162.99, "2015-10-31": 155.248, "2015-07-31": 149.918, "2015-04-30": "148.54000", "2015-01-31": 238.827, "2014-10-31": 146.511, "2014-07-31": 147.496, "2014-04-30": "144.15500", "2014-01-31": 141.541, "2013-10-31": 141.312, "2013-07-31": 135.427, "2013-04-30": "130.54300", "2013-01-31": 136.562, "2012-10-31": 125.906, "2012-07-31": 125.823, "2012-04-30": "120.63800", "2012-01-31": 128.758, "2011-10-31": 120.501, "2011-07-31": 120.214, "2011-04-30": "116.22800", "2011-01-31": 72.07, "2010-10-31": 158.751, "2010-07-31": 100.305, "2010-04-30": "126.92600", "2010-01-31": 130.592, "2009-10-31": 124.492, "2009-07-31": 118.728, "2009-04-30": "116.55100", "2009-01-31": 113.815, "2008-10-31": 114.627, "2008-07-31": 112.657, "2008-04-30": "111.83700", "2008-01-31": 112.134, "2007-10-31": 103.488, "2007-07-31": 106.223, "2007-04-30": "104.92100", "2007-01-31": 105.655, "2006-10-31": 105.746, "2006-07-31": 105.955, "2006-04-30": "105.55800", "2006-01-31": 101.5, "2005-10-31": 100.594, "2005-07-31": 100.459, "2005-04-30": "102.92200", "2005-01-31": 379.18}, "Other Non-Cash Items": {"2020-10-31": 6.859, "2020-07-31": 11.626, "2020-04-30": "-33.57100", "2020-01-31": -0.185, "2019-10-31": 38.493, "2019-07-31": 60.336, "2019-04-30": "36.13400", "2019-01-31": -43.681, "2018-10-31": 122.041, "2018-07-31": -42.73, "2018-04-30": "33.10800", "2018-01-31": -142.37, "2017-10-31": 23.598, "2017-07-31": 58.205, "2017-04-30": "33.36000", "2017-01-31": 37.011, "2016-10-31": 78.431, "2016-07-31": 14.986, "2016-04-30": "-16.52600", "2016-01-31": 85.024, "2015-10-31": -17.264, "2015-07-31": 19.862, "2015-04-30": "-23.60800", "2015-01-31": -6.986, "2014-10-31": -14.466, "2014-07-31": 48.233, "2014-04-30": "0.95300", "2014-01-31": 4.377, "2013-10-31": 1.59, "2013-07-31": 39.752, "2013-04-30": "7.96200", "2013-01-31": -45.014, "2012-10-31": 37.78, "2012-07-31": 16.905, "2012-04-30": "17.41400", "2012-01-31": -41.167, "2011-10-31": 163.342, "2011-07-31": 63.657, "2011-04-30": "-9.47900", "2011-01-31": 51.235, "2010-10-31": 56.087, "2010-07-31": 65.629, "2010-04-30": "4.47200", "2010-01-31": -75.617, "2009-10-31": 18.568, "2009-07-31": 84.519, "2009-04-30": "18.46100", "2009-01-31": 107.105, "2008-10-31": -5.767, "2008-07-31": 42.694, "2008-04-30": "24.80000", "2008-01-31": -18.593, "2007-10-31": 0.523, "2007-07-31": -55.17, "2007-04-30": "-9.37100", "2007-01-31": 14.951, "2006-10-31": 25.467, "2006-07-31": 3.646, "2006-04-30": "-8.66700", "2006-01-31": -70.526, "2005-10-31": 2.992, "2005-07-31": 0.103, "2005-04-30": "-10.21400", "2005-01-31": 24.644}, "Total Non-Cash Items": {"2020-10-31": 225.831, "2020-07-31": 231.691, "2020-04-30": "185.88900", "2020-01-31": 219.729, "2019-10-31": 258.048, "2019-07-31": 275.969, "2019-04-30": "248.33500", "2019-01-31": 174.7472, "2018-10-31": 277.0119, "2018-07-31": 211.231, "2018-04-30": "225.40300", "2018-01-31": 150.4129, "2017-10-31": 207.892, "2017-07-31": 233.85, "2017-04-30": "205.84500", "2017-01-31": 126.032, "2016-10-31": 273.553, "2016-07-31": 207.666, "2016-04-30": "165.44700", "2016-01-31": 248.014, "2015-10-31": 137.984, "2015-07-31": 169.78, "2015-04-30": "124.93200", "2015-01-31": 231.8409, "2014-10-31": 132.045, "2014-07-31": 195.729, "2014-04-30": "145.10800", "2014-01-31": 145.918, "2013-10-31": 142.902, "2013-07-31": 175.179, "2013-04-30": "138.50500", "2013-01-31": 91.548, "2012-10-31": 163.686, "2012-07-31": 142.728, "2012-04-30": "138.05200", "2012-01-31": 87.591, "2011-10-31": 283.843, "2011-07-31": 183.871, "2011-04-30": "106.74900", "2011-01-31": 123.305, "2010-10-31": 214.838, "2010-07-31": 165.934, "2010-04-30": "131.39800", "2010-01-31": 54.9749, "2009-10-31": 143.06, "2009-07-31": 203.247, "2009-04-30": "135.01200", "2009-01-31": 220.92, "2008-10-31": 108.86, "2008-07-31": 155.351, "2008-04-30": "136.63700", "2008-01-31": 93.541, "2007-10-31": 104.011, "2007-07-31": 51.053, "2007-04-30": "95.55000", "2007-01-31": 120.606, "2006-10-31": 131.213, "2006-07-31": 109.601, "2006-04-30": "96.89100", "2006-01-31": 30.974, "2005-10-31": 103.586, "2005-07-31": 100.562, "2005-04-30": "92.70800", "2005-01-31": 403.824}, "Change In Accounts Receivable": {"2020-10-31": -20.563, "2020-07-31": -266.46, "2020-04-30": "210.41900", "2020-01-31": 56.478, "2019-10-31": -63.628, "2019-07-31": 11.81, "2019-04-30": "-47.65800", "2019-01-31": 74.359, "2018-10-31": -64.711, "2018-07-31": 10.607, "2018-04-30": "-43.78700", "2018-01-31": 22.045, "2017-10-31": -41.253, "2017-07-31": 14.997, "2017-04-30": "-58.14700", "2017-01-31": 49.252, "2016-10-31": -21.293, "2016-07-31": -10.418, "2016-04-30": "-40.77600", "2016-01-31": 32.815, "2015-10-31": -13.25, "2015-07-31": 1.812, "2015-04-30": "-48.73400", "2015-01-31": 43.643, "2014-10-31": -20.917, "2014-07-31": 13.001, "2014-04-30": "-44.77900", "2014-01-31": 40.267, "2013-10-31": -28.526, "2013-07-31": 35.844, "2013-04-30": "-35.60600", "2013-01-31": 14.949, "2012-10-31": -35.319, "2012-07-31": 29.488, "2012-04-30": "-27.53600", "2012-01-31": 31.108, "2011-10-31": -19.145, "2011-07-31": 12.149, "2011-04-30": "-28.52200", "2011-01-31": 20.356, "2010-10-31": -20.871, "2010-07-31": -3.178, "2010-04-30": "-19.89400", "2010-01-31": 14.604, "2009-10-31": -18.039, "2009-07-31": 7.65, "2009-04-30": "-6.07700", "2009-01-31": 25.175, "2008-10-31": -34.699, "2008-07-31": 30.857, "2008-04-30": "-29.57800", "2008-01-31": 45.717, "2007-10-31": -41.258, "2007-07-31": 8.736, "2007-04-30": "-38.71100", "2007-01-31": 45.815, "2006-10-31": -41.398, "2006-07-31": 34.195, "2006-04-30": "-12.21500", "2006-01-31": 32.841, "2005-10-31": -51.794, "2005-07-31": 10.631, "2005-04-30": "-12.67500", "2005-01-31": -27.731}, "Change In Inventories": {"2020-10-31": -1246.489, "2020-07-31": 1247.639, "2020-04-30": "-136.02700", "2020-01-31": 1405.163, "2019-10-31": -1141.318, "2019-07-31": -73.301, "2019-04-30": "-487.08500", "2019-01-31": 977.148, "2018-10-31": -1056.984, "2018-07-31": -160.406, "2018-04-30": "-225.18700", "2018-01-31": 592.287, "2017-10-31": -873.889, "2017-07-31": -80.217, "2017-04-30": "-88.55800", "2017-01-31": 770.463, "2016-10-31": -567.717, "2016-07-31": -29.319, "2016-04-30": "-161.56500", "2016-01-31": 691.212, "2015-10-31": -672.518, "2015-07-31": -226.676, "2015-04-30": "-298.65100", "2015-01-31": 687.135, "2014-10-31": -612.545, "2014-07-31": -180.908, "2014-04-30": "-225.95300", "2014-01-31": 690.028, "2013-10-31": -456.348, "2013-07-31": -113.562, "2013-04-30": "-84.88500", "2013-01-31": 364.184, "2012-10-31": -277.31, "2012-07-31": -117.209, "2012-04-30": "57.52100", "2012-01-31": 744.335, "2011-10-31": -359.619, "2011-07-31": -362.58, "2011-04-30": "-209.29300", "2011-01-31": 507.887, "2010-10-31": -373.799, "2010-07-31": -266.583, "2010-04-30": "-79.32800", "2010-01-31": 725.274, "2009-10-31": -168.517, "2009-07-31": -225.14, "2009-04-30": "-183.81200", "2009-01-31": 668.279, "2008-10-31": -366.929, "2008-07-31": -206.281, "2008-04-30": "-163.55800", "2008-01-31": 597.633, "2007-10-31": -276.414, "2007-07-31": -204.172, "2007-04-30": "-229.45800", "2007-01-31": 655.833, "2006-10-31": -314.931, "2006-07-31": -366.697, "2006-04-30": "-175.61800", "2006-01-31": 553.964, "2005-10-31": -88.003, "2005-07-31": -365.715, "2005-04-30": "-109.01800", "2005-01-31": -390.655}, "Change In Accounts Payable": {"2020-10-31": 3704.622, "2020-07-31": 1327.241, "2020-04-30": "-1567.59700", "2020-01-31": -776.428, "2019-10-31": 812.589, "2019-07-31": 53.649, "2019-04-30": "-60.47200", "2019-01-31": -704.29, "2018-10-31": 664.812, "2018-07-31": 193.653, "2018-04-30": "44.03700", "2018-01-31": -528.229, "2017-10-31": 648.782, "2017-07-31": 141.526, "2017-04-30": "-56.96800", "2017-01-31": -476.728, "2016-10-31": 462.801, "2016-07-31": 158.614, "2016-04-30": "-96.43400", "2016-01-31": -460.962, "2015-10-31": 427.6, "2015-07-31": 114.013, "2015-04-30": "135.61400", "2015-01-31": -514.562, "2014-10-31": 432.594, "2014-07-31": 191.807, "2014-04-30": "175.38400", "2014-01-31": -569.952, "2013-10-31": 393.369, "2013-07-31": 103.323, "2013-04-30": "-79.01100", "2013-01-31": -195.326, "2012-10-31": 188.369, "2012-07-31": 117.796, "2012-04-30": "100.85000", "2012-01-31": -395.452, "2011-10-31": 138.616, "2011-07-31": 139.66, "2011-04-30": "80.62300", "2011-01-31": -290.915, "2010-10-31": 119.275, "2010-07-31": 160.229, "2010-04-30": "175.23400", "2010-01-31": -324.583, "2009-10-31": 99.514, "2009-07-31": 155.114, "2009-04-30": "267.45100", "2009-01-31": -491.282, "2008-10-31": 118.823, "2008-07-31": 68.524, "2008-04-30": "162.35500", "2008-01-31": -282.274, "2007-10-31": 79.208, "2007-07-31": 141.898, "2007-04-30": "178.47200", "2007-01-31": -339.094, "2006-10-31": 150.011, "2006-07-31": 110.338, "2006-04-30": "128.91000", "2006-01-31": -163.886, "2005-10-31": -50.691, "2005-07-31": 196.559, "2005-04-30": "53.02800", "2005-01-31": 305.344}, "Change In Assets/Liabilities": {"2020-10-31": 4.168, "2020-07-31": 143.041, "2020-04-30": "25.99800", "2020-01-31": -20.959, "2019-10-31": 18.184, "2019-07-31": -77.851, "2019-04-30": "29.36500", "2019-01-31": 111.554, "2018-10-31": 51.019, "2018-07-31": -145.763, "2018-04-30": "219.53200", "2018-01-31": -267.493, "2017-10-31": 13.222, "2017-07-31": -84.166, "2017-04-30": "20.58700", "2017-01-31": 28.574, "2016-10-31": 0.224, "2016-07-31": -71.325, "2016-04-30": "32.92700", "2016-01-31": 1.19, "2015-10-31": 18.576, "2015-07-31": -63.745, "2015-04-30": "3.87600", "2015-01-31": 25.909, "2014-10-31": 7.999, "2014-07-31": -61.217, "2014-04-30": "18.55300", "2014-01-31": 15.113, "2013-10-31": 15.932, "2013-07-31": -64.558, "2013-04-30": "30.15900", "2013-01-31": -101.038, "2012-10-31": 16.714, "2012-07-31": -2.981, "2012-04-30": "33.60000", "2012-01-31": 86.29, "2011-10-31": -46.687, "2011-07-31": -92.453, "2011-04-30": "32.14100", "2011-01-31": 42.031, "2010-10-31": -11.806, "2010-07-31": -37.186, "2010-04-30": "7.45600", "2010-01-31": 5.343, "2009-10-31": 39.151, "2009-07-31": -61.103, "2009-04-30": "37.82800", "2009-01-31": -94.414, "2008-10-31": 78.464, "2008-07-31": -130.766, "2008-04-30": "27.88600", "2008-01-31": 41.038, "2007-10-31": 83.902, "2007-07-31": -36.622, "2007-04-30": "-86.17400", "2007-01-31": -10.023, "2006-10-31": 148.576, "2006-07-31": -65.507, "2006-04-30": "-96.22500", "2006-01-31": 54.341, "2005-10-31": 42.125, "2005-07-31": -35.853, "2005-04-30": "-95.81000", "2005-01-31": 35.912}, "Total Change In Assets/Liabilities": {"2020-10-31": 3003.858, "2020-07-31": 3347.196, "2020-04-30": "-2493.34900", "2020-01-31": 1049.115, "2019-10-31": -145.039, "2019-07-31": -254.63, "2019-04-30": "-793.50500", "2019-01-31": 604.75, "2018-10-31": -160.956, "2018-07-31": -97.532, "2018-04-30": "-190.28600", "2018-01-31": 66.3018, "2017-10-31": 11.8632, "2017-07-31": -174.806, "2017-04-30": "-288.80300", "2017-01-31": 698.172, "2016-10-31": 124.054, "2016-07-31": 16.512, "2016-04-30": "-275.29300", "2016-01-31": 413.949, "2015-10-31": -18.611, "2015-07-31": -240.778, "2015-04-30": "-159.44500", "2015-01-31": 312.411, "2014-10-31": 25.148, "2014-07-31": -113.212, "2014-04-30": "-123.42600", "2014-01-31": 242.751, "2013-10-31": 65.138, "2013-07-31": -117.1, "2013-04-30": "-317.79800", "2013-01-31": 273.8249, "2012-10-31": 157.0451, "2012-07-31": 31.678, "2012-04-30": "149.18100", "2012-01-31": 523.6261, "2011-10-31": -176.6811, "2011-07-31": -325.086, "2011-04-30": "-260.03800", "2011-01-31": 426.434, "2010-10-31": -156.881, "2010-07-31": -344.566, "2010-04-30": "69.96600", "2010-01-31": 522.379, "2009-10-31": 126.134, "2009-07-31": -114.583, "2009-04-30": "14.62500", "2009-01-31": -95.183, "2008-10-31": -59.703, "2008-07-31": -154.869, "2008-04-30": "-72.40200", "2008-01-31": 396.783, "2007-10-31": -32.605, "2007-07-31": 102.229, "2007-04-30": "-244.08400", "2007-01-31": 399.1419, "2006-10-31": -90.6509, "2006-07-31": -103.313, "2006-04-30": "-225.17400", "2006-01-31": 350.134, "2005-10-31": 53.483, "2005-07-31": -214.311, "2005-04-30": "-47.99700", "2005-01-31": 80.466}, "Cash Flow From Operating Activities": {"2020-10-31": 4079.985, "2020-07-31": 3357.258, "2020-04-30": "-3160.48300", "2020-01-31": 2193.012, "2019-10-31": 974.284, "2019-07-31": 750.005, "2019-04-30": "149.23900", "2019-01-31": 1610.702, "2018-10-31": 917.092, "2018-07-31": 835.78, "2018-04-30": "724.88500", "2018-01-31": 1096.201, "2017-10-31": 826.377, "2017-07-31": 654.612, "2017-04-30": "448.43400", "2017-01-31": 1514.6, "2016-10-31": 928.675, "2016-07-31": 738.351, "2016-04-30": "445.23300", "2016-01-31": 1300.351, "2015-10-31": 727.984, "2015-07-31": 481.041, "2015-04-30": "447.53900", "2015-01-31": 1182.828, "2014-10-31": 737.166, "2014-07-31": 605.424, "2014-04-30": "482.95100", "2014-01-31": 967.094, "2013-10-31": 822.093, "2013-07-31": 530.53, "2013-04-30": "280.74900", "2013-01-31": 975.757, "2012-10-31": 772.223, "2012-07-31": 603.182, "2012-04-30": "704.55800", "2012-01-31": 1085.204, "2011-10-31": 505.109, "2011-07-31": 182.627, "2011-04-30": "143.09400", "2011-01-31": 877.289, "2010-10-31": 433.223, "2010-07-31": 138.553, "2010-04-30": "527.41600", "2010-01-31": 982.705, "2009-10-31": 584.487, "2009-07-31": 343.703, "2009-04-30": "361.03100", "2009-01-31": 427.737, "2008-10-31": 258.415, "2008-07-31": 204.961, "2008-04-30": "263.45900", "2008-01-31": 796.694, "2007-10-31": 353.729, "2007-07-31": 207.44, "2007-04-30": "16.91100", "2007-01-31": 735.951, "2006-10-31": 272.712, "2006-07-31": 153.274, "2006-04-30": "50.80900", "2006-01-31": 651.424, "2005-10-31": 321.087, "2005-07-31": -1.592, "2005-04-30": "187.10000", "2005-01-31": 1076.809}, "Net Change In Property, Plant, And Equipment": {"2020-10-31": -123.694, "2020-07-31": -99.385, "2020-04-30": "-210.52500", "2020-01-31": -230.404, "2019-10-31": -414.694, "2019-07-31": -261.109, "2019-04-30": "-316.90900", "2019-01-31": -252.176, "2018-10-31": -299.063, "2018-07-31": -308.957, "2018-04-30": "-264.94300", "2018-01-31": -230.088, "2017-10-31": -320.667, "2017-07-31": -248.347, "2017-04-30": "-258.51500", "2017-01-31": -257.55, "2016-10-31": -258.762, "2016-07-31": -242.199, "2016-04-30": "-266.23600", "2016-01-31": -238.713, "2015-10-31": -245.792, "2015-07-31": -203.641, "2015-04-30": "-201.23400", "2015-01-31": -205.623, "2014-10-31": -280.784, "2014-07-31": -231.754, "2014-04-30": "-193.36100", "2014-01-31": -187.395, "2013-10-31": -262.269, "2013-07-31": -258.499, "2013-04-30": "-238.51500", "2013-01-31": -202.631, "2012-10-31": -336.684, "2012-07-31": -184.652, "2012-04-30": "-254.26100", "2012-01-31": -152.558, "2011-10-31": -211.555, "2011-07-31": -213.164, "2011-04-30": "-226.05300", "2011-01-31": -166.783, "2010-10-31": -213.495, "2010-07-31": -177.762, "2010-04-30": "-149.09400", "2010-01-31": -110.334, "2009-10-31": -155.311, "2009-07-31": -97.188, "2009-04-30": "-66.44900", "2009-01-31": -139.924, "2008-10-31": -184.003, "2008-07-31": -148.243, "2008-04-30": "-110.76200", "2008-01-31": -120.909, "2007-10-31": -189.081, "2007-07-31": -121.855, "2007-04-30": "-95.14200", "2007-01-31": -86.173, "2006-10-31": -112.472, "2006-07-31": -83.349, "2006-04-30": "-96.01700", "2006-01-31": -84.782, "2005-10-31": -182.366, "2005-07-31": -118.466, "2005-04-30": "-100.64600", "2005-01-31": -429.133}, "Net Change In Intangible Assets": {"2020-10-31": 0, "2020-07-31": 0, "2020-04-30": "", "2020-01-31": 0, "2019-10-31": 0, "2019-07-31": 0, "2019-04-30": "", "2019-01-31": 0, "2018-10-31": 0, "2018-07-31": 0, "2018-04-30": "", "2018-01-31": 0, "2017-10-31": 0, "2017-07-31": 0, "2017-04-30": "", "2017-01-31": 0, "2016-10-31": 0, "2016-07-31": 0, "2016-04-30": "", "2016-01-31": 0, "2015-10-31": 0, "2015-07-31": 0, "2015-04-30": "", "2015-01-31": 0, "2014-10-31": 0, "2014-07-31": 0, "2014-04-30": "", "2014-01-31": 0, "2013-10-31": 0, "2013-07-31": 0, "2013-04-30": "", "2013-01-31": 0, "2012-10-31": 0, "2012-07-31": 0, "2012-04-30": "", "2012-01-31": 0, "2011-10-31": 0, "2011-07-31": 0, "2011-04-30": "", "2011-01-31": 0, "2010-10-31": 0, "2010-07-31": 0, "2010-04-30": "", "2010-01-31": 0, "2009-10-31": 0, "2009-07-31": 0, "2009-04-30": "", "2009-01-31": 0, "2008-10-31": 0, "2008-07-31": 0, "2008-04-30": "", "2008-01-31": 0, "2007-10-31": 0, "2007-07-31": 0, "2007-04-30": "", "2007-01-31": 0, "2006-10-31": 0, "2006-07-31": 0, "2006-04-30": "", "2006-01-31": 0, "2005-10-31": 0, "2005-07-31": 0, "2005-04-30": "", "2005-01-31": 0}, "Net Acquisitions/Divestitures": {"2020-10-31": 0, "2020-07-31": 0, "2020-04-30": "", "2020-01-31": 0, "2019-10-31": 0, "2019-07-31": 0, "2019-04-30": "", "2019-01-31": 0, "2018-10-31": 0, "2018-07-31": 0, "2018-04-30": "", "2018-01-31": 0, "2017-10-31": 0, "2017-07-31": 0, "2017-04-30": "", "2017-01-31": 0, "2016-10-31": 0, "2016-07-31": 0, "2016-04-30": "", "2016-01-31": 0, "2015-10-31": -57.104, "2015-07-31": 0, "2015-04-30": "", "2015-01-31": 0, "2014-10-31": 0, "2014-07-31": 0, "2014-04-30": "", "2014-01-31": 2.653, "2013-10-31": 0, "2013-07-31": 0, "2013-04-30": "", "2013-01-31": -190.374, "2012-10-31": 0, "2012-07-31": 0, "2012-04-30": "", "2012-01-31": 0, "2011-10-31": 0, "2011-07-31": 0, "2011-04-30": "", "2011-01-31": 0, "2010-10-31": 0, "2010-07-31": 0, "2010-04-30": "", "2010-01-31": 0, "2009-10-31": 0, "2009-07-31": 0, "2009-04-30": "", "2009-01-31": 0.843, "2008-10-31": -0.843, "2008-07-31": 0, "2008-04-30": "", "2008-01-31": 0, "2007-10-31": 0, "2007-07-31": 0, "2007-04-30": "", "2007-01-31": 0, "2006-10-31": 0, "2006-07-31": 0, "2006-04-30": "", "2006-01-31": 0, "2005-10-31": 0, "2005-07-31": 0, "2005-04-30": "", "2005-01-31": 0}, "Net Change In Short-term Investments": {"2020-10-31": -1.666, "2020-07-31": 1.67, "2020-04-30": "-10.57800", "2020-01-31": -3.656, "2019-10-31": -2.842, "2019-07-31": 0.18, "2019-04-30": "-9.80000", "2019-01-31": -2.155, "2018-10-31": 0.903, "2018-07-31": 431.736, "2018-04-30": "44.45100", "2018-01-31": 16.735, "2017-10-31": -25.9, "2017-07-31": -2.712, "2017-04-30": "56.75800", "2017-01-31": -86.046, "2016-10-31": -44.944, "2016-07-31": -36.236, "2016-04-30": "-20.58100", "2016-01-31": 24.436, "2015-10-31": -75.109, "2015-07-31": -24.721, "2015-04-30": "-41.23700", "2015-01-31": -41.989, "2014-10-31": -2.88, "2014-07-31": -27.345, "2014-04-30": "29.09900", "2014-01-31": -73.576, "2013-10-31": -21.403, "2013-07-31": -1.059, "2013-04-30": "-5.70500", "2013-01-31": -45.799, "2012-10-31": -24.396, "2012-07-31": -5.09, "2012-04-30": "-77.55700", "2012-01-31": -24.233, "2011-10-31": 7.259, "2011-07-31": 2.186, "2011-04-30": "-4.57500", "2011-01-31": 54.621, "2010-10-31": 10.449, "2010-07-31": -15.196, "2010-04-30": "10.71200", "2010-01-31": -52.319, "2009-10-31": 51.33, "2009-07-31": -67.681, "2009-04-30": "-56.74700", "2009-01-31": 0, "2008-10-31": 0, "2008-07-31": 0, "2008-04-30": "", "2008-01-31": 0, "2007-10-31": 0, "2007-07-31": 0, "2007-04-30": "", "2007-01-31": 0, "2006-10-31": 0, "2006-07-31": 0, "2006-04-30": "", "2006-01-31": 0, "2005-10-31": 0, "2005-07-31": 0, "2005-04-30": "", "2005-01-31": 0}, "Net Change In Long-Term Investments": {"2020-10-31": 0, "2020-07-31": 0, "2020-04-30": "", "2020-01-31": -230.156, "2019-10-31": 0, "2019-07-31": 0, "2019-04-30": "", "2019-01-31": 0, "2018-10-31": 0, "2018-07-31": 0, "2018-04-30": "", "2018-01-31": 0, "2017-10-31": 0, "2017-07-31": 0, "2017-04-30": "", "2017-01-31": 0, "2016-10-31": 0, "2016-07-31": 0, "2016-04-30": "", "2016-01-31": 0, "2015-10-31": 0, "2015-07-31": 0, "2015-04-30": "", "2015-01-31": 0, "2014-10-31": 0, "2014-07-31": 0, "2014-04-30": "", "2014-01-31": 0, "2013-10-31": 0, "2013-07-31": 0, "2013-04-30": "", "2013-01-31": 0, "2012-10-31": 0, "2012-07-31": 0, "2012-04-30": "", "2012-01-31": 0, "2011-10-31": 0, "2011-07-31": 0, "2011-04-30": "", "2011-01-31": 0, "2010-10-31": 0, "2010-07-31": 0, "2010-04-30": "", "2010-01-31": 0, "2009-10-31": 0, "2009-07-31": 0, "2009-04-30": "", "2009-01-31": 14.379, "2008-10-31": 0, "2008-07-31": 0, "2008-04-30": "", "2008-01-31": -13.667, "2007-10-31": 0, "2007-07-31": 0, "2007-04-30": "", "2007-01-31": -17.713, "2006-10-31": 0, "2006-07-31": 0, "2006-04-30": "", "2006-01-31": 0, "2005-10-31": 0, "2005-07-31": 0, "2005-04-30": "", "2005-01-31": 0}, "Net Change In Investments - Total": {"2020-10-31": -1.666, "2020-07-31": 1.67, "2020-04-30": "-10.57800", "2020-01-31": -233.812, "2019-10-31": -2.842, "2019-07-31": 0.18, "2019-04-30": "-9.80000", "2019-01-31": -2.155, "2018-10-31": 0.903, "2018-07-31": 431.736, "2018-04-30": "44.45100", "2018-01-31": 16.735, "2017-10-31": -25.9, "2017-07-31": -2.712, "2017-04-30": "56.75800", "2017-01-31": -86.046, "2016-10-31": -44.944, "2016-07-31": -36.236, "2016-04-30": "-20.58100", "2016-01-31": 24.436, "2015-10-31": -75.109, "2015-07-31": -24.721, "2015-04-30": "-41.23700", "2015-01-31": -41.989, "2014-10-31": -2.88, "2014-07-31": -27.345, "2014-04-30": "29.09900", "2014-01-31": -73.576, "2013-10-31": -21.403, "2013-07-31": -1.059, "2013-04-30": "-5.70500", "2013-01-31": -45.799, "2012-10-31": -24.396, "2012-07-31": -5.09, "2012-04-30": "-77.55700", "2012-01-31": -24.233, "2011-10-31": 7.259, "2011-07-31": 2.186, "2011-04-30": "-4.57500", "2011-01-31": 54.621, "2010-10-31": 10.449, "2010-07-31": -15.196, "2010-04-30": "10.71200", "2010-01-31": -52.319, "2009-10-31": 51.33, "2009-07-31": -67.681, "2009-04-30": "-56.74700", "2009-01-31": 14.379, "2008-10-31": 0, "2008-07-31": 0, "2008-04-30": "", "2008-01-31": -13.667, "2007-10-31": 0, "2007-07-31": 0, "2007-04-30": "", "2007-01-31": -17.713, "2006-10-31": 0, "2006-07-31": 0, "2006-04-30": "", "2006-01-31": 0, "2005-10-31": 0, "2005-07-31": 0, "2005-04-30": "", "2005-01-31": 0}, "Investing Activities - Other": {"2020-10-31": 0, "2020-07-31": 0, "2020-04-30": "", "2020-01-31": 0, "2019-10-31": 0, "2019-07-31": 7.419, "2019-04-30": "", "2019-01-31": -0.001, "2018-10-31": 0.001, "2018-07-31": 26.652, "2018-04-30": "", "2018-01-31": 0, "2017-10-31": 0, "2017-07-31": 0, "2017-04-30": "", "2017-01-31": 0, "2016-10-31": 0, "2016-07-31": 0, "2016-04-30": "-2.32400", "2016-01-31": 0, "2015-10-31": 0, "2015-07-31": 0, "2015-04-30": "", "2015-01-31": 0, "2014-10-31": 0, "2014-07-31": 0, "2014-04-30": "", "2014-01-31": -2.653, "2013-10-31": 0, "2013-07-31": 0, "2013-04-30": "2.65300", "2013-01-31": 0, "2012-10-31": 33.96, "2012-07-31": 0.267, "2012-04-30": "0.26300", "2012-01-31": 10.905, "2011-10-31": 0.253, "2011-07-31": 0.25, "2011-04-30": "0.24400", "2011-01-31": -1.76, "2010-10-31": 0.237, "2010-07-31": 0.231, "2010-04-30": "0.22700", "2010-01-31": 0.224, "2009-10-31": -0.364, "2009-07-31": -5.65, "2009-04-30": "0.21200", "2009-01-31": -0.636, "2008-10-31": 0.204, "2008-07-31": 0.201, "2008-04-30": "0.19700", "2008-01-31": 0.193, "2007-10-31": 0.19, "2007-07-31": 0.187, "2007-04-30": "0.18300", "2007-01-31": 0.18, "2006-10-31": 0.177, "2006-07-31": 0.173, "2006-04-30": "0.17000", "2006-01-31": 0.168, "2005-10-31": 0.164, "2005-07-31": 0.162, "2005-04-30": "0.15800", "2005-01-31": 0.652}, "Cash Flow From Investing Activities": {"2020-10-31": -125.36, "2020-07-31": -97.715, "2020-04-30": "-221.10300", "2020-01-31": -464.216, "2019-10-31": -417.536, "2019-07-31": -253.51, "2019-04-30": "-326.70900", "2019-01-31": -254.332, "2018-10-31": -298.159, "2018-07-31": 149.431, "2018-04-30": "-220.49200", "2018-01-31": -213.353, "2017-10-31": -346.567, "2017-07-31": -251.059, "2017-04-30": "-201.75700", "2017-01-31": -343.596, "2016-10-31": -303.706, "2016-07-31": -278.435, "2016-04-30": "-289.14100", "2016-01-31": -214.277, "2015-10-31": -378.005, "2015-07-31": -228.362, "2015-04-30": "-242.47100", "2015-01-31": -247.612, "2014-10-31": -283.664, "2014-07-31": -259.099, "2014-04-30": "-164.26200", "2014-01-31": -260.971, "2013-10-31": -283.672, "2013-07-31": -259.558, "2013-04-30": "-241.56700", "2013-01-31": -438.804, "2012-10-31": -327.12, "2012-07-31": -189.475, "2012-04-30": "-331.55500", "2012-01-31": -165.886, "2011-10-31": -204.043, "2011-07-31": -210.728, "2011-04-30": "-230.38400", "2011-01-31": -113.922, "2010-10-31": -202.809, "2010-07-31": -192.727, "2010-04-30": "-138.15500", "2010-01-31": -162.429, "2009-10-31": -104.345, "2009-07-31": -170.519, "2009-04-30": "-122.98400", "2009-01-31": -125.338, "2008-10-31": -184.642, "2008-07-31": -148.042, "2008-04-30": "-110.56500", "2008-01-31": -134.383, "2007-10-31": -188.891, "2007-07-31": -121.668, "2007-04-30": "-94.95900", "2007-01-31": -103.706, "2006-10-31": -112.295, "2006-07-31": -83.176, "2006-04-30": "-95.84700", "2006-01-31": -84.614, "2005-10-31": -182.202, "2005-07-31": -118.304, "2005-04-30": "-100.48800", "2005-01-31": -428.481}, "Net Long-Term Debt": {"2020-10-31": -1000, "2020-07-31": 0, "2020-04-30": "4988.45200", "2020-01-31": 0, "2019-10-31": 0, "2019-07-31": 0, "2019-04-30": "", "2019-01-31": 0, "2018-10-31": 0, "2018-07-31": 0, "2018-04-30": "", "2018-01-31": 0, "2017-10-31": 0, "2017-07-31": 0, "2017-04-30": "", "2017-01-31": 0, "2016-10-31": 566.9559, "2016-07-31": 0, "2016-04-30": "", "2016-01-31": 0, "2015-10-31": 0, "2015-07-31": 0, "2015-04-30": "", "2015-01-31": 0, "2014-10-31": 0, "2014-07-31": 333.118, "2014-04-30": "", "2014-01-31": 0, "2013-10-31": 0, "2013-07-31": 0, "2013-04-30": "499.55500", "2013-01-31": 0, "2012-10-31": 0, "2012-07-31": -1.456, "2012-04-30": "", "2012-01-31": -0.706, "2011-10-31": -0.693, "2011-07-31": -0.678, "2011-04-30": "-0.65000", "2011-01-31": -0.606, "2010-10-31": -0.595, "2010-07-31": -0.583, "2010-04-30": "-0.57100", "2010-01-31": -200.56, "2009-10-31": -191.839, "2009-07-31": 397.148, "2009-04-30": "373.76700", "2009-01-31": -0.517, "2008-10-31": -0.507, "2008-07-31": -0.497, "2008-04-30": "-0.48700", "2008-01-31": -0.477, "2007-10-31": -0.468, "2007-07-31": -0.459, "2007-04-30": "-0.45000", "2007-01-31": -0.441, "2006-10-31": -0.432, "2006-07-31": -0.423, "2006-04-30": "-0.41600", "2006-01-31": 204.02, "2005-10-31": -0.404, "2005-07-31": -100.386, "2005-04-30": "-0.38300", "2005-01-31": -6.462}, "Net Current Debt": {"2020-10-31": 1000, "2020-07-31": -1000, "2020-04-30": "", "2020-01-31": 0, "2019-10-31": 0, "2019-07-31": 0, "2019-04-30": "", "2019-01-31": 0, "2018-10-31": 0, "2018-07-31": 0, "2018-04-30": "", "2018-01-31": 0, "2017-10-31": 0, "2017-07-31": 0, "2017-04-30": "", "2017-01-31": 0, "2016-10-31": 0, "2016-07-31": 0, "2016-04-30": "", "2016-01-31": 0, "2015-10-31": 0, "2015-07-31": 0, "2015-04-30": "", "2015-01-31": 0, "2014-10-31": 0, "2014-07-31": 0, "2014-04-30": "", "2014-01-31": 0, "2013-10-31": 0, "2013-07-31": 0, "2013-04-30": "", "2013-01-31": 0, "2012-10-31": 0, "2012-07-31": 0, "2012-04-30": "", "2012-01-31": 0, "2011-10-31": 0, "2011-07-31": 0, "2011-04-30": "", "2011-01-31": 0, "2010-10-31": 0, "2010-07-31": 0, "2010-04-30": "", "2010-01-31": 0, "2009-10-31": 0, "2009-07-31": 0, "2009-04-30": "", "2009-01-31": -105.93, "2008-10-31": 105.93, "2008-07-31": 0, "2008-04-30": "", "2008-01-31": 0, "2007-10-31": 0, "2007-07-31": 0, "2007-04-30": "", "2007-01-31": 0, "2006-10-31": -140.871, "2006-07-31": 140.871, "2006-04-30": "", "2006-01-31": -449.662, "2005-10-31": 35.164, "2005-07-31": 379.507, "2005-04-30": "34.99100", "2005-01-31": 0}, "Debt Issuance/Retirement Net - Total": {"2020-10-31": 0, "2020-07-31": -1000, "2020-04-30": "4988.45200", "2020-01-31": 0, "2019-10-31": 0, "2019-07-31": 0, "2019-04-30": "", "2019-01-31": 0, "2018-10-31": 0, "2018-07-31": 0, "2018-04-30": "", "2018-01-31": 0, "2017-10-31": 0, "2017-07-31": 0, "2017-04-30": "", "2017-01-31": 0, "2016-10-31": 566.9559, "2016-07-31": 0, "2016-04-30": "", "2016-01-31": 0, "2015-10-31": 0, "2015-07-31": 0, "2015-04-30": "", "2015-01-31": 0, "2014-10-31": 0, "2014-07-31": 333.118, "2014-04-30": "", "2014-01-31": 0, "2013-10-31": 0, "2013-07-31": 0, "2013-04-30": "499.55500", "2013-01-31": 0, "2012-10-31": 0, "2012-07-31": -1.456, "2012-04-30": "", "2012-01-31": -0.706, "2011-10-31": -0.693, "2011-07-31": -0.678, "2011-04-30": "-0.65000", "2011-01-31": -0.606, "2010-10-31": -0.595, "2010-07-31": -0.583, "2010-04-30": "-0.57100", "2010-01-31": -200.56, "2009-10-31": -191.839, "2009-07-31": 397.148, "2009-04-30": "373.76700", "2009-01-31": -106.447, "2008-10-31": 105.423, "2008-07-31": -0.497, "2008-04-30": "-0.48700", "2008-01-31": -0.477, "2007-10-31": -0.468, "2007-07-31": -0.459, "2007-04-30": "-0.45000", "2007-01-31": -0.441, "2006-10-31": -141.303, "2006-07-31": 140.448, "2006-04-30": "-0.41600", "2006-01-31": -245.642, "2005-10-31": 34.76, "2005-07-31": 279.121, "2005-04-30": "34.60800", "2005-01-31": -6.462}, "Net Common Equity Issued/Repurchased": {"2020-10-31": 28.189, "2020-07-31": 22.092, "2020-04-30": "-164.06000", "2020-01-31": -304.781, "2019-10-31": -417.829, "2019-07-31": -259.754, "2019-04-30": "-337.52200", "2019-01-31": -799.972, "2018-10-31": -525.27, "2018-07-31": -515.676, "2018-04-30": "-310.83800", "2018-01-31": -361.11, "2017-10-31": -325.919, "2017-07-31": -525.899, "2017-04-30": "-297.96600", "2017-01-31": -471.71, "2016-10-31": -397.912, "2016-07-31": -388.868, "2016-04-30": "-277.31800", "2016-01-31": -481.537, "2015-10-31": -411.638, "2015-07-31": -420.498, "2015-04-30": "-382.59100", "2015-01-31": -383.819, "2014-10-31": -354.566, "2014-07-31": -429.827, "2014-04-30": "-339.48700", "2014-01-31": -444.168, "2013-10-31": -317.169, "2013-07-31": -295.375, "2013-04-30": "-267.88900", "2013-01-31": -307.823, "2012-10-31": -367.783, "2012-07-31": -266.761, "2012-04-30": "-268.94400", "2012-01-31": -295.061, "2011-10-31": -246.271, "2011-07-31": -302.144, "2011-04-30": "-258.33700", "2011-01-31": -313.579, "2010-10-31": -229.458, "2010-07-31": -332.052, "2010-04-30": "-142.13200", "2010-01-31": -398.494, "2009-10-31": -208.483, "2009-07-31": -145.744, "2009-04-30": "-22.17900", "2009-01-31": -82.977, "2008-10-31": -177.077, "2008-07-31": -193.187, "2008-04-30": "-155.70200", "2008-01-31": -270.359, "2007-10-31": -248.86, "2007-07-31": -305.848, "2007-04-30": "18.96800", "2007-01-31": -71.93, "2006-10-31": 77.502, "2006-07-31": -184.803, "2006-04-30": "-117.80600", "2006-01-31": -16.799, "2005-10-31": -128.477, "2005-07-31": -127.365, "2005-04-30": "-228.66000", "2005-01-31": -497.719}, "Net Total Equity Issued/Repurchased": {"2020-10-31": 28.189, "2020-07-31": 22.092, "2020-04-30": "-164.06000", "2020-01-31": -304.781, "2019-10-31": -417.829, "2019-07-31": -259.754, "2019-04-30": "-337.52200", "2019-01-31": -799.972, "2018-10-31": -525.27, "2018-07-31": -515.676, "2018-04-30": "-310.83800", "2018-01-31": -361.11, "2017-10-31": -325.919, "2017-07-31": -525.899, "2017-04-30": "-297.96600", "2017-01-31": -471.71, "2016-10-31": -397.912, "2016-07-31": -388.868, "2016-04-30": "-277.31800", "2016-01-31": -481.537, "2015-10-31": -411.638, "2015-07-31": -420.498, "2015-04-30": "-382.59100", "2015-01-31": -383.819, "2014-10-31": -354.566, "2014-07-31": -429.827, "2014-04-30": "-339.48700", "2014-01-31": -444.168, "2013-10-31": -317.169, "2013-07-31": -295.375, "2013-04-30": "-267.88900", "2013-01-31": -307.823, "2012-10-31": -367.783, "2012-07-31": -266.761, "2012-04-30": "-268.94400", "2012-01-31": -295.061, "2011-10-31": -246.271, "2011-07-31": -302.144, "2011-04-30": "-258.33700", "2011-01-31": -313.579, "2010-10-31": -229.458, "2010-07-31": -332.052, "2010-04-30": "-142.13200", "2010-01-31": -398.494, "2009-10-31": -208.483, "2009-07-31": -145.744, "2009-04-30": "-22.17900", "2009-01-31": -82.977, "2008-10-31": -177.077, "2008-07-31": -193.187, "2008-04-30": "-155.70200", "2008-01-31": -270.359, "2007-10-31": -248.86, "2007-07-31": -305.848, "2007-04-30": "18.96800", "2007-01-31": -71.93, "2006-10-31": 77.502, "2006-07-31": -184.803, "2006-04-30": "-117.80600", "2006-01-31": -16.799, "2005-10-31": -128.477, "2005-07-31": -127.365, "2005-04-30": "-228.66000", "2005-01-31": -497.719}, "Total Common And Preferred Stock Dividends Paid": {"2020-10-31": 0, "2020-07-31": 0, "2020-04-30": "-278.25000", "2020-01-31": -276.47, "2019-10-31": -277.644, "2019-07-31": -278.69, "2019-04-30": "-238.75800", "2019-01-31": -240.274, "2018-10-31": -241.448, "2018-07-31": -243.578, "2018-04-30": "-197.29600", "2018-01-31": -197.091, "2017-10-31": -197.493, "2017-07-31": -200.89, "2017-04-30": "-168.56600", "2017-01-31": -169.129, "2016-10-31": -170.351, "2016-07-31": -171.441, "2016-04-30": "-140.06700", "2016-01-31": -140.177, "2015-10-31": -141.212, "2015-07-31": -142.444, "2015-04-30": "-120.43800", "2015-01-31": -120.204, "2014-10-31": -121.429, "2014-07-31": -122.088, "2014-04-30": "-102.18100", "2014-01-31": -102.787, "2013-10-31": -103.704, "2013-07-31": -104.053, "2013-04-30": "-83.21100", "2013-01-31": -83.606, "2012-10-31": -84.603, "2012-07-31": -84.953, "2012-04-30": "-70.76000", "2012-01-31": -71.498, "2011-10-31": -71.896, "2011-07-31": -73.008, "2011-04-30": "-58.61400", "2011-01-31": -59.287, "2010-10-31": -59.917, "2010-07-31": -61.033, "2010-04-30": "-49.09200", "2010-01-31": -50.259, "2009-10-31": -50.802, "2009-07-31": -51.193, "2009-04-30": "-45.40800", "2009-01-31": -45.613, "2008-10-31": -46.03, "2008-07-31": -46.636, "2008-04-30": "-38.47000", "2008-01-31": -39.225, "2007-10-31": -39.721, "2007-07-31": -40.777, "2007-04-30": "-31.76900", "2007-01-31": -31.758, "2006-10-31": -31.492, "2006-07-31": -31.984, "2006-04-30": "-27.69300", "2006-01-31": -27.484, "2005-10-31": -27.91, "2005-07-31": -28.22, "2005-04-30": "-21.63700", "2005-01-31": -83.418}, "Financial Activities - Other": {"2020-10-31": 0, "2020-07-31": -0.078, "2020-04-30": "-55.63700", "2020-01-31": -0.126, "2019-10-31": 0, "2019-07-31": 0.008, "2019-04-30": "-23.30500", "2019-01-31": -1.706, "2018-10-31": -3.182, "2018-07-31": -0.368, "2018-04-30": "-17.87300", "2018-01-31": -3.277, "2017-10-31": -0.711, "2017-07-31": -0.842, "2017-04-30": "-17.58200", "2017-01-31": 10.667, "2016-10-31": -2.575, "2016-07-31": 11.943, "2016-04-30": "12.92800", "2016-01-31": -9.186, "2015-10-31": 20.317, "2015-07-31": 5.547, "2015-04-30": "28.43000", "2015-01-31": 35.065, "2014-10-31": 38.973, "2014-07-31": -5.93, "2014-04-30": "12.83300", "2014-01-31": 21.472, "2013-10-31": 24.615, "2013-07-31": 18.258, "2013-04-30": "10.65300", "2013-01-31": 18.517, "2012-10-31": 16.582, "2012-07-31": 18.124, "2012-04-30": "7.87900", "2012-01-31": 12.08, "2011-10-31": 9.349, "2011-07-31": 5.027, "2011-04-30": "17.38800", "2011-01-31": 4.656, "2010-10-31": 5.317, "2010-07-31": -0.471, "2010-04-30": "15.47500", "2010-01-31": 1.739, "2009-10-31": 9.542, "2009-07-31": 2.079, "2009-04-30": "-3.06800", "2009-01-31": -0.092, "2008-10-31": 4.936, "2008-07-31": 4.529, "2008-04-30": "9.50600", "2008-01-31": 0.724, "2007-10-31": 2.378, "2007-07-31": 1.079, "2007-04-30": "2.57500", "2007-01-31": 2.26, "2006-10-31": 1.372, "2006-07-31": 0, "2006-04-30": "", "2006-01-31": 0, "2005-10-31": 0, "2005-07-31": 0, "2005-04-30": "", "2005-01-31": 3.022}, "Cash Flow From Financial Activities": {"2020-10-31": 28.189, "2020-07-31": -977.99, "2020-04-30": "4490.50900", "2020-01-31": -581.377, "2019-10-31": -695.473, "2019-07-31": -538.436, "2019-04-30": "-599.58500", "2019-01-31": -1041.952, "2018-10-31": -769.9, "2018-07-31": -759.622, "2018-04-30": "-526.00700", "2018-01-31": -561.478, "2017-10-31": -524.123, "2017-07-31": -727.631, "2017-04-30": "-484.11400", "2017-01-31": -630.172, "2016-10-31": -3.882, "2016-07-31": -548.366, "2016-04-30": "-404.45700", "2016-01-31": -630.9, "2015-10-31": -532.533, "2015-07-31": -557.395, "2015-04-30": "-474.59900", "2015-01-31": -468.958, "2014-10-31": -437.022, "2014-07-31": -224.727, "2014-04-30": "-428.83500", "2014-01-31": -525.483, "2013-10-31": -396.258, "2013-07-31": -381.17, "2013-04-30": "159.10800", "2013-01-31": -372.912, "2012-10-31": -435.804, "2012-07-31": -335.046, "2012-04-30": "-331.82500", "2012-01-31": -355.185, "2011-10-31": -309.511, "2011-07-31": -370.803, "2011-04-30": "-300.21300", "2011-01-31": -368.816, "2010-10-31": -284.653, "2010-07-31": -394.139, "2010-04-30": "-176.32000", "2010-01-31": -647.574, "2009-10-31": -441.582, "2009-07-31": 202.29, "2009-04-30": "303.11200", "2009-01-31": -235.129, "2008-10-31": -112.748, "2008-07-31": -235.791, "2008-04-30": "-185.15300", "2008-01-31": -309.337, "2007-10-31": -286.671, "2007-07-31": -346.005, "2007-04-30": "-10.67600", "2007-01-31": -101.869, "2006-10-31": -93.921, "2006-07-31": -76.339, "2006-04-30": "-145.91500", "2006-01-31": -289.925, "2005-10-31": -121.627, "2005-07-31": 123.536, "2005-04-30": "-215.68900", "2005-01-31": -584.577}, "Net Cash Flow": {"2020-10-31": 3961.582, "2020-07-31": 2332.576, "2020-04-30": "1071.08300", "2020-01-31": 1156.576, "2019-10-31": -126.206, "2019-07-31": -48.674, "2019-04-30": "-795.17300", "2019-01-31": 318.462, "2018-10-31": -160.95, "2018-07-31": 191.612, "2018-04-30": "-77.37200", "2018-01-31": 394.233, "2017-10-31": -85.061, "2017-07-31": -220.19, "2017-04-30": "-260.35400", "2017-01-31": 554.317, "2016-10-31": 571.884, "2016-07-31": -140.507, "2016-04-30": "-151.31800", "2016-01-31": 372.137, "2015-10-31": -187.434, "2015-07-31": -349.195, "2015-04-30": "-233.81000", "2015-01-31": 340.15, "2014-10-31": -29.705, "2014-07-31": 124.034, "2014-04-30": "-90.45000", "2014-01-31": 138.994, "2013-10-31": 151.954, "2013-07-31": -131.037, "2013-04-30": "177.87800", "2013-01-31": 170.042, "2012-10-31": 21.513, "2012-07-31": 56.711, "2012-04-30": "56.57900", "2012-01-31": 550.18, "2011-10-31": -20.831, "2011-07-31": -399.383, "2011-04-30": "-364.60500", "2011-01-31": 402.686, "2010-10-31": -41.104, "2010-07-31": -453.101, "2010-04-30": "218.66300", "2010-01-31": 168.959, "2009-10-31": 18.753, "2009-07-31": 414.4, "2009-04-30": "558.96800", "2009-01-31": 66.176, "2008-10-31": -130.142, "2008-07-31": -180.622, "2008-04-30": "-34.49700", "2008-01-31": 344.481, "2007-10-31": -145.655, "2007-07-31": -247.424, "2007-04-30": "-75.45900", "2007-01-31": 515.033, "2006-10-31": 67.919, "2006-07-31": -6.165, "2006-04-30": "-185.76700", "2006-01-31": 264.63, "2005-10-31": 19.33, "2005-07-31": 3.939, "2005-04-30": "-129.43700", "2005-01-31": 60.784}, "Stock-Based Compensation": {"2020-10-31": 31.262, "2020-07-31": 39.178, "2020-04-30": "-11.53100", "2020-01-31": 38.367, "2019-10-31": 31.19, "2019-07-31": 29.668, "2019-04-30": "25.73200", "2019-01-31": 26.204, "2018-10-31": 77.353, "2018-07-31": -24.029, "2018-04-30": "24.02900", "2018-01-31": 24.21, "2017-10-31": 27.637, "2017-07-31": 25.464, "2017-04-30": "24.05100", "2017-01-31": 102.251, "2016-10-31": 0, "2016-07-31": 0, "2016-04-30": "", "2016-01-31": 23.044, "2015-10-31": 27.296, "2015-07-31": 22.617, "2015-04-30": "21.15000", "2015-01-31": -67.671, "2014-10-31": 25.671, "2014-07-31": 22.215, "2014-04-30": "19.78500", "2014-01-31": 19.442, "2013-10-31": 20.959, "2013-07-31": 19.13, "2013-04-30": "16.54900", "2013-01-31": 14.816, "2012-10-31": 19.721, "2012-07-31": 15.608, "2012-04-30": "14.27100", "2012-01-31": 14.376, "2011-10-31": 18.095, "2011-07-31": 16.256, "2011-04-30": "15.44800", "2011-01-31": 58.804, "2010-10-31": -28.029, "2010-07-31": 28.029, "2010-04-30": "", "2010-01-31": 0, "2009-10-31": 0, "2009-07-31": 0, "2009-04-30": "", "2009-01-31": 0, "2008-10-31": 0, "2008-07-31": 0, "2008-04-30": "", "2008-01-31": 0, "2007-10-31": 0, "2007-07-31": 0, "2007-04-30": "", "2007-01-31": 0, "2006-10-31": 0, "2006-07-31": 0, "2006-04-30": "", "2006-01-31": 0, "2005-10-31": 0, "2005-07-31": 0, "2005-04-30": "", "2005-01-31": 0}, "Common Stock Dividends Paid": {"2020-10-31": 0, "2020-07-31": 0, "2020-04-30": "-278.25000", "2020-01-31": -276.47, "2019-10-31": -277.644, "2019-07-31": -278.69, "2019-04-30": "-238.75800", "2019-01-31": -240.274, "2018-10-31": -241.448, "2018-07-31": -243.578, "2018-04-30": "-197.29600", "2018-01-31": -197.091, "2017-10-31": -197.493, "2017-07-31": -200.89, "2017-04-30": "-168.56600", "2017-01-31": -169.129, "2016-10-31": -170.351, "2016-07-31": -171.441, "2016-04-30": "-140.06700", "2016-01-31": -140.177, "2015-10-31": -141.212, "2015-07-31": -142.444, "2015-04-30": "-120.43800", "2015-01-31": -120.204, "2014-10-31": -121.429, "2014-07-31": -122.088, "2014-04-30": "-102.18100", "2014-01-31": -102.787, "2013-10-31": -103.704, "2013-07-31": -104.053, "2013-04-30": "-83.21100", "2013-01-31": -83.606, "2012-10-31": -84.603, "2012-07-31": -84.953, "2012-04-30": "-70.76000", "2012-01-31": -71.498, "2011-10-31": -71.896, "2011-07-31": -73.008, "2011-04-30": "-58.61400", "2011-01-31": -59.287, "2010-10-31": -59.917, "2010-07-31": -61.033, "2010-04-30": "-49.09200", "2010-01-31": -50.259, "2009-10-31": -50.802, "2009-07-31": -51.193, "2009-04-30": "-45.40800", "2009-01-31": -45.613, "2008-10-31": -46.03, "2008-07-31": -46.636, "2008-04-30": "-38.47000", "2008-01-31": -39.225, "2007-10-31": -39.721, "2007-07-31": -40.777, "2007-04-30": "-31.76900", "2007-01-31": -31.758, "2006-10-31": -31.492, "2006-07-31": -31.984, "2006-04-30": "-27.69300", "2006-01-31": -27.484, "2005-10-31": -27.91, "2005-07-31": -28.22, "2005-04-30": "-21.63700", "2005-01-31": -83.418}}, "financial ratios": {"Current Ratio": {"2020-01-31": "1.24340", "2019-01-31": "1.53110", "2018-01-31": "1.65560", "2017-01-31": "1.62910", "2016-01-31": "1.53840", "2015-01-31": "1.67380", "2014-01-31": "1.72490", "2013-01-31": "1.51880", "2012-01-31": "1.67550", "2011-01-31": "1.62760", "2010-01-31": "1.65940", "2009-01-31": "1.31010", "2008-01-31": "1.44600", "2007-01-31": "1.57320", "2006-01-31": "1.39450", "2005-01-31": "1.31800"}, "Long-term Debt / Capital": {"2020-01-31": "0.27330", "2019-01-31": "0.30670", "2018-01-31": "0.30230", "2017-01-31": "0.33060", "2016-01-31": "0.27270", "2015-01-31": "0.27580", "2014-01-31": "0.23150", "2013-01-31": "0.17440", "2012-01-31": "0.19650", "2011-01-31": "0.20260", "2010-01-31": "0.21480", "2009-01-31": "0.15240", "2008-01-31": "0.28590", "2007-01-31": "0.26080", "2006-01-31": "0.29900", "2005-01-31": "0.25520"}, "Debt/Equity Ratio": {"2020-01-31": "0.37600", "2019-01-31": "0.44240", "2018-01-31": "0.43330", "2017-01-31": "0.49390", "2016-01-31": "0.37500", "2015-01-31": "0.38080", "2014-01-31": "0.30120", "2013-01-31": "0.21130", "2012-01-31": "0.24540", "2011-01-31": "0.25490", "2010-01-31": "0.27430", "2009-01-31": "0.36490", "2008-01-31": "0.40140", "2007-01-31": "0.35360", "2006-01-31": "0.42740", "2005-01-31": "0.40090"}, "Gross Margin": {"2020-01-31": "28.45650", "2019-01-31": "28.58850", "2018-01-31": "28.89330", "2017-01-31": "28.98400", "2016-01-31": "28.79440", "2015-01-31": "28.55000", "2014-01-31": "28.50800", "2013-01-31": "28.42900", "2012-01-31": "27.32560", "2011-01-31": "26.89670", "2010-01-31": "26.22190", "2009-01-31": "24.05500", "2008-01-31": "24.28340", "2007-01-31": "24.16990", "2006-01-31": "23.44750", "2005-01-31": "23.57460"}, "Operating Margin": {"2020-01-31": "10.58610", "2019-01-31": "10.73070", "2018-01-31": "10.84120", "2017-01-31": "11.50670", "2016-01-31": "11.97190", "2015-01-31": "12.40270", "2014-01-31": "12.21820", "2013-01-31": "12.00430", "2012-01-31": "10.55160", "2011-01-31": "10.04110", "2010-01-31": "9.81380", "2009-01-31": "7.71200", "2008-01-31": "6.86320", "2007-01-31": "7.48230", "2006-01-31": "6.50540", "2005-01-31": "6.83380"}, "EBIT Margin": {"2020-01-31": "10.58610", "2019-01-31": "10.73070", "2018-01-31": "10.84120", "2017-01-31": "11.50670", "2016-01-31": "11.97190", "2015-01-31": "12.40270", "2014-01-31": "12.21820", "2013-01-31": "12.00430", "2012-01-31": "10.55160", "2011-01-31": "10.04110", "2010-01-31": "9.81380", "2009-01-31": "7.71200", "2008-01-31": "6.86320", "2007-01-31": "7.48230", "2006-01-31": "6.50540", "2005-01-31": "6.83380"}, "EBITDA Margin": {"2020-01-31": "12.66510", "2019-01-31": "12.83380", "2018-01-31": "13.14210", "2017-01-31": "13.49200", "2016-01-31": "13.96480", "2015-01-31": "14.73080", "2014-01-31": "14.21960", "2013-01-31": "13.97100", "2012-01-31": "12.64590", "2011-01-31": "12.12860", "2010-01-31": "12.23080", "2009-01-31": "10.09590", "2008-01-31": "9.19060", "2007-01-31": "9.95490", "2006-01-31": "9.04660", "2005-01-31": "9.38540"}, "Pre-Tax Profit Margin": {"2020-01-31": "10.56210", "2019-01-31": "10.70800", "2018-01-31": "10.75320", "2017-01-31": "11.21950", "2016-01-31": "11.82200", "2015-01-31": "12.20800", "2014-01-31": "12.10490", "2013-01-31": "11.89160", "2012-01-31": "10.39790", "2011-01-31": "9.86270", "2010-01-31": "9.61910", "2009-01-31": "7.63670", "2008-01-31": "6.87190", "2007-01-31": "7.39130", "2006-01-31": "6.31970", "2005-01-31": "6.66050"}, "Net Profit Margin": {"2020-01-31": "7.84380", "2019-01-31": "7.85110", "2018-01-31": "7.27160", "2017-01-31": "6.92580", "2016-01-31": "7.36040", "2015-01-31": "7.61780", "2014-01-31": "7.79430", "2013-01-31": "7.36790", "2012-01-31": "6.45100", "2011-01-31": "6.12130", "2010-01-31": "5.98160", "2009-01-31": "4.63490", "2008-01-31": "4.20880", "2007-01-31": "4.31500", "2006-01-31": "4.32710", "2005-01-31": "4.10270"}, "Asset Turnover": {"2020-01-31": "1.72780", "2019-01-31": "2.72040", "2018-01-31": "2.55120", "2017-01-31": "2.57560", "2016-01-31": "2.69310", "2015-01-31": "2.64620", "2014-01-31": "2.68820", "2013-01-31": "2.72060", "2012-01-31": "2.80040", "2011-01-31": "2.75250", "2010-01-31": "2.71820", "2009-01-31": "3.07520", "2008-01-31": "2.77830", "2007-01-31": "2.81050", "2006-01-31": "2.90300", "2005-01-31": "2.92800"}, "Inventory Turnover Ratio": {"2020-01-31": "6.12520", "2019-01-31": "6.07800", "2018-01-31": "6.09040", "2017-01-31": "6.46530", "2016-01-31": "5.96320", "2015-01-31": "6.45650", "2014-01-31": "6.60880", "2013-01-31": "6.14470", "2012-01-31": "5.71230", "2011-01-31": "5.80030", "2010-01-31": "5.91100", "2009-01-31": "5.50870", "2008-01-31": "5.07200", "2007-01-31": "5.02330", "2006-01-31": "5.16290", "2005-01-31": "4.82880"}, "Receiveable Turnover": {"2020-01-31": "108.00200", "2019-01-31": "112.54160", "2018-01-31": "109.62220", "2017-01-31": "128.20620", "2016-01-31": "129.98140", "2015-01-31": "128.49550", "2014-01-31": "130.52580", "2013-01-31": "116.15690", "2012-01-31": "113.51440", "2011-01-31": "109.63040", "2010-01-31": "136.96750", "2009-01-31": "132.40070", "2008-01-31": "127.97020", "2007-01-31": "148.41430", "2006-01-31": "113.36610", "2005-01-31": "124.24230"}, "Days Sales In Receivables": {"2020-01-31": "3.37960", "2019-01-31": "3.24320", "2018-01-31": "3.32960", "2017-01-31": "2.84700", "2016-01-31": "2.80810", "2015-01-31": "2.84060", "2014-01-31": "2.79640", "2013-01-31": "3.14230", "2012-01-31": "3.21550", "2011-01-31": "3.32940", "2010-01-31": "2.66490", "2009-01-31": "2.75680", "2008-01-31": "2.85220", "2007-01-31": "2.45930", "2006-01-31": "3.21970", "2005-01-31": "2.93780"}, "ROE - Return On Equity": {"2020-01-31": "55.01140", "2019-01-31": "60.60680", "2018-01-31": "50.65640", "2017-01-31": "50.95190", "2016-01-31": "52.88180", "2015-01-31": "51.94670", "2014-01-31": "50.53070", "2013-01-31": "52.01090", "2012-01-31": "46.61750", "2011-01-31": "43.21210", "2010-01-31": "42.00260", "2009-01-31": "42.86070", "2008-01-31": "36.71240", "2007-01-31": "34.37250", "2006-01-31": "36.44800", "2005-01-31": "34.93830"}, "Return On Tangible Equity": {"2020-01-31": "55.90940", "2019-01-31": "61.80090", "2018-01-31": "51.66050", "2017-01-31": "53.26490", "2016-01-31": "55.37480", "2015-01-31": "56.01740", "2014-01-31": "54.56430", "2013-01-31": "56.92170", "2012-01-31": "49.38640", "2011-01-31": "45.87490", "2010-01-31": "44.78980", "2009-01-31": "46.79650", "2008-01-31": "40.13050", "2007-01-31": "37.35590", "2006-01-31": "40.35940", "2005-01-31": "39.04660"}, "ROA - Return On Assets": {"2020-01-31": "13.55230", "2019-01-31": "21.35830", "2018-01-31": "18.55130", "2017-01-31": "17.83820", "2016-01-31": "19.82220", "2015-01-31": "20.15810", "2014-01-31": "20.95280", "2013-01-31": "20.04540", "2012-01-31": "18.06520", "2011-01-31": "16.80340", "2010-01-31": "16.25910", "2009-01-31": "14.80820", "2008-01-31": "11.85520", "2007-01-31": "12.93480", "2006-01-31": "12.55090", "2005-01-31": "12.02290"}, "ROI - Return On Investment": {"2020-01-31": "39.97870", "2019-01-31": "42.01740", "2018-01-31": "35.34320", "2017-01-31": "34.10750", "2016-01-31": "38.46050", "2015-01-31": "37.62050", "2014-01-31": "38.83270", "2013-01-31": "42.93870", "2012-01-31": "37.45930", "2011-01-31": "34.45810", "2010-01-31": "32.98250", "2009-01-31": "36.32900", "2008-01-31": "26.21470", "2007-01-31": "25.40780", "2006-01-31": "25.55130", "2005-01-31": "26.02100"}, "Book Value Per Share": {"2020-01-31": "4.96060", "2019-01-31": "4.14780", "2018-01-31": "4.09890", "2017-01-31": "3.48950", "2016-01-31": "3.24570", "2015-01-31": "3.11380", "2014-01-31": "2.99990", "2013-01-31": "2.53210", "2012-01-31": "2.14900", "2011-01-31": "1.98890", "2010-01-31": "1.76440", "2009-01-31": "1.29270", "2008-01-31": "1.24500", "2007-01-31": "1.26210", "2006-01-31": "1.02650", "2005-01-31": "0.90830"}, "Operating Cash Flow Per Share": {"2020-01-31": 0.0688, "2019-01-31": 0.9053, "2018-01-31": -0.3879, "2017-01-31": 0.5654, "2016-01-31": 0.0259, "2015-01-31": 0.348, "2014-01-31": -0.2538, "2013-01-31": 0.8057, "2012-01-31": 0.0223, "2011-01-31": -0.1124, "2010-01-31": 0.6755, "2009-01-31": -0.0816, "2008-01-31": 0.1027, "2007-01-31": 0.0426, "2006-01-31": 0.0608, "2005-01-31": 0.5282}, "Free Cash Flow Per Share": {"2020-01-31": -0.0349, "2019-01-31": 0.8302, "2018-01-31": -0.4351, "2017-01-31": 0.4451, "2016-01-31": 0.0228, "2015-01-31": 0.3518, "2014-01-31": -0.2511, "2013-01-31": 0.6705, "2012-01-31": -0.0618, "2011-01-31": -0.2965, "2010-01-31": 0.7542, "2009-01-31": -0.1297, "2008-01-31": 0.0181, "2007-01-31": 0.093, "2006-01-31": 0.024, "2005-01-31": 0.3177}}, "financial ratios, quarterly": {"Current Ratio": {"2020-10-31": "1.40930", "2020-07-31": "1.50620", "2020-04-30": "2.20500", "2020-01-31": "1.24340", "2019-10-31": "1.21950", "2019-07-31": "1.25270", "2019-04-30": "1.22580", "2019-01-31": "1.53110", "2018-10-31": "1.54930", "2018-07-31": "1.64270", "2018-04-30": "1.69230", "2018-01-31": "1.65560", "2017-10-31": "1.53440", "2017-07-31": "1.62520", "2017-04-30": "1.63910", "2017-01-31": "1.62910", "2016-10-31": "1.62270", "2016-07-31": "1.57870", "2016-04-30": "1.60070", "2016-01-31": "1.53840", "2015-10-31": "1.52790", "2015-07-31": "1.60270", "2015-04-30": "1.62560", "2015-01-31": "1.67380", "2014-10-31": "1.62990", "2014-07-31": "1.72390", "2014-04-30": "1.68290", "2014-01-31": "1.72490", "2013-10-31": "1.63800", "2013-07-31": "1.72830", "2013-04-30": "1.70810", "2013-01-31": "1.51880", "2012-10-31": "1.58230", "2012-07-31": "1.65580", "2012-04-30": "1.66000", "2012-01-31": "1.67550", "2011-10-31": "1.60320", "2011-07-31": "1.57580", "2011-04-30": "1.61470", "2011-01-31": "1.62760", "2010-10-31": "1.63990", "2010-07-31": "1.66370", "2010-04-30": "1.69350", "2010-01-31": "1.65940", "2009-10-31": "1.64220", "2009-07-31": "1.61380", "2009-04-30": "1.32410", "2009-01-31": "1.31010", "2008-10-31": "1.32190", "2008-07-31": "1.39610", "2008-04-30": "1.43560", "2008-01-31": "1.44600", "2007-10-31": "1.36830", "2007-07-31": "1.43650", "2007-04-30": "1.61450", "2007-01-31": "1.57320", "2006-10-31": "1.44190", "2006-07-31": "1.32960", "2006-04-30": "1.39510", "2006-01-31": "1.39450", "2005-10-31": "1.16940", "2005-07-31": "1.18800", "2005-04-30": "1.23100", "2005-01-31": "1.31800"}, "Long-term Debt / Capital": {"2020-10-31": "0.49460", "2020-07-31": "0.53880", "2020-04-30": "0.60280", "2020-01-31": "0.27330", "2019-10-31": "0.28740", "2019-07-31": "0.29650", "2019-04-30": "0.30330", "2019-01-31": "0.30670", "2018-10-31": "0.29810", "2018-07-31": "0.29920", "2018-04-30": "0.29780", "2018-01-31": "0.30230", "2017-10-31": "0.32430", "2017-07-31": "0.32930", "2017-04-30": "0.32860", "2017-01-31": "0.33060", "2016-10-31": "0.33960", "2016-07-31": "0.26630", "2016-04-30": "0.26270", "2016-01-31": "0.27270", "2015-10-31": "0.27070", "2015-07-31": "0.27400", "2015-04-30": "0.27330", "2015-01-31": "0.27580", "2014-10-31": "0.27070", "2014-07-31": "0.27530", "2014-04-30": "0.22930", "2014-01-31": "0.23150", "2013-10-31": "0.23600", "2013-07-31": "0.24870", "2013-04-30": "0.25300", "2013-01-31": "0.17440", "2012-10-31": "0.18260", "2012-07-31": "0.18600", "2012-04-30": "0.19050", "2012-01-31": "0.19650", "2011-10-31": "0.19790", "2011-07-31": "0.20200", "2011-04-30": "0.20120", "2011-01-31": "0.20260", "2010-10-31": "0.20220", "2010-07-31": "0.20970", "2010-04-30": "0.20620", "2010-01-31": "0.21480", "2009-10-31": "0.21190", "2009-07-31": "0.21840", "2009-04-30": "0.14370", "2009-01-31": "0.15240", "2008-10-31": "0.26520", "2008-07-31": "0.28730", "2008-04-30": "0.28510", "2008-01-31": "0.28590", "2007-10-31": "0.28660", "2007-07-31": "0.27900", "2007-04-30": "0.25350", "2007-01-31": "0.26080", "2006-10-31": "0.27330", "2006-07-31": "0.30230", "2006-04-30": "0.29660", "2006-01-31": "0.29900", "2005-10-31": "0.26830", "2005-07-31": "0.27120", "2005-04-30": "0.26920", "2005-01-31": "0.25520"}, "Debt/Equity Ratio": {"2020-10-31": "1.11320", "2020-07-31": "1.32910", "2020-04-30": "1.51760", "2020-01-31": "0.37600", "2019-10-31": "0.40340", "2019-07-31": "0.42150", "2019-04-30": "0.43540", "2019-01-31": "0.44240", "2018-10-31": "0.42480", "2018-07-31": "0.42700", "2018-04-30": "0.42400", "2018-01-31": "0.43330", "2017-10-31": "0.48000", "2017-07-31": "0.49090", "2017-04-30": "0.48940", "2017-01-31": "0.49390", "2016-10-31": "0.51430", "2016-07-31": "0.36300", "2016-04-30": "0.35620", "2016-01-31": "0.37500", "2015-10-31": "0.37110", "2015-07-31": "0.37750", "2015-04-30": "0.37610", "2015-01-31": "0.38080", "2014-10-31": "0.37130", "2014-07-31": "0.37990", "2014-04-30": "0.29750", "2014-01-31": "0.30120", "2013-10-31": "0.30900", "2013-07-31": "0.33090", "2013-04-30": "0.33860", "2013-01-31": "0.21130", "2012-10-31": "0.22340", "2012-07-31": "0.23190", "2012-04-30": "0.23620", "2012-01-31": "0.24540", "2011-10-31": "0.24760", "2011-07-31": "0.25410", "2011-04-30": "0.25280", "2011-01-31": "0.25490", "2010-10-31": "0.25430", "2010-07-31": "0.26610", "2010-04-30": "0.26060", "2010-01-31": "0.27430", "2009-10-31": "0.33780", "2009-07-31": "0.42820", "2009-04-30": "0.48660", "2009-01-31": "0.36490", "2008-10-31": "0.41170", "2008-07-31": "0.40410", "2008-04-30": "0.39970", "2008-01-31": "0.40140", "2007-10-31": "0.40260", "2007-07-31": "0.38790", "2007-04-30": "0.34040", "2007-01-31": "0.35360", "2006-10-31": "0.37690", "2006-07-31": "0.50950", "2006-04-30": "0.42260", "2006-01-31": "0.42740", "2005-10-31": "0.64210", "2005-07-31": "0.63010", "2005-04-30": "0.45220", "2005-01-31": "0.40090"}, "Gross Margin": {"2020-10-31": "30.19590", "2020-07-31": "22.39320", "2020-04-30": "-0.12650", "2020-01-31": "28.38380", "2019-10-31": "28.81260", "2019-07-31": "28.17070", "2019-04-30": "28.45250", "2019-01-31": "27.80270", "2018-10-31": "28.92680", "2018-07-31": "28.88510", "2018-04-30": "28.89360", "2018-01-31": "28.38610", "2017-10-31": "29.81210", "2017-07-31": "28.53690", "2017-04-30": "28.95610", "2017-01-31": "28.31610", "2016-10-31": "29.52130", "2016-07-31": "29.42240", "2016-04-30": "28.77370", "2016-01-31": "28.71970", "2015-10-31": "28.97530", "2015-07-31": "29.12300", "2015-04-30": "28.33530", "2015-01-31": "28.23860", "2014-10-31": "29.35670", "2014-07-31": "28.64390", "2014-04-30": "27.93290", "2014-01-31": "27.64180", "2013-10-31": "29.32470", "2013-07-31": "28.80410", "2013-04-30": "28.37140", "2013-01-31": "28.60360", "2012-10-31": "28.77660", "2012-07-31": "28.09640", "2012-04-30": "28.15340", "2012-01-31": "27.20500", "2011-10-31": "28.07710", "2011-07-31": "27.28900", "2011-04-30": "26.68500", "2011-01-31": "26.30490", "2010-10-31": "27.49700", "2010-07-31": "26.61500", "2010-04-30": "27.26710", "2010-01-31": "26.64440", "2009-10-31": "27.50780", "2009-07-31": "25.55490", "2009-04-30": "24.82370", "2009-01-31": "22.53180", "2008-10-31": "25.71740", "2008-07-31": "24.30510", "2008-04-30": "23.85500", "2008-01-31": "23.74520", "2007-10-31": "25.28830", "2007-07-31": "24.00950", "2007-04-30": "24.11990", "2007-01-31": "23.29810", "2006-10-31": "25.46100", "2006-07-31": "23.44640", "2006-04-30": "24.49870", "2006-01-31": "23.15200", "2005-10-31": "23.99600", "2005-07-31": "23.02730", "2005-04-30": "23.63370", "2005-01-31": "21.59870"}, "Operating Margin": {"2020-10-31": "10.56490", "2020-07-31": "-0.52020", "2020-04-30": "-29.92810", "2020-01-31": "10.89040", "2019-10-31": "10.76780", "2019-07-31": "10.47070", "2019-04-30": "10.10280", "2019-01-31": "10.57820", "2018-10-31": "10.68320", "2018-07-31": "10.66950", "2018-04-30": "11.04540", "2018-01-31": "10.18610", "2017-10-31": "11.73200", "2017-07-31": "10.78500", "2017-04-30": "10.82150", "2017-01-31": "11.65310", "2016-10-31": "11.50630", "2016-07-31": "11.74620", "2016-04-30": "11.07300", "2016-01-31": "12.01470", "2015-10-31": "12.30670", "2015-07-31": "12.18140", "2015-04-30": "11.31340", "2015-01-31": "12.50770", "2014-10-31": "13.15680", "2014-07-31": "12.41250", "2014-04-30": "11.40200", "2014-01-31": "12.07990", "2013-10-31": "12.72930", "2013-07-31": "12.12840", "2013-04-30": "11.90970", "2013-01-31": "12.55550", "2012-10-31": "11.76990", "2012-07-31": "11.63850", "2012-04-30": "11.90450", "2012-01-31": "11.44080", "2011-10-31": "11.60520", "2011-07-31": "10.39720", "2011-04-30": "8.40110", "2011-01-31": "8.58330", "2010-10-31": "10.97810", "2010-07-31": "9.99630", "2010-04-30": "10.89400", "2010-01-31": "10.84240", "2009-10-31": "11.03290", "2009-07-31": "8.89620", "2009-04-30": "7.94220", "2009-01-31": "7.49600", "2008-10-31": "8.89850", "2008-07-31": "7.46570", "2008-04-30": "6.92980", "2008-01-31": "9.50990", "2007-10-31": "8.72290", "2007-07-31": "2.10120", "2007-04-30": "6.36760", "2007-01-31": "8.27640", "2006-10-31": "8.55160", "2006-07-31": "5.95590", "2006-04-30": "6.82570", "2006-01-31": "7.73430", "2005-10-31": "6.61650", "2005-07-31": "5.14990", "2005-04-30": "6.18360", "2005-01-31": "4.67810"}, "EBIT Margin": {"2020-10-31": "10.56490", "2020-07-31": "-0.52020", "2020-04-30": "-29.92810", "2020-01-31": "10.89040", "2019-10-31": "10.76780", "2019-07-31": "10.47070", "2019-04-30": "10.10280", "2019-01-31": "10.57820", "2018-10-31": "10.68320", "2018-07-31": "10.66950", "2018-04-30": "11.04540", "2018-01-31": "10.18610", "2017-10-31": "11.73200", "2017-07-31": "10.78500", "2017-04-30": "10.82150", "2017-01-31": "11.65310", "2016-10-31": "11.50630", "2016-07-31": "11.74620", "2016-04-30": "11.07300", "2016-01-31": "12.01470", "2015-10-31": "12.30670", "2015-07-31": "12.18140", "2015-04-30": "11.31340", "2015-01-31": "12.50770", "2014-10-31": "13.15680", "2014-07-31": "12.41250", "2014-04-30": "11.40200", "2014-01-31": "12.07990", "2013-10-31": "12.72930", "2013-07-31": "12.12840", "2013-04-30": "11.90970", "2013-01-31": "12.55550", "2012-10-31": "11.76990", "2012-07-31": "11.63850", "2012-04-30": "11.90450", "2012-01-31": "11.44080", "2011-10-31": "11.60520", "2011-07-31": "10.39720", "2011-04-30": "8.40110", "2011-01-31": "8.58330", "2010-10-31": "10.97810", "2010-07-31": "9.99630", "2010-04-30": "10.89400", "2010-01-31": "10.84240", "2009-10-31": "11.03290", "2009-07-31": "8.89620", "2009-04-30": "7.94220", "2009-01-31": "7.49590", "2008-10-31": "8.89850", "2008-07-31": "7.46570", "2008-04-30": "6.92980", "2008-01-31": "9.50990", "2007-10-31": "8.72290", "2007-07-31": "2.10120", "2007-04-30": "6.36760", "2007-01-31": "8.27640", "2006-10-31": "8.55160", "2006-07-31": "5.95590", "2006-04-30": "6.82570", "2006-01-31": "7.73430", "2005-10-31": "6.61650", "2005-07-31": "5.14990", "2005-04-30": "6.18360", "2005-01-31": "4.67810"}, "EBITDA Margin": {"2020-10-31": "", "2020-07-31": "", "2020-04-30": "", "2020-01-31": "", "2019-10-31": "", "2019-07-31": "", "2019-04-30": "", "2019-01-31": "", "2018-10-31": "", "2018-07-31": "", "2018-04-30": "", "2018-01-31": "", "2017-10-31": "", "2017-07-31": "", "2017-04-30": "", "2017-01-31": "", "2016-10-31": "", "2016-07-31": "", "2016-04-30": "", "2016-01-31": "", "2015-10-31": "", "2015-07-31": "", "2015-04-30": "", "2015-01-31": "", "2014-10-31": "", "2014-07-31": "", "2014-04-30": "", "2014-01-31": "", "2013-10-31": "", "2013-07-31": "", "2013-04-30": "", "2013-01-31": "", "2012-10-31": "", "2012-07-31": "", "2012-04-30": "", "2012-01-31": "", "2011-10-31": "", "2011-07-31": "", "2011-04-30": "", "2011-01-31": "", "2010-10-31": "", "2010-07-31": "", "2010-04-30": "", "2010-01-31": "", "2009-10-31": "", "2009-07-31": "", "2009-04-30": "", "2009-01-31": "", "2008-10-31": "", "2008-07-31": "", "2008-04-30": "", "2008-01-31": "", "2007-10-31": "", "2007-07-31": "", "2007-04-30": "", "2007-01-31": "", "2006-10-31": "", "2006-07-31": "", "2006-04-30": "", "2006-01-31": "", "2005-10-31": "", "2005-07-31": "", "2005-04-30": "", "2005-01-31": ""}, "Pre-Tax Profit Margin": {"2020-10-31": "10.04210", "2020-07-31": "-1.38010", "2020-04-30": "-30.45780", "2020-01-31": "10.86540", "2019-10-31": "10.73660", "2019-07-31": "10.44110", "2019-04-30": "10.09400", "2019-01-31": "10.59170", "2018-10-31": "10.65080", "2018-07-31": "10.63710", "2018-04-30": "10.99770", "2018-01-31": "10.14880", "2017-10-31": "11.64090", "2017-07-31": "10.66920", "2017-04-30": "10.69510", "2017-01-31": "11.55150", "2016-10-31": "10.73160", "2016-07-31": "11.60340", "2016-04-30": "10.93780", "2016-01-31": "11.89240", "2015-10-31": "12.13890", "2015-07-31": "12.03460", "2015-04-30": "11.14410", "2015-01-31": "12.39930", "2014-10-31": "13.02050", "2014-07-31": "12.00800", "2014-04-30": "11.25420", "2014-01-31": "11.98380", "2013-10-31": "12.59510", "2013-07-31": "11.99000", "2013-04-30": "11.82440", "2013-01-31": "12.48980", "2012-10-31": "11.67490", "2012-07-31": "11.48400", "2012-04-30": "11.75220", "2012-01-31": "11.30560", "2011-10-31": "11.45760", "2011-07-31": "10.23060", "2011-04-30": "8.23030", "2011-01-31": "8.43890", "2010-10-31": "10.80590", "2010-07-31": "9.79360", "2010-04-30": "10.69070", "2010-01-31": "10.65740", "2009-10-31": "10.79140", "2009-07-31": "8.70140", "2009-04-30": "7.79060", "2009-01-31": "7.41180", "2008-10-31": "8.78410", "2008-07-31": "7.40770", "2008-04-30": "6.89090", "2008-01-31": "9.53220", "2007-10-31": "8.65730", "2007-07-31": "2.13370", "2007-04-30": "6.41810", "2007-01-31": "8.28460", "2006-10-31": "8.40000", "2006-07-31": "5.81930", "2006-04-30": "6.72860", "2006-01-31": "7.61380", "2005-10-31": "6.36620", "2005-07-31": "4.93290", "2005-04-30": "6.01840", "2005-01-31": "4.55990"}, "Net Profit Margin": {"2020-10-31": "8.56610", "2020-07-31": "-3.21290", "2020-04-30": "-20.12950", "2020-01-31": "8.06780", "2019-10-31": "7.92500", "2019-07-31": "7.75910", "2019-04-30": "7.54700", "2019-01-31": "7.56280", "2018-10-31": "7.75770", "2018-07-31": "7.92640", "2018-04-30": "8.24500", "2018-01-31": "8.00380", "2017-10-31": "7.32050", "2017-07-31": "6.61610", "2017-04-30": "6.88950", "2017-01-31": "7.16050", "2016-10-31": "6.63060", "2016-07-31": "7.13230", "2016-04-30": "6.73990", "2016-01-31": "7.43650", "2015-10-31": "7.57410", "2015-07-31": "7.46000", "2015-04-30": "6.91270", "2015-01-31": "7.80630", "2014-10-31": "8.07700", "2014-07-31": "7.48310", "2014-04-30": "6.99900", "2014-01-31": "7.45690", "2013-10-31": "8.91820", "2013-07-31": "7.44380", "2013-04-30": "7.31690", "2013-01-31": "7.83090", "2012-10-31": "7.19950", "2012-07-31": "7.08250", "2012-04-30": "7.23000", "2012-01-31": "7.08390", "2011-10-31": "7.01670", "2011-07-31": "6.37020", "2011-04-30": "5.09460", "2011-01-31": "5.28160", "2010-10-31": "6.73760", "2010-07-31": "6.01770", "2010-04-30": "6.60680", "2010-01-31": "6.64780", "2009-10-31": "6.63110", "2009-07-31": "5.50940", "2009-04-30": "4.80490", "2009-01-31": "4.65980", "2008-10-31": "4.95320", "2008-07-31": "4.39630", "2008-04-30": "4.50440", "2008-01-31": "5.72890", "2007-10-31": "5.35470", "2007-07-31": "1.36860", "2007-04-30": "3.94610", "2007-01-31": "4.28390", "2006-10-31": "5.15570", "2006-07-31": "3.48560", "2006-04-30": "4.23140", "2006-01-31": "6.25670", "2005-10-31": "3.84290", "2005-07-31": "3.03780", "2005-04-30": "3.71270", "2005-01-31": "2.86430"}, "Asset Turnover": {"2020-10-31": "0.32050", "2020-07-31": "0.25100", "2020-04-30": "0.17350", "2020-01-31": "0.50550", "2019-10-31": "0.43030", "2019-07-31": "0.42800", "2019-04-30": "0.41250", "2019-01-31": "0.77670", "2018-10-31": "0.65400", "2018-07-31": "0.66120", "2018-04-30": "0.62030", "2018-01-31": "0.77970", "2017-10-31": "0.63140", "2017-07-31": "0.64610", "2017-04-30": "0.60990", "2017-01-31": "0.73480", "2016-10-31": "0.64440", "2016-07-31": "0.67540", "2016-04-30": "0.64440", "2016-01-31": "0.78000", "2015-10-31": "0.65380", "2015-07-31": "0.65740", "2015-04-30": "0.61270", "2015-01-31": "0.75570", "2014-10-31": "0.63540", "2014-07-31": "0.63330", "2014-04-30": "0.62240", "2014-01-31": "0.76550", "2013-10-31": "0.65440", "2013-07-31": "0.64900", "2013-04-30": "0.62900", "2013-01-31": "0.81200", "2012-10-31": "0.69900", "2012-07-31": "0.68840", "2012-04-30": "0.68190", "2012-01-31": "0.81020", "2011-10-31": "0.67910", "2011-07-31": "0.67530", "2011-04-30": "0.65380", "2011-01-31": "0.79430", "2010-10-31": "0.67540", "2010-07-31": "0.65930", "2010-04-30": "0.64690", "2010-01-31": "0.79610", "2009-10-31": "0.65700", "2009-07-31": "0.60590", "2009-04-30": "0.62750", "2009-01-31": "0.87080", "2008-10-31": "0.70140", "2008-07-31": "0.67050", "2008-04-30": "0.64750", "2008-01-31": "0.79650", "2007-10-31": "0.67110", "2007-07-31": "0.65160", "2007-04-30": "0.63320", "2007-01-31": "0.78810", "2006-10-31": "0.70930", "2006-07-31": "0.66100", "2006-04-30": "0.68890", "2006-01-31": "0.83950", "2005-10-31": "0.69610", "2005-07-31": "0.65230", "2005-04-30": "0.70530", "2005-01-31": "0.84260"}, "Inventory Turnover Ratio": {"2020-10-31": "1.41320", "2020-07-31": "1.38210", "2020-04-30": "0.89260", "2020-01-31": "1.79410", "2019-10-31": "1.18570", "2019-07-31": "1.38120", "2019-04-30": "1.31260", "2019-01-31": "1.75440", "2018-10-31": "1.25980", "2018-07-31": "1.47510", "2018-04-30": "1.41380", "2018-01-31": "1.87460", "2017-10-31": "1.30140", "2017-07-31": "1.54550", "2017-04-30": "1.48020", "2017-01-31": "1.86200", "2016-10-31": "1.33290", "2016-07-31": "1.43720", "2016-04-30": "1.37570", "2016-01-31": "1.72880", "2015-10-31": "1.23970", "2015-07-31": "1.39190", "2015-04-30": "1.39320", "2015-01-31": "1.85180", "2014-10-31": "1.31450", "2014-07-31": "1.45680", "2014-04-30": "1.45800", "2014-01-31": "1.90470", "2013-10-31": "1.34700", "2013-07-31": "1.43850", "2013-04-30": "1.43410", "2013-01-31": "1.82950", "2012-10-31": "1.38490", "2012-07-31": "1.42140", "2012-04-30": "1.43160", "2012-01-31": "1.65540", "2011-10-31": "1.12430", "2011-07-31": "1.18050", "2011-04-30": "1.26950", "2011-01-31": "1.68730", "2010-10-31": "1.22410", "2010-07-31": "1.28930", "2010-04-30": "1.39520", "2010-01-31": "1.72120", "2009-10-31": "1.16360", "2009-07-31": "1.14000", "2009-04-30": "1.16170", "2009-01-31": "1.59120", "2008-10-31": "1.07860", "2008-07-31": "1.11040", "2008-04-30": "1.13010", "2008-01-31": "1.46430", "2007-10-31": "1.03450", "2007-07-31": "1.07460", "2007-04-30": "1.10180", "2007-01-31": "1.42480", "2006-10-31": "1.02700", "2006-07-31": "1.03790", "2006-04-30": "1.14380", "2006-01-31": "1.49880", "2005-10-31": "1.05440", "2005-07-31": "0.99760", "2005-04-30": "1.13350", "2005-01-31": "1.42550"}, "Receiveable Turnover": {"2020-10-31": "15.57990", "2020-07-31": "8.89180", "2020-04-30": "6.74030", "2020-01-31": "28.17550", "2019-10-31": "16.71450", "2019-07-31": "17.58700", "2019-04-30": "21.48660", "2019-01-31": "32.13230", "2018-10-31": "23.40640", "2018-07-31": "26.19780", "2018-04-30": "23.59050", "2018-01-31": "33.50200", "2017-10-31": "23.96650", "2017-07-31": "25.80840", "2017-04-30": "24.53790", "2017-01-31": "36.57850", "2016-10-31": "25.76330", "2016-07-31": "26.03570", "2016-04-30": "25.64190", "2016-01-31": "37.64440", "2015-10-31": "26.76070", "2015-07-31": "26.70970", "2015-04-30": "24.77900", "2015-01-31": "36.69460", "2014-10-31": "28.22900", "2014-07-31": "28.51880", "2014-04-30": "25.37850", "2014-01-31": "37.16810", "2013-10-31": "27.82890", "2013-07-31": "29.12960", "2013-04-30": "23.99210", "2013-01-31": "34.66890", "2012-10-31": "26.90820", "2012-07-31": "29.41310", "2012-04-30": "24.89690", "2012-01-31": "32.84200", "2011-10-31": "24.54980", "2011-07-31": "25.07430", "2011-04-30": "22.58700", "2011-01-31": "31.63540", "2010-10-31": "24.09690", "2010-07-31": "29.60280", "2010-04-30": "29.85270", "2010-01-31": "40.11280", "2009-10-31": "32.06840", "2009-07-31": "32.65440", "2009-04-30": "28.94980", "2009-01-31": "37.49150", "2008-10-31": "28.58870", "2008-07-31": "32.11260", "2008-04-30": "24.90890", "2008-01-31": "36.68550", "2007-10-31": "24.20330", "2007-07-31": "29.24230", "2007-04-30": "26.46400", "2007-01-31": "41.61700", "2006-10-31": "27.68420", "2006-07-31": "33.17370", "2006-04-30": "25.16010", "2006-01-31": "32.78460", "2005-10-31": "23.29420", "2005-07-31": "30.16460", "2005-04-30": "27.62140", "2005-01-31": "35.75240"}, "Days Sales In Receivables": {"2020-10-31": "5.77670", "2020-07-31": "10.12160", "2020-04-30": "13.35250", "2020-01-31": "3.19430", "2019-10-31": "5.38450", "2019-07-31": "5.11740", "2019-04-30": "4.18870", "2019-01-31": "2.80090", "2018-10-31": "3.84510", "2018-07-31": "3.43540", "2018-04-30": "3.81510", "2018-01-31": "2.68640", "2017-10-31": "3.75520", "2017-07-31": "3.48720", "2017-04-30": "3.66780", "2017-01-31": "2.46050", "2016-10-31": "3.49330", "2016-07-31": "3.45680", "2016-04-30": "3.50990", "2016-01-31": "2.39080", "2015-10-31": "3.36310", "2015-07-31": "3.36960", "2015-04-30": "3.63210", "2015-01-31": "2.45270", "2014-10-31": "3.18820", "2014-07-31": "3.15580", "2014-04-30": "3.54630", "2014-01-31": "2.42140", "2013-10-31": "3.23410", "2013-07-31": "3.08960", "2013-04-30": "3.75120", "2013-01-31": "2.59600", "2012-10-31": "3.34470", "2012-07-31": "3.05990", "2012-04-30": "3.61490", "2012-01-31": "2.74040", "2011-10-31": "3.66600", "2011-07-31": "3.58930", "2011-04-30": "3.98460", "2011-01-31": "2.84490", "2010-10-31": "3.73490", "2010-07-31": "3.04030", "2010-04-30": "3.01480", "2010-01-31": "2.24370", "2009-10-31": "2.80650", "2009-07-31": "2.75610", "2009-04-30": "3.10880", "2009-01-31": "2.40050", "2008-10-31": "3.14810", "2008-07-31": "2.80260", "2008-04-30": "3.61320", "2008-01-31": "2.45330", "2007-10-31": "3.71850", "2007-07-31": "3.07770", "2007-04-30": "3.40090", "2007-01-31": "2.16260", "2006-10-31": "3.25090", "2006-07-31": "2.71300", "2006-04-30": "3.57710", "2006-01-31": "2.74520", "2005-10-31": "3.86360", "2005-07-31": "2.98360", "2005-04-30": "3.25830", "2005-01-31": "2.51730"}, "ROE - Return On Equity": {"2020-10-31": "15.56840", "2020-07-31": "-4.59640", "2020-04-30": "-18.72650", "2020-01-31": "16.55610", "2019-10-31": "14.94380", "2019-07-31": "14.31300", "2019-04-30": "13.64370", "2019-01-31": "16.66870", "2018-10-31": "14.50010", "2018-07-31": "14.14990", "2018-04-30": "13.61320", "2018-01-31": "17.04010", "2017-10-31": "13.80740", "2017-07-31": "12.17750", "2017-04-30": "11.77720", "2017-01-31": "15.02970", "2016-10-31": "12.69770", "2016-07-31": "12.62930", "2016-04-30": "11.20950", "2016-01-31": "15.47380", "2015-10-31": "13.49870", "2015-07-31": "12.84670", "2015-04-30": "11.06220", "2015-01-31": "15.20160", "2014-10-31": "13.60270", "2014-07-31": "12.10920", "2014-04-30": "10.60620", "2014-01-31": "13.76610", "2013-10-31": "15.09920", "2013-07-31": "12.45560", "2013-04-30": "12.03640", "2013-01-31": "16.49900", "2012-10-31": "13.31500", "2012-07-31": "12.42150", "2012-04-30": "12.58170", "2012-01-31": "14.81060", "2011-10-31": "12.76930", "2011-07-31": "11.21870", "2011-04-30": "8.51480", "2011-01-31": "10.67140", "2010-10-31": "11.97400", "2010-07-31": "10.25610", "2010-04-30": "10.90470", "2010-01-31": "13.67120", "2009-10-31": "11.82790", "2009-07-31": "9.23620", "2009-04-30": "8.95810", "2009-01-31": "11.74460", "2008-10-31": "11.95050", "2008-07-31": "10.03390", "2008-04-30": "9.26080", "2008-01-31": "14.54700", "2007-10-31": "11.73240", "2007-07-31": "2.74020", "2007-04-30": "6.69870", "2007-01-31": "11.07660", "2006-10-31": "10.61790", "2006-07-31": "7.40520", "2006-04-30": "8.49540", "2006-01-31": "15.22280", "2005-10-31": "9.48030", "2005-07-31": "6.86970", "2005-04-30": "8.33300", "2005-01-31": "7.04290"}, "Return On Tangible Equity": {"2020-10-31": "15.84370", "2020-07-31": "-4.69430", "2020-04-30": "-19.10740", "2020-01-31": "16.82640", "2019-10-31": "15.20800", "2019-07-31": "14.57670", "2019-04-30": "13.90560", "2019-01-31": "16.99710", "2018-10-31": "14.77370", "2018-07-31": "14.42060", "2018-04-30": "13.87320", "2018-01-31": "17.37790", "2017-10-31": "14.41680", "2017-07-31": "12.73130", "2017-04-30": "12.30580", "2017-01-31": "15.71200", "2016-10-31": "13.29980", "2016-07-31": "13.21110", "2016-04-30": "11.71720", "2016-01-31": "16.20330", "2015-10-31": "14.65060", "2015-07-31": "13.84580", "2015-04-30": "11.92170", "2015-01-31": "16.39280", "2014-10-31": "14.64300", "2014-07-31": "13.06070", "2014-04-30": "11.43970", "2014-01-31": "14.86500", "2013-10-31": "16.34130", "2013-07-31": "13.56210", "2013-04-30": "13.12830", "2013-01-31": "18.05680", "2012-10-31": "14.04410", "2012-07-31": "13.11780", "2012-04-30": "13.30020", "2012-01-31": "15.69030", "2011-10-31": "13.53440", "2011-07-31": "11.90920", "2011-04-30": "9.03570", "2011-01-31": "11.32900", "2010-10-31": "12.70930", "2010-07-31": "10.91640", "2010-04-30": "11.59070", "2010-01-31": "14.57840", "2009-10-31": "12.59800", "2009-07-31": "9.86230", "2009-04-30": "9.70430", "2009-01-31": "12.82310", "2008-10-31": "13.05210", "2008-07-31": "10.96780", "2008-04-30": "10.11960", "2008-01-31": "15.90130", "2007-10-31": "12.82830", "2007-07-31": "2.99440", "2007-04-30": "7.24630", "2007-01-31": "12.03800", "2006-10-31": "11.59460", "2006-07-31": "8.20730", "2006-04-30": "9.38780", "2006-01-31": "16.85640", "2005-10-31": "10.67600", "2005-07-31": "7.75170", "2005-04-30": "9.39300", "2005-01-31": "7.87100"}, "ROA - Return On Assets": {"2020-10-31": "2.74560", "2020-07-31": "-0.80630", "2020-04-30": "-3.49200", "2020-01-31": "4.07870", "2019-10-31": "3.41010", "2019-07-31": "3.32080", "2019-04-30": "3.11340", "2019-01-31": "5.87420", "2018-10-31": "5.07310", "2018-07-31": "5.24130", "2018-04-30": "5.11440", "2018-01-31": "6.24040", "2017-10-31": "4.62210", "2017-07-31": "4.27470", "2017-04-30": "4.20170", "2017-01-31": "5.26190", "2016-10-31": "4.27290", "2016-07-31": "4.81700", "2016-04-30": "4.34310", "2016-01-31": "5.80020", "2015-10-31": "4.95180", "2015-07-31": "4.90450", "2015-04-30": "4.23530", "2015-01-31": "5.89900", "2014-10-31": "5.13250", "2014-07-31": "4.73930", "2014-04-30": "4.35590", "2014-01-31": "5.70820", "2013-10-31": "5.83600", "2013-07-31": "4.83130", "2013-04-30": "4.60240", "2013-01-31": "6.35880", "2012-10-31": "5.03210", "2012-07-31": "4.87560", "2012-04-30": "4.93000", "2012-01-31": "5.73940", "2011-10-31": "4.76480", "2011-07-31": "4.30200", "2011-04-30": "3.33090", "2011-01-31": "4.14970", "2010-10-31": "4.55030", "2010-07-31": "3.96770", "2010-04-30": "4.27410", "2010-01-31": "5.29210", "2009-10-31": "4.35670", "2009-07-31": "3.33790", "2009-04-30": "3.01510", "2009-01-31": "4.05770", "2008-10-31": "3.74340", "2008-07-31": "3.12210", "2008-04-30": "2.97890", "2008-01-31": "4.69750", "2007-10-31": "3.61930", "2007-07-31": "0.89170", "2007-04-30": "2.49870", "2007-01-31": "4.16820", "2006-10-31": "3.66050", "2006-07-31": "2.31510", "2006-04-30": "2.91590", "2006-01-31": "5.24200", "2005-10-31": "2.67520", "2005-07-31": "1.98150", "2005-04-30": "2.61860", "2005-01-31": "2.42360"}, "ROI - Return On Investment": {"2020-10-31": "7.86870", "2020-07-31": "-2.11980", "2020-04-30": "-7.43810", "2020-01-31": "12.03190", "2019-10-31": "10.64820", "2019-07-31": "10.06880", "2019-04-30": "9.50520", "2019-01-31": "11.55610", "2018-10-31": "10.17730", "2018-07-31": "9.91560", "2018-04-30": "9.55970", "2018-01-31": "11.88900", "2017-10-31": "9.32940", "2017-07-31": "8.16790", "2017-04-30": "7.90750", "2017-01-31": "10.06100", "2016-10-31": "8.38510", "2016-07-31": "9.26560", "2016-04-30": "8.26520", "2016-01-31": "11.25390", "2015-10-31": "9.84500", "2015-07-31": "9.32640", "2015-04-30": "8.03880", "2015-01-31": "11.00920", "2014-10-31": "9.91990", "2014-07-31": "8.77560", "2014-04-30": "8.17450", "2014-01-31": "10.57920", "2013-10-31": "11.53500", "2013-07-31": "9.35850", "2013-04-30": "8.99160", "2013-01-31": "13.62110", "2012-10-31": "10.88330", "2012-07-31": "10.11140", "2012-04-30": "10.18550", "2012-01-31": "11.90100", "2011-10-31": "10.24230", "2011-07-31": "8.95220", "2011-04-30": "6.80150", "2011-01-31": "8.50960", "2010-10-31": "9.55240", "2010-07-31": "8.10580", "2010-04-30": "8.65610", "2010-01-31": "10.73530", "2009-10-31": "9.32120", "2009-07-31": "7.21900", "2009-04-30": "7.67080", "2009-01-31": "9.95480", "2008-10-31": "8.78150", "2008-07-31": "7.15090", "2008-04-30": "6.62100", "2008-01-31": "10.38730", "2007-10-31": "8.37020", "2007-07-31": "1.97570", "2007-04-30": "5.00040", "2007-01-31": "8.18770", "2006-10-31": "7.71610", "2006-07-31": "5.16630", "2006-04-30": "5.97550", "2006-01-31": "10.67170", "2005-10-31": "6.93690", "2005-07-31": "5.00670", "2005-04-30": "6.09010", "2005-01-31": "5.24530"}, "Book Value Per Share": {"2020-10-31": "4.63650", "2020-07-31": "3.88680", "2020-04-30": "3.95630", "2020-01-31": "4.96060", "2019-10-31": "4.60660", "2019-07-31": "4.38620", "2019-04-30": "4.23190", "2019-01-31": "4.14780", "2018-10-31": "4.26300", "2018-07-31": "4.21020", "2018-04-30": "4.20860", "2018-01-31": "4.09890", "2017-10-31": "3.67360", "2017-07-31": "3.56830", "2017-04-30": "3.53930", "2017-01-31": "3.48950", "2016-10-31": "3.32090", "2016-07-31": "3.38950", "2016-04-30": "3.43000", "2016-01-31": "3.24570", "2015-10-31": "3.24890", "2015-07-31": "3.17040", "2015-04-30": "3.15280", "2015-01-31": "3.11380", "2014-10-31": "3.17450", "2014-07-31": "3.08440", "2014-04-30": "3.05830", "2014-01-31": "2.99990", "2013-10-31": "2.89920", "2013-07-31": "2.69150", "2013-04-30": "2.61380", "2013-01-31": "2.53210", "2012-10-31": "2.37670", "2012-07-31": "2.30270", "2012-04-30": "2.24830", "2012-01-31": "2.14900", "2011-10-31": "2.11020", "2011-07-31": "2.03750", "2011-04-30": "2.02240", "2011-01-31": "1.98890", "2010-10-31": "1.96390", "2010-07-31": "1.85550", "2010-04-30": "1.86250", "2010-01-31": "1.76440", "2009-10-31": "1.75150", "2009-07-31": "1.67030", "2009-04-30": "1.41190", "2009-01-31": "1.29270", "2008-10-31": "1.27680", "2008-07-31": "1.25980", "2008-04-30": "1.25860", "2008-01-31": "1.24500", "2007-10-31": "1.22510", "2007-07-31": "1.21130", "2007-04-30": "1.33010", "2007-01-31": "1.26210", "2006-10-31": "1.19420", "2006-07-31": "1.04270", "2006-04-30": "1.05470", "2006-01-31": "1.02650", "2005-10-31": "0.88910", "2005-07-31": "0.86550", "2005-04-30": "0.86470", "2005-01-31": "0.90830"}, "Operating Cash Flow Per Share": {"2020-10-31": 3.3581, "2020-07-31": 2.8028, "2020-04-30": "-2.63860", "2020-01-31": 1.7852, "2019-10-31": 0.7986, "2019-07-31": 0.6107, "2019-04-30": "0.12100", "2019-01-31": 1.2764, "2018-10-31": 0.7375, "2018-07-31": 0.6615, "2018-04-30": "0.57130", "2018-01-31": 0.8408, "2017-10-31": 0.6499, "2017-07-31": 0.5083, "2017-04-30": "0.34240", "2017-01-31": 1.1333, "2016-10-31": 0.7082, "2016-07-31": 0.5557, "2016-04-30": "0.33210", "2016-01-31": 0.9473, "2015-10-31": 0.5391, "2015-07-31": 0.3538, "2015-04-30": "0.32370", "2015-01-31": 0.8359, "2014-10-31": 0.5304, "2014-07-31": 0.433, "2014-04-30": "0.33870", "2014-01-31": 0.6621, "2013-10-31": 0.5712, "2013-07-31": 0.3651, "2013-04-30": "0.19160", "2013-01-31": 0.6492, "2012-10-31": 0.5242, "2012-07-31": 0.4044, "2012-04-30": "0.46600", "2012-01-31": 0.6958, "2011-10-31": 0.3322, "2011-07-31": 0.1193, "2011-04-30": "0.09080", "2011-01-31": 0.534, "2010-10-31": 0.2755, "2010-07-31": 0.0881, "2010-04-30": "0.31820", "2010-01-31": 0.5753, "2009-10-31": 0.3436, "2009-07-31": 0.2003, "2009-04-30": "0.20900", "2009-01-31": 0.2404, "2008-10-31": 0.1494, "2008-07-31": 0.1167, "2008-04-30": "0.14620", "2008-01-31": 0.4232, "2007-10-31": 0.1926, "2007-07-31": 0.1097, "2007-04-30": "0.00880", "2007-01-31": 0.383, "2006-10-31": 0.1417, "2006-07-31": 0.0807, "2006-04-30": "0.02620", "2006-01-31": 0.3287, "2005-10-31": 0.1662, "2005-07-31": 0, "2005-04-30": "0.09410", "2005-01-31": 0.5282}, "Free Cash Flow Per Share": {"2020-10-31": 3.2596, "2020-07-31": 2.7199, "2020-04-30": "-2.81430", "2020-01-31": 1.5988, "2019-10-31": 0.4581, "2019-07-31": 0.3973, "2019-04-30": "-0.13590", "2019-01-31": 1.0771, "2018-10-31": 0.4966, "2018-07-31": 0.417, "2018-04-30": "0.36250", "2018-01-31": 0.666, "2017-10-31": 0.3972, "2017-07-31": 0.3148, "2017-04-30": "0.14500", "2017-01-31": 0.9418, "2016-10-31": 0.5099, "2016-07-31": 0.3729, "2016-04-30": "0.13350", "2016-01-31": 0.7743, "2015-10-31": 0.3566, "2015-07-31": 0.2039, "2015-04-30": "0.17820", "2015-01-31": 0.6916, "2014-10-31": 0.3283, "2014-07-31": 0.2672, "2014-04-30": "0.20310", "2014-01-31": 0.5348, "2013-10-31": 0.3879, "2013-07-31": 0.1869, "2013-04-30": "0.02880", "2013-01-31": 0.515, "2012-10-31": 0.2962, "2012-07-31": 0.2805, "2012-04-30": "0.29780", "2012-01-31": 0.6015, "2011-10-31": 0.1907, "2011-07-31": -0.0206, "2011-04-30": "-0.05260", "2011-01-31": 0.4342, "2010-10-31": 0.1397, "2010-07-31": -0.0213, "2010-04-30": "0.22820", "2010-01-31": 0.5107, "2009-10-31": 0.2523, "2009-07-31": 0.1438, "2009-04-30": "0.17050", "2009-01-31": 0.1621, "2008-10-31": 0.0435, "2008-07-31": 0.0327, "2008-04-30": "0.08480", "2008-01-31": 0.3602, "2007-10-31": 0.0887, "2007-07-31": 0.0447, "2007-04-30": "-0.04080", "2007-01-31": 0.3383, "2006-10-31": 0.0835, "2006-07-31": 0.0362, "2006-04-30": "-0.02330", "2006-01-31": 0.2877, "2005-10-31": 0.071, "2005-07-31": -0.0605, "2005-04-30": "0.04350", "2005-01-31": 0.3177}}, "revenue": {"TJX Annual Revenue (Millions of US $)": {"2020": "$41,717", "2019": "$38,973", "2018": "$35,865", "2017": "$33,184", "2016": "$30,945", "2015": "$29,078", "2014": "$27,423", "2013": "$25,878", "2012": "$23,191", "2011": "$21,942", "2010": "$20,288", "2009": "$19,000", "2008": "$18,337", "2007": "$17,104", "2006": "$15,956", "2005": "$14,861"}, "TJX Quarterly Revenue (Millions of US $)": {"2020-10-31": "$10,117", "2020-07-31": "$6,668", "2020-04-30": "$4,409", "2020-01-31": "$12,206", "2019-10-31": "$10,451", "2019-07-31": "$9,782", "2019-04-30": "$9,278", "2019-01-31": "$11,127", "2018-10-31": "$9,826", "2018-07-31": "$9,331", "2018-04-30": "$8,689", "2018-01-31": "$10,961", "2017-10-31": "$8,762", "2017-07-31": "$8,358", "2017-04-30": "$7,784", "2017-01-31": "$9,468", "2016-10-31": "$8,292", "2016-07-31": "$7,882", "2016-04-30": "$7,542", "2016-01-31": "$8,962", "2015-10-31": "$7,753", "2015-07-31": "$7,364", "2015-04-30": "$6,866", "2015-01-31": "$8,304", "2014-10-31": "$7,366", "2014-07-31": "$6,917", "2014-04-30": "$6,491", "2014-01-31": "$7,809", "2013-10-31": "$6,982", "2013-07-31": "$6,442", "2013-04-30": "$6,190", "2013-01-31": "$7,724", "2012-10-31": "$6,411", "2012-07-31": "$5,946", "2012-04-30": "$5,798", "2012-01-31": "$6,710", "2011-10-31": "$5,793", "2011-07-31": "$5,468", "2011-04-30": "$5,220", "2011-01-31": "$6,332", "2010-10-31": "$5,526", "2010-07-31": "$5,068", "2010-04-30": "$5,017", "2010-01-31": "$5,942", "2009-10-31": "$5,245", "2009-07-31": "$4,748", "2009-04-30": "$4,354", "2009-01-31": "$5,380", "2008-10-31": "$4,762", "2008-07-31": "$4,554", "2008-04-30": "$4,304", "2008-01-31": "$5,257", "2007-10-31": "$4,659", "2007-07-31": "$4,313", "2007-04-30": "$4,108", "2007-01-31": "$4,796", "2006-10-31": "$4,473", "2006-07-31": "$3,964", "2006-04-30": "$3,871", "2006-01-31": "$4,614", "2005-10-31": "$4,042", "2005-07-31": "$3,648", "2005-04-30": "$3,652", "2005-01-31": "$4,276"}}, "gross-profit": {"TJX Annual Gross Profit (Millions of US $)": {"2020": "$11,871", "2019": "$11,142", "2018": "$10,363", "2017": "$9,618", "2016": "$8,910", "2015": "$8,302", "2014": "$7,818", "2013": "$7,357", "2012": "$6,337", "2011": "$5,902", "2010": "$5,320", "2009": "$4,570", "2008": "$4,453", "2007": "$4,134", "2006": "$3,741", "2005": "$3,503"}, "TJX Quarterly Gross Profit (Millions of US $)": {"2020-10-31": "$3,055", "2020-07-31": "$1,493", "2020-04-30": "$-6", "2020-01-31": "$3,465", "2019-10-31": "$3,011", "2019-07-31": "$2,756", "2019-04-30": "$2,640", "2019-01-31": "$3,094", "2018-10-31": "$2,842", "2018-07-31": "$2,695", "2018-04-30": "$2,510", "2018-01-31": "$3,111", "2017-10-31": "$2,612", "2017-07-31": "$2,385", "2017-04-30": "$2,254", "2017-01-31": "$2,681", "2016-10-31": "$2,448", "2016-07-31": "$2,319", "2016-04-30": "$2,170", "2016-01-31": "$2,574", "2015-10-31": "$2,247", "2015-07-31": "$2,145", "2015-04-30": "$1,945", "2015-01-31": "$2,345", "2014-10-31": "$2,162", "2014-07-31": "$1,981", "2014-04-30": "$1,813", "2014-01-31": "$2,158", "2013-10-31": "$2,047", "2013-07-31": "$1,856", "2013-04-30": "$1,756", "2013-01-31": "$2,209", "2012-10-31": "$1,845", "2012-07-31": "$1,670", "2012-04-30": "$1,632", "2012-01-31": "$1,825", "2011-10-31": "$1,627", "2011-07-31": "$1,492", "2011-04-30": "$1,393", "2011-01-31": "$1,666", "2010-10-31": "$1,519", "2010-07-31": "$1,349", "2010-04-30": "$1,368", "2010-01-31": "$1,583", "2009-10-31": "$1,443", "2009-07-31": "$1,213", "2009-04-30": "$1,081", "2009-01-31": "$1,212", "2008-10-31": "$1,225", "2008-07-31": "$1,107", "2008-04-30": "$1,027", "2008-01-31": "$1,248", "2007-10-31": "$1,178", "2007-07-31": "$1,036", "2007-04-30": "$991", "2007-01-31": "$1,117", "2006-10-31": "$1,139", "2006-07-31": "$929", "2006-04-30": "$948", "2006-01-31": "$1,068", "2005-10-31": "$970", "2005-07-31": "$840", "2005-04-30": "$863", "2005-01-31": "$924"}}, "operating-income": {"TJX Annual Operating Income (Millions of US $)": {"2020": "$4,416", "2019": "$4,182", "2018": "$3,888", "2017": "$3,818", "2016": "$3,705", "2015": "$3,607", "2014": "$3,351", "2013": "$3,107", "2012": "$2,447", "2011": "$2,203", "2010": "$1,991", "2009": "$1,465", "2008": "$1,258", "2007": "$1,280", "2006": "$1,038", "2005": "$1,016"}, "TJX Quarterly Operating Income (Millions of US $)": {"2020-10-31": "$1,069", "2020-07-31": "$-35", "2020-04-30": "$-1,319", "2020-01-31": "$1,329", "2019-10-31": "$1,125", "2019-07-31": "$1,024", "2019-04-30": "$937", "2019-01-31": "$1,177", "2018-10-31": "$1,050", "2018-07-31": "$996", "2018-04-30": "$960", "2018-01-31": "$1,116", "2017-10-31": "$1,028", "2017-07-31": "$901", "2017-04-30": "$842", "2017-01-31": "$1,103", "2016-10-31": "$954", "2016-07-31": "$926", "2016-04-30": "$835", "2016-01-31": "$1,077", "2015-10-31": "$954", "2015-07-31": "$897", "2015-04-30": "$777", "2015-01-31": "$1,039", "2014-10-31": "$969", "2014-07-31": "$859", "2014-04-30": "$740", "2014-01-31": "$943", "2013-10-31": "$889", "2013-07-31": "$781", "2013-04-30": "$737", "2013-01-31": "$970", "2012-10-31": "$755", "2012-07-31": "$692", "2012-04-30": "$690", "2012-01-31": "$768", "2011-10-31": "$672", "2011-07-31": "$569", "2011-04-30": "$439", "2011-01-31": "$543", "2010-10-31": "$607", "2010-07-31": "$507", "2010-04-30": "$547", "2010-01-31": "$644", "2009-10-31": "$579", "2009-07-31": "$422", "2009-04-30": "$346", "2009-01-31": "$403", "2008-10-31": "$424", "2008-07-31": "$340", "2008-04-30": "$298", "2008-01-31": "$500", "2007-10-31": "$406", "2007-07-31": "$91", "2007-04-30": "$262", "2007-01-31": "$397", "2006-10-31": "$383", "2006-07-31": "$236", "2006-04-30": "$264", "2006-01-31": "$357", "2005-10-31": "$267", "2005-07-31": "$188", "2005-04-30": "$226", "2005-01-31": "$200"}}, "ebitda": {"TJX Annual EBITDA (Millions of US $)": {"2020": "$5,284", "2019": "$5,002", "2018": "$4,713", "2017": "$4,477", "2016": "$4,321", "2015": "$4,283", "2014": "$3,899", "2013": "$3,615", "2012": "$2,933", "2011": "$2,661", "2010": "$2,481", "2009": "$1,918", "2008": "$1,685", "2007": "$1,703", "2006": "$1,443", "2005": "$1,395"}, "TJX Quarterly EBITDA (Millions of US $)": {"2020-10-31": "$1,288", "2020-07-31": "$185", "2020-04-30": "$-1,100", "2020-01-31": "$1,549", "2019-10-31": "$1,345", "2019-07-31": "$1,240", "2019-04-30": "$1,150", "2019-01-31": "$1,396", "2018-10-31": "$1,205", "2018-07-31": "$1,250", "2018-04-30": "$1,152", "2018-01-31": "$1,409", "2017-10-31": "$1,212", "2017-07-31": "$1,077", "2017-04-30": "$1,015", "2017-01-31": "$1,192", "2016-10-31": "$1,149", "2016-07-31": "$1,119", "2016-04-30": "$1,017", "2016-01-31": "$1,240", "2015-10-31": "$1,109", "2015-07-31": "$1,047", "2015-04-30": "$925", "2015-01-31": "$1,277", "2014-10-31": "$1,116", "2014-07-31": "$1,006", "2014-04-30": "$884", "2014-01-31": "$1,085", "2013-10-31": "$1,030", "2013-07-31": "$917", "2013-04-30": "$868", "2013-01-31": "$1,106", "2012-10-31": "$880", "2012-07-31": "$818", "2012-04-30": "$811", "2012-01-31": "$896", "2011-10-31": "$793", "2011-07-31": "$689", "2011-04-30": "$555", "2011-01-31": "$616", "2010-10-31": "$765", "2010-07-31": "$607", "2010-04-30": "$673", "2010-01-31": "$775", "2009-10-31": "$703", "2009-07-31": "$541", "2009-04-30": "$462", "2009-01-31": "$517", "2008-10-31": "$538", "2008-07-31": "$453", "2008-04-30": "$410", "2008-01-31": "$612", "2007-10-31": "$510", "2007-07-31": "$197", "2007-04-30": "$367", "2007-01-31": "$503", "2006-10-31": "$488", "2006-07-31": "$342", "2006-04-30": "$370", "2006-01-31": "$458", "2005-10-31": "$368", "2005-07-31": "$288", "2005-04-30": "$329", "2005-01-31": "$367"}}, "net-income": {"TJX Annual Net Income (Millions of US $)": {"2020": "$3,272", "2019": "$3,060", "2018": "$2,608", "2017": "$2,298", "2016": "$2,278", "2015": "$2,215", "2014": "$2,137", "2013": "$1,907", "2012": "$1,496", "2011": "$1,343", "2010": "$1,214", "2009": "$881", "2008": "$772", "2007": "$738", "2006": "$690", "2005": "$610"}, "TJX Quarterly Net Income (Millions of US $)": {"2020-10-31": "$867", "2020-07-31": "$-214", "2020-04-30": "$-887", "2020-01-31": "$985", "2019-10-31": "$828", "2019-07-31": "$759", "2019-04-30": "$700", "2019-01-31": "$842", "2018-10-31": "$762", "2018-07-31": "$740", "2018-04-30": "$716", "2018-01-31": "$877", "2017-10-31": "$641", "2017-07-31": "$553", "2017-04-30": "$536", "2017-01-31": "$678", "2016-10-31": "$550", "2016-07-31": "$562", "2016-04-30": "$508", "2016-01-31": "$666", "2015-10-31": "$587", "2015-07-31": "$549", "2015-04-30": "$475", "2015-01-31": "$648", "2014-10-31": "$595", "2014-07-31": "$518", "2014-04-30": "$454", "2014-01-31": "$582", "2013-10-31": "$623", "2013-07-31": "$480", "2013-04-30": "$453", "2013-01-31": "$605", "2012-10-31": "$462", "2012-07-31": "$421", "2012-04-30": "$419", "2012-01-31": "$475", "2011-10-31": "$406", "2011-07-31": "$348", "2011-04-30": "$266", "2011-01-31": "$334", "2010-10-31": "$372", "2010-07-31": "$305", "2010-04-30": "$331", "2010-01-31": "$395", "2009-10-31": "$348", "2009-07-31": "$262", "2009-04-30": "$209", "2009-01-31": "$251", "2008-10-31": "$236", "2008-07-31": "$200", "2008-04-30": "$194", "2008-01-31": "$301", "2007-10-31": "$249", "2007-07-31": "$59", "2007-04-30": "$162", "2007-01-31": "$205", "2006-10-31": "$231", "2006-07-31": "$138", "2006-04-30": "$164", "2006-01-31": "$289", "2005-10-31": "$155", "2005-07-31": "$111", "2005-04-30": "$136", "2005-01-31": "$122"}}, "eps-earnings-per-share-diluted": {"TJX Annual EPS": {"2020": "$2.67", "2019": "$2.43", "2018": "$2.02", "2017": "$1.73", "2016": "$1.67", "2015": "$1.58", "2014": "$1.47", "2013": "$1.28", "2012": "$0.97", "2011": "$0.83", "2010": "$0.71", "2009": "$0.50", "2008": "$0.42", "2007": "$0.39", "2006": "$0.35", "2005": "$0.30"}, "TJX Quarterly EPS": {"2020-10-31": "$0.71", "2020-07-31": "$-0.18", "2020-04-30": "$-0.74", "2020-01-31": "$0.80", "2019-10-31": "$0.68", "2019-07-31": "$0.62", "2019-04-30": "$0.57", "2019-01-31": "$0.68", "2018-10-31": "$0.61", "2018-07-31": "$0.58", "2018-04-30": "$0.56", "2018-01-31": "$0.69", "2017-10-31": "$0.50", "2017-07-31": "$0.43", "2017-04-30": "$0.41", "2017-01-31": "$0.52", "2016-10-31": "$0.42", "2016-07-31": "$0.42", "2016-04-30": "$0.38", "2016-01-31": "$0.49", "2015-10-31": "$0.43", "2015-07-31": "$0.40", "2015-04-30": "$0.35", "2015-01-31": "$0.47", "2014-10-31": "$0.43", "2014-07-31": "$0.37", "2014-04-30": "$0.32", "2014-01-31": "$0.40", "2013-10-31": "$0.43", "2013-07-31": "$0.33", "2013-04-30": "$0.31", "2013-01-31": "$0.41", "2012-10-31": "$0.31", "2012-07-31": "$0.28", "2012-04-30": "$0.28", "2012-01-31": "$0.31", "2011-10-31": "$0.27", "2011-07-31": "$0.23", "2011-04-30": "$0.17", "2011-01-31": "$0.21", "2010-10-31": "$0.23", "2010-07-31": "$0.19", "2010-04-30": "$0.20", "2010-01-31": "$0.23", "2009-10-31": "$0.20", "2009-07-31": "$0.15", "2009-04-30": "$0.12", "2009-01-31": "$0.15", "2008-10-31": "$0.14", "2008-07-31": "$0.11", "2008-04-30": "$0.11", "2008-01-31": "$0.16", "2007-10-31": "$0.14", "2007-07-31": "$0.03", "2007-04-30": "$0.09", "2007-01-31": "$0.11", "2006-10-31": "$0.12", "2006-07-31": "$0.07", "2006-04-30": "$0.09", "2006-01-31": "$0.15", "2005-10-31": "$0.08", "2005-07-31": "$0.06", "2005-04-30": "$0.07", "2005-01-31": "$0.07"}}, "shares-outstanding": {"TJX Annual Shares Outstanding (Millions of Shares)": {"2020": "1,227", "2019": "1,259", "2018": "1,292", "2017": "1,329", "2016": "1,367", "2015": "1,407", "2014": "1,453", "2013": "1,495", "2012": "1,548", "2011": "1,626", "2010": "1,710", "2009": "1,769", "2008": "1,872", "2007": "1,920", "2006": "1,966", "2005": "2,039"}, "TJX Quarterly Shares Outstanding (Millions of Shares)": {"2020-10-31": "1,214", "2020-07-31": "1,199", "2020-04-30": "1,198", "2020-01-31": "1,227", "2019-10-31": "1,224", "2019-07-31": "1,229", "2019-04-30": "1,233", "2019-01-31": "1,259", "2018-10-31": "1,258", "2018-07-31": "1,266", "2018-04-30": "1,269", "2018-01-31": "1,292", "2017-10-31": "1,286", "2017-07-31": "1,297", "2017-04-30": "1,310", "2017-01-31": "1,329", "2016-10-31": "1,323", "2016-07-31": "1,333", "2016-04-30": "1,341", "2016-01-31": "1,367", "2015-10-31": "1,362", "2015-07-31": "1,371", "2015-04-30": "1,382", "2015-01-31": "1,407", "2014-10-31": "1,402", "2014-07-31": "1,410", "2014-04-30": "1,426", "2014-01-31": "1,453", "2013-10-31": "1,448", "2013-07-31": "1,457", "2013-04-30": "1,465", "2013-01-31": "1,495", "2012-10-31": "1,491", "2012-07-31": "1,502", "2012-04-30": "1,512", "2012-01-31": "1,548", "2011-10-31": "1,532", "2011-07-31": "1,551", "2011-04-30": "1,576", "2011-01-31": "1,626", "2010-10-31": "1,612", "2010-07-31": "1,639", "2010-04-30": "1,658", "2010-01-31": "1,710", "2009-10-31": "1,712", "2009-07-31": "1,722", "2009-04-30": "1,728", "2009-01-31": "1,769", "2008-10-31": "1,763", "2008-07-31": "1,782", "2008-04-30": "1,802", "2008-01-31": "1,872", "2007-10-31": "1,858", "2007-07-31": "1,893", "2007-04-30": "1,916", "2007-01-31": "1,920", "2006-10-31": "1,918", "2006-07-31": "1,910", "2006-04-30": "1,940", "2006-01-31": "1,966", "2005-10-31": "1,946", "2005-07-31": "1,971", "2005-04-30": "1,988", "2005-01-31": "2,039"}}, "total-assets": {"TJX Annual Total Assets (Millions of US $)": {"2020": "$24,145", "2019": "$14,326", "2018": "$14,058", "2017": "$12,884", "2016": "$11,490", "2015": "$10,989", "2014": "$10,201", "2013": "$9,512", "2012": "$8,282", "2011": "$7,972", "2010": "$7,464", "2009": "$6,178", "2008": "$6,600", "2007": "$6,086", "2006": "$5,496", "2005": "$5,075"}, "TJX Quarterly Total Assets (Millions of US $)": {"2020-10-31": "$31,566", "2020-07-31": "$26,568", "2020-04-30": "$25,415", "2020-01-31": "$24,145", "2019-10-31": "$24,289", "2019-07-31": "$22,855", "2019-04-30": "$22,489", "2019-01-31": "$14,326", "2018-10-31": "$15,025", "2018-07-31": "$14,111", "2018-04-30": "$14,007", "2018-01-31": "$14,058", "2017-10-31": "$13,878", "2017-07-31": "$12,936", "2017-04-30": "$12,763", "2017-01-31": "$12,884", "2016-10-31": "$12,867", "2016-07-31": "$11,671", "2016-04-30": "$11,705", "2016-01-31": "$11,490", "2015-10-31": "$11,860", "2015-07-31": "$11,201", "2015-04-30": "$11,206", "2015-01-31": "$10,989", "2014-10-31": "$11,592", "2014-07-31": "$10,922", "2014-04-30": "$10,430", "2014-01-31": "$10,201", "2013-10-31": "$10,669", "2013-07-31": "$9,926", "2013-04-30": "$9,840", "2013-01-31": "$9,512", "2012-10-31": "$9,172", "2012-07-31": "$8,637", "2012-04-30": "$8,503", "2012-01-31": "$8,282", "2011-10-31": "$8,531", "2011-07-31": "$8,097", "2011-04-30": "$7,984", "2011-01-31": "$7,972", "2010-10-31": "$8,182", "2010-07-31": "$7,687", "2010-04-30": "$7,755", "2010-01-31": "$7,464", "2009-10-31": "$7,983", "2009-07-31": "$7,836", "2009-04-30": "$6,939", "2009-01-31": "$6,178", "2008-10-31": "$6,788", "2008-07-31": "$6,793", "2008-04-30": "$6,647", "2008-01-31": "$6,600", "2007-10-31": "$6,942", "2007-07-31": "$6,620", "2007-04-30": "$6,488", "2007-01-31": "$6,086", "2006-10-31": "$6,306", "2006-07-31": "$5,997", "2006-04-30": "$5,620", "2006-01-31": "$5,496", "2005-10-31": "$5,806", "2005-07-31": "$5,592", "2005-04-30": "$5,178", "2005-01-31": "$5,075"}}, "cash-on-hand": {"TJX Annual Cash on Hand (Millions of US $)": {"2020": "$3,217", "2019": "$3,030", "2018": "$3,265", "2017": "$3,473", "2016": "$2,448", "2015": "$2,776", "2014": "$2,444", "2013": "$2,048", "2012": "$1,602", "2011": "$1,818", "2010": "$1,745", "2009": "$454", "2008": "$733", "2007": "$857", "2006": "$466", "2005": "$307"}, "TJX Quarterly Cash on Hand (Millions of US $)": {"2020-10-31": "$10,582", "2020-07-31": "$6,620", "2020-04-30": "$4,288", "2020-01-31": "$3,217", "2019-10-31": "$2,060", "2019-07-31": "$2,186", "2019-04-30": "$2,235", "2019-01-31": "$3,030", "2018-10-31": "$2,712", "2018-07-31": "$2,873", "2018-04-30": "$3,117", "2018-01-31": "$3,265", "2017-10-31": "$2,876", "2017-07-31": "$2,952", "2017-04-30": "$3,127", "2017-01-31": "$3,473", "2016-10-31": "$2,826", "2016-07-31": "$2,225", "2016-04-30": "$2,348", "2016-01-31": "$2,448", "2015-10-31": "$2,123", "2015-07-31": "$2,238", "2015-04-30": "$2,589", "2015-01-31": "$2,776", "2014-10-31": "$2,431", "2014-07-31": "$2,468", "2014-04-30": "$2,319", "2014-01-31": "$2,444", "2013-10-31": "$2,262", "2013-07-31": "$2,090", "2013-04-30": "$2,228", "2013-01-31": "$2,048", "2012-10-31": "$1,843", "2012-07-31": "$1,797", "2012-04-30": "$1,739", "2012-01-31": "$1,602", "2011-10-31": "$1,029", "2011-07-31": "$1,060", "2011-04-30": "$1,462", "2011-01-31": "$1,818", "2010-10-31": "$1,469", "2010-07-31": "$1,519", "2010-04-30": "$1,959", "2010-01-31": "$1,745", "2009-10-31": "$1,522", "2009-07-31": "$1,562", "2009-04-30": "$1,069", "2009-01-31": "$454", "2008-10-31": "$387", "2008-07-31": "$517", "2008-04-30": "$698", "2008-01-31": "$733", "2007-10-31": "$388", "2007-07-31": "$534", "2007-04-30": "$781", "2007-01-31": "$857", "2006-10-31": "$342", "2006-07-31": "$274", "2006-04-30": "$280", "2006-01-31": "$466", "2005-10-31": "$201", "2005-07-31": "$182", "2005-04-30": "$178", "2005-01-31": "$307"}}, "long-term-debt": {"TJX Annual Long Term Debt (Millions of US $)": {"2020": "$2,237", "2019": "$2,234", "2018": "$2,231", "2017": "$2,228", "2016": "$1,615", "2015": "$1,624", "2014": "$1,274", "2013": "$775", "2012": "$785", "2011": "$788", "2010": "$790", "2009": "$384", "2008": "$853", "2007": "$808", "2006": "$807", "2005": "$599"}, "TJX Quarterly Long Term Debt (Millions of US $)": {"2020-10-31": "$5,447", "2020-07-31": "$5,445", "2020-04-30": "$7,192", "2020-01-31": "$2,237", "2019-10-31": "$2,236", "2019-07-31": "$2,235", "2019-04-30": "$2,234", "2019-01-31": "$2,234", "2018-10-31": "$2,233", "2018-07-31": "$2,232", "2018-04-30": "$2,231", "2018-01-31": "$2,231", "2017-10-31": "$2,230", "2017-07-31": "$2,229", "2017-04-30": "$2,228", "2017-01-31": "$2,228", "2016-10-31": "$2,227", "2016-07-31": "$1,616", "2016-04-30": "$1,615", "2016-01-31": "$1,615", "2015-10-31": "$1,615", "2015-07-31": "$1,614", "2015-04-30": "$1,614", "2015-01-31": "$1,624", "2014-10-31": "$1,624", "2014-07-31": "$1,624", "2014-04-30": "$1,274", "2014-01-31": "$1,274", "2013-10-31": "$1,274", "2013-07-31": "$1,274", "2013-04-30": "$1,274", "2013-01-31": "$775", "2012-10-31": "$775", "2012-07-31": "$775", "2012-04-30": "$784", "2012-01-31": "$785", "2011-10-31": "$785", "2011-07-31": "$786", "2011-04-30": "$787", "2011-01-31": "$788", "2010-10-31": "$788", "2010-07-31": "$789", "2010-04-30": "$790", "2010-01-31": "$790", "2009-10-31": "$791", "2009-07-31": "$791", "2009-04-30": "$392", "2009-01-31": "$384", "2008-10-31": "$767", "2008-07-31": "$852", "2008-04-30": "$852", "2008-01-31": "$853", "2007-10-31": "$860", "2007-07-31": "$834", "2007-04-30": "$822", "2007-01-31": "$808", "2006-10-31": "$818", "2006-07-31": "$812", "2006-04-30": "$813", "2006-01-31": "$807", "2005-10-31": "$601", "2005-07-31": "$600", "2005-04-30": "$599", "2005-01-31": "$599"}}, "total-liabilities": {"TJX Annual Total Liabilities (Millions of US $)": {"2020": "$18,197", "2019": "$9,277", "2018": "$8,910", "2017": "$8,373", "2016": "$7,183", "2015": "$6,725", "2014": "$5,971", "2013": "$5,846", "2012": "$5,072", "2011": "$4,872", "2010": "$4,575", "2009": "$4,044", "2008": "$4,469", "2007": "$3,796", "2006": "$3,604", "2005": "$3,329"}, "TJX Quarterly Total Liabilities (Millions of US $)": {"2020-10-31": "$25,999", "2020-07-31": "$21,908", "2020-04-30": "$20,676", "2020-01-31": "$18,197", "2019-10-31": "$18,746", "2019-07-31": "$17,552", "2019-04-30": "$17,357", "2019-01-31": "$9,277", "2018-10-31": "$9,768", "2018-07-31": "$8,884", "2018-04-30": "$8,745", "2018-01-31": "$8,910", "2017-10-31": "$9,232", "2017-07-31": "$8,395", "2017-04-30": "$8,210", "2017-01-31": "$8,373", "2016-10-31": "$8,537", "2016-07-31": "$7,219", "2016-04-30": "$7,170", "2016-01-31": "$7,183", "2015-10-31": "$7,509", "2015-07-31": "$6,924", "2015-04-30": "$6,916", "2015-01-31": "$6,725", "2014-10-31": "$7,218", "2014-07-31": "$6,647", "2014-04-30": "$6,146", "2014-01-31": "$5,971", "2013-10-31": "$6,545", "2013-07-31": "$6,076", "2013-04-30": "$6,078", "2013-01-31": "$5,846", "2012-10-31": "$5,706", "2012-07-31": "$5,247", "2012-04-30": "$5,171", "2012-01-31": "$5,072", "2011-10-31": "$5,348", "2011-07-31": "$4,992", "2011-04-30": "$4,861", "2011-01-31": "$4,872", "2010-10-31": "$5,073", "2010-07-31": "$4,713", "2010-04-30": "$4,715", "2010-01-31": "$4,575", "2009-10-31": "$5,043", "2009-07-31": "$5,004", "2009-04-30": "$4,603", "2009-01-31": "$4,044", "2008-10-31": "$4,662", "2008-07-31": "$4,679", "2008-04-30": "$4,509", "2008-01-31": "$4,469", "2007-10-31": "$4,801", "2007-07-31": "$4,466", "2007-04-30": "$4,068", "2007-01-31": "$3,796", "2006-10-31": "$4,132", "2006-07-31": "$4,122", "2006-04-30": "$3,691", "2006-01-31": "$3,604", "2005-10-31": "$4,168", "2005-07-31": "$3,979", "2005-04-30": "$3,551", "2005-01-31": "$3,329"}}, "total-share-holder-equity": {"TJX Annual Share Holder Equity (Millions of US $)": {"2020": "$5,948", "2019": "$5,049", "2018": "$5,148", "2017": "$4,511", "2016": "$4,307", "2015": "$4,264", "2014": "$4,230", "2013": "$3,666", "2012": "$3,209", "2011": "$3,100", "2010": "$2,889", "2009": "$2,135", "2008": "$2,131", "2007": "$2,290", "2006": "$1,893", "2005": "$1,747"}, "TJX Quarterly Share Holder Equity (Millions of US $)": {"2020-10-31": "$5,567", "2020-07-31": "$4,661", "2020-04-30": "$4,739", "2020-01-31": "$5,948", "2019-10-31": "$5,543", "2019-07-31": "$5,303", "2019-04-30": "$5,132", "2019-01-31": "$5,049", "2018-10-31": "$5,257", "2018-07-31": "$5,227", "2018-04-30": "$5,262", "2018-01-31": "$5,148", "2017-10-31": "$4,646", "2017-07-31": "$4,541", "2017-04-30": "$4,554", "2017-01-31": "$4,511", "2016-10-31": "$4,330", "2016-07-31": "$4,451", "2016-04-30": "$4,535", "2016-01-31": "$4,307", "2015-10-31": "$4,350", "2015-07-31": "$4,276", "2015-04-30": "$4,290", "2015-01-31": "$4,264", "2014-10-31": "$4,374", "2014-07-31": "$4,275", "2014-04-30": "$4,283", "2014-01-31": "$4,230", "2013-10-31": "$4,124", "2013-07-31": "$3,850", "2013-04-30": "$3,763", "2013-01-31": "$3,666", "2012-10-31": "$3,466", "2012-07-31": "$3,390", "2012-04-30": "$3,332", "2012-01-31": "$3,209", "2011-10-31": "$3,183", "2011-07-31": "$3,105", "2011-04-30": "$3,123", "2011-01-31": "$3,100", "2010-10-31": "$3,109", "2010-07-31": "$2,974", "2010-04-30": "$3,039", "2010-01-31": "$2,889", "2009-10-31": "$2,941", "2009-07-31": "$2,832", "2009-04-30": "$2,335", "2009-01-31": "$2,135", "2008-10-31": "$2,126", "2008-07-31": "$2,114", "2008-04-30": "$2,138", "2008-01-31": "$2,131", "2007-10-31": "$2,142", "2007-07-31": "$2,154", "2007-04-30": "$2,420", "2007-01-31": "$2,290", "2006-10-31": "$2,174", "2006-07-31": "$1,875", "2006-04-30": "$1,929", "2006-01-31": "$1,893", "2005-10-31": "$1,638", "2005-07-31": "$1,613", "2005-04-30": "$1,627", "2005-01-31": "$1,747"}}, "profit-margins": {"current": "2.24%"}, "gross margin": {"2020-10-31": "23.97%", "2020-07-31": "23.61%", "2020-04-30": "25.04%", "2020-01-31": "28.46%", "2019-10-31": "28.30%", "2019-07-31": "28.32%", "2019-04-30": "28.49%", "2019-01-31": "28.59%", "2018-10-31": "28.75%", "2018-07-31": "28.95%", "2018-04-30": "28.88%", "2018-01-31": "28.89%", "2017-10-31": "28.90%", "2017-07-31": "28.81%", "2017-04-30": "29.03%", "2017-01-31": "28.98%", "2016-10-31": "29.11%", "2016-07-31": "28.97%", "2016-04-30": "28.89%", "2016-01-31": "28.80%", "2015-10-31": "28.67%", "2015-07-31": "28.75%", "2015-04-30": "28.63%", "2015-01-31": "28.55%", "2014-10-31": "28.39%", "2014-07-31": "28.37%", "2014-04-30": "28.40%", "2014-01-31": "28.51%", "2013-10-31": "28.78%", "2013-07-31": "28.64%", "2013-04-30": "28.47%", "2013-01-31": "28.42%", "2012-10-31": "28.04%", "2012-07-31": "27.85%", "2012-04-30": "27.67%", "2012-01-31": "27.33%", "2011-10-31": "27.08%", "2011-07-31": "26.92%", "2011-04-30": "26.76%", "2011-01-31": "26.90%", "2010-10-31": "27.00%", "2010-07-31": "27.00%", "2010-04-30": "26.76%", "2010-01-31": "26.22%", "2009-10-31": "25.09%", "2009-07-31": "24.58%", "2009-04-30": "24.28%", "2009-01-31": "24.06%", "2008-10-31": "24.41%", "2008-07-31": "24.29%", "2008-04-30": "24.22%", "2008-01-31": "24.28%", "2007-10-31": "24.18%", "2007-07-31": "24.21%", "2007-04-30": "24.08%", "2007-01-31": "24.16%", "2006-10-31": "24.13%", "2006-07-31": "23.74%", "2006-04-30": "23.65%", "2006-01-31": "23.45%", "2005-10-31": "23.03%"}, "operating margin": {"2020-10-31": "3.13%", "2020-07-31": "3.26%", "2020-04-30": "5.86%", "2020-01-31": "10.58%", "2019-10-31": "10.49%", "2019-07-31": "10.47%", "2019-04-30": "10.52%", "2019-01-31": "10.73%", "2018-10-31": "10.62%", "2018-07-31": "10.86%", "2018-04-30": "10.89%", "2018-01-31": "10.84%", "2017-10-31": "11.27%", "2017-07-31": "11.21%", "2017-04-30": "11.44%", "2017-01-31": "11.51%", "2016-10-31": "11.60%", "2016-07-31": "11.80%", "2016-04-30": "11.90%", "2016-01-31": "11.97%", "2015-10-31": "12.11%", "2015-07-31": "12.31%", "2015-04-30": "12.37%", "2015-01-31": "12.40%", "2014-10-31": "12.28%", "2014-07-31": "12.17%", "2014-04-30": "12.09%", "2014-01-31": "12.22%", "2013-10-31": "12.35%", "2013-07-31": "12.12%", "2013-04-30": "12.01%", "2013-01-31": "12.01%", "2012-10-31": "11.68%", "2012-07-31": "11.64%", "2012-04-30": "11.36%", "2012-01-31": "10.56%", "2011-10-31": "9.74%", "2011-07-31": "9.57%", "2011-04-30": "9.46%", "2011-01-31": "10.04%", "2010-10-31": "10.69%", "2010-07-31": "10.70%", "2010-04-30": "10.46%", "2010-01-31": "9.81%", "2009-10-31": "8.87%", "2009-07-31": "8.29%", "2009-04-30": "7.94%", "2009-01-31": "7.71%", "2008-10-31": "8.27%", "2008-07-31": "8.22%", "2008-04-30": "6.99%", "2008-01-31": "6.87%", "2007-10-31": "6.47%", "2007-07-31": "6.40%", "2007-04-30": "7.37%", "2007-01-31": "7.48%", "2006-10-31": "7.33%", "2006-07-31": "6.82%", "2006-04-30": "6.65%", "2006-01-31": "6.51%", "2005-10-31": "5.64%"}, "ebitda margin": {"2020-10-31": "5.75%", "2020-07-31": "5.87%", "2020-04-30": "8.23%", "2020-01-31": "12.67%", "2019-10-31": "12.63%", "2019-07-31": "12.47%", "2019-04-30": "12.64%", "2019-01-31": "12.84%", "2018-10-31": "12.93%", "2018-07-31": "13.31%", "2018-04-30": "13.19%", "2018-01-31": "13.14%", "2017-10-31": "13.08%", "2017-07-31": "13.08%", "2017-04-30": "13.39%", "2017-01-31": "13.49%", "2016-10-31": "13.85%", "2016-07-31": "13.96%", "2016-04-30": "13.96%", "2016-01-31": "13.96%", "2015-10-31": "14.39%", "2015-07-31": "14.60%", "2015-04-30": "14.68%", "2015-01-31": "14.73%", "2014-10-31": "14.31%", "2014-07-31": "14.20%", "2014-04-30": "14.12%", "2014-01-31": "14.22%", "2013-10-31": "14.34%", "2013-07-31": "14.09%", "2013-04-30": "13.98%", "2013-01-31": "13.97%", "2012-10-31": "13.69%", "2012-07-31": "13.68%", "2012-04-30": "13.42%", "2012-01-31": "12.65%", "2011-10-31": "11.63%", "2011-07-31": "11.64%", "2011-04-30": "11.48%", "2011-01-31": "12.13%", "2010-10-31": "13.08%", "2010-07-31": "12.97%", "2010-04-30": "12.85%", "2010-01-31": "12.23%", "2009-10-31": "11.27%", "2009-07-31": "10.69%", "2009-04-30": "10.34%", "2009-01-31": "10.09%", "2008-10-31": "10.66%", "2008-07-31": "10.57%", "2008-04-30": "9.33%", "2008-01-31": "9.19%", "2007-10-31": "8.82%", "2007-07-31": "8.79%", "2007-04-30": "9.80%", "2007-01-31": "9.96%", "2006-10-31": "9.80%", "2006-07-31": "9.33%", "2006-04-30": "9.17%", "2006-01-31": "9.04%", "2005-10-31": "8.66%"}, "pre tax profit margin": {"2020-10-31": "2.72%", "2020-07-31": "3.00%", "2020-04-30": "5.77%", "2020-01-31": "10.56%", "2019-10-31": "10.48%", "2019-07-31": "10.45%", "2019-04-30": "10.50%", "2019-01-31": "10.71%", "2018-10-31": "10.59%", "2018-07-31": "10.81%", "2018-04-30": "10.82%", "2018-01-31": "10.75%", "2017-10-31": "11.17%", "2017-07-31": "10.94%", "2017-04-30": "11.16%", "2017-01-31": "11.22%", "2016-10-31": "11.31%", "2016-07-31": "11.66%", "2016-04-30": "11.76%", "2016-01-31": "11.82%", "2015-10-31": "11.96%", "2015-07-31": "12.17%", "2015-04-30": "12.17%", "2015-01-31": "12.21%", "2014-10-31": "12.09%", "2014-07-31": "11.98%", "2014-04-30": "11.97%", "2014-01-31": "12.10%", "2013-10-31": "12.25%", "2013-07-31": "12.02%", "2013-04-30": "11.91%", "2013-01-31": "11.89%", "2012-10-31": "11.55%", "2012-07-31": "11.49%", "2012-04-30": "11.20%", "2012-01-31": "10.40%", "2011-10-31": "9.59%", "2011-07-31": "9.40%", "2011-04-30": "9.29%", "2011-01-31": "9.86%", "2010-10-31": "10.50%", "2010-07-31": "10.49%", "2010-04-30": "10.25%", "2010-01-31": "9.62%", "2009-10-31": "8.70%", "2009-07-31": "8.15%", "2009-04-30": "7.84%", "2009-01-31": "7.64%", "2008-10-31": "8.23%", "2008-07-31": "8.19%", "2008-04-30": "6.98%", "2008-01-31": "6.87%", "2007-10-31": "6.47%", "2007-07-31": "6.38%", "2007-04-30": "7.31%", "2007-01-31": "7.39%", "2006-10-31": "7.20%", "2006-07-31": "6.66%", "2006-04-30": "6.48%", "2006-01-31": "6.32%", "2005-10-31": "5.46%"}, "net profit margin": {"2020-10-31": "2.25%", "2020-07-31": "2.11%", "2020-04-30": "4.57%", "2020-01-31": "7.84%", "2019-10-31": "7.70%", "2019-07-31": "7.66%", "2019-04-30": "7.69%", "2019-01-31": "7.85%", "2018-10-31": "7.98%", "2018-07-31": "7.88%", "2018-04-30": "7.58%", "2018-01-31": "7.27%", "2017-10-31": "7.01%", "2017-07-31": "6.83%", "2017-04-30": "6.96%", "2017-01-31": "6.93%", "2016-10-31": "7.00%", "2016-07-31": "7.23%", "2016-04-30": "7.31%", "2016-01-31": "7.36%", "2015-10-31": "7.46%", "2015-07-31": "7.58%", "2015-04-30": "7.59%", "2015-01-31": "7.62%", "2014-10-31": "7.52%", "2014-07-31": "7.72%", "2014-04-30": "7.72%", "2014-01-31": "7.80%", "2013-10-31": "7.90%", "2013-07-31": "7.47%", "2013-04-30": "7.39%", "2013-01-31": "7.37%", "2012-10-31": "7.15%", "2012-07-31": "7.10%", "2012-04-30": "6.93%", "2012-01-31": "6.45%", "2011-10-31": "5.94%", "2011-07-31": "5.85%", "2011-04-30": "5.77%", "2011-01-31": "6.12%", "2010-10-31": "6.51%", "2010-07-31": "6.48%", "2010-04-30": "6.38%", "2010-01-31": "5.98%", "2009-10-31": "5.42%", "2009-07-31": "4.98%", "2009-04-30": "4.70%", "2009-01-31": "4.64%", "2008-10-31": "4.93%", "2008-07-31": "5.03%", "2008-04-30": "4.33%", "2008-01-31": "4.20%", "2007-10-31": "3.78%", "2007-07-31": "3.71%", "2007-04-30": "4.24%", "2007-01-31": "4.31%", "2006-10-31": "4.86%", "2006-07-31": "4.52%", "2006-04-30": "4.45%", "2006-01-31": "4.33%", "2005-10-31": "3.36%"}, "pe ratio": {"current": "115.00", "2021-02-11": "115.03", "2020-10-31": "84.35", "2020-07-31": "90.87", "2020-04-30": "35.67", "2020-01-31": "21.87", "2019-10-31": "22.35", "2019-07-31": "21.75", "2019-04-30": "22.10", "2019-01-31": "19.99", "2018-10-31": "21.95", "2018-07-31": "20.27", "2018-04-30": "18.89", "2018-01-31": "19.18", "2017-10-31": "18.12", "2017-07-31": "19.04", "2017-04-30": "21.28", "2017-01-31": "20.55", "2016-10-31": "20.39", "2016-07-31": "22.33", "2016-04-30": "20.89", "2016-01-31": "19.98", "2015-10-31": "20.84", "2015-07-31": "19.88", "2015-04-30": "18.72", "2015-01-31": "19.38", "2014-10-31": "19.30", "2014-07-31": "16.13", "2014-04-30": "17.98", "2014-01-31": "17.80", "2013-10-31": "18.76", "2013-07-31": "17.42", "2013-04-30": "16.91", "2013-01-31": "16.05", "2012-10-31": "16.00", "2012-07-31": "17.66", "2012-04-30": "17.43", "2012-01-31": "15.78", "2011-10-31": "15.17", "2011-07-31": "14.78", "2011-04-30": "15.00", "2011-01-31": "12.70", "2010-10-31": "11.90", "2010-07-31": "11.09", "2010-04-30": "12.84", "2010-01-31": "11.64", "2009-10-31": "13.05", "2009-07-31": "14.15", "2009-04-30": "11.67", "2009-01-31": "8.30", "2008-10-31": "10.95", "2008-07-31": "13.76", "2008-04-30": "15.56", "2008-01-31": "16.04", "2007-10-31": "16.97", "2007-07-31": "16.93", "2007-04-30": "15.20", "2007-01-31": "16.08", "2006-10-31": "14.14"}, "price sales": {"2021-02-11": "2.51", "2020-10-31": "1.84", "2020-07-31": "1.87", "2020-04-30": "1.62", "2020-01-31": "1.73", "2019-10-31": "1.73", "2019-07-31": "1.68", "2019-04-30": "1.71", "2019-01-31": "1.58", "2018-10-31": "1.76", "2018-07-31": "1.60", "2018-04-30": "1.44", "2018-01-31": "1.40", "2017-10-31": "1.27", "2017-07-31": "1.30", "2017-04-30": "1.48", "2017-01-31": "1.43", "2016-10-31": "1.43", "2016-07-31": "1.62", "2016-04-30": "1.53", "2016-01-31": "1.48", "2015-10-31": "1.56", "2015-07-31": "1.51", "2015-04-30": "1.42", "2015-01-31": "1.48", "2014-10-31": "1.46", "2014-07-31": "1.25", "2014-04-30": "1.39", "2014-01-31": "1.39", "2013-10-31": "1.49", "2013-07-31": "1.31", "2013-04-30": "1.26", "2013-01-31": "1.19", "2012-10-31": "1.14", "2012-07-31": "1.25", "2012-04-30": "1.21", "2012-01-31": "1.02", "2011-10-31": "0.91", "2011-07-31": "0.87", "2011-04-30": "0.87", "2011-01-31": "0.78", "2010-10-31": "0.78", "2010-07-31": "0.72", "2010-04-30": "0.82", "2010-01-31": "0.70", "2009-10-31": "0.71", "2009-07-31": "0.71", "2009-04-30": "0.56", "2009-01-31": "0.39", "2008-10-31": "0.55", "2008-07-31": "0.70", "2008-04-30": "0.69", "2008-01-31": "0.69", "2007-10-31": "0.65", "2007-07-31": "0.63", "2007-04-30": "0.65", "2007-01-31": "0.70", "2006-10-31": "0.69"}, "price book": {"current": "14.88", "2021-02-11": "14.89", "2020-10-31": "10.92", "2020-07-31": "13.33", "2020-04-30": "12.35", "2020-01-31": "11.81", "2019-10-31": "12.37", "2019-07-31": "12.30", "2019-04-30": "12.77", "2019-01-31": "11.76", "2018-10-31": "12.59", "2018-07-31": "11.24", "2018-04-30": "9.76", "2018-01-31": "9.45", "2017-10-31": "9.12", "2017-07-31": "9.42", "2017-04-30": "10.58", "2017-01-31": "10.19", "2016-10-31": "10.50", "2016-07-31": "11.36", "2016-04-30": "10.38", "2016-01-31": "10.28", "2015-10-31": "10.52", "2015-07-31": "10.25", "2015-04-30": "9.50", "2015-01-31": "9.80", "2014-10-31": "9.21", "2014-07-31": "7.95", "2014-04-30": "8.73", "2014-01-31": "8.75", "2013-10-31": "9.57", "2013-07-31": "8.80", "2013-04-30": "8.47", "2013-01-31": "8.08", "2012-10-31": "7.91", "2012-07-31": "8.66", "2012-04-30": "8.34", "2012-01-31": "7.10", "2011-10-31": "6.24", "2011-07-31": "6.04", "2011-04-30": "5.88", "2011-01-31": "5.27", "2010-10-31": "5.15", "2010-07-31": "4.91", "2010-04-30": "5.45", "2010-01-31": "4.70", "2009-10-31": "4.64", "2009-07-31": "4.70", "2009-04-30": "4.28", "2009-01-31": "3.23", "2008-10-31": "4.48", "2008-07-31": "5.71", "2008-04-30": "5.44", "2008-01-31": "5.38", "2007-10-31": "4.99", "2007-07-31": "4.82", "2007-04-30": "4.40", "2007-01-31": "4.90", "2006-10-31": "5.06", "2006-07-31": "4.87", "2006-04-30": "4.75", "2006-01-31": "5.15"}, "price fcf": {"2021-02-11": "", "2020-10-31": "$4.76", "2020-07-31": "$1.96", "2020-04-30": "$-0.36", "2020-01-31": "$2.32", "2019-10-31": "$1.80", "2019-07-31": "$1.84", "2019-04-30": "$1.85", "2019-01-31": "$2.35", "2018-10-31": "$1.94", "2018-07-31": "$1.84", "2018-04-30": "$1.74", "2018-01-31": "$1.52", "2017-10-31": "$1.80", "2017-07-31": "$1.91", "2017-04-30": "$1.97", "2017-01-31": "$1.96", "2016-10-31": "$1.79", "2016-07-31": "$1.64", "2016-04-30": "$1.47", "2016-01-31": "$1.51", "2015-10-31": "$1.43", "2015-07-31": "$1.40", "2015-04-30": "$1.47", "2015-01-31": "$1.49", "2014-10-31": "$1.33", "2014-07-31": "$1.39", "2014-04-30": "$1.31", "2014-01-31": "$1.14", "2013-10-31": "$1.12", "2013-07-31": "$1.03", "2013-04-30": "$1.12", "2013-01-31": "$1.39", "2012-10-31": "$1.48", "2012-07-31": "$1.37", "2012-04-30": "$1.07", "2012-01-31": "$0.72", "2011-10-31": "$0.55", "2011-07-31": "$0.50", "2011-04-30": "$0.50", "2011-01-31": "$0.78", "2010-10-31": "$0.86", "2010-07-31": "$0.97", "2010-04-30": "$1.14", "2010-01-31": "$1.08", "2009-10-31": "$0.73", "2009-07-31": "$0.52", "2009-04-30": "$0.41", "2009-01-31": "$0.32", "2008-10-31": "$0.52", "2008-07-31": "$0.57", "2008-04-30": "$0.58", "2008-01-31": "$0.45", "2007-10-31": "$0.43", "2007-07-31": "$0.43", "2007-04-30": "$0.42", "2007-01-31": "$0.43", "2006-10-31": "$0.44"}, "net worth": {"value": "$82.84B"}, "current ratio": {"current": "1.41", "2020-10-31": "1.41", "2020-07-31": "1.51", "2020-04-30": "2.21", "2020-01-31": "1.24", "2019-10-31": "1.22", "2019-07-31": "1.25", "2019-04-30": "1.23", "2019-01-31": "1.53", "2018-10-31": "1.55", "2018-07-31": "1.64", "2018-04-30": "1.69", "2018-01-31": "1.66", "2017-10-31": "1.53", "2017-07-31": "1.63", "2017-04-30": "1.64", "2017-01-31": "1.63", "2016-10-31": "1.62", "2016-07-31": "1.58", "2016-04-30": "1.60", "2016-01-31": "1.54", "2015-10-31": "1.53", "2015-07-31": "1.60", "2015-04-30": "1.63", "2015-01-31": "1.67", "2014-10-31": "1.63", "2014-07-31": "1.72", "2014-04-30": "1.68", "2014-01-31": "1.73", "2013-10-31": "1.64", "2013-07-31": "1.73", "2013-04-30": "1.71", "2013-01-31": "1.52", "2012-10-31": "1.58", "2012-07-31": "1.66", "2012-04-30": "1.66", "2012-01-31": "1.68", "2011-10-31": "1.60", "2011-07-31": "1.58", "2011-04-30": "1.62", "2011-01-31": "1.63", "2010-10-31": "1.64", "2010-07-31": "1.66", "2010-04-30": "1.69", "2010-01-31": "1.66", "2009-10-31": "1.64", "2009-07-31": "1.61", "2009-04-30": "1.32", "2009-01-31": "1.31", "2008-10-31": "1.32", "2008-07-31": "1.40", "2008-04-30": "1.44", "2008-01-31": "1.45", "2007-10-31": "1.37", "2007-07-31": "1.44", "2007-04-30": "1.61", "2007-01-31": "1.57", "2006-10-31": "1.44", "2006-07-31": "1.33", "2006-04-30": "1.40", "2006-01-31": "1.39", "2005-10-31": "1.17", "2005-07-31": "1.19", "2005-04-30": "1.23", "2005-01-31": "1.32"}, "quick ratio": {"2020-10-31": "0.99", "2020-07-31": "1.02", "2020-04-30": "1.15", "2020-01-31": "0.56", "2019-10-31": "0.40", "2019-07-31": "0.48", "2019-04-30": "0.46", "2019-01-31": "0.70", "2018-10-31": "0.63", "2018-07-31": "0.77", "2018-04-30": "0.81", "2018-01-31": "0.84", "2017-10-31": "0.67", "2017-07-31": "0.80", "2017-04-30": "0.83", "2017-01-31": "0.86", "2016-10-31": "0.73", "2016-07-31": "0.68", "2016-04-30": "0.69", "2016-01-31": "0.70", "2015-10-31": "0.59", "2015-07-31": "0.70", "2015-04-30": "0.77", "2015-01-31": "0.86", "2014-10-31": "0.73", "2014-07-31": "0.84", "2014-04-30": "0.82", "2014-01-31": "0.88", "2013-10-31": "0.73", "2013-07-31": "0.80", "2013-04-30": "0.83", "2013-01-31": "0.72", "2012-10-31": "0.67", "2012-07-31": "0.72", "2012-04-30": "0.74", "2012-01-31": "0.71", "2011-10-31": "0.51", "2011-07-31": "0.52", "2011-04-30": "0.64", "2011-01-31": "0.75", "2010-10-31": "0.63", "2010-07-31": "0.69", "2010-04-30": "0.83", "2010-01-31": "0.79", "2009-10-31": "0.64", "2009-07-31": "0.65", "2009-04-30": "0.48", "2009-01-31": "0.36", "2008-10-31": "0.31", "2008-07-31": "0.36", "2008-04-30": "0.41", "2008-01-31": "0.46", "2007-10-31": "0.29", "2007-07-31": "0.37", "2007-04-30": "0.49", "2007-01-31": "0.49", "2006-10-31": "0.25", "2006-07-31": "0.27", "2006-04-30": "0.30", "2006-01-31": "0.34", "2005-10-31": "0.20", "2005-07-31": "0.20", "2005-04-30": "0.22", "2005-01-31": "0.25"}, "debt equity ratio": {"current": "0.98", "2020-10-31": "4.67", "2020-07-31": "4.70", "2020-04-30": "4.36", "2020-01-31": "3.06", "2019-10-31": "3.38", "2019-07-31": "3.31", "2019-04-30": "3.38", "2019-01-31": "1.84", "2018-10-31": "1.86", "2018-07-31": "1.70", "2018-04-30": "1.66", "2018-01-31": "1.73", "2017-10-31": "1.99", "2017-07-31": "1.85", "2017-04-30": "1.80", "2017-01-31": "1.86", "2016-10-31": "1.97", "2016-07-31": "1.62", "2016-04-30": "1.58", "2016-01-31": "1.67", "2015-10-31": "1.73", "2015-07-31": "1.62", "2015-04-30": "1.61", "2015-01-31": "1.58", "2014-10-31": "1.65", "2014-07-31": "1.56", "2014-04-30": "1.44", "2014-01-31": "1.41", "2013-10-31": "1.59", "2013-07-31": "1.58", "2013-04-30": "1.62", "2013-01-31": "1.60", "2012-10-31": "1.65", "2012-07-31": "1.55", "2012-04-30": "1.55", "2012-01-31": "1.58", "2011-10-31": "1.68", "2011-07-31": "1.61", "2011-04-30": "1.56", "2011-01-31": "1.57", "2010-10-31": "1.63", "2010-07-31": "1.59", "2010-04-30": "1.55", "2010-01-31": "1.58", "2009-10-31": "1.72", "2009-07-31": "1.77", "2009-04-30": "1.97", "2009-01-31": "1.89", "2008-10-31": "2.19", "2008-07-31": "2.21", "2008-04-30": "2.11", "2008-01-31": "2.10", "2007-10-31": "2.24", "2007-07-31": "2.07", "2007-04-30": "1.68", "2007-01-31": "1.66", "2006-10-31": "1.90", "2006-07-31": "2.20", "2006-04-30": "1.91", "2006-01-31": "1.90", "2005-10-31": "2.54", "2005-07-31": "2.47", "2005-04-30": "2.18", "2005-01-31": "1.91"}, "return on equity": {"2020-10-31": "14.36%", "2020-07-31": "13.63%", "2020-04-30": "31.30%", "2020-01-31": "59.69%", "2019-10-31": "59.52%", "2019-07-31": "59.07%", "2019-04-30": "58.92%", "2019-01-31": "58.86%", "2018-10-31": "59.25%", "2018-07-31": "58.65%", "2018-04-30": "56.89%", "2018-01-31": "55.21%", "2017-10-31": "52.77%", "2017-07-31": "51.67%", "2017-04-30": "52.13%", "2017-01-31": "51.56%", "2016-10-31": "51.89%", "2016-07-31": "52.67%", "2016-04-30": "52.90%", "2016-01-31": "52.88%", "2015-10-31": "52.60%", "2015-07-31": "52.71%", "2015-04-30": "51.99%", "2015-01-31": "51.52%", "2014-10-31": "50.09%", "2014-07-31": "51.49%", "2014-04-30": "51.90%", "2014-01-31": "53.56%", "2013-10-31": "56.12%", "2013-07-31": "54.26%", "2013-04-30": "54.35%", "2013-01-31": "55.06%", "2012-10-31": "53.06%", "2012-07-31": "52.49%", "2012-04-30": "51.38%", "2012-01-31": "47.39%", "2011-10-31": "43.29%", "2011-07-31": "42.45%", "2011-04-30": "41.51%", "2011-01-31": "43.92%", "2010-10-31": "46.72%", "2010-07-31": "46.58%", "2010-04-30": "45.67%", "2010-01-31": "44.16%", "2009-10-31": "41.78%", "2009-07-31": "40.64%", "2009-04-30": "41.15%", "2009-01-31": "41.40%", "2008-10-31": "43.77%", "2008-07-31": "44.29%", "2008-04-30": "37.50%", "2008-01-31": "34.86%", "2007-10-31": "29.98%", "2007-07-31": "29.08%", "2007-04-30": "33.61%", "2007-01-31": "35.70%", "2006-10-31": "41.77%", "2006-07-31": "40.68%", "2006-04-30": "40.66%", "2006-01-31": "40.82%", "2005-10-31": "31.64%"}, "return on assets": {"2020-10-31": "2.79%", "2020-07-31": "2.84%", "2020-04-30": "6.97%", "2020-01-31": "13.96%", "2019-10-31": "14.91%", "2019-07-31": "16.40%", "2019-04-30": "18.46%", "2019-01-31": "21.30%", "2018-10-31": "21.64%", "2018-07-31": "21.22%", "2018-04-30": "20.31%", "2018-01-31": "19.44%", "2017-10-31": "18.36%", "2017-07-31": "18.01%", "2017-04-30": "18.54%", "2017-01-31": "18.71%", "2016-10-31": "19.16%", "2016-07-31": "19.89%", "2016-04-30": "19.98%", "2016-01-31": "19.91%", "2015-10-31": "19.97%", "2015-07-31": "20.16%", "2015-04-30": "20.00%", "2015-01-31": "20.17%", "2014-10-31": "19.92%", "2014-07-31": "20.62%", "2014-04-30": "20.75%", "2014-01-31": "21.05%", "2013-10-31": "21.64%", "2013-07-31": "20.81%", "2013-04-30": "20.89%", "2013-01-31": "21.29%", "2012-10-31": "20.55%", "2012-07-31": "20.28%", "2012-04-30": "19.73%", "2012-01-31": "18.18%", "2011-10-31": "16.62%", "2011-07-31": "16.38%", "2011-04-30": "16.05%", "2011-01-31": "16.99%", "2010-10-31": "18.05%", "2010-07-31": "17.86%", "2010-04-30": "17.22%", "2010-01-31": "16.07%", "2009-10-31": "14.79%", "2009-07-31": "13.81%", "2009-04-30": "13.42%", "2009-01-31": "13.35%", "2008-10-31": "13.88%", "2008-07-31": "13.99%", "2008-04-30": "11.98%", "2008-01-31": "11.57%", "2007-10-31": "10.33%", "2007-07-31": "10.31%", "2007-04-30": "11.83%", "2007-01-31": "12.30%", "2006-10-31": "14.04%", "2006-07-31": "13.02%", "2006-04-30": "12.77%", "2006-01-31": "12.52%", "2005-10-31": "9.68%"}, "return on investments": {"2020-10-31": "10.13%", "2020-07-31": "11.58%", "2020-04-30": "24.37%", "2020-01-31": "57.21%", "2019-10-31": "56.91%", "2019-07-31": "56.45%", "2019-04-30": "56.22%", "2019-01-31": "56.29%", "2018-10-31": "55.29%", "2018-07-31": "56.15%", "2018-04-30": "56.18%", "2018-01-31": "55.92%", "2017-10-31": "57.04%", "2017-07-31": "56.62%", "2017-04-30": "58.52%", "2017-01-31": "59.86%", "2016-10-31": "61.42%", "2016-07-31": "62.93%", "2016-04-30": "62.91%", "2016-01-31": "62.58%", "2015-10-31": "62.03%", "2015-07-31": "62.20%", "2015-04-30": "61.53%", "2015-01-31": "61.81%", "2014-10-31": "61.17%", "2014-07-31": "61.38%", "2014-04-30": "62.14%", "2014-01-31": "63.62%", "2013-10-31": "67.54%", "2013-07-31": "68.85%", "2013-04-30": "70.55%", "2013-01-31": "73.27%", "2012-10-31": "70.36%", "2012-07-31": "69.49%", "2012-04-30": "67.60%", "2012-01-31": "62.12%", "2011-10-31": "56.79%", "2011-07-31": "55.38%", "2011-04-30": "54.24%", "2011-01-31": "57.33%", "2010-10-31": "60.78%", "2010-07-31": "60.71%", "2010-04-30": "59.00%", "2010-01-31": "57.88%", "2009-10-31": "55.56%", "2009-07-31": "54.24%", "2009-04-30": "54.50%", "2009-01-31": "51.55%", "2008-10-31": "52.79%", "2008-07-31": "51.71%", "2008-04-30": "43.29%", "2008-01-31": "41.22%", "2007-10-31": "37.50%", "2007-07-31": "36.79%", "2007-04-30": "42.54%", "2007-01-31": "44.45%", "2006-10-31": "44.60%", "2006-07-31": "43.36%", "2006-04-30": "43.50%", "2006-01-31": "44.27%", "2005-10-31": "39.06%"}, "return on tangible equity": {"2020-10-31": "14.63%", "2020-07-31": "13.89%", "2020-04-30": "31.87%", "2020-01-31": "60.76%", "2019-10-31": "60.64%", "2019-07-31": "60.20%", "2019-04-30": "60.05%", "2019-01-31": "59.99%", "2018-10-31": "60.39%", "2018-07-31": "60.11%", "2018-04-30": "58.66%", "2018-01-31": "57.30%", "2017-10-31": "55.15%", "2017-07-31": "54.04%", "2017-04-30": "54.53%", "2017-01-31": "53.94%", "2016-10-31": "54.30%", "2016-07-31": "55.59%", "2016-04-30": "56.25%", "2016-01-31": "56.68%", "2015-10-31": "56.79%", "2015-07-31": "56.80%", "2015-04-30": "56.04%", "2015-01-31": "55.55%", "2014-10-31": "54.02%", "2014-07-31": "55.60%", "2014-04-30": "56.16%", "2014-01-31": "58.13%", "2013-10-31": "61.11%", "2013-07-31": "58.73%", "2013-04-30": "58.39%", "2013-01-31": "58.69%", "2012-10-31": "56.07%", "2012-07-31": "55.54%", "2012-04-30": "54.44%", "2012-01-31": "50.25%", "2011-10-31": "45.93%", "2011-07-31": "45.06%", "2011-04-30": "44.09%", "2011-01-31": "46.67%", "2010-10-31": "49.70%", "2010-07-31": "49.59%", "2010-04-30": "48.67%", "2010-01-31": "47.25%", "2009-10-31": "44.94%", "2009-07-31": "44.00%", "2009-04-30": "44.84%", "2009-01-31": "45.22%", "2008-10-31": "47.82%", "2008-07-31": "48.41%", "2008-04-30": "40.99%", "2008-01-31": "37.99%", "2007-10-31": "32.63%", "2007-07-31": "31.64%", "2007-04-30": "36.68%", "2007-01-31": "39.18%", "2006-10-31": "46.08%", "2006-07-31": "45.21%", "2006-04-30": "45.37%", "2006-01-31": "45.78%", "2005-10-31": "35.58%"}, "dividend yield history": {"last payout": "$0.00", "last yield": "0.00%"}}