{"ticker": "TOL", "price": {"title": "Toll Brothers Historical Annual Stock Price Data", "value": 53.62, "historical": {"2021": {"Average Stock Price": "48.1292", "Year Open": "42.6600", "Year High": "53.6200", "Year Low": "42.3600", "Year Close": "53.6200", "Annual % Change": "23.35%"}, "2020": {"Average Stock Price": "38.0453", "Year Open": "40.0800", "Year High": "49.8300", "Year Low": "13.8000", "Year Close": "43.4700", "Annual % Change": "10.02%"}, "2019": {"Average Stock Price": "37.5450", "Year Open": "33.4600", "Year High": "41.4200", "Year Low": "33.2000", "Year Close": "39.5100", "Annual % Change": "19.98%"}, "2018": {"Average Stock Price": "39.0016", "Year Open": "48.3200", "Year High": "52.5400", "Year Low": "28.9300", "Year Close": "32.9300", "Annual % Change": "-31.42%"}, "2017": {"Average Stock Price": "39.0232", "Year Open": "31.3100", "Year High": "50.6600", "Year Low": "30.9000", "Year Close": "48.0200", "Annual % Change": "54.90%"}, "2016": {"Average Stock Price": "28.6491", "Year Open": "32.7300", "Year High": "32.9800", "Year Low": "24.1000", "Year Close": "31.0000", "Annual % Change": "-6.91%"}, "2015": {"Average Stock Price": "36.8825", "Year Open": "34.2300", "Year High": "41.8800", "Year Low": "32.8000", "Year Close": "33.3000", "Annual % Change": "-2.83%"}, "2014": {"Average Stock Price": "34.7629", "Year Open": "36.6300", "Year High": "39.5500", "Year Low": "29.1800", "Year Close": "34.2700", "Annual % Change": "-7.38%"}, "2013": {"Average Stock Price": "33.6479", "Year Open": "33.4800", "Year High": "37.9800", "Year Low": "30.1000", "Year Close": "37.0000", "Annual % Change": "14.44%"}, "2012": {"Average Stock Price": "28.2644", "Year Open": "21.0100", "Year High": "36.4300", "Year Low": "21.0100", "Year Close": "32.3300", "Annual % Change": "58.33%"}, "2011": {"Average Stock Price": "19.2834", "Year Open": "19.5400", "Year High": "21.9000", "Year Low": "13.7500", "Year Close": "20.4200", "Annual % Change": "7.47%"}, "2010": {"Average Stock Price": "18.9395", "Year Open": "19.0500", "Year High": "23.1500", "Year Low": "16.0200", "Year Close": "19.0000", "Annual % Change": "1.01%"}, "2009": {"Average Stock Price": "18.9006", "Year Open": "21.5900", "Year High": "23.4200", "Year Low": "14.2600", "Year Close": "18.8100", "Annual % Change": "-12.23%"}, "2008": {"Average Stock Price": "21.1549", "Year Open": "19.5500", "Year High": "26.8400", "Year Low": "14.9000", "Year Close": "21.4300", "Annual % Change": "6.83%"}, "2007": {"Average Stock Price": "25.7659", "Year Open": "31.4400", "Year High": "35.3500", "Year Low": "18.1300", "Year Close": "20.0600", "Annual % Change": "-37.76%"}, "2006": {"Average Stock Price": "29.8000", "Year Open": "36.4500", "Year High": "39.9000", "Year Low": "22.6700", "Year Close": "32.2300", "Annual % Change": "-6.96%"}, "2005": {"Average Stock Price": "42.3263", "Year Open": "33.9900", "Year High": "58.2500", "Year Low": "32.8500", "Year Close": "34.6400", "Annual % Change": "0.98%"}, "2004": {"Average Stock Price": "22.2782", "Year Open": "19.2400", "Year High": "34.3050", "Year Low": "18.4250", "Year Close": "34.3050", "Annual % Change": "72.56%"}, "2003": {"Average Stock Price": "14.0919", "Year Open": "10.7250", "Year High": "21.5000", "Year Low": "8.8750", "Year Close": "19.8800", "Annual % Change": "96.83%"}, "2002": {"Average Stock Price": "12.1182", "Year Open": "10.9250", "Year High": "15.6900", "Year Low": "8.9850", "Year Close": "10.1000", "Annual % Change": "-7.97%"}, "2001": {"Average Stock Price": "8.9630", "Year Open": "9.7025", "Year High": "11.3325", "Year Low": "6.7500", "Year Close": "10.9750", "Annual % Change": "7.39%"}, "2000": {"Average Stock Price": "6.3704", "Year Open": "4.5775", "Year High": "10.5000", "Year Low": "4.0300", "Year Close": "10.2200", "Annual % Change": "119.55%"}, "1999": {"Average Stock Price": "5.0584", "Year Open": "5.7200", "Year High": "6.0000", "Year Low": "3.9850", "Year Close": "4.6550", "Annual % Change": "-17.46%"}, "1998": {"Average Stock Price": "6.6493", "Year Open": "6.5475", "Year High": "7.8125", "Year Low": "4.7350", "Year Close": "5.6400", "Annual % Change": "-15.66%"}, "1997": {"Average Stock Price": "5.2052", "Year Open": "4.8750", "Year High": "6.8600", "Year Low": "4.4050", "Year Close": "6.6875", "Annual % Change": "37.18%"}, "1996": {"Average Stock Price": "4.3907", "Year Open": "5.7200", "Year High": "5.7500", "Year Low": "3.7500", "Year Close": "4.8750", "Annual % Change": "-15.22%"}, "1995": {"Average Stock Price": "3.8643", "Year Open": "2.5300", "Year High": "5.7500", "Year Low": "2.5300", "Year Close": "5.7500", "Annual % Change": "130.00%"}, "1994": {"Average Stock Price": "3.2795", "Year Open": "4.2500", "Year High": "4.8750", "Year Low": "2.3125", "Year Close": "2.5000", "Annual % Change": "-41.59%"}, "1993": {"Average Stock Price": "3.4474", "Year Open": "3.3125", "Year High": "4.4050", "Year Low": "2.3450", "Year Close": "4.2800", "Annual % Change": "27.95%"}, "1992": {"Average Stock Price": "2.6286", "Year Open": "2.6250", "Year High": "3.4375", "Year Low": "1.9050", "Year Close": "3.3450", "Annual % Change": "18.93%"}, "1991": {"Average Stock Price": "1.6899", "Year Open": "0.6875", "Year High": "3.0300", "Year Low": "0.5950", "Year Close": "2.8125", "Annual % Change": "329.39%"}, "1990": {"Average Stock Price": "0.7563", "Year Open": "0.7500", "Year High": "0.9700", "Year Low": "0.5625", "Year Close": "0.6550", "Annual % Change": "-19.38%"}, "1989": {"Average Stock Price": "1.1001", "Year Open": "1.2500", "Year High": "1.4700", "Year Low": "0.7500", "Year Close": "0.8125", "Annual % Change": "-31.58%"}, "1988": {"Average Stock Price": "1.3957", "Year Open": "1.4700", "Year High": "1.9375", "Year Low": "1.0000", "Year Close": "1.1875", "Annual % Change": "-9.52%"}}}, "market cap": {"value": "$6.59B"}, "income statement": {"Revenue": {"2020-10-31": "7077.65900", "2019-10-31": "7223.96600", "2018-10-31": "7143.25800", "2017-10-31": "5815.05800", "2016-10-31": "5169.50800", "2015-10-31": "4171.24800", "2014-10-31": "3911.60200", "2013-10-31": "2674.29900", "2012-10-31": "1882.78100", "2011-10-31": "1475.88100", "2010-10-31": "1494.77100", "2009-10-31": "1755.31000", "2008-10-31": "3148.16600", "2007-10-31": "4635.09300", "2006-10-31": "6123.45300", "2005-10-31": "5793.42500"}, "Cost Of Goods Sold": {"2020-10-31": "5659.95700", "2019-10-31": "5663.92100", "2018-10-31": "5536.81200", "2017-10-31": "4562.30300", "2016-10-31": "4144.06500", "2015-10-31": "3269.27000", "2014-10-31": "3081.83700", "2013-10-31": "2133.30000", "2012-10-31": "1532.09500", "2011-10-31": "1260.77000", "2010-10-31": "1376.55800", "2009-10-31": "1951.31200", "2008-10-31": "3119.80500", "2007-10-31": "4116.90400", "2006-10-31": "4524.45800", "2005-10-31": "4052.39600"}, "Gross Profit": {"2020-10-31": "1417.70200", "2019-10-31": "1560.04500", "2018-10-31": "1606.44600", "2017-10-31": "1252.75500", "2016-10-31": "1025.44300", "2015-10-31": "901.97800", "2014-10-31": "829.76510", "2013-10-31": "540.99900", "2012-10-31": "350.68600", "2011-10-31": "215.11100", "2010-10-31": "118.21300", "2009-10-31": "-196.00200", "2008-10-31": "28.36110", "2007-10-31": "518.18900", "2006-10-31": "1598.99500", "2005-10-31": "1741.02900"}, "Research And Development Expenses": {"2020-10-31": "", "2019-10-31": "", "2018-10-31": "", "2017-10-31": "", "2016-10-31": "", "2015-10-31": "", "2014-10-31": "", "2013-10-31": "", "2012-10-31": "", "2011-10-31": "", "2010-10-31": "", "2009-10-31": "", "2008-10-31": "", "2007-10-31": "", "2006-10-31": "", "2005-10-31": ""}, "SG&A Expenses": {"2020-10-31": "867.44200", "2019-10-31": "879.24500", "2018-10-31": "820.23000", "2017-10-31": "605.57200", "2016-10-31": "533.11800", "2015-10-31": "455.10800", "2014-10-31": "432.51600", "2013-10-31": "339.93200", "2012-10-31": "287.25700", "2011-10-31": "261.35500", "2010-10-31": "263.22400", "2009-10-31": "313.20900", "2008-10-31": "429.89400", "2007-10-31": "516.72900", "2006-10-31": "573.40400", "2005-10-31": "482.78600"}, "Other Operating Income Or Expenses": {"2020-10-31": "", "2019-10-31": "", "2018-10-31": "", "2017-10-31": "", "2016-10-31": "", "2015-10-31": "", "2014-10-31": "", "2013-10-31": "", "2012-10-31": "", "2011-10-31": "", "2010-10-31": "", "2009-10-31": "", "2008-10-31": "", "2007-10-31": "", "2006-10-31": "", "2005-10-31": ""}, "Operating Expenses": {"2020-10-31": "6527.39900", "2019-10-31": "6543.16600", "2018-10-31": "6357.04200", "2017-10-31": "5167.87500", "2016-10-31": "4677.18300", "2015-10-31": "3724.37800", "2014-10-31": "3514.35300", "2013-10-31": "2473.23200", "2012-10-31": "1819.35200", "2011-10-31": "1522.12500", "2010-10-31": "1639.78200", "2009-10-31": "2272.47000", "2008-10-31": "3552.93200", "2007-10-31": "4642.60600", "2006-10-31": "5097.86200", "2005-10-31": "4535.18200"}, "Operating Income": {"2020-10-31": "550.26030", "2019-10-31": "680.79980", "2018-10-31": "786.21580", "2017-10-31": "647.18310", "2016-10-31": "492.32470", "2015-10-31": "446.87010", "2014-10-31": "397.24900", "2013-10-31": "201.06710", "2012-10-31": "63.42910", "2011-10-31": "-46.24400", "2010-10-31": "-145.01100", "2009-10-31": "-517.15990", "2008-10-31": "-404.76590", "2007-10-31": "-7.51320", "2006-10-31": "1025.59100", "2005-10-31": "1258.24300"}, "Total Non-Operating Income/Expense": {"2020-10-31": "36.64100", "2019-10-31": "106.37000", "2018-10-31": "147.70000", "2017-10-31": "167.12800", "2016-10-31": "96.70200", "2015-10-31": "88.69200", "2014-10-31": "107.33300", "2013-10-31": "66.63000", "2012-10-31": "49.51300", "2011-10-31": "16.87800", "2010-10-31": "27.82400", "2009-10-31": "20.69500", "2008-10-31": "-62.02100", "2007-10-31": "78.19300", "2006-10-31": "101.02500", "2005-10-31": "64.88500"}, "Pre-Tax Income": {"2020-10-31": "586.90100", "2019-10-31": "787.17000", "2018-10-31": "933.91600", "2017-10-31": "814.31100", "2016-10-31": "589.02700", "2015-10-31": "535.56200", "2014-10-31": "504.58200", "2013-10-31": "267.69700", "2012-10-31": "112.94200", "2011-10-31": "-29.36600", "2010-10-31": "-117.18700", "2009-10-31": "-496.46500", "2008-10-31": "-466.78700", "2007-10-31": "70.68000", "2006-10-31": "1126.61600", "2005-10-31": "1323.12800"}, "Income Taxes": {"2020-10-31": "140.27700", "2019-10-31": "197.16300", "2018-10-31": "185.76500", "2017-10-31": "278.81600", "2016-10-31": "206.93200", "2015-10-31": "172.39500", "2014-10-31": "164.55000", "2013-10-31": "97.09100", "2012-10-31": "-374.20400", "2011-10-31": "-69.16100", "2010-10-31": "-113.81300", "2009-10-31": "259.36000", "2008-10-31": "-168.97700", "2007-10-31": "35.02900", "2006-10-31": "439.40300", "2005-10-31": "517.01800"}, "Income After Taxes": {"2020-10-31": "446.62400", "2019-10-31": "590.00700", "2018-10-31": "748.15100", "2017-10-31": "535.49500", "2016-10-31": "382.09500", "2015-10-31": "363.16700", "2014-10-31": "340.03200", "2013-10-31": "170.60600", "2012-10-31": "487.14600", "2011-10-31": "39.79500", "2010-10-31": "-3.37400", "2009-10-31": "-755.82500", "2008-10-31": "-297.81000", "2007-10-31": "35.65100", "2006-10-31": "687.21300", "2005-10-31": "806.11000"}, "Other Income": {"2020-10-31": "", "2019-10-31": "", "2018-10-31": "", "2017-10-31": "", "2016-10-31": "", "2015-10-31": "", "2014-10-31": "", "2013-10-31": "", "2012-10-31": "", "2011-10-31": "", "2010-10-31": "", "2009-10-31": "", "2008-10-31": "", "2007-10-31": "", "2006-10-31": "", "2005-10-31": ""}, "Income From Continuous Operations": {"2020-10-31": "446.62400", "2019-10-31": "590.00700", "2018-10-31": "748.15100", "2017-10-31": "535.49500", "2016-10-31": "382.09500", "2015-10-31": "363.16700", "2014-10-31": "340.03200", "2013-10-31": "170.60600", "2012-10-31": "487.14600", "2011-10-31": "39.79500", "2010-10-31": "-3.37400", "2009-10-31": "-755.82500", "2008-10-31": "-297.81000", "2007-10-31": "35.65100", "2006-10-31": "687.21300", "2005-10-31": "806.11000"}, "Income From Discontinued Operations": {"2020-10-31": "", "2019-10-31": "", "2018-10-31": "", "2017-10-31": "", "2016-10-31": "", "2015-10-31": "", "2014-10-31": "", "2013-10-31": "", "2012-10-31": "", "2011-10-31": "", "2010-10-31": "", "2009-10-31": "", "2008-10-31": "", "2007-10-31": "", "2006-10-31": "", "2005-10-31": ""}, "Net Income": {"2020-10-31": "446.62400", "2019-10-31": "590.00700", "2018-10-31": "748.15100", "2017-10-31": "535.49500", "2016-10-31": "382.09500", "2015-10-31": "363.16700", "2014-10-31": "340.03200", "2013-10-31": "170.60600", "2012-10-31": "487.14600", "2011-10-31": "39.79500", "2010-10-31": "-3.37400", "2009-10-31": "-755.82500", "2008-10-31": "-297.81000", "2007-10-31": "35.65100", "2006-10-31": "687.21300", "2005-10-31": "806.11000"}, "EBITDA": {"2020-10-31": "619.13320", "2019-10-31": "752.94880", "2018-10-31": "811.47480", "2017-10-31": "672.54410", "2016-10-31": "515.44570", "2015-10-31": "470.42710", "2014-10-31": "420.24800", "2013-10-31": "226.27710", "2012-10-31": "86.01510", "2011-10-31": "-23.10200", "2010-10-31": "-124.96700", "2009-10-31": "-485.28590", "2008-10-31": "-373.19990", "2007-10-31": "32.69980", "2006-10-31": "1057.90500", "2005-10-31": "1282.59000"}, "EBIT": {"2020-10-31": "550.26030", "2019-10-31": "680.79980", "2018-10-31": "786.21580", "2017-10-31": "647.18310", "2016-10-31": "492.32470", "2015-10-31": "446.87010", "2014-10-31": "397.24900", "2013-10-31": "201.06710", "2012-10-31": "63.42910", "2011-10-31": "-46.24400", "2010-10-31": "-145.01100", "2009-10-31": "-509.21090", "2008-10-31": "-404.76590", "2007-10-31": "-7.51320", "2006-10-31": "1025.59100", "2005-10-31": "1258.24300"}, "Basic Shares Outstanding": {"2020-10-31": "130.09500", "2019-10-31": "145.00800", "2018-10-31": "151.98400", "2017-10-31": "162.22200", "2016-10-31": "168.26100", "2015-10-31": "176.42500", "2014-10-31": "177.57800", "2013-10-31": "169.28800", "2012-10-31": "167.34600", "2011-10-31": "167.14000", "2010-10-31": "165.66600", "2009-10-31": "161.54900", "2008-10-31": "158.73000", "2007-10-31": "155.31800", "2006-10-31": "154.30000", "2005-10-31": "154.27200"}, "Shares Outstanding": {"2020-10-31": "131.24700", "2019-10-31": "146.50100", "2018-10-31": "154.20100", "2017-10-31": "169.48700", "2016-10-31": "175.97300", "2015-10-31": "184.70300", "2014-10-31": "185.87500", "2013-10-31": "177.96300", "2012-10-31": "170.15400", "2011-10-31": "168.38100", "2010-10-31": "165.66600", "2009-10-31": "161.54900", "2008-10-31": "158.73000", "2007-10-31": "164.16600", "2006-10-31": "164.85200", "2005-10-31": "168.55200"}, "Basic EPS": {"2020-10-31": "3.43000", "2019-10-31": "4.07000", "2018-10-31": "4.92000", "2017-10-31": "3.30000", "2016-10-31": "2.27000", "2015-10-31": "2.06000", "2014-10-31": "1.91000", "2013-10-31": "1.01000", "2012-10-31": "2.91000", "2011-10-31": "0.24000", "2010-10-31": "-0.02000", "2009-10-31": "-4.68000", "2008-10-31": "-1.88000", "2007-10-31": "0.23000", "2006-10-31": "4.45000", "2005-10-31": "5.23000"}, "EPS - Earnings Per Share": {"2020-10-31": "3.40000", "2019-10-31": "4.03000", "2018-10-31": "4.85000", "2017-10-31": "3.17000", "2016-10-31": "2.18000", "2015-10-31": "1.97000", "2014-10-31": "1.84000", "2013-10-31": "0.97000", "2012-10-31": "2.86000", "2011-10-31": "0.24000", "2010-10-31": "-0.02000", "2009-10-31": "-4.68000", "2008-10-31": "-1.88000", "2007-10-31": "0.22000", "2006-10-31": "4.17000", "2005-10-31": "4.78000"}}, "income statement, quarterly": {"Revenue": {"2020-10-31": "2545.66700", "2020-07-31": "1651.48900", "2020-04-30": "1549.07200", "2020-01-31": "1331.43100", "2019-10-31": "2379.00000", "2019-07-31": "1765.69100", "2019-04-30": "1716.09400", "2019-01-31": "1363.18100", "2018-10-31": "2455.23800", "2018-07-31": "1913.35300", "2018-04-30": "1599.19900", "2018-01-31": "1175.46800", "2017-10-31": "2027.90700", "2017-07-31": "1502.90900", "2017-04-30": "1363.51200", "2017-01-31": "920.73000", "2016-10-31": "1855.45100", "2016-07-31": "1269.93400", "2016-04-30": "1115.55700", "2016-01-31": "928.56600", "2015-10-31": "1437.20200", "2015-07-31": "1028.01100", "2015-04-30": "852.58300", "2015-01-31": "853.45200", "2014-10-31": "1350.69000", "2014-07-31": "1056.85700", "2014-04-30": "860.37400", "2014-01-31": "643.68100", "2013-10-31": "1044.53400", "2013-07-31": "689.16000", "2013-04-30": "516.00400", "2013-01-31": "424.60100", "2012-10-31": "632.82600", "2012-07-31": "554.31900", "2012-04-30": "373.68100", "2012-01-31": "321.95500", "2011-10-31": "427.78490", "2011-07-31": "394.30500", "2011-04-30": "319.67500", "2011-01-31": "334.11600", "2010-10-31": "402.60000", "2010-07-31": "454.20200", "2010-04-30": "311.27100", "2010-01-31": "326.69800", "2009-10-31": "486.58500", "2009-07-31": "461.37500", "2009-04-30": "398.32700", "2009-01-31": "409.02300", "2008-10-31": "691.12900", "2008-07-31": "796.71100", "2008-04-30": "817.99700", "2008-01-31": "842.32900", "2007-10-31": "1157.45400", "2007-07-31": "1212.35100", "2007-04-30": "1174.67700", "2007-01-31": "1090.61100", "2006-10-31": "1808.75100", "2006-07-31": "1531.21300", "2006-04-30": "1442.53300", "2006-01-31": "1340.95600", "2005-10-31": "2020.22300", "2005-07-31": "1547.08200", "2005-04-30": "1235.79800", "2005-01-31": "990.32200"}, "Cost Of Goods Sold": {"2020-10-31": "1949.47300", "2020-07-31": "1341.19500", "2020-04-30": "1277.10700", "2020-01-31": "1092.18200", "2019-10-31": "1802.16700", "2019-07-31": "1407.98700", "2019-04-30": "1377.26800", "2019-01-31": "1076.49800", "2018-10-31": "1794.55600", "2018-07-31": "1509.61900", "2018-04-30": "1298.15700", "2018-01-31": "934.48000", "2017-10-31": "1575.83300", "2017-07-31": "1176.02800", "2017-04-30": "1077.44100", "2017-01-31": "733.00200", "2016-10-31": "1569.76700", "2016-07-31": "991.41600", "2016-04-30": "870.57100", "2016-01-31": "712.31100", "2015-10-31": "1116.33200", "2015-07-31": "824.39400", "2015-04-30": "678.51200", "2015-01-31": "650.03200", "2014-10-31": "1062.57500", "2014-07-31": "817.23200", "2014-04-30": "687.99800", "2014-01-31": "514.03200", "2013-10-31": "822.26100", "2013-07-31": "545.08900", "2013-04-30": "420.01300", "2013-01-31": "345.93700", "2012-10-31": "505.73790", "2012-07-31": "447.92800", "2012-04-30": "306.82100", "2012-01-31": "271.60800", "2011-10-31": "362.50400", "2011-07-31": "339.94700", "2011-04-30": "276.35400", "2011-01-31": "281.96500", "2010-10-31": "363.98300", "2010-07-31": "389.50500", "2010-04-30": "305.58300", "2010-01-31": "317.48700", "2009-10-31": "506.02400", "2009-07-31": "511.54800", "2009-04-30": "447.76000", "2009-01-31": "485.98000", "2008-10-31": "670.40390", "2008-07-31": "738.92600", "2008-04-30": "842.42600", "2008-01-31": "868.04900", "2007-10-31": "1135.26600", "2007-07-31": "1078.30800", "2007-04-30": "1007.35000", "2007-01-31": "895.98000", "2006-10-31": "1405.90200", "2006-07-31": "1114.83000", "2006-04-30": "1039.69900", "2006-01-31": "964.02700", "2005-10-31": "1411.27200", "2005-07-31": "1068.94900", "2005-04-30": "864.09090", "2005-01-31": "708.08400"}, "Gross Profit": {"2020-10-31": "596.19420", "2020-07-31": "310.29390", "2020-04-30": "271.96510", "2020-01-31": "239.24900", "2019-10-31": "576.83250", "2019-07-31": "357.70400", "2019-04-30": "338.82590", "2019-01-31": "286.68300", "2018-10-31": "660.68190", "2018-07-31": "403.73400", "2018-04-30": "301.04200", "2018-01-31": "240.98800", "2017-10-31": "452.07450", "2017-07-31": "326.88110", "2017-04-30": "286.07090", "2017-01-31": "187.72800", "2016-10-31": "285.68380", "2016-07-31": "278.51790", "2016-04-30": "244.98600", "2016-01-31": "216.25500", "2015-10-31": "320.87000", "2015-07-31": "203.61700", "2015-04-30": "174.07100", "2015-01-31": "203.42000", "2014-10-31": "288.11510", "2014-07-31": "239.62510", "2014-04-30": "172.37600", "2014-01-31": "129.64900", "2013-10-31": "222.27320", "2013-07-31": "144.07100", "2013-04-30": "95.99100", "2013-01-31": "78.66400", "2012-10-31": "127.08810", "2012-07-31": "106.39100", "2012-04-30": "66.86000", "2012-01-31": "50.34700", "2011-10-31": "65.28090", "2011-07-31": "54.35800", "2011-04-30": "43.32100", "2011-01-31": "52.15100", "2010-10-31": "38.61700", "2010-07-31": "64.69700", "2010-04-30": "5.68800", "2010-01-31": "9.21100", "2009-10-31": "-19.43900", "2009-07-31": "-50.17300", "2009-04-30": "-49.43300", "2009-01-31": "-76.95700", "2008-10-31": "20.72520", "2008-07-31": "57.78500", "2008-04-30": "-24.42900", "2008-01-31": "-25.72000", "2007-10-31": "22.18800", "2007-07-31": "134.04300", "2007-04-30": "167.32700", "2007-01-31": "194.63100", "2006-10-31": "402.84940", "2006-07-31": "416.38310", "2006-04-30": "402.83400", "2006-01-31": "376.92900", "2005-10-31": "608.95090", "2005-07-31": "478.13310", "2005-04-30": "371.70700", "2005-01-31": "282.23800"}, "Research And Development Expenses": {"2020-10-31": "", "2020-07-31": "", "2020-04-30": "", "2020-01-31": "", "2019-10-31": "", "2019-07-31": "", "2019-04-30": "", "2019-01-31": "", "2018-10-31": "", "2018-07-31": "", "2018-04-30": "", "2018-01-31": "", "2017-10-31": "", "2017-07-31": "", "2017-04-30": "", "2017-01-31": "", "2016-10-31": "", "2016-07-31": "", "2016-04-30": "", "2016-01-31": "", "2015-10-31": "", "2015-07-31": "", "2015-04-30": "", "2015-01-31": "", "2014-10-31": "", "2014-07-31": "", "2014-04-30": "", "2014-01-31": "", "2013-10-31": "", "2013-07-31": "", "2013-04-30": "", "2013-01-31": "", "2012-10-31": "", "2012-07-31": "", "2012-04-30": "", "2012-01-31": "", "2011-10-31": "", "2011-07-31": "", "2011-04-30": "", "2011-01-31": "", "2010-10-31": "", "2010-07-31": "", "2010-04-30": "", "2010-01-31": "", "2009-10-31": "", "2009-07-31": "", "2009-04-30": "", "2009-01-31": "", "2008-10-31": "", "2008-07-31": "", "2008-04-30": "", "2008-01-31": "", "2007-10-31": "", "2007-07-31": "", "2007-04-30": "", "2007-01-31": "", "2006-10-31": "", "2006-07-31": "", "2006-04-30": "", "2006-01-31": "", "2005-10-31": "", "2005-07-31": "", "2005-04-30": "", "2005-01-31": ""}, "SG&A Expenses": {"2020-10-31": "335.62300", "2020-07-31": "160.64900", "2020-04-30": "179.41700", "2020-01-31": "191.75300", "2019-10-31": "351.92700", "2019-07-31": "186.70900", "2019-04-30": "178.37100", "2019-01-31": "162.23800", "2018-10-31": "322.24000", "2018-07-31": "174.07100", "2018-04-30": "166.65200", "2018-01-31": "157.26700", "2017-10-31": "167.07500", "2017-07-31": "154.65000", "2017-04-30": "146.75200", "2017-01-31": "137.09500", "2016-10-31": "147.99800", "2016-07-31": "134.98400", "2016-04-30": "128.34000", "2016-01-31": "121.79600", "2015-10-31": "124.93400", "2015-07-31": "116.17500", "2015-04-30": "107.68500", "2015-01-31": "106.31400", "2014-10-31": "120.34500", "2014-07-31": "109.98100", "2014-04-30": "104.32000", "2014-01-31": "97.87000", "2013-10-31": "93.46500", "2013-07-31": "88.87000", "2013-04-30": "79.55000", "2013-01-31": "78.04700", "2012-10-31": "74.47200", "2012-07-31": "74.89200", "2012-04-30": "68.25600", "2012-01-31": "69.63700", "2011-10-31": "68.44900", "2011-07-31": "64.60500", "2011-04-30": "67.05000", "2011-01-31": "61.25100", "2010-10-31": "69.23700", "2010-07-31": "67.16500", "2010-04-30": "59.54900", "2010-01-31": "67.27300", "2009-10-31": "79.27500", "2009-07-31": "72.07000", "2009-04-30": "76.91300", "2009-01-31": "84.95100", "2008-10-31": "96.76700", "2008-07-31": "103.10400", "2008-04-30": "108.70500", "2008-01-31": "121.31800", "2007-10-31": "120.46600", "2007-07-31": "131.68600", "2007-04-30": "130.36700", "2007-01-31": "134.21000", "2006-10-31": "144.06300", "2006-07-31": "148.11700", "2006-04-30": "142.04600", "2006-01-31": "139.17800", "2005-10-31": "133.08000", "2005-07-31": "126.28300", "2005-04-30": "116.35800", "2005-01-31": "107.06500"}, "Other Operating Income Or Expenses": {"2020-10-31": "", "2020-07-31": "", "2020-04-30": "", "2020-01-31": "", "2019-10-31": "", "2019-07-31": "", "2019-04-30": "", "2019-01-31": "", "2018-10-31": "", "2018-07-31": "", "2018-04-30": "", "2018-01-31": "", "2017-10-31": "", "2017-07-31": "", "2017-04-30": "", "2017-01-31": "", "2016-10-31": "", "2016-07-31": "", "2016-04-30": "", "2016-01-31": "", "2015-10-31": "", "2015-07-31": "", "2015-04-30": "", "2015-01-31": "", "2014-10-31": "", "2014-07-31": "", "2014-04-30": "", "2014-01-31": "", "2013-10-31": "", "2013-07-31": "", "2013-04-30": "", "2013-01-31": "", "2012-10-31": "", "2012-07-31": "", "2012-04-30": "", "2012-01-31": "", "2011-10-31": "", "2011-07-31": "", "2011-04-30": "", "2011-01-31": "", "2010-10-31": "", "2010-07-31": "", "2010-04-30": "", "2010-01-31": "", "2009-10-31": "", "2009-07-31": "", "2009-04-30": "", "2009-01-31": "", "2008-10-31": "", "2008-07-31": "", "2008-04-30": "", "2008-01-31": "", "2007-10-31": "", "2007-07-31": "", "2007-04-30": "", "2007-01-31": "", "2006-10-31": "", "2006-07-31": "", "2006-04-30": "", "2006-01-31": "", "2005-10-31": "", "2005-07-31": "", "2005-04-30": "", "2005-01-31": ""}, "Operating Expenses": {"2020-10-31": "2285.09600", "2020-07-31": "1501.84400", "2020-04-30": "1456.52400", "2020-01-31": "1283.93500", "2019-10-31": "2154.09400", "2019-07-31": "1594.69600", "2019-04-30": "1555.63900", "2019-01-31": "1238.73600", "2018-10-31": "2116.79600", "2018-07-31": "1683.69000", "2018-04-30": "1464.80900", "2018-01-31": "1091.74700", "2017-10-31": "1742.90700", "2017-07-31": "1330.67800", "2017-04-30": "1224.19300", "2017-01-31": "870.09700", "2016-10-31": "1717.76500", "2016-07-31": "1126.40000", "2016-04-30": "998.91100", "2016-01-31": "834.10700", "2015-10-31": "1241.26600", "2015-07-31": "940.56900", "2015-04-30": "786.19700", "2015-01-31": "756.34600", "2014-10-31": "1182.92000", "2014-07-31": "927.21300", "2014-04-30": "792.31800", "2014-01-31": "611.90200", "2013-10-31": "915.72600", "2013-07-31": "633.95900", "2013-04-30": "499.56300", "2013-01-31": "423.98400", "2012-10-31": "580.21000", "2012-07-31": "522.82000", "2012-04-30": "375.07700", "2012-01-31": "341.24500", "2011-10-31": "429.44900", "2011-07-31": "404.55200", "2011-04-30": "343.79600", "2011-01-31": "344.32800", "2010-10-31": "414.63200", "2010-07-31": "461.79400", "2010-04-30": "371.33900", "2010-01-31": "392.01700", "2009-10-31": "591.45590", "2009-07-31": "580.16500", "2009-04-30": "529.10600", "2009-01-31": "571.74300", "2008-10-31": "770.40370", "2008-07-31": "842.03000", "2008-04-30": "951.13100", "2008-01-31": "989.36700", "2007-10-31": "1255.73200", "2007-07-31": "1209.99400", "2007-04-30": "1137.71700", "2007-01-31": "1039.16300", "2006-10-31": "1549.96500", "2006-07-31": "1262.94700", "2006-04-30": "1181.74500", "2006-01-31": "1103.20500", "2005-10-31": "1544.35200", "2005-07-31": "1195.23200", "2005-04-30": "980.44900", "2005-01-31": "815.14900"}, "Operating Income": {"2020-10-31": "260.57130", "2020-07-31": "149.64490", "2020-04-30": "92.54810", "2020-01-31": "47.49600", "2019-10-31": "224.90550", "2019-07-31": "170.99500", "2019-04-30": "160.45500", "2019-01-31": "124.44490", "2018-10-31": "338.44190", "2018-07-31": "229.66300", "2018-04-30": "134.39000", "2018-01-31": "83.72110", "2017-10-31": "285.00010", "2017-07-31": "172.23110", "2017-04-30": "139.31900", "2017-01-31": "50.63290", "2016-10-31": "137.68550", "2016-07-31": "143.53390", "2016-04-30": "116.64600", "2016-01-31": "94.45900", "2015-10-31": "195.93590", "2015-07-31": "87.44200", "2015-04-30": "66.38600", "2015-01-31": "97.10600", "2014-10-31": "167.76990", "2014-07-31": "129.64400", "2014-04-30": "68.05600", "2014-01-31": "31.77910", "2013-10-31": "128.80820", "2013-07-31": "55.20100", "2013-04-30": "16.44100", "2013-01-31": "0.61700", "2012-10-31": "52.61610", "2012-07-31": "31.49900", "2012-04-30": "-1.39600", "2012-01-31": "-19.29000", "2011-10-31": "-1.66400", "2011-07-31": "-10.24700", "2011-04-30": "-24.12100", "2011-01-31": "-10.21200", "2010-10-31": "-12.03210", "2010-07-31": "-7.59200", "2010-04-30": "-60.06800", "2010-01-31": "-65.31900", "2009-10-31": "-104.87090", "2009-07-31": "-118.79000", "2009-04-30": "-130.77900", "2009-01-31": "-162.72000", "2008-10-31": "-79.27470", "2008-07-31": "-45.31900", "2008-04-30": "-133.13400", "2008-01-31": "-147.03800", "2007-10-31": "-98.27810", "2007-07-31": "2.35690", "2007-04-30": "36.96000", "2007-01-31": "51.44800", "2006-10-31": "258.78640", "2006-07-31": "268.26600", "2006-04-30": "260.78800", "2006-01-31": "237.75100", "2005-10-31": "475.87060", "2005-07-31": "351.85010", "2005-04-30": "255.34900", "2005-01-31": "175.17300"}, "Total Non-Operating Income/Expense": {"2020-10-31": "6.42000", "2020-07-31": "2.22000", "2020-04-30": "9.56500", "2020-01-31": "18.43600", "2019-10-31": "47.74400", "2019-07-31": "15.92100", "2019-04-30": "15.70400", "2019-01-31": "27.00100", "2018-10-31": "58.03100", "2018-07-31": "23.43400", "2018-04-30": "18.35800", "2018-01-31": "47.87700", "2017-10-31": "16.74700", "2017-07-31": "31.34300", "2017-04-30": "59.89000", "2017-01-31": "59.14800", "2016-10-31": "30.47400", "2016-07-31": "20.11900", "2016-04-30": "23.75100", "2016-01-31": "22.35800", "2015-10-31": "21.60700", "2015-07-31": "20.02200", "2015-04-30": "20.14600", "2015-01-31": "26.91700", "2014-10-31": "20.76800", "2014-07-31": "21.68100", "2014-04-30": "25.42800", "2014-01-31": "39.45600", "2013-10-31": "21.34200", "2013-07-31": "13.05200", "2013-04-30": "24.52700", "2013-01-31": "7.70900", "2012-10-31": "8.13300", "2012-07-31": "11.45300", "2012-04-30": "17.04500", "2012-01-31": "12.88200", "2011-10-31": "16.94100", "2011-07-31": "14.13500", "2011-04-30": "-7.36300", "2011-01-31": "-6.83500", "2010-10-31": "2.56500", "2010-07-31": "8.41500", "2010-04-30": "8.27900", "2010-01-31": "8.56500", "2009-10-31": "-1.86500", "2009-07-31": "7.52600", "2009-04-30": "8.87500", "2009-01-31": "6.15900", "2008-10-31": "-26.75100", "2008-07-31": "-9.47600", "2008-04-30": "-20.87700", "2008-01-31": "-4.91700", "2007-10-31": "-22.78100", "2007-07-31": "42.68900", "2007-04-30": "22.53300", "2007-01-31": "35.75200", "2006-10-31": "32.37100", "2006-07-31": "16.96800", "2006-04-30": "23.79000", "2006-01-31": "27.89600", "2005-10-31": "32.82700", "2005-07-31": "10.75800", "2005-04-30": "12.48200", "2005-01-31": "8.81800"}, "Pre-Tax Income": {"2020-10-31": "266.99100", "2020-07-31": "151.86500", "2020-04-30": "102.11300", "2020-01-31": "65.93200", "2019-10-31": "272.64900", "2019-07-31": "186.91600", "2019-04-30": "176.15900", "2019-01-31": "151.44600", "2018-10-31": "396.47300", "2018-07-31": "253.09700", "2018-04-30": "152.74800", "2018-01-31": "131.59800", "2017-10-31": "301.74690", "2017-07-31": "203.57400", "2017-04-30": "199.20900", "2017-01-31": "109.78100", "2016-10-31": "168.16000", "2016-07-31": "163.65300", "2016-04-30": "140.39700", "2016-01-31": "116.81700", "2015-10-31": "217.54300", "2015-07-31": "107.46400", "2015-04-30": "86.53200", "2015-01-31": "124.02300", "2014-10-31": "188.53800", "2014-07-31": "151.32500", "2014-04-30": "93.48400", "2014-01-31": "71.23500", "2013-10-31": "150.15000", "2013-07-31": "68.25300", "2013-04-30": "40.96800", "2013-01-31": "8.32600", "2012-10-31": "60.74900", "2012-07-31": "42.95200", "2012-04-30": "15.64900", "2012-01-31": "-6.40800", "2011-10-31": "15.27700", "2011-07-31": "3.88800", "2011-04-30": "-31.48400", "2011-01-31": "-17.04700", "2010-10-31": "-9.46700", "2010-07-31": "0.82300", "2010-04-30": "-51.78900", "2010-01-31": "-56.75400", "2009-10-31": "-106.73600", "2009-07-31": "-111.26400", "2009-04-30": "-121.90400", "2009-01-31": "-156.56100", "2008-10-31": "-106.02600", "2008-07-31": "-54.79500", "2008-04-30": "-154.01100", "2008-01-31": "-151.95500", "2007-10-31": "-121.05900", "2007-07-31": "45.04600", "2007-04-30": "59.49300", "2007-01-31": "87.20000", "2006-10-31": "291.15700", "2006-07-31": "285.23400", "2006-04-30": "284.57800", "2006-01-31": "265.64700", "2005-10-31": "508.69800", "2005-07-31": "362.60800", "2005-04-30": "267.83100", "2005-01-31": "183.99100"}, "Income Taxes": {"2020-10-31": "67.67400", "2020-07-31": "37.10400", "2020-04-30": "26.44300", "2020-01-31": "9.05600", "2019-10-31": "70.33400", "2019-07-31": "40.59800", "2019-04-30": "46.83500", "2019-01-31": "39.39600", "2018-10-31": "85.49700", "2018-07-31": "59.83900", "2018-04-30": "40.93800", "2018-01-31": "-0.50900", "2017-10-31": "109.86900", "2017-07-31": "55.01100", "2017-04-30": "74.57100", "2017-01-31": "39.36500", "2016-10-31": "53.78200", "2016-07-31": "58.17000", "2016-04-30": "51.34300", "2016-01-31": "43.63700", "2015-10-31": "70.38000", "2015-07-31": "40.71500", "2015-04-30": "18.60200", "2015-01-31": "42.69800", "2014-10-31": "57.01500", "2014-07-31": "53.61800", "2014-04-30": "28.26200", "2014-01-31": "25.65500", "2013-10-31": "55.24500", "2013-07-31": "21.65800", "2013-04-30": "16.29400", "2013-01-31": "3.89400", "2012-10-31": "-350.66800", "2012-07-31": "-18.69100", "2012-04-30": "-1.22300", "2012-01-31": "-3.62200", "2011-10-31": "0.23400", "2011-07-31": "-38.22000", "2011-04-30": "-10.71100", "2011-01-31": "-20.46400", "2010-10-31": "-59.94600", "2010-07-31": "-26.47900", "2010-04-30": "-11.38800", "2010-01-31": "-16.00000", "2009-10-31": "4.69800", "2009-07-31": "361.06700", "2009-04-30": "-38.73900", "2009-01-31": "-67.66600", "2008-10-31": "-27.20500", "2008-07-31": "-25.50000", "2008-04-30": "-60.27400", "2008-01-31": "-55.99800", "2007-10-31": "-39.21800", "2007-07-31": "18.56000", "2007-04-30": "22.80300", "2007-01-31": "32.88400", "2006-10-31": "117.36300", "2006-07-31": "110.60200", "2006-04-30": "109.64100", "2006-01-31": "101.79700", "2005-10-31": "198.44600", "2005-07-31": "147.07600", "2005-04-30": "97.69800", "2005-01-31": "73.79800"}, "Income After Taxes": {"2020-10-31": "199.31700", "2020-07-31": "114.76100", "2020-04-30": "75.67000", "2020-01-31": "56.87600", "2019-10-31": "202.31500", "2019-07-31": "146.31800", "2019-04-30": "129.32400", "2019-01-31": "112.05000", "2018-10-31": "310.97600", "2018-07-31": "193.25800", "2018-04-30": "111.81000", "2018-01-31": "132.10700", "2017-10-31": "191.87800", "2017-07-31": "148.56300", "2017-04-30": "124.63800", "2017-01-31": "70.41600", "2016-10-31": "114.37800", "2016-07-31": "105.48300", "2016-04-30": "89.05400", "2016-01-31": "73.18000", "2015-10-31": "147.16300", "2015-07-31": "66.74900", "2015-04-30": "67.93000", "2015-01-31": "81.32500", "2014-10-31": "131.52300", "2014-07-31": "97.70700", "2014-04-30": "65.22200", "2014-01-31": "45.58000", "2013-10-31": "94.90500", "2013-07-31": "46.59500", "2013-04-30": "24.67400", "2013-01-31": "4.43200", "2012-10-31": "411.41700", "2012-07-31": "61.64300", "2012-04-30": "16.87200", "2012-01-31": "-2.78600", "2011-10-31": "15.04300", "2011-07-31": "42.10800", "2011-04-30": "-20.77300", "2011-01-31": "3.41700", "2010-10-31": "50.47900", "2010-07-31": "27.30200", "2010-04-30": "-40.40100", "2010-01-31": "-40.75400", "2009-10-31": "-111.43390", "2009-07-31": "-472.33100", "2009-04-30": "-83.16500", "2009-01-31": "-88.89500", "2008-10-31": "-78.82100", "2008-07-31": "-29.29500", "2008-04-30": "-93.73700", "2008-01-31": "-95.95700", "2007-10-31": "-81.84100", "2007-07-31": "26.48600", "2007-04-30": "36.69000", "2007-01-31": "54.31600", "2006-10-31": "173.79390", "2006-07-31": "174.63200", "2006-04-30": "174.93700", "2006-01-31": "163.85000", "2005-10-31": "310.25210", "2005-07-31": "215.53200", "2005-04-30": "170.13300", "2005-01-31": "110.19300"}, "Other Income": {"2020-10-31": "", "2020-07-31": "", "2020-04-30": "", "2020-01-31": "", "2019-10-31": "", "2019-07-31": "", "2019-04-30": "", "2019-01-31": "", "2018-10-31": "", "2018-07-31": "", "2018-04-30": "", "2018-01-31": "", "2017-10-31": "", "2017-07-31": "", "2017-04-30": "", "2017-01-31": "", "2016-10-31": "", "2016-07-31": "", "2016-04-30": "", "2016-01-31": "", "2015-10-31": "", "2015-07-31": "", "2015-04-30": "", "2015-01-31": "", "2014-10-31": "", "2014-07-31": "", "2014-04-30": "", "2014-01-31": "", "2013-10-31": "", "2013-07-31": "", "2013-04-30": "", "2013-01-31": "", "2012-10-31": "", "2012-07-31": "", "2012-04-30": "", "2012-01-31": "", "2011-10-31": "", "2011-07-31": "", "2011-04-30": "", "2011-01-31": "", "2010-10-31": "", "2010-07-31": "", "2010-04-30": "", "2010-01-31": "", "2009-10-31": "", "2009-07-31": "", "2009-04-30": "", "2009-01-31": "", "2008-10-31": "", "2008-07-31": "", "2008-04-30": "", "2008-01-31": "", "2007-10-31": "", "2007-07-31": "", "2007-04-30": "", "2007-01-31": "", "2006-10-31": "", "2006-07-31": "", "2006-04-30": "", "2006-01-31": "", "2005-10-31": "", "2005-07-31": "", "2005-04-30": "", "2005-01-31": ""}, "Income From Continuous Operations": {"2020-10-31": "199.31700", "2020-07-31": "114.76100", "2020-04-30": "75.67000", "2020-01-31": "56.87600", "2019-10-31": "202.31500", "2019-07-31": "146.31800", "2019-04-30": "129.32400", "2019-01-31": "112.05000", "2018-10-31": "310.97600", "2018-07-31": "193.25800", "2018-04-30": "111.81000", "2018-01-31": "132.10700", "2017-10-31": "191.87800", "2017-07-31": "148.56300", "2017-04-30": "124.63800", "2017-01-31": "70.41600", "2016-10-31": "114.37800", "2016-07-31": "105.48300", "2016-04-30": "89.05400", "2016-01-31": "73.18000", "2015-10-31": "147.16300", "2015-07-31": "66.74900", "2015-04-30": "67.93000", "2015-01-31": "81.32500", "2014-10-31": "131.52300", "2014-07-31": "97.70700", "2014-04-30": "65.22200", "2014-01-31": "45.58000", "2013-10-31": "94.90500", "2013-07-31": "46.59500", "2013-04-30": "24.67400", "2013-01-31": "4.43200", "2012-10-31": "411.41700", "2012-07-31": "61.64300", "2012-04-30": "16.87200", "2012-01-31": "-2.78600", "2011-10-31": "15.04300", "2011-07-31": "42.10800", "2011-04-30": "-20.77300", "2011-01-31": "3.41700", "2010-10-31": "50.47900", "2010-07-31": "27.30200", "2010-04-30": "-40.40100", "2010-01-31": "-40.75400", "2009-10-31": "-111.43390", "2009-07-31": "-472.33100", "2009-04-30": "-83.16500", "2009-01-31": "-88.89500", "2008-10-31": "-78.82100", "2008-07-31": "-29.29500", "2008-04-30": "-93.73700", "2008-01-31": "-95.95700", "2007-10-31": "-81.84100", "2007-07-31": "26.48600", "2007-04-30": "36.69000", "2007-01-31": "54.31600", "2006-10-31": "173.79390", "2006-07-31": "174.63200", "2006-04-30": "174.93700", "2006-01-31": "163.85000", "2005-10-31": "310.25210", "2005-07-31": "215.53200", "2005-04-30": "170.13300", "2005-01-31": "110.19300"}, "Income From Discontinued Operations": {"2020-10-31": "", "2020-07-31": "", "2020-04-30": "", "2020-01-31": "", "2019-10-31": "", "2019-07-31": "", "2019-04-30": "", "2019-01-31": "", "2018-10-31": "", "2018-07-31": "", "2018-04-30": "", "2018-01-31": "", "2017-10-31": "", "2017-07-31": "", "2017-04-30": "", "2017-01-31": "", "2016-10-31": "", "2016-07-31": "", "2016-04-30": "", "2016-01-31": "", "2015-10-31": "", "2015-07-31": "", "2015-04-30": "", "2015-01-31": "", "2014-10-31": "", "2014-07-31": "", "2014-04-30": "", "2014-01-31": "", "2013-10-31": "", "2013-07-31": "", "2013-04-30": "", "2013-01-31": "", "2012-10-31": "", "2012-07-31": "", "2012-04-30": "", "2012-01-31": "", "2011-10-31": "", "2011-07-31": "", "2011-04-30": "", "2011-01-31": "", "2010-10-31": "", "2010-07-31": "", "2010-04-30": "", "2010-01-31": "", "2009-10-31": "", "2009-07-31": "", "2009-04-30": "", "2009-01-31": "", "2008-10-31": "", "2008-07-31": "", "2008-04-30": "", "2008-01-31": "", "2007-10-31": "", "2007-07-31": "", "2007-04-30": "", "2007-01-31": "", "2006-10-31": "", "2006-07-31": "", "2006-04-30": "", "2006-01-31": "", "2005-10-31": "", "2005-07-31": "", "2005-04-30": "", "2005-01-31": ""}, "Net Income": {"2020-10-31": "199.31700", "2020-07-31": "114.76100", "2020-04-30": "75.67000", "2020-01-31": "56.87600", "2019-10-31": "202.31500", "2019-07-31": "146.31800", "2019-04-30": "129.32400", "2019-01-31": "112.05000", "2018-10-31": "310.97600", "2018-07-31": "193.25800", "2018-04-30": "111.81000", "2018-01-31": "132.10700", "2017-10-31": "191.87800", "2017-07-31": "148.56300", "2017-04-30": "124.63800", "2017-01-31": "70.41600", "2016-10-31": "114.37800", "2016-07-31": "105.48300", "2016-04-30": "89.05400", "2016-01-31": "73.18000", "2015-10-31": "147.16300", "2015-07-31": "66.74900", "2015-04-30": "67.93000", "2015-01-31": "81.32500", "2014-10-31": "131.52300", "2014-07-31": "97.70700", "2014-04-30": "65.22200", "2014-01-31": "45.58000", "2013-10-31": "94.90500", "2013-07-31": "46.59500", "2013-04-30": "24.67400", "2013-01-31": "4.43200", "2012-10-31": "411.41700", "2012-07-31": "61.64300", "2012-04-30": "16.87200", "2012-01-31": "-2.78600", "2011-10-31": "15.04300", "2011-07-31": "42.10800", "2011-04-30": "-20.77300", "2011-01-31": "3.41700", "2010-10-31": "50.47900", "2010-07-31": "27.30200", "2010-04-30": "-40.40100", "2010-01-31": "-40.75400", "2009-10-31": "-111.43400", "2009-07-31": "-472.33100", "2009-04-30": "-83.16500", "2009-01-31": "-88.89500", "2008-10-31": "-78.82100", "2008-07-31": "-29.29500", "2008-04-30": "-93.73700", "2008-01-31": "-95.95700", "2007-10-31": "-81.84100", "2007-07-31": "26.48600", "2007-04-30": "36.69000", "2007-01-31": "54.31600", "2006-10-31": "173.79400", "2006-07-31": "174.63200", "2006-04-30": "174.93700", "2006-01-31": "163.85000", "2005-10-31": "310.25200", "2005-07-31": "215.53200", "2005-04-30": "170.13300", "2005-01-31": "110.19300"}, "EBITDA": {"2020-10-31": "282.74430", "2020-07-31": "166.05990", "2020-04-30": "108.16610", "2020-01-31": "62.16300", "2019-10-31": "245.63150", "2019-07-31": "189.10400", "2019-04-30": "178.10000", "2019-01-31": "140.11400", "2018-10-31": "344.97690", "2018-07-31": "235.86700", "2018-04-30": "140.73900", "2018-01-31": "89.89210", "2017-10-31": "291.93810", "2017-07-31": "178.53110", "2017-04-30": "145.41200", "2017-01-31": "56.66290", "2016-10-31": "143.96860", "2016-07-31": "149.34290", "2016-04-30": "122.14200", "2016-01-31": "99.99200", "2015-10-31": "201.82590", "2015-07-31": "93.33700", "2015-04-30": "72.34900", "2015-01-31": "102.91500", "2014-10-31": "174.07890", "2014-07-31": "135.23900", "2014-04-30": "73.86200", "2014-01-31": "37.06810", "2013-10-31": "134.88120", "2013-07-31": "61.57000", "2013-04-30": "22.68400", "2013-01-31": "7.14200", "2012-10-31": "58.67910", "2012-07-31": "37.32400", "2012-04-30": "4.07300", "2012-01-31": "-14.06100", "2011-10-31": "4.35500", "2011-07-31": "-3.46100", "2011-04-30": "-17.77900", "2011-01-31": "-4.71300", "2010-10-31": "-5.94310", "2010-07-31": "2.46200", "2010-04-30": "-49.32200", "2010-01-31": "-53.57600", "2009-10-31": "-93.14190", "2009-07-31": "-115.97400", "2009-04-30": "-120.11600", "2009-01-31": "-156.05400", "2008-10-31": "-68.77070", "2008-07-31": "-38.33900", "2008-04-30": "-126.01300", "2008-01-31": "-140.07700", "2007-10-31": "-90.95910", "2007-07-31": "9.62090", "2007-04-30": "45.32600", "2007-01-31": "68.71200", "2006-10-31": "267.69040", "2006-07-31": "276.49700", "2006-04-30": "268.61000", "2006-01-31": "245.10800", "2005-10-31": "483.01160", "2005-07-31": "358.17710", "2005-04-30": "261.02700", "2005-01-31": "180.37400"}, "EBIT": {"2020-10-31": "260.57130", "2020-07-31": "149.64490", "2020-04-30": "92.54810", "2020-01-31": "47.49600", "2019-10-31": "224.90490", "2019-07-31": "170.99500", "2019-04-30": "160.45500", "2019-01-31": "124.44490", "2018-10-31": "338.44180", "2018-07-31": "229.66300", "2018-04-30": "134.39000", "2018-01-31": "83.72110", "2017-10-31": "285.00010", "2017-07-31": "172.23110", "2017-04-30": "139.31900", "2017-01-31": "50.63290", "2016-10-31": "137.68580", "2016-07-31": "143.53390", "2016-04-30": "116.64600", "2016-01-31": "94.45900", "2015-10-31": "195.93610", "2015-07-31": "87.44200", "2015-04-30": "66.38600", "2015-01-31": "97.10600", "2014-10-31": "167.76990", "2014-07-31": "129.64400", "2014-04-30": "68.05600", "2014-01-31": "31.77910", "2013-10-31": "128.80810", "2013-07-31": "55.20100", "2013-04-30": "16.44100", "2013-01-31": "0.61700", "2012-10-31": "52.61620", "2012-07-31": "31.49900", "2012-04-30": "-1.39600", "2012-01-31": "-19.29000", "2011-10-31": "-3.16800", "2011-07-31": "-10.24700", "2011-04-30": "-23.72900", "2011-01-31": "-9.10000", "2010-10-31": "-30.62000", "2010-07-31": "-2.46800", "2010-04-30": "-53.86100", "2010-01-31": "-58.06200", "2009-10-31": "-98.71390", "2009-07-31": "-122.24300", "2009-04-30": "-126.34600", "2009-01-31": "-161.90800", "2008-10-31": "-79.27480", "2008-07-31": "-45.31900", "2008-04-30": "-133.13400", "2008-01-31": "-147.03800", "2007-10-31": "-98.27810", "2007-07-31": "2.35690", "2007-04-30": "36.96000", "2007-01-31": "51.44800", "2006-10-31": "258.78640", "2006-07-31": "268.26600", "2006-04-30": "260.78800", "2006-01-31": "237.75100", "2005-10-31": "475.87050", "2005-07-31": "351.85010", "2005-04-30": "255.34900", "2005-01-31": "175.17300"}, "Basic Shares Outstanding": {"2020-10-31": "130.09500", "2020-07-31": "126.72200", "2020-04-30": "128.20500", "2020-01-31": "138.14500", "2019-10-31": "145.00800", "2019-07-31": "144.75000", "2019-04-30": "146.62200", "2019-01-31": "146.75100", "2018-10-31": "151.98400", "2018-07-31": "151.25700", "2018-04-30": "152.73100", "2018-01-31": "155.88200", "2017-10-31": "162.22200", "2017-07-31": "163.47800", "2017-04-30": "163.49200", "2017-01-31": "162.58800", "2016-10-31": "168.26100", "2016-07-31": "165.91900", "2016-04-30": "168.95200", "2016-01-31": "174.20500", "2015-10-31": "176.42500", "2015-07-31": "176.79700", "2015-04-30": "176.45800", "2015-01-31": "176.07600", "2014-10-31": "177.57800", "2014-07-31": "178.21700", "2014-04-30": "178.08200", "2014-01-31": "176.47400", "2013-10-31": "169.28800", "2013-07-31": "169.26800", "2013-04-30": "169.38000", "2013-01-31": "169.06400", "2012-10-31": "167.34600", "2012-07-31": "167.66400", "2012-04-30": "166.99400", "2012-01-31": "166.31100", "2011-10-31": "167.14000", "2011-07-31": "168.07500", "2011-04-30": "166.91000", "2011-01-31": "166.67700", "2010-10-31": "165.66600", "2010-07-31": "165.75200", "2010-04-30": "165.40700", "2010-01-31": "165.23700", "2009-10-31": "161.54900", "2009-07-31": "161.24500", "2009-04-30": "161.13400", "2009-01-31": "160.70000", "2008-10-31": "158.73000", "2008-07-31": "158.76100", "2008-04-30": "158.62100", "2008-01-31": "157.81300", "2007-10-31": "155.31800", "2007-07-31": "155.55600", "2007-04-30": "154.71600", "2007-01-31": "154.21200", "2006-10-31": "154.30000", "2006-07-31": "153.72300", "2006-04-30": "154.76300", "2006-01-31": "155.07600", "2005-10-31": "154.27200", "2005-07-31": "155.27400", "2005-04-30": "154.62700", "2005-01-31": "151.65300"}, "Shares Outstanding": {"2020-10-31": "131.24700", "2020-07-31": "127.39900", "2020-04-30": "128.80900", "2020-01-31": "139.88900", "2019-10-31": "146.50100", "2019-07-31": "146.27500", "2019-04-30": "148.12900", "2019-01-31": "148.03200", "2018-10-31": "154.20100", "2018-07-31": "153.17300", "2018-04-30": "155.12900", "2018-01-31": "158.89700", "2017-10-31": "169.48700", "2017-07-31": "171.56200", "2017-04-30": "171.40300", "2017-01-31": "170.41700", "2016-10-31": "175.97300", "2016-07-31": "173.40500", "2016-04-30": "176.41400", "2016-01-31": "182.39100", "2015-10-31": "184.70300", "2015-07-31": "185.13300", "2015-04-30": "184.83800", "2015-01-31": "184.10700", "2014-10-31": "185.87500", "2014-07-31": "186.50100", "2014-04-30": "186.44200", "2014-01-31": "184.88800", "2013-10-31": "177.96300", "2013-07-31": "178.00100", "2013-04-30": "178.13600", "2013-01-31": "171.90300", "2012-10-31": "170.15400", "2012-07-31": "170.22900", "2012-04-30": "168.50300", "2012-01-31": "166.31100", "2011-10-31": "168.38100", "2011-07-31": "169.33800", "2011-04-30": "166.91000", "2011-01-31": "168.12100", "2010-10-31": "165.66600", "2010-07-31": "167.65800", "2010-04-30": "165.40700", "2010-01-31": "165.23700", "2009-10-31": "161.54900", "2009-07-31": "161.24500", "2009-04-30": "161.13400", "2009-01-31": "160.70000", "2008-10-31": "158.73000", "2008-07-31": "158.76100", "2008-04-30": "158.62100", "2008-01-31": "157.81300", "2007-10-31": "164.16600", "2007-07-31": "164.37500", "2007-04-30": "164.29400", "2007-01-31": "164.04800", "2006-10-31": "164.85200", "2006-07-31": "163.51400", "2006-04-30": "165.72700", "2006-01-31": "167.02700", "2005-10-31": "168.55200", "2005-07-31": "169.84300", "2005-04-30": "169.35200", "2005-01-31": "166.08400"}, "Basic EPS": {"2020-10-31": "1.52000", "2020-07-31": "0.91000", "2020-04-30": "0.59000", "2020-01-31": "0.41000", "2019-10-31": "1.42000", "2019-07-31": "1.01000", "2019-04-30": "0.88000", "2019-01-31": "0.76000", "2018-10-31": "2.06000", "2018-07-31": "1.28000", "2018-04-30": "0.73000", "2018-01-31": "0.85000", "2017-10-31": "1.20000", "2017-07-31": "0.91000", "2017-04-30": "0.76000", "2017-01-31": "0.43000", "2016-10-31": "0.68000", "2016-07-31": "0.64000", "2016-04-30": "0.53000", "2016-01-31": "0.42000", "2015-10-31": "0.84000", "2015-07-31": "0.38000", "2015-04-30": "0.38000", "2015-01-31": "0.46000", "2014-10-31": "0.73000", "2014-07-31": "0.55000", "2014-04-30": "0.37000", "2014-01-31": "0.26000", "2013-10-31": "0.55000", "2013-07-31": "0.28000", "2013-04-30": "0.15000", "2013-01-31": "0.03000", "2012-10-31": "2.46000", "2012-07-31": "0.37000", "2012-04-30": "0.10000", "2012-01-31": "-0.02000", "2011-10-31": "0.09000", "2011-07-31": "0.25000", "2011-04-30": "-0.12000", "2011-01-31": "0.02000", "2010-10-31": "0.31000", "2010-07-31": "0.16000", "2010-04-30": "-0.24000", "2010-01-31": "-0.25000", "2009-10-31": "-0.68000", "2009-07-31": "-2.93000", "2009-04-30": "-0.52000", "2009-01-31": "-0.55000", "2008-10-31": "-0.50000", "2008-07-31": "-0.18000", "2008-04-30": "-0.59000", "2008-01-31": "-0.61000", "2007-10-31": "-0.53000", "2007-07-31": "0.17000", "2007-04-30": "0.24000", "2007-01-31": "0.35000", "2006-10-31": "1.12000", "2006-07-31": "1.14000", "2006-04-30": "1.13000", "2006-01-31": "1.06000", "2005-10-31": "2.01000", "2005-07-31": "1.39000", "2005-04-30": "1.10000", "2005-01-31": "0.73000"}, "EPS - Earnings Per Share": {"2020-10-31": "1.50000", "2020-07-31": "0.90000", "2020-04-30": "0.59000", "2020-01-31": "0.41000", "2019-10-31": "1.40000", "2019-07-31": "1.00000", "2019-04-30": "0.87000", "2019-01-31": "0.76000", "2018-10-31": "2.04000", "2018-07-31": "1.26000", "2018-04-30": "0.72000", "2018-01-31": "0.83000", "2017-10-31": "1.15000", "2017-07-31": "0.87000", "2017-04-30": "0.73000", "2017-01-31": "0.42000", "2016-10-31": "0.66000", "2016-07-31": "0.61000", "2016-04-30": "0.51000", "2016-01-31": "0.40000", "2015-10-31": "0.80000", "2015-07-31": "0.36000", "2015-04-30": "0.37000", "2015-01-31": "0.44000", "2014-10-31": "0.71000", "2014-07-31": "0.53000", "2014-04-30": "0.35000", "2014-01-31": "0.25000", "2013-10-31": "0.54000", "2013-07-31": "0.26000", "2013-04-30": "0.14000", "2013-01-31": "0.03000", "2012-10-31": "2.42000", "2012-07-31": "0.36000", "2012-04-30": "0.10000", "2012-01-31": "-0.02000", "2011-10-31": "0.09000", "2011-07-31": "0.25000", "2011-04-30": "-0.12000", "2011-01-31": "0.02000", "2010-10-31": "0.31000", "2010-07-31": "0.16000", "2010-04-30": "-0.24000", "2010-01-31": "-0.25000", "2009-10-31": "-0.68000", "2009-07-31": "-2.93000", "2009-04-30": "-0.52000", "2009-01-31": "-0.55000", "2008-10-31": "-0.50000", "2008-07-31": "-0.18000", "2008-04-30": "-0.59000", "2008-01-31": "-0.61000", "2007-10-31": "-0.49000", "2007-07-31": "0.16000", "2007-04-30": "0.22000", "2007-01-31": "0.33000", "2006-10-31": "1.06000", "2006-07-31": "1.07000", "2006-04-30": "1.06000", "2006-01-31": "0.98000", "2005-10-31": "1.85000", "2005-07-31": "1.27000", "2005-04-30": "1.00000", "2005-01-31": "0.66000"}}, "balance sheet": {"Cash On Hand": {"2020-10-31": "1370.94400", "2019-10-31": "1286.01400", "2018-10-31": "1182.19500", "2017-10-31": "712.82900", "2016-10-31": "665.00600", "2015-10-31": "945.78890", "2014-10-31": "616.68300", "2013-10-31": "857.51600", "2012-10-31": "1265.16800", "2011-10-31": "1159.67200", "2010-10-31": "1297.83300", "2009-10-31": "1908.89400", "2008-10-31": "1633.49500", "2007-10-31": "900.33700", "2006-10-31": "632.52400", "2005-10-31": "689.21900"}, "Receivables": {"2020-10-31": "979.96900", "2019-10-31": "736.23200", "2018-10-31": "550.77800", "2017-10-31": "544.69900", "2016-10-31": "582.75800", "2015-10-31": "335.86000", "2014-10-31": "233.12700", "2013-10-31": "229.29500", "2012-10-31": "173.04200", "2011-10-31": "105.57600", "2010-10-31": "238.62900", "2009-10-31": "257.61400", "2008-10-31": "113.76200", "2007-10-31": "182.43500", "2006-10-31": "330.55700", "2005-10-31": "185.62000"}, "Inventory": {"2020-10-31": "7658.90600", "2019-10-31": "7873.04800", "2018-10-31": "7598.21900", "2017-10-31": "7281.45300", "2016-10-31": "7353.96700", "2015-10-31": "6997.51600", "2014-10-31": "6490.32100", "2013-10-31": "4650.41200", "2012-10-31": "3732.70300", "2011-10-31": "3416.72300", "2010-10-31": "3241.72500", "2009-10-31": "3183.56600", "2008-10-31": "4127.47500", "2007-10-31": "5572.65500", "2006-10-31": "6095.70200", "2005-10-31": "5068.62400"}, "Pre-Paid Expenses": {"2020-10-31": "", "2019-10-31": "", "2018-10-31": "", "2017-10-31": "", "2016-10-31": "", "2015-10-31": "", "2014-10-31": "", "2013-10-31": "", "2012-10-31": "", "2011-10-31": "", "2010-10-31": "", "2009-10-31": "", "2008-10-31": "", "2007-10-31": "", "2006-10-31": "", "2005-10-31": ""}, "Other Current Assets": {"2020-10-31": "", "2019-10-31": "", "2018-10-31": "", "2017-10-31": "", "2016-10-31": "", "2015-10-31": "", "2014-10-31": "", "2013-10-31": "", "2012-10-31": "", "2011-10-31": "", "2010-10-31": "", "2009-10-31": "", "2008-10-31": "", "2007-10-31": "", "2006-10-31": "", "2005-10-31": ""}, "Total Current Assets": {"2020-10-31": "10009.82000", "2019-10-31": "9895.29400", "2018-10-31": "9331.19200", "2017-10-31": "8538.98100", "2016-10-31": "8601.73000", "2015-10-31": "8279.16500", "2014-10-31": "7340.13100", "2013-10-31": "5737.22300", "2012-10-31": "5170.91300", "2011-10-31": "4681.97100", "2010-10-31": "4778.18700", "2009-10-31": "5350.07400", "2008-10-31": "5874.73200", "2007-10-31": "6655.42700", "2006-10-31": "7058.78300", "2005-10-31": "5943.46300"}, "Property, Plant, And Equipment": {"2020-10-31": "316.12500", "2019-10-31": "273.41200", "2018-10-31": "193.28100", "2017-10-31": "189.54700", "2016-10-31": "169.57600", "2015-10-31": "136.75500", "2014-10-31": "143.01000", "2013-10-31": "131.32000", "2012-10-31": "109.97100", "2011-10-31": "99.71200", "2010-10-31": "79.91600", "2009-10-31": "70.44100", "2008-10-31": "86.46200", "2007-10-31": "84.26500", "2006-10-31": "99.08900", "2005-10-31": "79.52400"}, "Long-Term Investments": {"2020-10-31": "430.70100", "2019-10-31": "366.25200", "2018-10-31": "431.81300", "2017-10-31": "481.75800", "2016-10-31": "496.41100", "2015-10-31": "412.86000", "2014-10-31": "520.87800", "2013-10-31": "512.47900", "2012-10-31": "426.13900", "2011-10-31": "195.52900", "2010-10-31": "198.44200", "2009-10-31": "152.84400", "2008-10-31": "151.77100", "2007-10-31": "183.17100", "2006-10-31": "245.66700", "2005-10-31": "152.39400"}, "Goodwill And Intangible Assets": {"2020-10-31": "", "2019-10-31": "", "2018-10-31": "", "2017-10-31": "", "2016-10-31": "", "2015-10-31": "", "2014-10-31": "", "2013-10-31": "", "2012-10-31": "", "2011-10-31": "", "2010-10-31": "", "2009-10-31": "", "2008-10-31": "", "2007-10-31": "", "2006-10-31": "", "2005-10-31": ""}, "Other Long-Term Assets": {"2020-10-31": "77.29100", "2019-10-31": "74.40300", "2018-10-31": "117.57300", "2017-10-31": "102.01700", "2016-10-31": "53.05700", "2015-10-31": "56.10500", "2014-10-31": "42.07300", "2013-10-31": "46.88800", "2012-10-31": "29.57900", "2011-10-31": "14.85900", "2010-10-31": "21.36600", "2009-10-31": "17.65300", "2008-10-31": "18.91300", "2007-10-31": "34.36700", "2006-10-31": "49.67600", "2005-10-31": "68.60100"}, "Total Long-Term Assets": {"2020-10-31": "1055.91400", "2019-10-31": "932.84400", "2018-10-31": "913.39800", "2017-10-31": "906.24400", "2016-10-31": "1135.05800", "2015-10-31": "927.35000", "2014-10-31": "1058.32600", "2013-10-31": "1090.23600", "2012-10-31": "1010.13100", "2011-10-31": "373.27500", "2010-10-31": "393.36800", "2009-10-31": "284.37000", "2008-10-31": "712.10410", "2007-10-31": "564.88900", "2006-10-31": "524.75810", "2005-10-31": "400.37700"}, "Total Assets": {"2020-10-31": "11065.73000", "2019-10-31": "10828.14000", "2018-10-31": "10244.59000", "2017-10-31": "9445.22500", "2016-10-31": "9736.78900", "2015-10-31": "9206.51500", "2014-10-31": "8398.45700", "2013-10-31": "6827.45900", "2012-10-31": "6181.04400", "2011-10-31": "5055.24600", "2010-10-31": "5171.55500", "2009-10-31": "5634.44400", "2008-10-31": "6586.83600", "2007-10-31": "7220.31600", "2006-10-31": "7583.54100", "2005-10-31": "6343.84000"}, "Total Current Liabilities": {"2020-10-31": "1720.56700", "2019-10-31": "1402.50200", "2018-10-31": "1366.63800", "2017-10-31": "1292.08500", "2016-10-31": "1417.03700", "2015-10-31": "903.88700", "2014-10-31": "932.81990", "2013-10-31": "771.96200", "2012-10-31": "657.25200", "2011-10-31": "723.93400", "2010-10-31": "824.41800", "2009-10-31": "893.94800", "2008-10-31": "1075.68600", "2007-10-31": "1159.06600", "2006-10-31": "1451.95900", "2005-10-31": "1330.47300"}, "Long Term Debt": {"2020-10-31": "3958.28400", "2019-10-31": "3921.34700", "2018-10-31": "3698.17600", "2017-10-31": "3220.02400", "2016-10-31": "3775.45100", "2015-10-31": "3790.24000", "2014-10-31": "3381.14100", "2013-10-31": "2503.66400", "2012-10-31": "2252.94400", "2011-10-31": "1654.93700", "2010-10-31": "1710.96800", "2009-10-31": "2135.38900", "2008-10-31": "2137.90600", "2007-10-31": "2265.85000", "2006-10-31": "2347.80600", "2005-10-31": "1830.25400"}, "Other Non-Current Liabilities": {"2020-10-31": "459.40600", "2019-10-31": "385.59600", "2018-10-31": "410.86400", "2017-10-31": "396.02600", "2016-10-31": "309.09900", "2015-10-31": "284.30900", "2014-10-31": "223.79900", "2013-10-31": "212.66900", "2012-10-31": "142.97700", "2011-10-31": "83.82400", "2010-10-31": "77.15600", "2009-10-31": "88.62500", "2008-10-31": "135.59100", "2007-10-31": "260.15500", "2006-10-31": "360.14700", "2005-10-31": "415.60200"}, "Total Long Term Liabilities": {"2020-10-31": "4417.69000", "2019-10-31": "4306.94300", "2018-10-31": "4109.04000", "2017-10-31": "3616.05000", "2016-10-31": "4084.55000", "2015-10-31": "4074.54900", "2014-10-31": "3604.94000", "2013-10-31": "2716.33300", "2012-10-31": "2395.92100", "2011-10-31": "1738.76100", "2010-10-31": "1788.12400", "2009-10-31": "2224.01400", "2008-10-31": "2273.49700", "2007-10-31": "2534.01600", "2006-10-31": "2715.65600", "2005-10-31": "2249.79600"}, "Total Liabilities": {"2020-10-31": "6138.25700", "2019-10-31": "5709.44500", "2018-10-31": "5475.67800", "2017-10-31": "4908.13500", "2016-10-31": "5501.58700", "2015-10-31": "4978.43600", "2014-10-31": "4537.76000", "2013-10-31": "3488.29500", "2012-10-31": "3053.17300", "2011-10-31": "2462.69500", "2010-10-31": "2612.54200", "2009-10-31": "3117.96200", "2008-10-31": "3349.18300", "2007-10-31": "3693.08200", "2006-10-31": "4167.61500", "2005-10-31": "3580.26900"}, "Common Stock Net": {"2020-10-31": "1.52900", "2019-10-31": "1.52900", "2018-10-31": "1.77900", "2017-10-31": "1.77900", "2016-10-31": "1.77900", "2015-10-31": "1.77900", "2014-10-31": "1.77900", "2013-10-31": "1.69400", "2012-10-31": "1.68700", "2011-10-31": "1.68700", "2010-10-31": "1.66400", "2009-10-31": "1.64700", "2008-10-31": "1.60400", "2007-10-31": "1.57000", "2006-10-31": "1.56300", "2005-10-31": "1.56300"}, "Retained Earnings (Accumulated Deficit)": {"2020-10-31": "5164.08600", "2019-10-31": "4774.42200", "2018-10-31": "5161.55100", "2017-10-31": "4474.06400", "2016-10-31": "3977.29700", "2015-10-31": "3595.20200", "2014-10-31": "3232.03500", "2013-10-31": "2892.00300", "2012-10-31": "2721.39700", "2011-10-31": "2234.25100", "2010-10-31": "2194.45600", "2009-10-31": "2197.83000", "2008-10-31": "2953.65500", "2007-10-31": "3298.92500", "2006-10-31": "3263.27400", "2005-10-31": "2576.06100"}, "Comprehensive Income": {"2020-10-31": "-7.19800", "2019-10-31": "-5.83100", "2018-10-31": "0.69400", "2017-10-31": "-1.91000", "2016-10-31": "-3.33600", "2015-10-31": "-2.50900", "2014-10-31": "-2.83800", "2013-10-31": "-2.38700", "2012-10-31": "-4.81900", "2011-10-31": "-2.90200", "2010-10-31": "-0.57700", "2009-10-31": "-2.63700", "2008-10-31": "0.32500", "2007-10-31": "-0.39700", "2006-10-31": "", "2005-10-31": ""}, "Other Share Holders Equity": {"2020-10-31": "", "2019-10-31": "", "2018-10-31": "", "2017-10-31": "", "2016-10-31": "", "2015-10-31": "", "2014-10-31": "", "2013-10-31": "", "2012-10-31": "", "2011-10-31": "", "2010-10-31": "", "2009-10-31": "", "2008-10-31": "", "2007-10-31": "", "2006-10-31": "", "2005-10-31": ""}, "Share Holder Equity": {"2020-10-31": "4927.47600", "2019-10-31": "5118.69300", "2018-10-31": "4768.91200", "2017-10-31": "4537.09000", "2016-10-31": "4235.20200", "2015-10-31": "4228.07900", "2014-10-31": "3860.69700", "2013-10-31": "3339.16400", "2012-10-31": "3127.87100", "2011-10-31": "2592.55100", "2010-10-31": "2559.01300", "2009-10-31": "2516.48200", "2008-10-31": "3237.65300", "2007-10-31": "3527.23400", "2006-10-31": "3415.92600", "2005-10-31": "2763.57100"}, "Total Liabilities And Share Holders Equity": {"2020-10-31": "11065.73000", "2019-10-31": "10828.14000", "2018-10-31": "10244.59000", "2017-10-31": "9445.22500", "2016-10-31": "9736.78900", "2015-10-31": "9206.51500", "2014-10-31": "8398.45700", "2013-10-31": "6827.45900", "2012-10-31": "6181.04400", "2011-10-31": "5055.24600", "2010-10-31": "5171.55500", "2009-10-31": "5634.44400", "2008-10-31": "6586.83600", "2007-10-31": "7220.31600", "2006-10-31": "7583.54100", "2005-10-31": "6343.84000"}}, "balance sheet, quarterly": {"Cash On Hand": {"2020-10-31": "1370.94400", "2020-07-31": "559.34800", "2020-04-30": "741.22200", "2020-01-31": "519.79300", "2019-10-31": "1286.01400", "2019-07-31": "836.25800", "2019-04-30": "924.44800", "2019-01-31": "801.73400", "2018-10-31": "1182.19500", "2018-07-31": "522.86700", "2018-04-30": "476.27400", "2018-01-31": "510.73600", "2017-10-31": "712.82900", "2017-07-31": "946.97600", "2017-04-30": "692.06300", "2017-01-31": "385.91400", "2016-10-31": "665.00600", "2016-07-31": "395.03700", "2016-04-30": "452.07500", "2016-01-31": "365.59400", "2015-10-31": "945.78890", "2015-07-31": "422.73600", "2015-04-30": "560.13400", "2015-01-31": "528.38400", "2014-10-31": "616.68300", "2014-07-31": "409.05600", "2014-04-30": "387.36300", "2014-01-31": "1235.68100", "2013-10-31": "857.51600", "2013-07-31": "1055.28400", "2013-04-30": "969.80100", "2013-01-31": "827.33200", "2012-10-31": "1265.16800", "2012-07-31": "924.38700", "2012-04-30": "974.87010", "2012-01-31": "767.66400", "2011-10-31": "1159.67200", "2011-07-31": "1208.57800", "2011-04-30": "1279.86700", "2011-01-31": "1153.43800", "2010-10-31": "1297.83300", "2010-07-31": "1640.41000", "2010-04-30": "1548.00500", "2010-01-31": "1754.49000", "2009-10-31": "1908.89400", "2009-07-31": "1657.56700", "2009-04-30": "1963.00000", "2009-01-31": "1533.52400", "2008-10-31": "1633.49500", "2008-07-31": "1502.36000", "2008-04-30": "1236.02800", "2008-01-31": "956.64400", "2007-10-31": "900.33700", "2007-07-31": "771.72100", "2007-04-30": "553.12600", "2007-01-31": "449.24900", "2006-10-31": "632.52400", "2006-07-31": "322.55000", "2006-04-30": "398.11000", "2006-01-31": "363.56300", "2005-10-31": "689.21900", "2005-07-31": "505.94700", "2005-04-30": "566.66800", "2005-01-31": "485.41100"}, "Receivables": {"2020-10-31": "979.96900", "2020-07-31": "977.65500", "2020-04-30": "1015.70000", "2020-01-31": "1035.08800", "2019-10-31": "736.23200", "2019-07-31": "720.17800", "2019-04-30": "659.76800", "2019-01-31": "626.57100", "2018-10-31": "550.77800", "2018-07-31": "622.40200", "2018-04-30": "599.75500", "2018-01-31": "559.99000", "2017-10-31": "544.69900", "2017-07-31": "536.52400", "2017-04-30": "536.51400", "2017-01-31": "512.97400", "2016-10-31": "582.75800", "2016-07-31": "280.27700", "2016-04-30": "271.13700", "2016-01-31": "293.46700", "2015-10-31": "335.86000", "2015-07-31": "275.75900", "2015-04-30": "258.95800", "2015-01-31": "250.34900", "2014-10-31": "233.12700", "2014-07-31": "252.51600", "2014-04-30": "249.93400", "2014-01-31": "240.03400", "2013-10-31": "229.29500", "2013-07-31": "174.96000", "2013-04-30": "165.74500", "2013-01-31": "152.88100", "2012-10-31": "173.04200", "2012-07-31": "132.96700", "2012-04-30": "143.85700", "2012-01-31": "98.19100", "2011-10-31": "105.57600", "2011-07-31": "96.97200", "2011-04-30": "87.74500", "2011-01-31": "230.83100", "2010-10-31": "238.62900", "2010-07-31": "135.87900", "2010-04-30": "291.77000", "2010-01-31": "273.88400", "2009-10-31": "257.61400", "2009-07-31": "144.82700", "2009-04-30": "96.30700", "2009-01-31": "107.01000", "2008-10-31": "113.76200", "2008-07-31": "123.96600", "2008-04-30": "128.47300", "2008-01-31": "154.80200", "2007-10-31": "182.43500", "2007-07-31": "167.85000", "2007-04-30": "210.19800", "2007-01-31": "310.90600", "2006-10-31": "330.55700", "2006-07-31": "296.78800", "2006-04-30": "268.46900", "2006-01-31": "235.57700", "2005-10-31": "185.62000", "2005-07-31": "166.85800", "2005-04-30": "152.00900", "2005-01-31": "154.05000"}, "Inventory": {"2020-10-31": "7658.90600", "2020-07-31": "8034.51500", "2020-04-30": "8195.63300", "2020-01-31": "8198.35200", "2019-10-31": "7873.04800", "2019-07-31": "7995.07600", "2019-04-30": "7790.84000", "2019-01-31": "7714.64300", "2018-10-31": "7598.21900", "2018-07-31": "7957.61600", "2018-04-30": "7871.56900", "2018-01-31": "7713.79600", "2017-10-31": "7281.45300", "2017-07-31": "7633.56800", "2017-04-30": "7602.69500", "2017-01-31": "7539.97400", "2016-10-31": "7353.96700", "2016-07-31": "7670.52300", "2016-04-30": "7285.35100", "2016-01-31": "7180.05000", "2015-10-31": "6997.51600", "2015-07-31": "6990.87800", "2015-04-30": "6724.34300", "2015-01-31": "6627.48100", "2014-10-31": "6490.32100", "2014-07-31": "6593.80400", "2014-04-30": "6548.02400", "2014-01-31": "5235.64700", "2013-10-31": "4650.41200", "2013-07-31": "4517.00800", "2013-04-30": "4367.21700", "2013-01-31": "4155.04700", "2012-10-31": "3732.70300", "2012-07-31": "3784.70500", "2012-04-30": "3767.87700", "2012-01-31": "3655.10000", "2011-10-31": "3416.72300", "2011-07-31": "3423.61700", "2011-04-30": "3384.72000", "2011-01-31": "3360.43700", "2010-10-31": "3241.72500", "2010-07-31": "3256.58100", "2010-04-30": "3320.99500", "2010-01-31": "3223.86600", "2009-10-31": "3183.56600", "2009-07-31": "3475.43300", "2009-04-30": "3711.68500", "2009-01-31": "3932.95700", "2008-10-31": "4127.47500", "2008-07-31": "4546.73700", "2008-04-30": "4835.86900", "2008-01-31": "5273.70200", "2007-10-31": "5572.65500", "2007-07-31": "5957.21400", "2007-04-30": "6137.47300", "2007-01-31": "6182.27900", "2006-10-31": "6095.70200", "2006-07-31": "6226.78300", "2006-04-30": "5939.35200", "2006-01-31": "5531.12900", "2005-10-31": "5068.62400", "2005-07-31": "4840.11500", "2005-04-30": "4299.58700", "2005-01-31": "4145.72700"}, "Pre-Paid Expenses": {"2020-10-31": "", "2020-07-31": "", "2020-04-30": "", "2020-01-31": "", "2019-10-31": "", "2019-07-31": "", "2019-04-30": "", "2019-01-31": "", "2018-10-31": "", "2018-07-31": "", "2018-04-30": "", "2018-01-31": "", "2017-10-31": "", "2017-07-31": "", "2017-04-30": "", "2017-01-31": "", "2016-10-31": "", "2016-07-31": "", "2016-04-30": "", "2016-01-31": "", "2015-10-31": "", "2015-07-31": "", "2015-04-30": "", "2015-01-31": "", "2014-10-31": "", "2014-07-31": "", "2014-04-30": "", "2014-01-31": "", "2013-10-31": "", "2013-07-31": "", "2013-04-30": "", "2013-01-31": "", "2012-10-31": "", "2012-07-31": "", "2012-04-30": "", "2012-01-31": "", "2011-10-31": "", "2011-07-31": "", "2011-04-30": "", "2011-01-31": "", "2010-10-31": "", "2010-07-31": "", "2010-04-30": "", "2010-01-31": "", "2009-10-31": "", "2009-07-31": "", "2009-04-30": "", "2009-01-31": "", "2008-10-31": "", "2008-07-31": "", "2008-04-30": "", "2008-01-31": "", "2007-10-31": "", "2007-07-31": "", "2007-04-30": "", "2007-01-31": "", "2006-10-31": "", "2006-07-31": "", "2006-04-30": "", "2006-01-31": "", "2005-10-31": "", "2005-07-31": "", "2005-04-30": "", "2005-01-31": ""}, "Other Current Assets": {"2020-10-31": "", "2020-07-31": "", "2020-04-30": "", "2020-01-31": "", "2019-10-31": "", "2019-07-31": "", "2019-04-30": "", "2019-01-31": "", "2018-10-31": "", "2018-07-31": "", "2018-04-30": "", "2018-01-31": "", "2017-10-31": "", "2017-07-31": "", "2017-04-30": "", "2017-01-31": "", "2016-10-31": "", "2016-07-31": "", "2016-04-30": "", "2016-01-31": "", "2015-10-31": "", "2015-07-31": "", "2015-04-30": "", "2015-01-31": "", "2014-10-31": "", "2014-07-31": "", "2014-04-30": "", "2014-01-31": "", "2013-10-31": "", "2013-07-31": "", "2013-04-30": "", "2013-01-31": "", "2012-10-31": "", "2012-07-31": "", "2012-04-30": "", "2012-01-31": "", "2011-10-31": "", "2011-07-31": "", "2011-04-30": "", "2011-01-31": "", "2010-10-31": "", "2010-07-31": "", "2010-04-30": "", "2010-01-31": "", "2009-10-31": "", "2009-07-31": "", "2009-04-30": "", "2009-01-31": "", "2008-10-31": "", "2008-07-31": "", "2008-04-30": "", "2008-01-31": "", "2007-10-31": "", "2007-07-31": "", "2007-04-30": "", "2007-01-31": "", "2006-10-31": "", "2006-07-31": "", "2006-04-30": "", "2006-01-31": "", "2005-10-31": "", "2005-07-31": "", "2005-04-30": "", "2005-01-31": ""}, "Total Current Assets": {"2020-10-31": "10009.82000", "2020-07-31": "9571.51900", "2020-04-30": "9952.55500", "2020-01-31": "9753.23200", "2019-10-31": "9895.29400", "2019-07-31": "9551.51200", "2019-04-30": "9375.05600", "2019-01-31": "9142.94800", "2018-10-31": "9331.19200", "2018-07-31": "9102.88500", "2018-04-30": "8947.59800", "2018-01-31": "8784.52100", "2017-10-31": "8538.98100", "2017-07-31": "9117.06800", "2017-04-30": "8831.27100", "2017-01-31": "8438.86200", "2016-10-31": "8601.73000", "2016-07-31": "8345.83700", "2016-04-30": "8008.56300", "2016-01-31": "7839.11100", "2015-10-31": "8279.16500", "2015-07-31": "7689.37300", "2015-04-30": "7543.43500", "2015-01-31": "7406.21400", "2014-10-31": "7340.13100", "2014-07-31": "7255.37600", "2014-04-30": "7185.32100", "2014-01-31": "6711.36200", "2013-10-31": "5737.22300", "2013-07-31": "5747.25200", "2013-04-30": "5502.76300", "2013-01-31": "5135.26000", "2012-10-31": "5170.91300", "2012-07-31": "4842.05900", "2012-04-30": "4886.60400", "2012-01-31": "4520.95500", "2011-10-31": "4681.97100", "2011-07-31": "4729.16700", "2011-04-30": "4752.33200", "2011-01-31": "4744.70600", "2010-10-31": "4778.18700", "2010-07-31": "5032.87000", "2010-04-30": "5160.77000", "2010-01-31": "5252.24000", "2009-10-31": "5350.07400", "2009-07-31": "5277.82700", "2009-04-30": "5770.99200", "2009-01-31": "5573.49100", "2008-10-31": "5874.73200", "2008-07-31": "6173.06300", "2008-04-30": "6200.37000", "2008-01-31": "6385.14800", "2007-10-31": "6655.42700", "2007-07-31": "6896.78500", "2007-04-30": "6900.79700", "2007-01-31": "6942.43400", "2006-10-31": "7058.78300", "2006-07-31": "6846.12100", "2006-04-30": "6605.93100", "2006-01-31": "6130.26900", "2005-10-31": "5943.46300", "2005-07-31": "5512.92000", "2005-04-30": "5018.26400", "2005-01-31": "4785.18800"}, "Property, Plant, And Equipment": {"2020-10-31": "316.12500", "2020-07-31": "313.51300", "2020-04-30": "278.51800", "2020-01-31": "285.78500", "2019-10-31": "273.41200", "2019-07-31": "288.74200", "2019-04-30": "289.18600", "2019-01-31": "294.65800", "2018-10-31": "193.28100", "2018-07-31": "195.72800", "2018-04-30": "185.67600", "2018-01-31": "186.15900", "2017-10-31": "189.54700", "2017-07-31": "179.47600", "2017-04-30": "173.44900", "2017-01-31": "172.45900", "2016-10-31": "169.57600", "2016-07-31": "148.80400", "2016-04-30": "136.74800", "2016-01-31": "134.74600", "2015-10-31": "136.75500", "2015-07-31": "138.59700", "2015-04-30": "141.14300", "2015-01-31": "142.09600", "2014-10-31": "143.01000", "2014-07-31": "131.50900", "2014-04-30": "131.22200", "2014-01-31": "131.19000", "2013-10-31": "131.32000", "2013-07-31": "126.36000", "2013-04-30": "125.28900", "2013-01-31": "112.87700", "2012-10-31": "109.97100", "2012-07-31": "101.21600", "2012-04-30": "100.72400", "2012-01-31": "101.49900", "2011-10-31": "99.71200", "2011-07-31": "98.90200", "2011-04-30": "99.45000", "2011-01-31": "101.38200", "2010-10-31": "79.91600", "2010-07-31": "79.52200", "2010-04-30": "82.20500", "2010-01-31": "66.63400", "2009-10-31": "70.44100", "2009-07-31": "74.42000", "2009-04-30": "78.58400", "2009-01-31": "84.06500", "2008-10-31": "86.46200", "2008-07-31": "86.84100", "2008-04-30": "93.04600", "2008-01-31": "98.34200", "2007-10-31": "84.26500", "2007-07-31": "88.92600", "2007-04-30": "93.13700", "2007-01-31": "94.29900", "2006-10-31": "99.08900", "2006-07-31": "96.58800", "2006-04-30": "95.64000", "2006-01-31": "88.44400", "2005-10-31": "79.52400", "2005-07-31": "72.73500", "2005-04-30": "63.64900", "2005-01-31": "58.17600"}, "Long-Term Investments": {"2020-10-31": "430.70100", "2020-07-31": "412.76600", "2020-04-30": "364.04100", "2020-01-31": "364.35200", "2019-10-31": "366.25200", "2019-07-31": "354.56900", "2019-04-30": "390.08500", "2019-01-31": "409.37400", "2018-10-31": "431.81300", "2018-07-31": "419.99400", "2018-04-30": "456.76200", "2018-01-31": "449.74800", "2017-10-31": "481.75800", "2017-07-31": "514.26500", "2017-04-30": "540.21500", "2017-01-31": "601.69600", "2016-10-31": "496.41100", "2016-07-31": "475.29100", "2016-04-30": "438.84400", "2016-01-31": "463.44000", "2015-10-31": "412.86000", "2015-07-31": "394.38400", "2015-04-30": "533.19700", "2015-01-31": "534.51300", "2014-10-31": "520.87800", "2014-07-31": "526.85500", "2014-04-30": "537.29300", "2014-01-31": "529.13500", "2013-10-31": "512.47900", "2013-07-31": "472.24900", "2013-04-30": "477.69700", "2013-01-31": "433.44700", "2012-10-31": "426.13900", "2012-07-31": "409.72200", "2012-04-30": "296.16200", "2012-01-31": "290.44800", "2011-10-31": "195.52900", "2011-07-31": "186.91700", "2011-04-30": "185.25900", "2011-01-31": "157.77500", "2010-10-31": "198.44200", "2010-07-31": "193.46400", "2010-04-30": "170.46300", "2010-01-31": "154.33400", "2009-10-31": "152.84400", "2009-07-31": "144.55500", "2009-04-30": "148.25200", "2009-01-31": "145.37000", "2008-10-31": "151.77100", "2008-07-31": "141.84300", "2008-04-30": "196.56600", "2008-01-31": "156.93100", "2007-10-31": "183.17100", "2007-07-31": "240.25100", "2007-04-30": "234.30600", "2007-01-31": "251.03500", "2006-10-31": "245.66700", "2006-07-31": "240.20800", "2006-04-30": "224.69700", "2006-01-31": "206.22200", "2005-10-31": "152.39400", "2005-07-31": "126.56600", "2005-04-30": "114.19600", "2005-01-31": "109.87100"}, "Goodwill And Intangible Assets": {"2020-10-31": "", "2020-07-31": "", "2020-04-30": "", "2020-01-31": "", "2019-10-31": "", "2019-07-31": "", "2019-04-30": "", "2019-01-31": "", "2018-10-31": "", "2018-07-31": "", "2018-04-30": "", "2018-01-31": "", "2017-10-31": "", "2017-07-31": "", "2017-04-30": "", "2017-01-31": "", "2016-10-31": "", "2016-07-31": "", "2016-04-30": "", "2016-01-31": "", "2015-10-31": "", "2015-07-31": "", "2015-04-30": "", "2015-01-31": "", "2014-10-31": "", "2014-07-31": "", "2014-04-30": "", "2014-01-31": "", "2013-10-31": "", "2013-07-31": "", "2013-04-30": "", "2013-01-31": "", "2012-10-31": "", "2012-07-31": "", "2012-04-30": "", "2012-01-31": "", "2011-10-31": "", "2011-07-31": "", "2011-04-30": "", "2011-01-31": "", "2010-10-31": "", "2010-07-31": "", "2010-04-30": "", "2010-01-31": "", "2009-10-31": "", "2009-07-31": "", "2009-04-30": "", "2009-01-31": "", "2008-10-31": "", "2008-07-31": "", "2008-04-30": "", "2008-01-31": "", "2007-10-31": "", "2007-07-31": "", "2007-04-30": "", "2007-01-31": "", "2006-10-31": "", "2006-07-31": "", "2006-04-30": "", "2006-01-31": "", "2005-10-31": "", "2005-07-31": "", "2005-04-30": "", "2005-01-31": ""}, "Other Long-Term Assets": {"2020-10-31": "77.29100", "2020-07-31": "78.09400", "2020-04-30": "74.69000", "2020-01-31": "71.84100", "2019-10-31": "74.40300", "2019-07-31": "88.04300", "2019-04-30": "97.46200", "2019-01-31": "100.03400", "2018-10-31": "117.57300", "2018-07-31": "136.32200", "2018-04-30": "135.07200", "2018-01-31": "119.41800", "2017-10-31": "102.01700", "2017-07-31": "93.85100", "2017-04-30": "74.49300", "2017-01-31": "58.01200", "2016-10-31": "53.05700", "2016-07-31": "66.84600", "2016-04-30": "67.63800", "2016-01-31": "58.30200", "2015-10-31": "56.10500", "2015-07-31": "48.29600", "2015-04-30": "44.39900", "2015-01-31": "30.67900", "2014-10-31": "42.07300", "2014-07-31": "55.82000", "2014-04-30": "54.41700", "2014-01-31": "45.83400", "2013-10-31": "46.88800", "2013-07-31": "48.87800", "2013-04-30": "45.30400", "2013-01-31": "31.30100", "2012-10-31": "29.57900", "2012-07-31": "30.73100", "2012-04-30": "31.06800", "2012-01-31": "25.08900", "2011-10-31": "14.85900", "2011-07-31": "16.30400", "2011-04-30": "17.85900", "2011-01-31": "16.69400", "2010-10-31": "21.36600", "2010-07-31": "24.62200", "2010-04-30": "28.92000", "2010-01-31": "15.03400", "2009-10-31": "17.65300", "2009-07-31": "19.47400", "2009-04-30": "16.86400", "2009-01-31": "15.71100", "2008-10-31": "18.91300", "2008-07-31": "21.41700", "2008-04-30": "26.85400", "2008-01-31": "31.82400", "2007-10-31": "34.36700", "2007-07-31": "43.42300", "2007-04-30": "50.23400", "2007-01-31": "51.00800", "2006-10-31": "49.67600", "2006-07-31": "56.69800", "2006-04-30": "87.63600", "2006-01-31": "85.12600", "2005-10-31": "68.60100", "2005-07-31": "86.72100", "2005-04-30": "76.68100", "2005-01-31": "69.34400"}, "Total Long-Term Assets": {"2020-10-31": "1055.91400", "2020-07-31": "965.91300", "2020-04-30": "858.25600", "2020-01-31": "833.97300", "2019-10-31": "932.84400", "2019-07-31": "900.60500", "2019-04-30": "901.67300", "2019-01-31": "892.90590", "2018-10-31": "913.39800", "2018-07-31": "846.33500", "2018-04-30": "896.12800", "2018-01-31": "833.37700", "2017-10-31": "906.24400", "2017-07-31": "1011.86800", "2017-04-30": "1035.69200", "2017-01-31": "1077.93800", "2016-10-31": "1135.05800", "2016-07-31": "1059.86200", "2016-04-30": "955.66200", "2016-01-31": "924.32600", "2015-10-31": "927.35000", "2015-07-31": "941.52200", "2015-04-30": "1044.24600", "2015-01-31": "1015.40500", "2014-10-31": "1058.32600", "2014-07-31": "1076.54000", "2014-04-30": "1059.74500", "2014-01-31": "1048.89300", "2013-10-31": "1090.23600", "2013-07-31": "1040.29100", "2013-04-30": "1055.84200", "2013-01-31": "982.99110", "2012-10-31": "1010.13100", "2012-07-31": "614.21300", "2012-04-30": "478.48100", "2012-01-31": "453.94700", "2011-10-31": "373.27500", "2011-07-31": "347.44300", "2011-04-30": "331.56400", "2011-01-31": "316.71400", "2010-10-31": "393.36800", "2010-07-31": "365.06400", "2010-04-30": "328.69500", "2010-01-31": "267.64900", "2009-10-31": "284.37000", "2009-07-31": "441.29800", "2009-04-30": "721.47710", "2009-01-31": "748.98800", "2008-10-31": "712.10410", "2008-07-31": "662.96800", "2008-04-30": "757.93100", "2008-01-31": "635.47090", "2007-10-31": "564.88900", "2007-07-31": "530.79100", "2007-04-30": "523.38200", "2007-01-31": "474.68700", "2006-10-31": "524.75810", "2006-07-31": "486.25900", "2006-04-30": "467.57900", "2006-01-31": "428.80900", "2005-10-31": "400.37700", "2005-07-31": "368.95100", "2005-04-30": "333.18900", "2005-01-31": "311.78600"}, "Total Assets": {"2020-10-31": "11065.73000", "2020-07-31": "10537.43000", "2020-04-30": "10810.81000", "2020-01-31": "10587.21000", "2019-10-31": "10828.14000", "2019-07-31": "10452.12000", "2019-04-30": "10276.73000", "2019-01-31": "10035.85000", "2018-10-31": "10244.59000", "2018-07-31": "9949.22000", "2018-04-30": "9843.72600", "2018-01-31": "9617.89900", "2017-10-31": "9445.22500", "2017-07-31": "10128.94000", "2017-04-30": "9866.96400", "2017-01-31": "9516.80000", "2016-10-31": "9736.78900", "2016-07-31": "9405.69900", "2016-04-30": "8964.22500", "2016-01-31": "8763.43700", "2015-10-31": "9206.51500", "2015-07-31": "8630.89500", "2015-04-30": "8587.68100", "2015-01-31": "8421.61900", "2014-10-31": "8398.45700", "2014-07-31": "8331.91600", "2014-04-30": "8245.06600", "2014-01-31": "7760.25500", "2013-10-31": "6827.45900", "2013-07-31": "6787.54300", "2013-04-30": "6558.60500", "2013-01-31": "6118.25100", "2012-10-31": "6181.04400", "2012-07-31": "5456.27200", "2012-04-30": "5365.08500", "2012-01-31": "4974.90200", "2011-10-31": "5055.24600", "2011-07-31": "5076.61000", "2011-04-30": "5083.89600", "2011-01-31": "5061.42000", "2010-10-31": "5171.55500", "2010-07-31": "5397.93400", "2010-04-30": "5489.46500", "2010-01-31": "5519.88900", "2009-10-31": "5634.44400", "2009-07-31": "5719.12500", "2009-04-30": "6492.46900", "2009-01-31": "6322.47900", "2008-10-31": "6586.83600", "2008-07-31": "6836.03100", "2008-04-30": "6958.30100", "2008-01-31": "7020.61900", "2007-10-31": "7220.31600", "2007-07-31": "7427.57600", "2007-04-30": "7424.17900", "2007-01-31": "7417.12100", "2006-10-31": "7583.54100", "2006-07-31": "7332.38000", "2006-04-30": "7073.51000", "2006-01-31": "6559.07800", "2005-10-31": "6343.84000", "2005-07-31": "5881.87100", "2005-04-30": "5351.45300", "2005-01-31": "5096.97400"}, "Total Current Liabilities": {"2020-10-31": "1720.56700", "2020-07-31": "1508.78000", "2020-04-30": "1454.03100", "2020-01-31": "1429.84600", "2019-10-31": "1402.50200", "2019-07-31": "1285.98100", "2019-04-30": "1221.18600", "2019-01-31": "1181.77600", "2018-10-31": "1366.63800", "2018-07-31": "1304.15500", "2018-04-30": "1274.40500", "2018-01-31": "1201.62000", "2017-10-31": "1292.08500", "2017-07-31": "1349.77000", "2017-04-30": "1332.08700", "2017-01-31": "1219.16800", "2016-10-31": "1417.03700", "2016-07-31": "1010.40500", "2016-04-30": "967.66500", "2016-01-31": "936.09610", "2015-10-31": "903.88700", "2015-07-31": "882.35400", "2015-04-30": "857.72700", "2015-01-31": "864.89900", "2014-10-31": "932.81990", "2014-07-31": "892.28500", "2014-04-30": "829.02000", "2014-01-31": "782.20800", "2013-10-31": "771.96200", "2013-07-31": "750.58300", "2013-04-30": "702.99100", "2013-01-31": "661.70800", "2012-10-31": "657.25200", "2012-07-31": "650.96300", "2012-04-30": "663.12800", "2012-01-31": "657.00100", "2011-10-31": "723.93400", "2011-07-31": "723.89900", "2011-04-30": "762.33800", "2011-01-31": "747.85500", "2010-10-31": "824.41800", "2010-07-31": "798.76900", "2010-04-30": "895.79900", "2010-01-31": "879.94200", "2009-10-31": "893.94800", "2009-07-31": "869.89000", "2009-04-30": "842.53500", "2009-01-31": "935.31200", "2008-10-31": "1075.68600", "2008-07-31": "1091.23000", "2008-04-30": "1153.90300", "2008-01-31": "1100.29900", "2007-10-31": "1159.06600", "2007-07-31": "1194.39200", "2007-04-30": "1203.96300", "2007-01-31": "1298.66700", "2006-10-31": "1451.95900", "2006-07-31": "1371.86100", "2006-04-30": "1294.04400", "2006-01-31": "1263.01400", "2005-10-31": "1330.47300", "2005-07-31": "1202.46200", "2005-04-30": "962.22200", "2005-01-31": "926.57900"}, "Long Term Debt": {"2020-10-31": "3958.28400", "2020-07-31": "3865.51500", "2020-04-30": "4323.40500", "2020-01-31": "4035.18800", "2019-10-31": "3921.34700", "2019-07-31": "3752.01400", "2019-04-30": "3649.82400", "2019-01-31": "3586.53400", "2018-10-31": "3698.17600", "2018-07-31": "3637.45400", "2018-04-30": "3613.13900", "2018-01-31": "3529.82400", "2017-10-31": "3220.02400", "2017-07-31": "3826.40000", "2017-04-30": "3692.94200", "2017-01-31": "3632.45800", "2016-10-31": "3775.45100", "2016-07-31": "3876.87700", "2016-04-30": "3503.35400", "2016-01-31": "3370.09400", "2015-10-31": "3790.24000", "2015-07-31": "3322.94400", "2015-04-30": "3400.66700", "2015-01-31": "3367.63200", "2014-10-31": "3381.14100", "2014-07-31": "3378.62200", "2014-04-30": "3458.36800", "2014-01-31": "3131.92700", "2013-10-31": "2503.66400", "2013-07-31": "2589.13900", "2013-04-30": "2477.49500", "2013-01-31": "2158.67500", "2012-10-31": "2252.94400", "2012-07-31": "1961.98000", "2012-04-30": "1941.21900", "2012-01-31": "1616.58500", "2011-10-31": "1654.93700", "2011-07-31": "1644.91100", "2011-04-30": "1675.22900", "2011-01-31": "1668.38700", "2010-10-31": "1710.96800", "2010-07-31": "2011.28000", "2010-04-30": "2051.81000", "2010-01-31": "2071.83200", "2009-10-31": "2135.38900", "2009-07-31": "2133.38700", "2009-04-30": "2461.00500", "2009-01-31": "2109.94100", "2008-10-31": "2137.90600", "2008-07-31": "2263.89500", "2008-04-30": "2268.41100", "2008-01-31": "2272.21100", "2007-10-31": "2265.85000", "2007-07-31": "2335.04800", "2007-04-30": "2339.81600", "2007-01-31": "2268.20900", "2006-10-31": "2347.80600", "2006-07-31": "2290.52000", "2006-04-30": "2229.11300", "2006-01-31": "1917.56500", "2005-10-31": "1830.25400", "2005-07-31": "1714.54700", "2005-04-30": "1723.94400", "2005-01-31": "1732.61400"}, "Other Non-Current Liabilities": {"2020-10-31": "459.40600", "2020-07-31": "437.00800", "2020-04-30": "419.65300", "2020-01-31": "417.09200", "2019-10-31": "385.59600", "2019-07-31": "429.66500", "2019-04-30": "419.47900", "2019-01-31": "406.35500", "2018-10-31": "410.86400", "2018-07-31": "470.23100", "2018-04-30": "469.58600", "2018-01-31": "421.56500", "2017-10-31": "396.02600", "2017-07-31": "414.14500", "2017-04-30": "387.94000", "2017-01-31": "344.15000", "2016-10-31": "309.09900", "2016-07-31": "338.45700", "2016-04-30": "328.25800", "2016-01-31": "301.28200", "2015-10-31": "284.30900", "2015-07-31": "299.61100", "2015-04-30": "275.34700", "2015-01-31": "226.44400", "2014-10-31": "223.79900", "2014-07-31": "254.18700", "2014-04-30": "254.62100", "2014-01-31": "218.74700", "2013-10-31": "212.66900", "2013-07-31": "231.49300", "2013-04-30": "205.82100", "2013-01-31": "156.75800", "2012-10-31": "142.97700", "2012-07-31": "141.52300", "2012-04-30": "128.92100", "2012-01-31": "97.33400", "2011-10-31": "83.82400", "2011-07-31": "90.18400", "2011-04-30": "91.20300", "2011-01-31": "74.76100", "2010-10-31": "77.15600", "2010-07-31": "85.85900", "2010-04-30": "93.48500", "2010-01-31": "82.24000", "2009-10-31": "88.62500", "2009-07-31": "97.80900", "2009-04-30": "102.53400", "2009-01-31": "112.48900", "2008-10-31": "135.59100", "2008-07-31": "171.17500", "2008-04-30": "201.53300", "2008-01-31": "226.71300", "2007-10-31": "260.15500", "2007-07-31": "300.65700", "2007-04-30": "326.20600", "2007-01-31": "344.67400", "2006-10-31": "360.14700", "2006-07-31": "430.89200", "2006-04-30": "446.56400", "2006-01-31": "432.60800", "2005-10-31": "415.60200", "2005-07-31": "438.18400", "2005-04-30": "389.26500", "2005-01-31": "329.15000"}, "Total Long Term Liabilities": {"2020-10-31": "4417.69000", "2020-07-31": "4302.52300", "2020-04-30": "4743.05800", "2020-01-31": "4452.28000", "2019-10-31": "4306.94300", "2019-07-31": "4181.67900", "2019-04-30": "4069.30300", "2019-01-31": "3992.88900", "2018-10-31": "4109.04000", "2018-07-31": "4107.68500", "2018-04-30": "4082.72500", "2018-01-31": "3951.38900", "2017-10-31": "3616.05000", "2017-07-31": "4240.54500", "2017-04-30": "4080.88200", "2017-01-31": "3976.60800", "2016-10-31": "4084.55000", "2016-07-31": "4215.33400", "2016-04-30": "3831.61200", "2016-01-31": "3671.37600", "2015-10-31": "4074.54900", "2015-07-31": "3622.55500", "2015-04-30": "3676.01400", "2015-01-31": "3594.07600", "2014-10-31": "3604.94000", "2014-07-31": "3632.80900", "2014-04-30": "3712.98900", "2014-01-31": "3350.67400", "2013-10-31": "2716.33300", "2013-07-31": "2820.63200", "2013-04-30": "2683.31600", "2013-01-31": "2315.43300", "2012-10-31": "2395.92100", "2012-07-31": "2103.50300", "2012-04-30": "2070.14000", "2012-01-31": "1713.91900", "2011-10-31": "1738.76100", "2011-07-31": "1735.09500", "2011-04-30": "1766.43200", "2011-01-31": "1743.14800", "2010-10-31": "1788.12400", "2010-07-31": "2097.13900", "2010-04-30": "2145.29500", "2010-01-31": "2154.07200", "2009-10-31": "2224.01400", "2009-07-31": "2236.47900", "2009-04-30": "2568.82200", "2009-01-31": "2224.92400", "2008-10-31": "2273.49700", "2008-07-31": "2443.08400", "2008-04-30": "2477.95800", "2008-01-31": "2506.93800", "2007-10-31": "2534.01600", "2007-07-31": "2643.71000", "2007-04-30": "2673.78500", "2007-01-31": "2620.64600", "2006-10-31": "2715.65600", "2006-07-31": "2728.51500", "2006-04-30": "2682.66000", "2006-01-31": "2354.11300", "2005-10-31": "2249.79600", "2005-07-31": "2152.73100", "2005-04-30": "2113.20900", "2005-01-31": "2061.76400"}, "Total Liabilities": {"2020-10-31": "6138.25700", "2020-07-31": "5811.30300", "2020-04-30": "6197.08900", "2020-01-31": "5882.12600", "2019-10-31": "5709.44500", "2019-07-31": "5467.66000", "2019-04-30": "5290.48900", "2019-01-31": "5174.66500", "2018-10-31": "5475.67800", "2018-07-31": "5411.84000", "2018-04-30": "5357.13000", "2018-01-31": "5153.00900", "2017-10-31": "4908.13500", "2017-07-31": "5590.31500", "2017-04-30": "5412.96900", "2017-01-31": "5195.77600", "2016-10-31": "5501.58700", "2016-07-31": "5225.73900", "2016-04-30": "4799.27700", "2016-01-31": "4607.47200", "2015-10-31": "4978.43600", "2015-07-31": "4504.90900", "2015-04-30": "4533.74100", "2015-01-31": "4458.97500", "2014-10-31": "4537.76000", "2014-07-31": "4525.09400", "2014-04-30": "4542.00900", "2014-01-31": "4132.88200", "2013-10-31": "3488.29500", "2013-07-31": "3571.21500", "2013-04-30": "3386.30700", "2013-01-31": "2977.14100", "2012-10-31": "3053.17300", "2012-07-31": "2754.46600", "2012-04-30": "2733.26800", "2012-01-31": "2370.92000", "2011-10-31": "2462.69500", "2011-07-31": "2458.99400", "2011-04-30": "2528.77000", "2011-01-31": "2491.00300", "2010-10-31": "2612.54200", "2010-07-31": "2895.90800", "2010-04-30": "3041.09400", "2010-01-31": "3034.01400", "2009-10-31": "3117.96200", "2009-07-31": "3106.36900", "2009-04-30": "3411.35700", "2009-01-31": "3160.23600", "2008-10-31": "3349.18300", "2008-07-31": "3534.31400", "2008-04-30": "3631.86100", "2008-01-31": "3607.23700", "2007-10-31": "3693.08200", "2007-07-31": "3838.10200", "2007-04-30": "3877.74800", "2007-01-31": "3919.31300", "2006-10-31": "4167.61500", "2006-07-31": "4100.37600", "2006-04-30": "3976.70400", "2006-01-31": "3617.12700", "2005-10-31": "3580.26900", "2005-07-31": "3355.19300", "2005-04-30": "3075.43100", "2005-01-31": "2988.34300"}, "Common Stock Net": {"2020-10-31": "1.52900", "2020-07-31": "1.52900", "2020-04-30": "1.52900", "2020-01-31": "1.52900", "2019-10-31": "1.52900", "2019-07-31": "1.77900", "2019-04-30": "1.77900", "2019-01-31": "1.77900", "2018-10-31": "1.77900", "2018-07-31": "1.77900", "2018-04-30": "1.77900", "2018-01-31": "1.77900", "2017-10-31": "1.77900", "2017-07-31": "1.77900", "2017-04-30": "1.77900", "2017-01-31": "1.77900", "2016-10-31": "1.77900", "2016-07-31": "1.77900", "2016-04-30": "1.77900", "2016-01-31": "1.77900", "2015-10-31": "1.77900", "2015-07-31": "1.77900", "2015-04-30": "1.77900", "2015-01-31": "1.77900", "2014-10-31": "1.77900", "2014-07-31": "1.77900", "2014-04-30": "1.77800", "2014-01-31": "1.77600", "2013-10-31": "1.69400", "2013-07-31": "1.69300", "2013-04-30": "1.69300", "2013-01-31": "1.69200", "2012-10-31": "1.68700", "2012-07-31": "1.68700", "2012-04-30": "1.68700", "2012-01-31": "1.68700", "2011-10-31": "1.68700", "2011-07-31": "1.68600", "2011-04-30": "1.66900", "2011-01-31": "1.66800", "2010-10-31": "1.66400", "2010-07-31": "1.65900", "2010-04-30": "1.65400", "2010-01-31": "1.65300", "2009-10-31": "1.64700", "2009-07-31": "1.61300", "2009-04-30": "1.61100", "2009-01-31": "1.61100", "2008-10-31": "1.60400", "2008-07-31": "1.58800", "2008-04-30": "1.58700", "2008-01-31": "1.58500", "2007-10-31": "1.57000", "2007-07-31": "1.56700", "2007-04-30": "1.56300", "2007-01-31": "1.56300", "2006-10-31": "1.56300", "2006-07-31": "1.56300", "2006-04-30": "1.56300", "2006-01-31": "1.56300", "2005-10-31": "1.56300", "2005-07-31": "1.56300", "2005-04-30": "0.77600", "2005-01-31": "0.77000"}, "Retained Earnings (Accumulated Deficit)": {"2020-10-31": "5164.08600", "2020-07-31": "4978.83200", "2020-04-30": "4878.01700", "2020-01-31": "4816.28600", "2019-10-31": "4774.42200", "2019-07-31": "5482.95500", "2019-04-30": "5352.42400", "2019-01-31": "5239.25100", "2018-10-31": "5161.55100", "2018-07-31": "4866.98000", "2018-04-30": "4690.27200", "2018-01-31": "4595.23300", "2017-10-31": "4474.06400", "2017-07-31": "4294.80800", "2017-04-30": "4159.30000", "2017-01-31": "4047.71300", "2016-10-31": "3977.29700", "2016-07-31": "3862.91900", "2016-04-30": "3757.43600", "2016-01-31": "3668.38200", "2015-10-31": "3595.20200", "2015-07-31": "3448.03900", "2015-04-30": "3381.29000", "2015-01-31": "3313.36000", "2014-10-31": "3232.03500", "2014-07-31": "3100.51100", "2014-04-30": "3002.80500", "2014-01-31": "2937.58300", "2013-10-31": "2892.00300", "2013-07-31": "2797.09800", "2013-04-30": "2750.50300", "2013-01-31": "2725.82900", "2012-10-31": "2721.39700", "2012-07-31": "2309.98000", "2012-04-30": "2248.33700", "2012-01-31": "2231.46500", "2011-10-31": "2234.25100", "2011-07-31": "2219.20800", "2011-04-30": "2177.10000", "2011-01-31": "2197.87300", "2010-10-31": "2194.45600", "2010-07-31": "2143.97700", "2010-04-30": "2116.67500", "2010-01-31": "2157.07600", "2009-10-31": "2197.83000", "2009-07-31": "2309.26400", "2009-04-30": "2781.59500", "2009-01-31": "2864.76000", "2008-10-31": "2953.65500", "2008-07-31": "3032.47600", "2008-04-30": "3061.77100", "2008-01-31": "3155.50800", "2007-10-31": "3298.92500", "2007-07-31": "3380.76600", "2007-04-30": "3354.28000", "2007-01-31": "3317.59000", "2006-10-31": "3263.27400", "2006-07-31": "3089.48000", "2006-04-30": "2914.84800", "2006-01-31": "2739.91100", "2005-10-31": "2576.06100", "2005-07-31": "2265.80800", "2005-04-30": "2051.05600", "2005-01-31": "1880.92300"}, "Comprehensive Income": {"2020-10-31": "-7.19800", "2020-07-31": "-4.99600", "2020-04-30": "-5.27500", "2020-01-31": "-5.55300", "2019-10-31": "-5.83100", "2019-07-31": "0.86200", "2019-04-30": "0.80600", "2019-01-31": "0.75000", "2018-10-31": "0.69400", "2018-07-31": "-1.81000", "2018-04-30": "-1.98000", "2018-01-31": "-2.15000", "2017-10-31": "-1.91000", "2017-07-31": "-2.83200", "2017-04-30": "-2.99900", "2017-01-31": "-3.16700", "2016-10-31": "-3.33600", "2016-07-31": "-2.45500", "2016-04-30": "-2.61000", "2016-01-31": "-2.77000", "2015-10-31": "-2.50900", "2015-07-31": "-2.90000", "2015-04-30": "-3.05100", "2015-01-31": "-3.02100", "2014-10-31": "-2.83800", "2014-07-31": "-2.05000", "2014-04-30": "-2.03000", "2014-01-31": "-2.12400", "2013-10-31": "-2.38700", "2013-07-31": "-4.63000", "2013-04-30": "-4.86100", "2013-01-31": "-4.80300", "2012-10-31": "-4.81900", "2012-07-31": "-3.13700", "2012-04-30": "-3.38200", "2012-01-31": "-3.56300", "2011-10-31": "-2.90200", "2011-07-31": "-0.24500", "2011-04-30": "-0.22500", "2011-01-31": "-0.34000", "2010-10-31": "-0.57700", "2010-07-31": "-2.60700", "2010-04-30": "-2.85500", "2010-01-31": "-2.96200", "2009-10-31": "-2.63700", "2009-07-31": "0.23600", "2009-04-30": "0.26600", "2009-01-31": "0.29500", "2008-10-31": "0.32500", "2008-07-31": "-1.42300", "2008-04-30": "-1.53200", "2008-01-31": "-1.64200", "2007-10-31": "-0.39700", "2007-07-31": "", "2007-04-30": "", "2007-01-31": "", "2006-10-31": "", "2006-07-31": "", "2006-04-30": "", "2006-01-31": "", "2005-10-31": "", "2005-07-31": "", "2005-04-30": "", "2005-01-31": ""}, "Other Share Holders Equity": {"2020-10-31": "", "2020-07-31": "", "2020-04-30": "", "2020-01-31": "", "2019-10-31": "", "2019-07-31": "", "2019-04-30": "", "2019-01-31": "", "2018-10-31": "", "2018-07-31": "", "2018-04-30": "", "2018-01-31": "", "2017-10-31": "", "2017-07-31": "", "2017-04-30": "", "2017-01-31": "", "2016-10-31": "", "2016-07-31": "", "2016-04-30": "", "2016-01-31": "", "2015-10-31": "", "2015-07-31": "", "2015-04-30": "", "2015-01-31": "", "2014-10-31": "", "2014-07-31": "", "2014-04-30": "", "2014-01-31": "", "2013-10-31": "", "2013-07-31": "", "2013-04-30": "", "2013-01-31": "", "2012-10-31": "", "2012-07-31": "", "2012-04-30": "", "2012-01-31": "", "2011-10-31": "", "2011-07-31": "", "2011-04-30": "", "2011-01-31": "", "2010-10-31": "", "2010-07-31": "", "2010-04-30": "", "2010-01-31": "", "2009-10-31": "", "2009-07-31": "", "2009-04-30": "", "2009-01-31": "", "2008-10-31": "", "2008-07-31": "", "2008-04-30": "", "2008-01-31": "", "2007-10-31": "", "2007-07-31": "", "2007-04-30": "", "2007-01-31": "", "2006-10-31": "", "2006-07-31": "", "2006-04-30": "", "2006-01-31": "", "2005-10-31": "", "2005-07-31": "", "2005-04-30": "", "2005-01-31": ""}, "Share Holder Equity": {"2020-10-31": "4927.47600", "2020-07-31": "4726.12800", "2020-04-30": "4613.72200", "2020-01-31": "4705.08000", "2019-10-31": "5118.69300", "2019-07-31": "4984.45700", "2019-04-30": "4986.24000", "2019-01-31": "4861.18900", "2018-10-31": "4768.91200", "2018-07-31": "4537.38000", "2018-04-30": "4486.59600", "2018-01-31": "4464.89000", "2017-10-31": "4537.09000", "2017-07-31": "4538.62100", "2017-04-30": "4453.99500", "2017-01-31": "4321.02400", "2016-10-31": "4235.20200", "2016-07-31": "4179.96000", "2016-04-30": "4164.94800", "2016-01-31": "4155.96500", "2015-10-31": "4228.07900", "2015-07-31": "4125.98600", "2015-04-30": "4053.94000", "2015-01-31": "3962.64400", "2014-10-31": "3860.69700", "2014-07-31": "3806.82200", "2014-04-30": "3703.05700", "2014-01-31": "3627.37300", "2013-10-31": "3339.16400", "2013-07-31": "3216.32800", "2013-04-30": "3172.29800", "2013-01-31": "3141.11000", "2012-10-31": "3127.87100", "2012-07-31": "2701.80600", "2012-04-30": "2631.81700", "2012-01-31": "2603.98200", "2011-10-31": "2592.55100", "2011-07-31": "2617.61600", "2011-04-30": "2555.12600", "2011-01-31": "2570.41700", "2010-10-31": "2559.01300", "2010-07-31": "2502.02600", "2010-04-30": "2448.37100", "2010-01-31": "2485.87500", "2009-10-31": "2516.48200", "2009-07-31": "2612.75600", "2009-04-30": "3081.11200", "2009-01-31": "3162.24300", "2008-10-31": "3237.65300", "2008-07-31": "3301.71700", "2008-04-30": "3326.44000", "2008-01-31": "3413.38200", "2007-10-31": "3527.23400", "2007-07-31": "3589.47400", "2007-04-30": "3546.43100", "2007-01-31": "3497.80800", "2006-10-31": "3415.92600", "2006-07-31": "3232.00400", "2006-04-30": "3096.80600", "2006-01-31": "2941.95100", "2005-10-31": "2763.57100", "2005-07-31": "2526.67800", "2005-04-30": "2276.02200", "2005-01-31": "2108.63100"}, "Total Liabilities And Share Holders Equity": {"2020-10-31": "11065.73000", "2020-07-31": "10537.43000", "2020-04-30": "10810.81000", "2020-01-31": "10587.21000", "2019-10-31": "10828.14000", "2019-07-31": "10452.12000", "2019-04-30": "10276.73000", "2019-01-31": "10035.85000", "2018-10-31": "10244.59000", "2018-07-31": "9949.22000", "2018-04-30": "9843.72600", "2018-01-31": "9617.89900", "2017-10-31": "9445.22500", "2017-07-31": "10128.94000", "2017-04-30": "9866.96400", "2017-01-31": "9516.80000", "2016-10-31": "9736.78900", "2016-07-31": "9405.69900", "2016-04-30": "8964.22500", "2016-01-31": "8763.43700", "2015-10-31": "9206.51500", "2015-07-31": "8630.89500", "2015-04-30": "8587.68100", "2015-01-31": "8421.61900", "2014-10-31": "8398.45700", "2014-07-31": "8331.91600", "2014-04-30": "8245.06600", "2014-01-31": "7760.25500", "2013-10-31": "6827.45900", "2013-07-31": "6787.54300", "2013-04-30": "6558.60500", "2013-01-31": "6118.25100", "2012-10-31": "6181.04400", "2012-07-31": "5456.27200", "2012-04-30": "5365.08500", "2012-01-31": "4974.90200", "2011-10-31": "5055.24600", "2011-07-31": "5076.61000", "2011-04-30": "5083.89600", "2011-01-31": "5061.42000", "2010-10-31": "5171.55500", "2010-07-31": "5397.93400", "2010-04-30": "5489.46500", "2010-01-31": "5519.88900", "2009-10-31": "5634.44400", "2009-07-31": "5719.12500", "2009-04-30": "6492.46900", "2009-01-31": "6322.47900", "2008-10-31": "6586.83600", "2008-07-31": "6836.03100", "2008-04-30": "6958.30100", "2008-01-31": "7020.61900", "2007-10-31": "7220.31600", "2007-07-31": "7427.57600", "2007-04-30": "7424.17900", "2007-01-31": "7417.12100", "2006-10-31": "7583.54100", "2006-07-31": "7332.38000", "2006-04-30": "7073.51000", "2006-01-31": "6559.07800", "2005-10-31": "6343.84000", "2005-07-31": "5881.87100", "2005-04-30": "5351.45300", "2005-01-31": "5096.97400"}}, "cash flow statement": {"Net Income/Loss": {"2020-10-31": "446.62400", "2019-10-31": "590.00700", "2018-10-31": "748.15100", "2017-10-31": "535.49500", "2016-10-31": "382.09500", "2015-10-31": "363.16700", "2014-10-31": "340.03200", "2013-10-31": "170.60600", "2012-10-31": "487.14600", "2011-10-31": "39.79500", "2010-10-31": "-3.37400", "2009-10-31": "-755.82500", "2008-10-31": "-297.81000", "2007-10-31": "35.65100", "2006-10-31": "687.21300", "2005-10-31": "806.11000"}, "Total Depreciation And Amortization - Cash Flow": {"2020-10-31": "68.87300", "2019-10-31": "72.14900", "2018-10-31": "25.25900", "2017-10-31": "25.36100", "2016-10-31": "23.12100", "2015-10-31": "23.55700", "2014-10-31": "22.99900", "2013-10-31": "25.21000", "2012-10-31": "22.58600", "2011-10-31": "23.14200", "2010-10-31": "20.04400", "2009-10-31": "23.92500", "2008-10-31": "31.56600", "2007-10-31": "40.21300", "2006-10-31": "32.31400", "2005-10-31": "24.34700"}, "Other Non-Cash Items": {"2020-10-31": "187.53300", "2019-10-31": "139.96900", "2018-10-31": "43.95700", "2017-10-31": "243.65300", "2016-10-31": "25.16600", "2015-10-31": "91.18100", "2014-10-31": "57.22000", "2013-10-31": "65.91000", "2012-10-31": "-359.85800", "2011-10-31": "76.79500", "2010-10-31": "109.04600", "2009-10-31": "879.31100", "2008-10-31": "634.95900", "2007-10-31": "381.11600", "2006-10-31": "133.96300", "2005-10-31": "17.91500"}, "Total Non-Cash Items": {"2020-10-31": "256.40600", "2019-10-31": "212.11800", "2018-10-31": "69.21600", "2017-10-31": "269.01400", "2016-10-31": "48.28700", "2015-10-31": "114.73800", "2014-10-31": "80.21900", "2013-10-31": "91.12000", "2012-10-31": "-337.27200", "2011-10-31": "99.93700", "2010-10-31": "129.09000", "2009-10-31": "903.23600", "2008-10-31": "666.52500", "2007-10-31": "421.32900", "2006-10-31": "166.27700", "2005-10-31": "42.26200"}, "Change In Accounts Receivable": {"2020-10-31": "-176.29300", "2019-10-31": "-185.26100", "2018-10-31": "-99.60400", "2017-10-31": "-60.94400", "2016-10-31": "-321.84700", "2015-10-31": "-55.55300", "2014-10-31": "-5.21400", "2013-10-31": "-51.79400", "2012-10-31": "7.88600", "2011-10-31": "-5.61900", "2010-10-31": "-3.11500", "2009-10-31": "20.04500", "2008-10-31": "65.26300", "2007-10-31": "9.92900", "2006-10-31": "-147.76600", "2005-10-31": "-39.16900"}, "Change In Inventories": {"2020-10-31": "352.85800", "2019-10-31": "-40.23600", "2018-10-31": "-143.59800", "2017-10-31": "129.66600", "2016-10-31": "-391.17800", "2015-10-31": "-351.98300", "2014-10-31": "-271.98200", "2013-10-31": "-941.31400", "2012-10-31": "-195.94800", "2011-10-31": "-215.73800", "2010-10-31": "-140.34400", "2009-10-31": "489.21300", "2008-10-31": "662.76900", "2007-10-31": "-18.27400", "2006-10-31": "-877.74600", "2005-10-31": "-1025.42100"}, "Change In Accounts Payable": {"2020-10-31": "", "2019-10-31": "", "2018-10-31": "", "2017-10-31": "", "2016-10-31": "", "2015-10-31": "", "2014-10-31": "", "2013-10-31": "", "2012-10-31": "", "2011-10-31": "", "2010-10-31": "", "2009-10-31": "", "2008-10-31": "", "2007-10-31": "", "2006-10-31": "", "2005-10-31": ""}, "Change In Assets/Liabilities": {"2020-10-31": "60.87700", "2019-10-31": "-31.51100", "2018-10-31": "-39.58500", "2017-10-31": "152.89990", "2016-10-31": "-97.05300", "2015-10-31": "26.58410", "2014-10-31": "35.64300", "2013-10-31": "40.71200", "2012-10-31": "-49.73700", "2011-10-31": "83.63700", "2010-10-31": "-125.02100", "2009-10-31": "-39.60100", "2008-10-31": "-65.17600", "2007-10-31": "76.04000", "2006-10-31": "-66.99700", "2005-10-31": "109.56100"}, "Total Change In Assets/Liabilities": {"2020-10-31": "305.08700", "2019-10-31": "-364.46400", "2018-10-31": "-229.15600", "2017-10-31": "57.18900", "2016-10-31": "-279.49700", "2015-10-31": "-417.72300", "2014-10-31": "-107.05100", "2013-10-31": "-830.68900", "2012-10-31": "-321.41100", "2011-10-31": "-80.97900", "2010-10-31": "-272.00000", "2009-10-31": "135.78000", "2008-10-31": "458.08100", "2007-10-31": "-126.51100", "2006-10-31": "-977.57900", "2005-10-31": "-513.67600"}, "Cash Flow From Operating Activities": {"2020-10-31": "1008.11700", "2019-10-31": "437.66100", "2018-10-31": "588.21100", "2017-10-31": "861.69800", "2016-10-31": "150.88500", "2015-10-31": "60.18200", "2014-10-31": "313.20000", "2013-10-31": "-568.96300", "2012-10-31": "-171.53700", "2011-10-31": "58.75300", "2010-10-31": "-146.28400", "2009-10-31": "283.19100", "2008-10-31": "826.79600", "2007-10-31": "330.46900", "2006-10-31": "-124.08900", "2005-10-31": "334.69600"}, "Net Change In Property, Plant, And Equipment": {"2020-10-31": "-93.94700", "2019-10-31": "-7.32400", "2018-10-31": "-28.23200", "2017-10-31": "-28.87200", "2016-10-31": "-28.42600", "2015-10-31": "-9.44700", "2014-10-31": "-15.07400", "2013-10-31": "-26.56700", "2012-10-31": "-11.92000", "2011-10-31": "-15.45600", "2010-10-31": "-4.83000", "2009-10-31": "-2.71200", "2008-10-31": "-8.15800", "2007-10-31": "-14.97500", "2006-10-31": "-41.74000", "2005-10-31": "-43.02900"}, "Net Change In Intangible Assets": {"2020-10-31": "", "2019-10-31": "", "2018-10-31": "", "2017-10-31": "", "2016-10-31": "", "2015-10-31": "", "2014-10-31": "", "2013-10-31": "", "2012-10-31": "", "2011-10-31": "", "2010-10-31": "", "2009-10-31": "", "2008-10-31": "", "2007-10-31": "", "2006-10-31": "", "2005-10-31": ""}, "Net Acquisitions/Divestitures": {"2020-10-31": "-60.34900", "2019-10-31": "-162.37300", "2018-10-31": "", "2017-10-31": "-83.08800", "2016-10-31": "", "2015-10-31": "", "2014-10-31": "-1489.11600", "2013-10-31": "", "2012-10-31": "-144.74600", "2011-10-31": "", "2010-10-31": "", "2009-10-31": "", "2008-10-31": "", "2007-10-31": "32.29900", "2006-10-31": "-44.75000", "2005-10-31": ""}, "Net Change In Short-term Investments": {"2020-10-31": "0.69800", "2019-10-31": "2.41600", "2018-10-31": "3.79900", "2017-10-31": "31.10400", "2016-10-31": "58.48600", "2015-10-31": "40.84900", "2014-10-31": "91.28300", "2013-10-31": "382.85900", "2012-10-31": "-225.08800", "2011-10-31": "-108.09400", "2010-10-31": "-97.96200", "2009-10-31": "-101.32400", "2008-10-31": "-4.95290", "2007-10-31": "-0.00020", "2006-10-31": "-0.00010", "2005-10-31": "115.02890"}, "Net Change In Long-Term Investments": {"2020-10-31": "-24.24700", "2019-10-31": "91.36700", "2018-10-31": "105.69900", "2017-10-31": "73.17100", "2016-10-31": "-21.84900", "2015-10-31": "-84.17400", "2014-10-31": "-39.18400", "2013-10-31": "-23.58900", "2012-10-31": "-178.79200", "2011-10-31": "43.17700", "2010-10-31": "-48.59000", "2009-10-31": "-28.13700", "2008-10-31": "-51.51900", "2007-10-31": "8.26000", "2006-10-31": "-68.38400", "2005-10-31": "-40.42800"}, "Net Change In Investments - Total": {"2020-10-31": "-23.54900", "2019-10-31": "93.78300", "2018-10-31": "109.49800", "2017-10-31": "104.27500", "2016-10-31": "36.63700", "2015-10-31": "-43.32500", "2014-10-31": "52.09900", "2013-10-31": "359.27000", "2012-10-31": "-403.88000", "2011-10-31": "-64.91700", "2010-10-31": "-146.55200", "2009-10-31": "-129.46100", "2008-10-31": "-56.47190", "2007-10-31": "8.25980", "2006-10-31": "-68.38410", "2005-10-31": "74.60090"}, "Investing Activities - Other": {"2020-10-31": "", "2019-10-31": "", "2018-10-31": "", "2017-10-31": "", "2016-10-31": "", "2015-10-31": "", "2014-10-31": "", "2013-10-31": "", "2012-10-31": "", "2011-10-31": "", "2010-10-31": "", "2009-10-31": "", "2008-10-31": "", "2007-10-31": "", "2006-10-31": "", "2005-10-31": ""}, "Cash Flow From Investing Activities": {"2020-10-31": "-177.84500", "2019-10-31": "-75.91400", "2018-10-31": "81.26600", "2017-10-31": "-7.68500", "2016-10-31": "8.21100", "2015-10-31": "-52.77200", "2014-10-31": "-1452.09100", "2013-10-31": "332.70300", "2012-10-31": "-560.54600", "2011-10-31": "-80.37300", "2010-10-31": "-151.38200", "2009-10-31": "-132.17300", "2008-10-31": "-64.63000", "2007-10-31": "25.58400", "2006-10-31": "-154.87400", "2005-10-31": "31.57200"}, "Net Long-Term Debt": {"2020-10-31": "-85.80400", "2019-10-31": "27.41210", "2018-10-31": "340.67090", "2017-10-31": "-610.33080", "2016-10-31": "-54.08890", "2015-10-31": "344.97390", "2014-10-31": "794.29610", "2013-10-31": "205.53700", "2012-10-31": "565.54900", "2011-10-31": "-90.20700", "2010-10-31": "-483.26700", "2009-10-31": "-20.28600", "2008-10-31": "-70.77910", "2007-10-31": "-124.92000", "2006-10-31": "297.13710", "2005-10-31": "-72.78490"}, "Net Current Debt": {"2020-10-31": "", "2019-10-31": "", "2018-10-31": "", "2017-10-31": "", "2016-10-31": "", "2015-10-31": "", "2014-10-31": "", "2013-10-31": "", "2012-10-31": "", "2011-10-31": "", "2010-10-31": "", "2009-10-31": "", "2008-10-31": "", "2007-10-31": "", "2006-10-31": "", "2005-10-31": ""}, "Debt Issuance/Retirement Net - Total": {"2020-10-31": "-85.80400", "2019-10-31": "27.41210", "2018-10-31": "340.67090", "2017-10-31": "-610.33080", "2016-10-31": "-54.08890", "2015-10-31": "344.97390", "2014-10-31": "794.29610", "2013-10-31": "205.53700", "2012-10-31": "565.54900", "2011-10-31": "-90.20700", "2010-10-31": "-483.26700", "2009-10-31": "-20.28600", "2008-10-31": "-70.77910", "2007-10-31": "-124.92000", "2006-10-31": "297.13710", "2005-10-31": "-72.78490"}, "Net Common Equity Issued/Repurchased": {"2020-10-31": "-609.20100", "2019-10-31": "-216.15400", "2018-10-31": "-489.76700", "2017-10-31": "-224.88100", "2016-10-31": "-385.78600", "2015-10-31": "-17.37400", "2014-10-31": "157.97500", "2013-10-31": "0.42100", "2012-10-31": "33.24200", "2011-10-31": "-23.57100", "2010-10-31": "7.00100", "2009-10-31": "20.67400", "2008-10-31": "15.98800", "2007-10-31": "18.65700", "2006-10-31": "-94.74200", "2005-10-31": "-74.03800"}, "Net Total Equity Issued/Repurchased": {"2020-10-31": "-609.20100", "2019-10-31": "-216.15400", "2018-10-31": "-489.76700", "2017-10-31": "-224.88100", "2016-10-31": "-385.78600", "2015-10-31": "-17.37400", "2014-10-31": "157.97500", "2013-10-31": "0.42100", "2012-10-31": "33.24200", "2011-10-31": "-23.57100", "2010-10-31": "7.00100", "2009-10-31": "20.67400", "2008-10-31": "15.98800", "2007-10-31": "18.65700", "2006-10-31": "-94.74200", "2005-10-31": "-74.03800"}, "Total Common And Preferred Stock Dividends Paid": {"2020-10-31": "-56.58800", "2019-10-31": "-63.64100", "2018-10-31": "-61.70400", "2017-10-31": "-38.58700", "2016-10-31": "", "2015-10-31": "", "2014-10-31": "", "2013-10-31": "", "2012-10-31": "", "2011-10-31": "", "2010-10-31": "", "2009-10-31": "", "2008-10-31": "", "2007-10-31": "", "2006-10-31": "", "2005-10-31": ""}, "Financial Activities - Other": {"2020-10-31": "-1.71800", "2019-10-31": "-6.13100", "2018-10-31": "-3.50100", "2017-10-31": "-4.44900", "2016-10-31": "-4.49900", "2015-10-31": "-2.33200", "2014-10-31": "-0.03700", "2013-10-31": "24.45000", "2012-10-31": "5.77600", "2011-10-31": "2.67800", "2010-10-31": "5.27400", "2009-10-31": "22.81700", "2008-10-31": "25.78300", "2007-10-31": "18.02300", "2006-10-31": "19.87300", "2005-10-31": "3.94000"}, "Cash Flow From Financial Activities": {"2020-10-31": "-753.31100", "2019-10-31": "-258.51400", "2018-10-31": "-214.30100", "2017-10-31": "-878.24800", "2016-10-31": "-444.37400", "2015-10-31": "325.26800", "2014-10-31": "952.23400", "2013-10-31": "230.40800", "2012-10-31": "604.56700", "2011-10-31": "-111.10000", "2010-10-31": "-470.99200", "2009-10-31": "23.20500", "2008-10-31": "-29.00800", "2007-10-31": "-88.24000", "2006-10-31": "222.26800", "2005-10-31": "-142.88300"}, "Net Cash Flow": {"2020-10-31": "76.96100", "2019-10-31": "103.23300", "2018-10-31": "455.17600", "2017-10-31": "-24.23500", "2016-10-31": "-285.27800", "2015-10-31": "332.67800", "2014-10-31": "-186.65700", "2013-10-31": "-5.85200", "2012-10-31": "-127.51600", "2011-10-31": "-132.72000", "2010-10-31": "-768.65800", "2009-10-31": "174.22300", "2008-10-31": "733.15800", "2007-10-31": "267.81300", "2006-10-31": "-56.69500", "2005-10-31": "223.38500"}, "Stock-Based Compensation": {"2020-10-31": "24.32600", "2019-10-31": "26.18000", "2018-10-31": "28.31200", "2017-10-31": "28.46600", "2016-10-31": "26.67900", "2015-10-31": "22.90300", "2014-10-31": "21.65600", "2013-10-31": "19.04100", "2012-10-31": "15.57500", "2011-10-31": "12.49400", "2010-10-31": "11.67700", "2009-10-31": "10.98700", "2008-10-31": "23.25500", "2007-10-31": "27.46300", "2006-10-31": "27.08200", "2005-10-31": ""}, "Common Stock Dividends Paid": {"2020-10-31": "-56.58800", "2019-10-31": "-63.64100", "2018-10-31": "-61.70400", "2017-10-31": "-38.58700", "2016-10-31": "", "2015-10-31": "", "2014-10-31": "", "2013-10-31": "", "2012-10-31": "", "2011-10-31": "", "2010-10-31": "", "2009-10-31": "", "2008-10-31": "", "2007-10-31": "", "2006-10-31": "", "2005-10-31": ""}}, "cash flow statement, quarterly": {"Net Income/Loss": {"2020-10-31": 199.317, "2020-07-31": 114.761, "2020-04-30": 75.67, "2020-01-31": "56.87600", "2019-10-31": 202.315, "2019-07-31": 146.318, "2019-04-30": 129.324, "2019-01-31": "112.05000", "2018-10-31": 310.976, "2018-07-31": 193.258, "2018-04-30": 111.81, "2018-01-31": "132.10700", "2017-10-31": 191.878, "2017-07-31": 148.563, "2017-04-30": 124.638, "2017-01-31": "70.41600", "2016-10-31": 114.378, "2016-07-31": 105.483, "2016-04-30": 89.054, "2016-01-31": "73.18000", "2015-10-31": 147.163, "2015-07-31": 66.749, "2015-04-30": 67.93, "2015-01-31": "81.32500", "2014-10-31": 131.524, "2014-07-31": 97.706, "2014-04-30": 65.222, "2014-01-31": "45.58000", "2013-10-31": 94.905, "2013-07-31": 46.595, "2013-04-30": 24.674, "2013-01-31": "4.43200", "2012-10-31": 411.417, "2012-07-31": 61.643, "2012-04-30": 16.872, "2012-01-31": "-2.78600", "2011-10-31": 15.043, "2011-07-31": 42.108, "2011-04-30": -20.773, "2011-01-31": "3.41700", "2010-10-31": 50.479, "2010-07-31": 27.302, "2010-04-30": -40.401, "2010-01-31": "-40.75400", "2009-10-31": -111.434, "2009-07-31": -472.331, "2009-04-30": -83.165, "2009-01-31": "-88.89500", "2008-10-31": -78.821, "2008-07-31": -29.295, "2008-04-30": -93.737, "2008-01-31": "-95.95700", "2007-10-31": -81.841, "2007-07-31": 26.486, "2007-04-30": 36.69, "2007-01-31": "54.31600", "2006-10-31": 173.794, "2006-07-31": 174.632, "2006-04-30": 174.937, "2006-01-31": "163.85000", "2005-10-31": 310.252, "2005-07-31": 215.532, "2005-04-30": 170.133, "2005-01-31": "110.19300"}, "Total Depreciation And Amortization - Cash Flow": {"2020-10-31": 22.173, "2020-07-31": 16.415, "2020-04-30": 15.618, "2020-01-31": "14.66700", "2019-10-31": 20.726, "2019-07-31": 18.109, "2019-04-30": 17.645, "2019-01-31": "15.66900", "2018-10-31": 6.535, "2018-07-31": 6.204, "2018-04-30": 6.349, "2018-01-31": "6.17100", "2017-10-31": 6.938, "2017-07-31": 6.3, "2017-04-30": 6.093, "2017-01-31": "6.03000", "2016-10-31": 6.283, "2016-07-31": 5.809, "2016-04-30": 5.496, "2016-01-31": "5.53300", "2015-10-31": 5.89, "2015-07-31": 5.895, "2015-04-30": 5.963, "2015-01-31": "5.80900", "2014-10-31": 6.309, "2014-07-31": 5.595, "2014-04-30": 5.806, "2014-01-31": "5.28900", "2013-10-31": 6.073, "2013-07-31": 6.369, "2013-04-30": 6.243, "2013-01-31": "6.52500", "2012-10-31": 6.063, "2012-07-31": 5.825, "2012-04-30": 5.469, "2012-01-31": "5.22900", "2011-10-31": 6.019, "2011-07-31": 6.786, "2011-04-30": 5.95, "2011-01-31": "4.38700", "2010-10-31": 6.089, "2010-07-31": 4.93, "2010-04-30": 4.539, "2010-01-31": "4.48600", "2009-10-31": 5.572, "2009-07-31": 6.269, "2009-04-30": 6.23, "2009-01-31": "5.85400", "2008-10-31": 10.504, "2008-07-31": 6.98, "2008-04-30": 7.121, "2008-01-31": "6.96100", "2007-10-31": 7.319, "2007-07-31": 7.264, "2007-04-30": 8.366, "2007-01-31": "17.26400", "2006-10-31": 8.904, "2006-07-31": 8.231, "2006-04-30": 7.822, "2006-01-31": "7.35700", "2005-10-31": 7.141, "2005-07-31": 6.327, "2005-04-30": 5.678, "2005-01-31": "5.20100"}, "Other Non-Cash Items": {"2020-10-31": 130.995, "2020-07-31": 26.468, "2020-04-30": 11.252, "2020-01-31": "18.81800", "2019-10-31": 88.131, "2019-07-31": 18.561, "2019-04-30": 26.875, "2019-01-31": "6.40200", "2018-10-31": 14.887, "2018-07-31": 28.132, "2018-04-30": 18.201, "2018-01-31": "-17.26300", "2017-10-31": 172.263, "2017-07-31": 27.812, "2017-04-30": 23.174, "2017-01-31": "20.40400", "2016-10-31": 13.64, "2016-07-31": -2.686, "2016-04-30": 8.933, "2016-01-31": "5.27900", "2015-10-31": 45.143, "2015-07-31": 21.912, "2015-04-30": 21.34, "2015-01-31": "2.78600", "2014-10-31": 19.059, "2014-07-31": 11.446, "2014-04-30": 23.397, "2014-01-31": "3.31800", "2013-10-31": 12.574, "2013-07-31": 28.459, "2013-04-30": 19.521, "2013-01-31": "5.35600", "2012-10-31": -357.005, "2012-07-31": 0.073, "2012-04-30": -7.026, "2012-01-31": "4.10000", "2011-10-31": 10.612, "2011-07-31": 10.939, "2011-04-30": 30.236, "2011-01-31": "25.00800", "2010-10-31": 12.506, "2010-07-31": 17.962, "2010-04-30": 43.279, "2010-01-31": "35.29900", "2009-10-31": 229.412, "2009-07-31": 394.26, "2009-04-30": 140.415, "2009-01-31": "115.22400", "2008-10-31": 112.7171, "2008-07-31": 178.9739, "2008-04-30": 190.963, "2008-01-31": "152.30500", "2007-10-31": 169.859, "2007-07-31": 59.546, "2007-04-30": 92.476, "2007-01-31": "59.23500", "2006-10-31": 85.603, "2006-07-31": 31.133, "2006-04-30": 18.625, "2006-01-31": "-1.39800", "2005-10-31": -10.971, "2005-07-31": 18.111, "2005-04-30": -5.494, "2005-01-31": "16.26900"}, "Total Non-Cash Items": {"2020-10-31": 153.168, "2020-07-31": 42.883, "2020-04-30": 26.87, "2020-01-31": "33.48500", "2019-10-31": 108.857, "2019-07-31": 36.67, "2019-04-30": 44.52, "2019-01-31": "22.07100", "2018-10-31": 21.422, "2018-07-31": 34.336, "2018-04-30": 24.55, "2018-01-31": "-11.09200", "2017-10-31": 179.201, "2017-07-31": 34.112, "2017-04-30": 29.267, "2017-01-31": "26.43400", "2016-10-31": 19.923, "2016-07-31": 3.123, "2016-04-30": 14.429, "2016-01-31": "10.81200", "2015-10-31": 51.033, "2015-07-31": 27.807, "2015-04-30": 27.303, "2015-01-31": "8.59500", "2014-10-31": 25.368, "2014-07-31": 17.041, "2014-04-30": 29.203, "2014-01-31": "8.60700", "2013-10-31": 18.647, "2013-07-31": 34.828, "2013-04-30": 25.764, "2013-01-31": "11.88100", "2012-10-31": -350.942, "2012-07-31": 5.898, "2012-04-30": -1.557, "2012-01-31": "9.32900", "2011-10-31": 16.631, "2011-07-31": 17.725, "2011-04-30": 36.186, "2011-01-31": "29.39500", "2010-10-31": 18.595, "2010-07-31": 22.892, "2010-04-30": 47.818, "2010-01-31": "39.78500", "2009-10-31": 234.984, "2009-07-31": 400.529, "2009-04-30": 146.645, "2009-01-31": "121.07800", "2008-10-31": 123.221, "2008-07-31": 185.954, "2008-04-30": 198.084, "2008-01-31": "159.26600", "2007-10-31": 177.178, "2007-07-31": 66.81, "2007-04-30": 100.842, "2007-01-31": "76.49900", "2006-10-31": 94.507, "2006-07-31": 39.364, "2006-04-30": 26.447, "2006-01-31": "5.95900", "2005-10-31": -3.83, "2005-07-31": 24.438, "2005-04-30": 0.184, "2005-01-31": "21.47000"}, "Change In Accounts Receivable": {"2020-10-31": -3.503, "2020-07-31": 0.459, "2020-04-30": -1.096, "2020-01-31": "-172.15300", "2019-10-31": -29.418, "2019-07-31": -61.006, "2019-04-30": -47.014, "2019-01-31": "-47.82300", "2018-10-31": 23.917, "2018-07-31": -26.133, "2018-04-30": -80.794, "2018-01-31": "-16.59400", "2017-10-31": -107.885, "2017-07-31": -9.093, "2017-04-30": -27.781, "2017-01-31": "83.81500", "2016-10-31": -310.739, "2016-07-31": -22.529, "2016-04-30": 20.967, "2016-01-31": "-9.54600", "2015-10-31": -23.102, "2015-07-31": -18.064, "2015-04-30": -14.132, "2015-01-31": "-0.25500", "2014-10-31": 2.008, "2014-07-31": -2.635, "2014-04-30": 2.687, "2014-01-31": "-7.27400", "2013-10-31": -32.978, "2013-07-31": -3.644, "2013-04-30": -6.916, "2013-01-31": "-8.25600", "2012-10-31": 27.903, "2012-07-31": 9.752, "2012-04-30": -41.55, "2012-01-31": "11.78100", "2011-10-31": -2.664, "2011-07-31": -10.127, "2011-04-30": -0.765, "2011-01-31": "7.93700", "2010-10-31": -11.258, "2010-07-31": 5.057, "2010-04-30": -0.366, "2010-01-31": "3.45200", "2009-10-31": -10.217, "2009-07-31": 12.172, "2009-04-30": 12.026, "2009-01-31": "6.06400", "2008-10-31": 42.223, "2008-07-31": -1.384, "2008-04-30": 19.706, "2008-01-31": "4.71800", "2007-10-31": -16.356, "2007-07-31": 12.356, "2007-04-30": 7.636, "2007-01-31": "6.29300", "2006-10-31": -173.543, "2006-07-31": 12.13, "2006-04-30": 5.66, "2006-01-31": "7.98700", "2005-10-31": -18.434, "2005-07-31": -15.343, "2005-04-30": 2.234, "2005-01-31": "-7.62600"}, "Change In Inventories": {"2020-10-31": 477.093, "2020-07-31": 122.869, "2020-04-30": 56.28, "2020-01-31": "-303.38400", "2019-10-31": 224.729, "2019-07-31": -49.824, "2019-04-30": -56.883, "2019-01-31": "-158.25800", "2018-10-31": 398.291, "2018-07-31": -0.991, "2018-04-30": -124.134, "2018-01-31": "-416.76400", "2017-10-31": 358.553, "2017-07-31": -38.762, "2017-04-30": -54.343, "2017-01-31": "-135.78200", "2016-10-31": 276.361, "2016-07-31": -377.804, "2016-04-30": -116.295, "2016-01-31": "-173.44000", "2015-10-31": -2.309, "2015-07-31": -147.759, "2015-04-30": -87.499, "2015-01-31": "-114.41600", "2014-10-31": 80.844, "2014-07-31": -33, "2014-04-30": 44.088, "2014-01-31": "-363.91400", "2013-10-31": -189.896, "2013-07-31": -134.058, "2013-04-30": -238.645, "2013-01-31": "-378.71500", "2012-10-31": 26.473, "2012-07-31": -19.955, "2012-04-30": -93.998, "2012-01-31": "-108.46800", "2011-10-31": -7.534, "2011-07-31": -53.764, "2011-04-30": -33.565, "2011-01-31": "-120.87500", "2010-10-31": 1.765, "2010-07-31": 50.695, "2010-04-30": -140.542, "2010-01-31": "-52.26200", "2009-10-31": 224.93, "2009-07-31": 109.881, "2009-04-30": 104.373, "2009-01-31": "50.02900", "2008-10-31": 163.254, "2008-07-31": 184.898, "2008-04-30": 234.798, "2008-01-31": "79.81900", "2007-10-31": 165.436, "2007-07-31": 54.701, "2007-04-30": -51.706, "2007-01-31": "-186.70500", "2006-10-31": 41.118, "2006-07-31": -235.311, "2006-04-30": -433.458, "2006-01-31": "-250.09500", "2005-10-31": -125.614, "2005-07-31": -519.635, "2005-04-30": -158.114, "2005-01-31": "-222.05800"}, "Change In Accounts Payable": {"2020-10-31": 0, "2020-07-31": 0, "2020-04-30": 0, "2020-01-31": "", "2019-10-31": 0, "2019-07-31": 0, "2019-04-30": 0, "2019-01-31": "", "2018-10-31": 0, "2018-07-31": 0, "2018-04-30": 0, "2018-01-31": "", "2017-10-31": 0, "2017-07-31": 0, "2017-04-30": 0, "2017-01-31": "", "2016-10-31": 0, "2016-07-31": 0, "2016-04-30": 0, "2016-01-31": "", "2015-10-31": 0, "2015-07-31": 0, "2015-04-30": 0, "2015-01-31": "", "2014-10-31": 0, "2014-07-31": 0, "2014-04-30": 0, "2014-01-31": "", "2013-10-31": 0, "2013-07-31": 0, "2013-04-30": 0, "2013-01-31": "", "2012-10-31": 0, "2012-07-31": 0, "2012-04-30": 0, "2012-01-31": "", "2011-10-31": 0, "2011-07-31": 0, "2011-04-30": 0, "2011-01-31": "", "2010-10-31": 0, "2010-07-31": 0, "2010-04-30": 0, "2010-01-31": "", "2009-10-31": 0, "2009-07-31": 0, "2009-04-30": 0, "2009-01-31": "", "2008-10-31": 0, "2008-07-31": 0, "2008-04-30": 0, "2008-01-31": "", "2007-10-31": 0, "2007-07-31": 0, "2007-04-30": 0, "2007-01-31": "", "2006-10-31": 0, "2006-07-31": 0, "2006-04-30": 0, "2006-01-31": "", "2005-10-31": 0, "2005-07-31": 0, "2005-04-30": 0, "2005-01-31": ""}, "Change In Assets/Liabilities": {"2020-10-31": -45.388, "2020-07-31": -4.513, "2020-04-30": -28.804, "2020-01-31": "139.58200", "2019-10-31": -79.95, "2019-07-31": -27.486, "2019-04-30": -20.728, "2019-01-31": "96.65300", "2018-10-31": -117.864, "2018-07-31": 18.126, "2018-04-30": -9.495, "2018-01-31": "69.64800", "2017-10-31": -82.1731, "2017-07-31": 7.16, "2017-04-30": 36.348, "2017-01-31": "191.56500", "2016-10-31": -68.522, "2016-07-31": -47.456, "2016-04-30": -33.325, "2016-01-31": "52.25000", "2015-10-31": -17.2479, "2015-07-31": -26.249, "2015-04-30": 9.869, "2015-01-31": "60.21200", "2014-10-31": -15.149, "2014-07-31": -31.579, "2014-04-30": 20.902, "2014-01-31": "61.46900", "2013-10-31": -53.862, "2013-07-31": 13.772, "2013-04-30": 19.542, "2013-01-31": "61.26000", "2012-10-31": -56.045, "2012-07-31": -7.739, "2012-04-30": 13.065, "2012-01-31": "0.98200", "2011-10-31": -18.475, "2011-07-31": -7.773, "2011-04-30": 47.878, "2011-01-31": "62.00700", "2010-10-31": -92.492, "2010-07-31": -22.562, "2010-04-30": -17.878, "2010-01-31": "7.91100", "2009-10-31": 0.636, "2009-07-31": -11.292, "2009-04-30": -4.574, "2009-01-31": "-24.37100", "2008-10-31": -74.471, "2008-07-31": -6.524, "2008-04-30": 10.019, "2008-01-31": "5.80000", "2007-10-31": 17.059, "2007-07-31": 13.415, "2007-04-30": 7.166, "2007-01-31": "38.40000", "2006-10-31": 37.404, "2006-07-31": -59.056, "2006-04-30": -39.098, "2006-01-31": "-6.24700", "2005-10-31": -21.3921, "2005-07-31": 34.6141, "2005-04-30": 48.509, "2005-01-31": "47.83000"}, "Total Change In Assets/Liabilities": {"2020-10-31": 514.037, "2020-07-31": 175.087, "2020-04-30": 72.7399, "2020-01-31": "-456.77690", "2019-10-31": 104.028, "2019-07-31": -74.849, "2019-04-30": -74.297, "2019-01-31": "-319.34600", "2018-10-31": 329.849, "2018-07-31": 24.638, "2018-04-30": -132.804, "2018-01-31": "-450.83900", "2017-10-31": 82.634, "2017-07-31": -17.75, "2017-04-30": 64.987, "2017-01-31": "-72.68200", "2016-10-31": 341.837, "2016-07-31": -417.979, "2016-04-30": -96.138, "2016-01-31": "-107.21700", "2015-10-31": -26.763, "2015-07-31": -167.865, "2015-04-30": -100.127, "2015-01-31": "-122.96800", "2014-10-31": 117.692, "2014-07-31": -9.946, "2014-04-30": 89.778, "2014-01-31": "-304.57500", "2013-10-31": -225.98, "2013-07-31": -92.5501, "2013-04-30": -190.0239, "2013-01-31": "-322.13500", "2012-10-31": -0.074, "2012-07-31": -28.401, "2012-04-30": -124.314, "2012-01-31": "-168.62200", "2011-10-31": -19.288, "2011-07-31": -111.111, "2011-04-30": 159.42, "2011-01-31": "-110.00000", "2010-10-31": -152.832, "2010-07-31": 111.173, "2010-04-30": -158.852, "2010-01-31": "-71.48900", "2009-10-31": 102.67, "2009-07-31": 97.393, "2009-04-30": 26.414, "2009-01-31": "-90.69700", "2008-10-31": 121.534, "2008-07-31": 120.192, "2008-04-30": 219.479, "2008-01-31": "-3.12400", "2007-10-31": 133.632, "2007-07-31": 91.388, "2007-04-30": -106.996, "2007-01-31": "-244.53500", "2006-10-31": 15.146, "2006-07-31": -244.211, "2006-04-30": -433.891, "2006-01-31": "-314.62300", "2005-10-31": -28.5811, "2005-07-31": -254.4509, "2005-04-30": -54.93, "2005-01-31": "-175.71400"}, "Cash Flow From Operating Activities": {"2020-10-31": 866.522, "2020-07-31": 332.731, "2020-04-30": 175.28, "2020-01-31": "-366.41600", "2019-10-31": 415.2, "2019-07-31": 108.139, "2019-04-30": 99.547, "2019-01-31": "-185.22500", "2018-10-31": 662.247, "2018-07-31": 252.232, "2018-04-30": 3.556, "2018-01-31": "-329.82400", "2017-10-31": 453.713, "2017-07-31": 164.925, "2017-04-30": 218.892, "2017-01-31": "24.16800", "2016-10-31": 476.138, "2016-07-31": -309.373, "2016-04-30": 7.345, "2016-01-31": "-23.22500", "2015-10-31": 171.433, "2015-07-31": -73.309, "2015-04-30": -4.894, "2015-01-31": "-33.04800", "2014-10-31": 274.584, "2014-07-31": 104.801, "2014-04-30": 184.203, "2014-01-31": "-250.38800", "2013-10-31": -112.428, "2013-07-31": -11.127, "2013-04-30": -139.586, "2013-01-31": "-305.82200", "2012-10-31": 60.401, "2012-07-31": 39.14, "2012-04-30": -108.999, "2012-01-31": "-162.07900", "2011-10-31": 12.386, "2011-07-31": -51.278, "2011-04-30": 174.833, "2011-01-31": "-77.18800", "2010-10-31": -83.758, "2010-07-31": 161.367, "2010-04-30": -151.435, "2010-01-31": "-72.45800", "2009-10-31": 226.22, "2009-07-31": 25.591, "2009-04-30": 89.894, "2009-01-31": "-58.51400", "2008-10-31": 165.934, "2008-07-31": 276.851, "2008-04-30": 323.826, "2008-01-31": "60.18500", "2007-10-31": 228.969, "2007-07-31": 184.684, "2007-04-30": 30.536, "2007-01-31": "-113.72000", "2006-10-31": 283.447, "2006-07-31": -30.215, "2006-04-30": -232.507, "2006-01-31": "-144.81400", "2005-10-31": 277.841, "2005-07-31": -14.481, "2005-04-30": 115.387, "2005-01-31": "-44.05100"}, "Net Change In Property, Plant, And Equipment": {"2020-10-31": -34.563, "2020-07-31": -24.244, "2020-04-30": -8.301, "2020-01-31": "-26.83900", "2019-10-31": 20.415, "2019-07-31": -16.337, "2019-04-30": -10.046, "2019-01-31": "-1.35600", "2018-10-31": -6.531, "2018-07-31": -15.2, "2018-04-30": -4.807, "2018-01-31": "-1.69400", "2017-10-31": -6.471, "2017-07-31": -10.692, "2017-04-30": -5.395, "2017-01-31": "-6.31400", "2016-10-31": -5.146, "2016-07-31": -15.956, "2016-04-30": -5.731, "2016-01-31": "-1.59300", "2015-10-31": -2.202, "2015-07-31": -1.361, "2015-04-30": -3, "2015-01-31": "-2.88400", "2014-10-31": -5.574, "2014-07-31": -3.733, "2014-04-30": -2.914, "2014-01-31": "-2.85300", "2013-10-31": -2.383, "2013-07-31": -3.92, "2013-04-30": -14.873, "2013-01-31": "-5.39100", "2012-10-31": -2.444, "2012-07-31": -2.948, "2012-04-30": -3.136, "2012-01-31": "-3.39200", "2011-10-31": -8.529, "2011-07-31": -1.815, "2011-04-30": -0.831, "2011-01-31": "-4.28100", "2010-10-31": -3.378, "2010-07-31": -0.704, "2010-04-30": -0.472, "2010-01-31": "-0.27600", "2009-10-31": -0.216, "2009-07-31": -0.294, "2009-04-30": 0.281, "2009-01-31": "-2.48300", "2008-10-31": -4.604, "2008-07-31": 0.454, "2008-04-30": -0.217, "2008-01-31": "-3.79100", "2007-10-31": -1.258, "2007-07-31": -1.845, "2007-04-30": -4.847, "2007-01-31": "-7.02500", "2006-10-31": -8.687, "2006-07-31": -6.832, "2006-04-30": -11.957, "2006-01-31": "-14.26400", "2005-10-31": -11.374, "2005-07-31": -13.205, "2005-04-30": -9.313, "2005-01-31": "-9.13700"}, "Net Change In Intangible Assets": {"2020-10-31": 0, "2020-07-31": 0, "2020-04-30": 0, "2020-01-31": "", "2019-10-31": 0, "2019-07-31": 0, "2019-04-30": 0, "2019-01-31": "", "2018-10-31": 0, "2018-07-31": 0, "2018-04-30": 0, "2018-01-31": "", "2017-10-31": 0, "2017-07-31": 0, "2017-04-30": 0, "2017-01-31": "", "2016-10-31": 0, "2016-07-31": 0, "2016-04-30": 0, "2016-01-31": "", "2015-10-31": 0, "2015-07-31": 0, "2015-04-30": 0, "2015-01-31": "", "2014-10-31": 0, "2014-07-31": 0, "2014-04-30": 0, "2014-01-31": "", "2013-10-31": 0, "2013-07-31": 0, "2013-04-30": 0, "2013-01-31": "", "2012-10-31": 0, "2012-07-31": 0, "2012-04-30": 0, "2012-01-31": "", "2011-10-31": 0, "2011-07-31": 0, "2011-04-30": 0, "2011-01-31": "", "2010-10-31": 0, "2010-07-31": 0, "2010-04-30": 0, "2010-01-31": "", "2009-10-31": 0, "2009-07-31": 0, "2009-04-30": 0, "2009-01-31": "", "2008-10-31": 0, "2008-07-31": 0, "2008-04-30": 0, "2008-01-31": "", "2007-10-31": 0, "2007-07-31": 0, "2007-04-30": 0, "2007-01-31": "", "2006-10-31": 0, "2006-07-31": 0, "2006-04-30": 0, "2006-01-31": "", "2005-10-31": 0, "2005-07-31": 0, "2005-04-30": 0, "2005-01-31": ""}, "Net Acquisitions/Divestitures": {"2020-10-31": 0, "2020-07-31": 0, "2020-04-30": -60.349, "2020-01-31": "", "2019-10-31": -69.533, "2019-07-31": -92.84, "2019-04-30": 0, "2019-01-31": "", "2018-10-31": 0, "2018-07-31": 0, "2018-04-30": 0, "2018-01-31": "", "2017-10-31": 2.095, "2017-07-31": 0, "2017-04-30": 0, "2017-01-31": "-85.18300", "2016-10-31": 0, "2016-07-31": 0, "2016-04-30": 0, "2016-01-31": "", "2015-10-31": 0, "2015-07-31": 0, "2015-04-30": 0, "2015-01-31": "", "2014-10-31": 0, "2014-07-31": 0, "2014-04-30": -1328.116, "2014-01-31": "-161.00000", "2013-10-31": 0, "2013-07-31": 0, "2013-04-30": 0, "2013-01-31": "", "2012-10-31": 0, "2012-07-31": 0, "2012-04-30": 0, "2012-01-31": "-144.74600", "2011-10-31": 0, "2011-07-31": 0, "2011-04-30": 0, "2011-01-31": "", "2010-10-31": 0, "2010-07-31": 0, "2010-04-30": 0, "2010-01-31": "", "2009-10-31": 0, "2009-07-31": 0, "2009-04-30": 0, "2009-01-31": "", "2008-10-31": 0, "2008-07-31": 0, "2008-04-30": 0, "2008-01-31": "", "2007-10-31": 0, "2007-07-31": 16.544, "2007-04-30": 0, "2007-01-31": "15.75500", "2006-10-31": -4.028, "2006-07-31": 0.029, "2006-04-30": 0, "2006-01-31": "-40.75100", "2005-10-31": 0, "2005-07-31": 0, "2005-04-30": 0, "2005-01-31": ""}, "Net Change In Short-term Investments": {"2020-10-31": -0.187, "2020-07-31": -0.274, "2020-04-30": 0.51, "2020-01-31": "0.64900", "2019-10-31": 1.369, "2019-07-31": 0.355, "2019-04-30": 0.34, "2019-01-31": "0.35200", "2018-10-31": 0.384, "2018-07-31": 0.488, "2018-04-30": 1.514, "2018-01-31": "1.41300", "2017-10-31": 1.314, "2017-07-31": 7.878, "2017-04-30": 2.285, "2017-01-31": "19.62700", "2016-10-31": 14.849, "2016-07-31": 1.068, "2016-04-30": 27.942, "2016-01-31": "14.62700", "2015-10-31": 13.725, "2015-07-31": 8.381, "2015-04-30": 11.619, "2015-01-31": "7.12400", "2014-10-31": 11.492, "2014-07-31": 18.881, "2014-04-30": 4.284, "2014-01-31": "56.62600", "2013-10-31": 81.225, "2013-07-31": 118.353, "2013-04-30": 183.762, "2013-01-31": "-0.48100", "2012-10-31": -162.344, "2012-07-31": -58.719, "2012-04-30": -69.534, "2012-01-31": "65.50900", "2011-10-31": 35.661, "2011-07-31": 0.411, "2011-04-30": -127.428, "2011-01-31": "-16.73800", "2010-10-31": 7.488, "2010-07-31": -20, "2010-04-30": 0, "2010-01-31": "-85.45000", "2009-10-31": -101.324, "2009-07-31": 0, "2009-04-30": 0, "2009-01-31": "", "2008-10-31": 4.6, "2008-07-31": 4.3271, "2008-04-30": -13.8801, "2008-01-31": "0.00010", "2007-10-31": -0.0002, "2007-07-31": 0, "2007-04-30": 0, "2007-01-31": "0.00000", "2006-10-31": 0, "2006-07-31": -0.0001, "2006-04-30": 0, "2006-01-31": "0.00000", "2005-10-31": -0.0001, "2005-07-31": 0, "2005-04-30": 144.789, "2005-01-31": "-29.76000"}, "Net Change In Long-Term Investments": {"2020-10-31": -19.576, "2020-07-31": -29.292, "2020-04-30": 0.547, "2020-01-31": "24.07400", "2019-10-31": 22.254, "2019-07-31": 30.208, "2019-04-30": 13.433, "2019-01-31": "25.47200", "2018-10-31": 27.219, "2018-07-31": 34.965, "2018-04-30": 11.684, "2018-01-31": "31.83100", "2017-10-31": 53.539, "2017-07-31": 35.06, "2017-04-30": 51.26, "2017-01-31": "-66.68800", "2016-10-31": -15.991, "2016-07-31": -12.953, "2016-04-30": 4.129, "2016-01-31": "2.96600", "2015-10-31": -79.696, "2015-07-31": 12.59, "2015-04-30": -4.724, "2015-01-31": "-12.34400", "2014-10-31": 3.178, "2014-07-31": -0.722, "2014-04-30": -13.661, "2014-01-31": "-27.97900", "2013-10-31": -24.832, "2013-07-31": -1.449, "2013-04-30": -7.005, "2013-01-31": "9.69700", "2012-10-31": -16.21, "2012-07-31": -108.142, "2012-04-30": 2.011, "2012-01-31": "-56.45100", "2011-10-31": 16.892, "2011-07-31": 10.534, "2011-04-30": 9.446, "2011-01-31": "6.30500", "2010-10-31": -0.208, "2010-07-31": -26.897, "2010-04-30": -17.233, "2010-01-31": "-4.25200", "2009-10-31": -9.36, "2009-07-31": -3.774, "2009-04-30": -9.475, "2009-01-31": "-5.52800", "2008-10-31": -7.242, "2008-07-31": -9.578, "2008-04-30": -28.609, "2008-01-31": "-6.09000", "2007-10-31": -6.499, "2007-07-31": 11.666, "2007-04-30": 10.644, "2007-01-31": "-7.55100", "2006-10-31": -8.941, "2006-07-31": 11.218, "2006-04-30": -1.804, "2006-01-31": "-68.85700", "2005-10-31": -10.586, "2005-07-31": -14.388, "2005-04-30": -0.995, "2005-01-31": "-14.45900"}, "Net Change In Investments - Total": {"2020-10-31": -19.763, "2020-07-31": -29.566, "2020-04-30": 1.057, "2020-01-31": "24.72300", "2019-10-31": 23.623, "2019-07-31": 30.563, "2019-04-30": 13.773, "2019-01-31": "25.82400", "2018-10-31": 27.603, "2018-07-31": 35.453, "2018-04-30": 13.198, "2018-01-31": "33.24400", "2017-10-31": 54.853, "2017-07-31": 42.938, "2017-04-30": 53.545, "2017-01-31": "-47.06100", "2016-10-31": -1.142, "2016-07-31": -11.885, "2016-04-30": 32.071, "2016-01-31": "17.59300", "2015-10-31": -65.971, "2015-07-31": 20.971, "2015-04-30": 6.895, "2015-01-31": "-5.22000", "2014-10-31": 14.67, "2014-07-31": 18.159, "2014-04-30": -9.377, "2014-01-31": "28.64700", "2013-10-31": 56.393, "2013-07-31": 116.904, "2013-04-30": 176.757, "2013-01-31": "9.21600", "2012-10-31": -178.554, "2012-07-31": -166.861, "2012-04-30": -67.523, "2012-01-31": "9.05800", "2011-10-31": 52.553, "2011-07-31": 10.945, "2011-04-30": -117.982, "2011-01-31": "-10.43300", "2010-10-31": 7.28, "2010-07-31": -46.897, "2010-04-30": -17.233, "2010-01-31": "-89.70200", "2009-10-31": -110.684, "2009-07-31": -3.774, "2009-04-30": -9.475, "2009-01-31": "-5.52800", "2008-10-31": -2.642, "2008-07-31": -5.2509, "2008-04-30": -42.4891, "2008-01-31": "-6.08990", "2007-10-31": -6.4992, "2007-07-31": 11.666, "2007-04-30": 10.644, "2007-01-31": "-7.55100", "2006-10-31": -8.941, "2006-07-31": 11.2179, "2006-04-30": -1.804, "2006-01-31": "-68.85700", "2005-10-31": -10.5861, "2005-07-31": -14.388, "2005-04-30": 143.794, "2005-01-31": "-44.21900"}, "Investing Activities - Other": {"2020-10-31": 0, "2020-07-31": 0, "2020-04-30": 0, "2020-01-31": "", "2019-10-31": 0, "2019-07-31": 0, "2019-04-30": 0, "2019-01-31": "", "2018-10-31": 0, "2018-07-31": 0, "2018-04-30": 0, "2018-01-31": "", "2017-10-31": 0, "2017-07-31": 0, "2017-04-30": 0, "2017-01-31": "", "2016-10-31": 0, "2016-07-31": 0, "2016-04-30": 0, "2016-01-31": "", "2015-10-31": 0, "2015-07-31": 0, "2015-04-30": 0, "2015-01-31": "", "2014-10-31": 0, "2014-07-31": 0, "2014-04-30": 0, "2014-01-31": "", "2013-10-31": 0, "2013-07-31": 0, "2013-04-30": 0, "2013-01-31": "", "2012-10-31": 0, "2012-07-31": 0, "2012-04-30": 0, "2012-01-31": "", "2011-10-31": 0, "2011-07-31": 0, "2011-04-30": 0, "2011-01-31": "", "2010-10-31": 0, "2010-07-31": 0, "2010-04-30": 0, "2010-01-31": "", "2009-10-31": 0, "2009-07-31": 0, "2009-04-30": 0, "2009-01-31": "", "2008-10-31": 0, "2008-07-31": 0, "2008-04-30": 0, "2008-01-31": "", "2007-10-31": 0, "2007-07-31": 0, "2007-04-30": 0, "2007-01-31": "", "2006-10-31": 0, "2006-07-31": 0, "2006-04-30": 0, "2006-01-31": "", "2005-10-31": 0, "2005-07-31": 0, "2005-04-30": 0, "2005-01-31": ""}, "Cash Flow From Investing Activities": {"2020-10-31": -54.326, "2020-07-31": -53.81, "2020-04-30": -67.593, "2020-01-31": "-2.11600", "2019-10-31": -25.495, "2019-07-31": -78.614, "2019-04-30": 3.727, "2019-01-31": "24.46800", "2018-10-31": 21.072, "2018-07-31": 20.253, "2018-04-30": 8.391, "2018-01-31": "31.55000", "2017-10-31": 50.477, "2017-07-31": 32.246, "2017-04-30": 48.15, "2017-01-31": "-138.55800", "2016-10-31": -6.288, "2016-07-31": -27.841, "2016-04-30": 26.34, "2016-01-31": "16.00000", "2015-10-31": -68.173, "2015-07-31": 19.61, "2015-04-30": 3.895, "2015-01-31": "-8.10400", "2014-10-31": 9.096, "2014-07-31": 14.426, "2014-04-30": -1340.407, "2014-01-31": "-135.20600", "2013-10-31": 54.01, "2013-07-31": 112.984, "2013-04-30": 161.884, "2013-01-31": "3.82500", "2012-10-31": -180.998, "2012-07-31": -169.809, "2012-04-30": -70.659, "2012-01-31": "-139.08000", "2011-10-31": 44.024, "2011-07-31": 9.13, "2011-04-30": -118.813, "2011-01-31": "-14.71400", "2010-10-31": 3.902, "2010-07-31": -47.601, "2010-04-30": -17.705, "2010-01-31": "-89.97800", "2009-10-31": -110.9, "2009-07-31": -4.068, "2009-04-30": -9.194, "2009-01-31": "-8.01100", "2008-10-31": -7.246, "2008-07-31": -4.797, "2008-04-30": -42.706, "2008-01-31": "-9.88100", "2007-10-31": -7.757, "2007-07-31": 26.365, "2007-04-30": 5.797, "2007-01-31": "1.17900", "2006-10-31": -21.656, "2006-07-31": 4.415, "2006-04-30": -13.761, "2006-01-31": "-123.87200", "2005-10-31": -21.96, "2005-07-31": -27.593, "2005-04-30": 134.481, "2005-01-31": "-53.35600"}, "Net Long-Term Debt": {"2020-10-31": -1.3831, "2020-07-31": -462.8008, "2020-04-30": 284.1319, "2020-01-31": "94.24800", "2019-10-31": 133.2411, "2019-07-31": 36.3251, "2019-04-30": 31.9329, "2019-01-31": "-174.08700", "2018-10-31": 53.0809, "2018-07-31": -74.545, "2018-04-30": 60.056, "2018-01-31": "302.07900", "2017-10-31": -636.2078, "2017-07-31": 130.303, "2017-04-30": 52.025, "2017-01-31": "-156.45100", "2016-10-31": -122.5298, "2016-07-31": 366.3679, "2016-04-30": 132.758, "2016-01-31": "-430.68500", "2015-10-31": 472.4219, "2015-07-31": -83.663, "2015-04-30": 13.925, "2015-01-31": "-57.71000", "2014-10-31": 9.2242, "2014-07-31": -97.8531, "2014-04-30": 314.786, "2014-01-31": "568.13900", "2013-10-31": -97.733, "2013-07-31": 107.579, "2013-04-30": 309.791, "2013-01-31": "-114.10000", "2012-10-31": 283.083, "2012-07-31": 15.856, "2012-04-30": 305.367, "2012-01-31": "-38.75700", "2011-10-31": 6.702, "2011-07-31": -36.662, "2011-04-30": 3.472, "2011-01-31": "-63.71900", "2010-10-31": -317.626, "2010-07-31": -45.12, "2010-04-30": -37.813, "2010-01-31": "-82.70800", "2009-10-31": -0.206, "2009-07-31": -328.469, "2009-04-30": 348.072, "2009-01-31": "-39.68300", "2008-10-31": -49.2101, "2008-07-31": -6.54, "2008-04-30": -4.124, "2008-01-31": "-10.90500", "2007-10-31": -95.8389, "2007-07-31": -20.6481, "2007-04-30": 69.798, "2007-01-31": "-78.23100", "2006-10-31": 41.7411, "2006-07-31": -15.008, "2006-04-30": 318.872, "2006-01-31": "-48.46800", "2005-10-31": 7.0171, "2005-07-31": -31.69, "2005-04-30": -4.751, "2005-01-31": "-43.36100"}, "Net Current Debt": {"2020-10-31": 0, "2020-07-31": 0, "2020-04-30": 0, "2020-01-31": "", "2019-10-31": 0, "2019-07-31": 0, "2019-04-30": 0, "2019-01-31": "", "2018-10-31": 0, "2018-07-31": 0, "2018-04-30": 0, "2018-01-31": "", "2017-10-31": 0, "2017-07-31": 0, "2017-04-30": 0, "2017-01-31": "", "2016-10-31": 0, "2016-07-31": 0, "2016-04-30": 0, "2016-01-31": "", "2015-10-31": 0, "2015-07-31": 0, "2015-04-30": 0, "2015-01-31": "", "2014-10-31": 0, "2014-07-31": 0, "2014-04-30": 0, "2014-01-31": "", "2013-10-31": 0, "2013-07-31": 0, "2013-04-30": 0, "2013-01-31": "", "2012-10-31": 0, "2012-07-31": 0, "2012-04-30": 0, "2012-01-31": "", "2011-10-31": 0, "2011-07-31": 0, "2011-04-30": 0, "2011-01-31": "", "2010-10-31": 0, "2010-07-31": 0, "2010-04-30": 0, "2010-01-31": "", "2009-10-31": 0, "2009-07-31": 0, "2009-04-30": 0, "2009-01-31": "", "2008-10-31": 0, "2008-07-31": 0, "2008-04-30": 0, "2008-01-31": "", "2007-10-31": 0, "2007-07-31": 0, "2007-04-30": 0, "2007-01-31": "", "2006-10-31": 0, "2006-07-31": 0, "2006-04-30": 0, "2006-01-31": "", "2005-10-31": 0, "2005-07-31": 0, "2005-04-30": 0, "2005-01-31": ""}, "Debt Issuance/Retirement Net - Total": {"2020-10-31": -1.3831, "2020-07-31": -462.8008, "2020-04-30": 284.1319, "2020-01-31": "94.24800", "2019-10-31": 133.2411, "2019-07-31": 36.3251, "2019-04-30": 31.9329, "2019-01-31": "-174.08700", "2018-10-31": 53.0809, "2018-07-31": -74.545, "2018-04-30": 60.056, "2018-01-31": "302.07900", "2017-10-31": -636.2078, "2017-07-31": 130.303, "2017-04-30": 52.025, "2017-01-31": "-156.45100", "2016-10-31": -122.5298, "2016-07-31": 366.3679, "2016-04-30": 132.758, "2016-01-31": "-430.68500", "2015-10-31": 472.4219, "2015-07-31": -83.663, "2015-04-30": 13.925, "2015-01-31": "-57.71000", "2014-10-31": 9.2242, "2014-07-31": -97.8531, "2014-04-30": 314.786, "2014-01-31": "568.13900", "2013-10-31": -97.733, "2013-07-31": 107.579, "2013-04-30": 309.791, "2013-01-31": "-114.10000", "2012-10-31": 283.083, "2012-07-31": 15.856, "2012-04-30": 305.367, "2012-01-31": "-38.75700", "2011-10-31": 6.702, "2011-07-31": -36.662, "2011-04-30": 3.472, "2011-01-31": "-63.71900", "2010-10-31": -317.626, "2010-07-31": -45.12, "2010-04-30": -37.813, "2010-01-31": "-82.70800", "2009-10-31": -0.206, "2009-07-31": -328.469, "2009-04-30": 348.072, "2009-01-31": "-39.68300", "2008-10-31": -49.2101, "2008-07-31": -6.54, "2008-04-30": -4.124, "2008-01-31": "-10.90500", "2007-10-31": -95.8389, "2007-07-31": -20.6481, "2007-04-30": 69.798, "2007-01-31": "-78.23100", "2006-10-31": 41.7411, "2006-07-31": -15.008, "2006-04-30": 318.872, "2006-01-31": "-48.46800", "2005-10-31": 7.0171, "2005-07-31": -31.69, "2005-04-30": -4.751, "2005-01-31": "-43.36100"}, "Net Common Equity Issued/Repurchased": {"2020-10-31": 13.42, "2020-07-31": 5.627, "2020-04-30": -156.459, "2020-01-31": "-471.78900", "2019-10-31": -54.121, "2019-07-31": -138.091, "2019-04-30": 3.032, "2019-01-31": "-26.97400", "2018-10-31": -72.603, "2018-07-31": -134.819, "2018-04-30": -89.668, "2018-01-31": "-192.67700", "2017-10-31": -192.123, "2017-07-31": -57.964, "2017-04-30": 14.611, "2017-01-31": "10.59500", "2016-10-31": -63.51, "2016-07-31": -97.016, "2016-04-30": -79.894, "2016-01-31": "-145.36600", "2015-10-31": -45.874, "2015-07-31": 1.059, "2015-04-30": 15.91, "2015-01-31": "11.53100", "2014-10-31": -88.604, "2014-07-31": 3.074, "2014-04-30": 4.703, "2014-01-31": "238.80200", "2013-10-31": 5.365, "2013-07-31": -13.196, "2013-04-30": 2.223, "2013-01-31": "6.02900", "2012-10-31": 9.111, "2012-07-31": 7.226, "2012-04-30": 7.635, "2012-01-31": "9.27000", "2011-10-31": -46.839, "2011-07-31": 18.981, "2011-04-30": 1.127, "2011-01-31": "3.16000", "2010-10-31": 0.228, "2010-07-31": 3.031, "2010-04-30": 1.04, "2010-01-31": "2.70200", "2009-10-31": 15.79, "2009-07-31": 1.274, "2009-04-30": 0.011, "2009-01-31": "3.59900", "2008-10-31": 4.42, "2008-07-31": 0.653, "2008-04-30": 0.863, "2008-01-31": "10.05200", "2007-10-31": 2.058, "2007-07-31": 13.386, "2007-04-30": 0.552, "2007-01-31": "2.66100", "2006-10-31": 2.491, "2006-07-31": -45.071, "2006-04-30": -36.359, "2006-01-31": "-15.80300", "2005-10-31": -83.566, "2005-07-31": 13.043, "2005-04-30": -19.071, "2005-01-31": "15.55600"}, "Net Total Equity Issued/Repurchased": {"2020-10-31": 13.42, "2020-07-31": 5.627, "2020-04-30": -156.459, "2020-01-31": "-471.78900", "2019-10-31": -54.121, "2019-07-31": -138.091, "2019-04-30": 3.032, "2019-01-31": "-26.97400", "2018-10-31": -72.603, "2018-07-31": -134.819, "2018-04-30": -89.668, "2018-01-31": "-192.67700", "2017-10-31": -192.123, "2017-07-31": -57.964, "2017-04-30": 14.611, "2017-01-31": "10.59500", "2016-10-31": -63.51, "2016-07-31": -97.016, "2016-04-30": -79.894, "2016-01-31": "-145.36600", "2015-10-31": -45.874, "2015-07-31": 1.059, "2015-04-30": 15.91, "2015-01-31": "11.53100", "2014-10-31": -88.604, "2014-07-31": 3.074, "2014-04-30": 4.703, "2014-01-31": "238.80200", "2013-10-31": 5.365, "2013-07-31": -13.196, "2013-04-30": 2.223, "2013-01-31": "6.02900", "2012-10-31": 9.111, "2012-07-31": 7.226, "2012-04-30": 7.635, "2012-01-31": "9.27000", "2011-10-31": -46.839, "2011-07-31": 18.981, "2011-04-30": 1.127, "2011-01-31": "3.16000", "2010-10-31": 0.228, "2010-07-31": 3.031, "2010-04-30": 1.04, "2010-01-31": "2.70200", "2009-10-31": 15.79, "2009-07-31": 1.274, "2009-04-30": 0.011, "2009-01-31": "3.59900", "2008-10-31": 4.42, "2008-07-31": 0.653, "2008-04-30": 0.863, "2008-01-31": "10.05200", "2007-10-31": 2.058, "2007-07-31": 13.386, "2007-04-30": 0.552, "2007-01-31": "2.66100", "2006-10-31": 2.491, "2006-07-31": -45.071, "2006-04-30": -36.359, "2006-01-31": "-15.80300", "2005-10-31": -83.566, "2005-07-31": 13.043, "2005-04-30": -19.071, "2005-01-31": "15.55600"}, "Total Common And Preferred Stock Dividends Paid": {"2020-10-31": -13.938, "2020-07-31": -13.867, "2020-04-30": -13.827, "2020-01-31": "-14.95600", "2019-10-31": -15.501, "2019-07-31": -15.706, "2019-04-30": -16.065, "2019-01-31": "-16.36900", "2018-10-31": -16.185, "2018-07-31": -16.429, "2018-04-30": -16.797, "2018-01-31": "-12.29300", "2017-10-31": -12.571, "2017-07-31": -12.965, "2017-04-30": -13.051, "2017-01-31": "", "2016-10-31": 0, "2016-07-31": 0, "2016-04-30": 0, "2016-01-31": "", "2015-10-31": 0, "2015-07-31": 0, "2015-04-30": 0, "2015-01-31": "", "2014-10-31": 0, "2014-07-31": 0, "2014-04-30": 0, "2014-01-31": "", "2013-10-31": 0, "2013-07-31": 0, "2013-04-30": 0, "2013-01-31": "", "2012-10-31": 0, "2012-07-31": 0, "2012-04-30": 0, "2012-01-31": "", "2011-10-31": 0, "2011-07-31": 0, "2011-04-30": 0, "2011-01-31": "", "2010-10-31": 0, "2010-07-31": 0, "2010-04-30": 0, "2010-01-31": "", "2009-10-31": 0, "2009-07-31": 0, "2009-04-30": 0, "2009-01-31": "", "2008-10-31": 0, "2008-07-31": 0, "2008-04-30": 0, "2008-01-31": "", "2007-10-31": 0, "2007-07-31": 0, "2007-04-30": 0, "2007-01-31": "", "2006-10-31": 0, "2006-07-31": 0, "2006-04-30": 0, "2006-01-31": "", "2005-10-31": 0, "2005-07-31": 0, "2005-04-30": 0, "2005-01-31": ""}, "Financial Activities - Other": {"2020-10-31": 0.217, "2020-07-31": -0.999, "2020-04-30": -0.98, "2020-01-31": "0.04400", "2019-10-31": -4.232, "2019-07-31": 0.036, "2019-04-30": 0.123, "2019-01-31": "-2.05800", "2018-10-31": 0.008, "2018-07-31": -0.099, "2018-04-30": 0, "2018-01-31": "-3.41000", "2017-10-31": -0.003, "2017-07-31": -1.616, "2017-04-30": -2.83, "2017-01-31": "", "2016-10-31": -1.949, "2016-07-31": -3.462, "2016-04-30": 0.385, "2016-01-31": "0.52700", "2015-10-31": -5.623, "2015-07-31": -1.046, "2015-04-30": 2.421, "2015-01-31": "1.91600", "2014-10-31": 7.366, "2014-07-31": -1.62, "2014-04-30": -1.953, "2014-01-31": "-3.83000", "2013-10-31": 24.417, "2013-07-31": 0, "2013-04-30": 0.033, "2013-01-31": "", "2012-10-31": 5.776, "2012-07-31": 0, "2012-04-30": 0, "2012-01-31": "", "2011-10-31": 0, "2011-07-31": 0, "2011-04-30": 2.678, "2011-01-31": "", "2010-10-31": 1.679, "2010-07-31": 0.989, "2010-04-30": -0.088, "2010-01-31": "2.69400", "2009-10-31": 19.247, "2009-07-31": 0.239, "2009-04-30": 0.693, "2009-01-31": "2.63800", "2008-10-31": 17.237, "2008-07-31": 0.165, "2008-04-30": 1.525, "2008-01-31": "6.85600", "2007-10-31": 1.185, "2007-07-31": 14.808, "2007-04-30": -2.806, "2007-01-31": "4.83600", "2006-10-31": 3.951, "2006-07-31": 10.319, "2006-04-30": -1.698, "2006-01-31": "7.30100", "2005-10-31": 3.94, "2005-07-31": 0, "2005-04-30": 0, "2005-01-31": ""}, "Cash Flow From Financial Activities": {"2020-10-31": -1.684, "2020-07-31": -472.04, "2020-04-30": 112.866, "2020-01-31": "-392.45300", "2019-10-31": 59.387, "2019-07-31": -117.436, "2019-04-30": 19.023, "2019-01-31": "-219.48800", "2018-10-31": -35.699, "2018-07-31": -225.892, "2018-04-30": -46.409, "2018-01-31": "93.69900", "2017-10-31": -840.905, "2017-07-31": 57.758, "2017-04-30": 50.755, "2017-01-31": "-145.85600", "2016-10-31": -187.989, "2016-07-31": 265.89, "2016-04-30": 53.249, "2016-01-31": "-575.52400", "2015-10-31": 420.925, "2015-07-31": -83.65, "2015-04-30": 32.256, "2015-01-31": "-44.26300", "2014-10-31": -72.014, "2014-07-31": -96.399, "2014-04-30": 317.536, "2014-01-31": "803.11100", "2013-10-31": -67.951, "2013-07-31": 94.383, "2013-04-30": 312.047, "2013-01-31": "-108.07100", "2012-10-31": 297.97, "2012-07-31": 23.082, "2012-04-30": 313.002, "2012-01-31": "-29.48700", "2011-10-31": -40.137, "2011-07-31": -17.681, "2011-04-30": 7.277, "2011-01-31": "-60.55900", "2010-10-31": -315.719, "2010-07-31": -41.1, "2010-04-30": -36.861, "2010-01-31": "-77.31200", "2009-10-31": 34.831, "2009-07-31": -326.956, "2009-04-30": 348.776, "2009-01-31": "-33.44600", "2008-10-31": -27.553, "2008-07-31": -5.722, "2008-04-30": -1.736, "2008-01-31": "6.00300", "2007-10-31": -92.596, "2007-07-31": 7.546, "2007-04-30": 67.544, "2007-01-31": "-70.73400", "2006-10-31": 48.183, "2006-07-31": -49.76, "2006-04-30": 280.815, "2006-01-31": "-56.97000", "2005-10-31": -72.609, "2005-07-31": -18.647, "2005-04-30": -23.822, "2005-01-31": "-27.80500"}, "Net Cash Flow": {"2020-10-31": 810.512, "2020-07-31": -193.119, "2020-04-30": 220.553, "2020-01-31": "-760.98500", "2019-10-31": 449.092, "2019-07-31": -87.911, "2019-04-30": 122.297, "2019-01-31": "-380.24500", "2018-10-31": 647.62, "2018-07-31": 46.593, "2018-04-30": -34.462, "2018-01-31": "-204.57500", "2017-10-31": -336.715, "2017-07-31": 254.929, "2017-04-30": 317.797, "2017-01-31": "-260.24600", "2016-10-31": 281.861, "2016-07-31": -71.324, "2016-04-30": 86.934, "2016-01-31": "-582.74900", "2015-10-31": 524.185, "2015-07-31": -137.349, "2015-04-30": 31.257, "2015-01-31": "-85.41500", "2014-10-31": 211.666, "2014-07-31": 22.828, "2014-04-30": -838.668, "2014-01-31": "417.51700", "2013-10-31": -126.369, "2013-07-31": 196.24, "2013-04-30": 334.345, "2013-01-31": "-410.06800", "2012-10-31": 177.373, "2012-07-31": -107.587, "2012-04-30": 133.344, "2012-01-31": "-330.64600", "2011-10-31": 16.273, "2011-07-31": -59.829, "2011-04-30": 63.297, "2011-01-31": "-152.46100", "2010-10-31": -395.575, "2010-07-31": 72.666, "2010-04-30": -206.001, "2010-01-31": "-239.74800", "2009-10-31": 150.151, "2009-07-31": -305.433, "2009-04-30": 429.476, "2009-01-31": "-99.97100", "2008-10-31": 131.135, "2008-07-31": 266.332, "2008-04-30": 279.384, "2008-01-31": "56.30700", "2007-10-31": 128.616, "2007-07-31": 218.595, "2007-04-30": 103.877, "2007-01-31": "-183.27500", "2006-10-31": 309.974, "2006-07-31": -75.56, "2006-04-30": 34.547, "2006-01-31": "-325.65600", "2005-10-31": 183.272, "2005-07-31": -60.721, "2005-04-30": 226.046, "2005-01-31": "-125.21200"}, "Stock-Based Compensation": {"2020-10-31": 3.69, "2020-07-31": 3.834, "2020-04-30": 3.419, "2020-01-31": "13.38300", "2019-10-31": 6.829, "2019-07-31": 5.435, "2019-04-30": 5.331, "2019-01-31": "8.58500", "2018-10-31": 6.433, "2018-07-31": 6.532, "2018-04-30": 6.458, "2018-01-31": "8.88900", "2017-10-31": 6.378, "2017-07-31": 6.503, "2017-04-30": 6.256, "2017-01-31": "9.32900", "2016-10-31": 5.673, "2016-07-31": 5.925, "2016-04-30": 5.858, "2016-01-31": "9.22300", "2015-10-31": 5.209, "2015-07-31": 5.142, "2015-04-30": 5.106, "2015-01-31": "7.44600", "2014-10-31": 4.671, "2014-07-31": 4.691, "2014-04-30": 4.625, "2014-01-31": "7.66900", "2013-10-31": 4.592, "2013-07-31": 4.422, "2013-04-30": 4.343, "2013-01-31": "5.68400", "2012-10-31": 3.348, "2012-07-31": 3.396, "2012-04-30": 3.205, "2012-01-31": "5.62600", "2011-10-31": 2.347, "2011-07-31": 2.43, "2011-04-30": 2.344, "2011-01-31": "5.37300", "2010-10-31": 2.311, "2010-07-31": 2.016, "2010-04-30": 2.406, "2010-01-31": "4.94400", "2009-10-31": 1.309, "2009-07-31": 2.2, "2009-04-30": 1.571, "2009-01-31": "5.90700", "2008-10-31": 3.371, "2008-07-31": 3.537, "2008-04-30": 3.973, "2008-01-31": "12.37400", "2007-10-31": 4.507, "2007-07-31": 4.666, "2007-04-30": 5.402, "2007-01-31": "12.88800", "2006-10-31": 5.335, "2006-07-31": 5.345, "2006-04-30": 5.327, "2006-01-31": "11.07500", "2005-10-31": 0, "2005-07-31": 0, "2005-04-30": 0, "2005-01-31": ""}, "Common Stock Dividends Paid": {"2020-10-31": -13.938, "2020-07-31": -13.867, "2020-04-30": -13.827, "2020-01-31": "-14.95600", "2019-10-31": -15.501, "2019-07-31": -15.706, "2019-04-30": -16.065, "2019-01-31": "-16.36900", "2018-10-31": -16.185, "2018-07-31": -16.429, "2018-04-30": -16.797, "2018-01-31": "-12.29300", "2017-10-31": -12.571, "2017-07-31": -12.965, "2017-04-30": -13.051, "2017-01-31": "", "2016-10-31": 0, "2016-07-31": 0, "2016-04-30": 0, "2016-01-31": "", "2015-10-31": 0, "2015-07-31": 0, "2015-04-30": 0, "2015-01-31": "", "2014-10-31": 0, "2014-07-31": 0, "2014-04-30": 0, "2014-01-31": "", "2013-10-31": 0, "2013-07-31": 0, "2013-04-30": 0, "2013-01-31": "", "2012-10-31": 0, "2012-07-31": 0, "2012-04-30": 0, "2012-01-31": "", "2011-10-31": 0, "2011-07-31": 0, "2011-04-30": 0, "2011-01-31": "", "2010-10-31": 0, "2010-07-31": 0, "2010-04-30": 0, "2010-01-31": "", "2009-10-31": 0, "2009-07-31": 0, "2009-04-30": 0, "2009-01-31": "", "2008-10-31": 0, "2008-07-31": 0, "2008-04-30": 0, "2008-01-31": "", "2007-10-31": 0, "2007-07-31": 0, "2007-04-30": 0, "2007-01-31": "", "2006-10-31": 0, "2006-07-31": 0, "2006-04-30": 0, "2006-01-31": "", "2005-10-31": 0, "2005-07-31": 0, "2005-04-30": 0, "2005-01-31": ""}}, "financial ratios": {"Current Ratio": {"2020-10-31": "5.81770", "2019-10-31": "7.05550", "2018-10-31": "6.82780", "2017-10-31": "6.60870", "2016-10-31": "6.07020", "2015-10-31": "9.15950", "2014-10-31": "7.86880", "2013-10-31": "7.43200", "2012-10-31": "7.86750", "2011-10-31": "6.46740", "2010-10-31": "5.79580", "2009-10-31": "5.98480", "2008-10-31": "5.46140", "2007-10-31": "5.74210", "2006-10-31": "4.86160", "2005-10-31": "4.46720"}, "Long-term Debt / Capital": {"2020-10-31": "0.44550", "2019-10-31": "0.43380", "2018-10-31": "0.43680", "2017-10-31": "0.41510", "2016-10-31": "0.47130", "2015-10-31": "0.47270", "2014-10-31": "0.46690", "2013-10-31": "0.42850", "2012-10-31": "0.41870", "2011-10-31": "0.38960", "2010-10-31": "0.40070", "2009-10-31": "0.45900", "2008-10-31": "0.39770", "2007-10-31": "0.39110", "2006-10-31": "0.40730", "2005-10-31": "0.39840"}, "Debt/Equity Ratio": {"2020-10-31": "0.80330", "2019-10-31": "0.76610", "2018-10-31": "0.77550", "2017-10-31": "0.70970", "2016-10-31": "0.89140", "2015-10-31": "0.89640", "2014-10-31": "0.87580", "2013-10-31": "0.74980", "2012-10-31": "0.72030", "2011-10-31": "0.63830", "2010-10-31": "0.66860", "2009-10-31": "0.84860", "2008-10-31": "0.66030", "2007-10-31": "0.64240", "2006-10-31": "0.68730", "2005-10-31": "0.66230"}, "Gross Margin": {"2020-10-31": "20.03070", "2019-10-31": "21.59540", "2018-10-31": "22.48900", "2017-10-31": "21.54330", "2016-10-31": "19.83640", "2015-10-31": "21.62370", "2014-10-31": "21.21290", "2013-10-31": "20.22960", "2012-10-31": "18.62600", "2011-10-31": "14.57510", "2010-10-31": "7.90840", "2009-10-31": "-11.16620", "2008-10-31": "0.90090", "2007-10-31": "11.17970", "2006-10-31": "26.11260", "2005-10-31": "30.05180"}, "Operating Margin": {"2020-10-31": "7.77460", "2019-10-31": "9.42420", "2018-10-31": "11.00640", "2017-10-31": "11.12940", "2016-10-31": "9.52360", "2015-10-31": "10.71310", "2014-10-31": "10.15570", "2013-10-31": "7.51850", "2012-10-31": "3.36890", "2011-10-31": "-3.13330", "2010-10-31": "-9.70120", "2009-10-31": "-29.46260", "2008-10-31": "-12.85720", "2007-10-31": "-0.16210", "2006-10-31": "16.74860", "2005-10-31": "21.71850"}, "EBIT Margin": {"2020-10-31": "7.77460", "2019-10-31": "9.42420", "2018-10-31": "11.00640", "2017-10-31": "11.12940", "2016-10-31": "9.52360", "2015-10-31": "10.71310", "2014-10-31": "10.15570", "2013-10-31": "7.51850", "2012-10-31": "3.36890", "2011-10-31": "-3.13330", "2010-10-31": "-9.70120", "2009-10-31": "-29.00970", "2008-10-31": "-12.85720", "2007-10-31": "-0.16210", "2006-10-31": "16.74860", "2005-10-31": "21.71850"}, "EBITDA Margin": {"2020-10-31": "8.74770", "2019-10-31": "10.42290", "2018-10-31": "11.36000", "2017-10-31": "11.56560", "2016-10-31": "9.97090", "2015-10-31": "11.27790", "2014-10-31": "10.74360", "2013-10-31": "8.46120", "2012-10-31": "4.56850", "2011-10-31": "-1.56530", "2010-10-31": "-8.36030", "2009-10-31": "-27.64670", "2008-10-31": "-11.85450", "2007-10-31": "0.70550", "2006-10-31": "17.27630", "2005-10-31": "22.13870"}, "Pre-Tax Profit Margin": {"2020-10-31": "8.29230", "2019-10-31": "10.89670", "2018-10-31": "13.07410", "2017-10-31": "14.00350", "2016-10-31": "11.39430", "2015-10-31": "12.83940", "2014-10-31": "12.89960", "2013-10-31": "10.01000", "2012-10-31": "5.99870", "2011-10-31": "-1.98970", "2010-10-31": "-7.83980", "2009-10-31": "-28.28360", "2008-10-31": "-14.82730", "2007-10-31": "1.52490", "2006-10-31": "18.39840", "2005-10-31": "22.83840"}, "Net Profit Margin": {"2020-10-31": "6.31030", "2019-10-31": "8.16740", "2018-10-31": "10.47350", "2017-10-31": "9.20880", "2016-10-31": "7.39130", "2015-10-31": "8.70640", "2014-10-31": "8.69290", "2013-10-31": "6.37950", "2012-10-31": "25.87380", "2011-10-31": "2.69640", "2010-10-31": "-0.22570", "2009-10-31": "-43.05940", "2008-10-31": "-9.45980", "2007-10-31": "0.76920", "2006-10-31": "11.22260", "2005-10-31": "13.91420"}, "Asset Turnover": {"2020-10-31": "0.63960", "2019-10-31": "0.66710", "2018-10-31": "0.69730", "2017-10-31": "0.61570", "2016-10-31": "0.53090", "2015-10-31": "0.45310", "2014-10-31": "0.46580", "2013-10-31": "0.39170", "2012-10-31": "0.30460", "2011-10-31": "0.29200", "2010-10-31": "0.28900", "2009-10-31": "0.31150", "2008-10-31": "0.47790", "2007-10-31": "0.64200", "2006-10-31": "0.80750", "2005-10-31": "0.91320"}, "Inventory Turnover Ratio": {"2020-10-31": "0.73900", "2019-10-31": "0.71940", "2018-10-31": "0.72870", "2017-10-31": "0.62660", "2016-10-31": "0.56350", "2015-10-31": "0.46720", "2014-10-31": "0.47480", "2013-10-31": "0.45870", "2012-10-31": "0.41050", "2011-10-31": "0.36900", "2010-10-31": "0.42460", "2009-10-31": "0.61290", "2008-10-31": "0.75590", "2007-10-31": "0.73880", "2006-10-31": "0.74220", "2005-10-31": "0.79950"}, "Receiveable Turnover": {"2020-10-31": "7.22230", "2019-10-31": "9.81210", "2018-10-31": "12.96940", "2017-10-31": "10.67570", "2016-10-31": "8.87080", "2015-10-31": "12.41960", "2014-10-31": "16.77890", "2013-10-31": "11.66310", "2012-10-31": "10.88050", "2011-10-31": "13.97930", "2010-10-31": "6.26400", "2009-10-31": "6.81370", "2008-10-31": "27.67330", "2007-10-31": "25.40680", "2006-10-31": "18.52470", "2005-10-31": "31.21120"}, "Days Sales In Receivables": {"2020-10-31": "50.53770", "2019-10-31": "37.19910", "2018-10-31": "28.14320", "2017-10-31": "34.18970", "2016-10-31": "41.14640", "2015-10-31": "29.38900", "2014-10-31": "21.75360", "2013-10-31": "31.29520", "2012-10-31": "33.54630", "2011-10-31": "26.11000", "2010-10-31": "58.26950", "2009-10-31": "53.56840", "2008-10-31": "13.18960", "2007-10-31": "14.36620", "2006-10-31": "19.70350", "2005-10-31": "11.69450"}, "ROE - Return On Equity": {"2020-10-31": "9.06400", "2019-10-31": "11.52650", "2018-10-31": "15.68810", "2017-10-31": "11.80260", "2016-10-31": "9.02190", "2015-10-31": "8.58940", "2014-10-31": "8.80750", "2013-10-31": "5.10920", "2012-10-31": "15.57440", "2011-10-31": "1.53500", "2010-10-31": "-0.13180", "2009-10-31": "-30.03500", "2008-10-31": "-9.19830", "2007-10-31": "1.01070", "2006-10-31": "20.11790", "2005-10-31": "29.16920"}, "Return On Tangible Equity": {"2020-10-31": "9.06400", "2019-10-31": "11.52650", "2018-10-31": "15.68810", "2017-10-31": "11.80260", "2016-10-31": "9.02190", "2015-10-31": "8.58940", "2014-10-31": "8.80750", "2013-10-31": "5.10920", "2012-10-31": "15.57440", "2011-10-31": "1.53500", "2010-10-31": "-0.13180", "2009-10-31": "-30.03500", "2008-10-31": "-9.19830", "2007-10-31": "1.01070", "2006-10-31": "20.11790", "2005-10-31": "29.16920"}, "ROA - Return On Assets": {"2020-10-31": "4.03610", "2019-10-31": "5.44880", "2018-10-31": "7.30290", "2017-10-31": "5.66950", "2016-10-31": "3.92420", "2015-10-31": "3.94470", "2014-10-31": "4.04870", "2013-10-31": "2.49880", "2012-10-31": "7.88130", "2011-10-31": "0.78720", "2010-10-31": "-0.06520", "2009-10-31": "-13.41440", "2008-10-31": "-4.52130", "2007-10-31": "0.49380", "2006-10-31": "9.06190", "2005-10-31": "12.70700"}, "ROI - Return On Investment": {"2020-10-31": "5.02630", "2019-10-31": "6.52660", "2018-10-31": "8.83600", "2017-10-31": "6.90330", "2016-10-31": "4.76980", "2015-10-31": "4.52920", "2014-10-31": "4.69540", "2013-10-31": "2.91990", "2012-10-31": "9.05340", "2011-10-31": "0.93690", "2010-10-31": "-0.07900", "2009-10-31": "-16.24780", "2008-10-31": "-5.54010", "2007-10-31": "0.61540", "2006-10-31": "11.92310", "2005-10-31": "17.54770"}, "Book Value Per Share": {"2020-10-31": "38.94410", "2019-10-31": "36.31880", "2018-10-31": "32.62740", "2017-10-31": "28.86100", "2016-10-31": "26.17830", "2015-10-31": "24.18160", "2014-10-31": "22.05530", "2013-10-31": "19.71720", "2012-10-31": "18.54800", "2011-10-31": "15.64330", "2010-10-31": "15.37790", "2009-10-31": "15.27690", "2008-10-31": "20.18880", "2007-10-31": "22.46530", "2006-10-31": "22.19590", "2005-10-31": "17.83610"}, "Operating Cash Flow Per Share": {"2020-10-31": 4.6937, "2019-10-31": -0.8272, "2018-10-31": -1.2696, "2017-10-31": 4.2268, "2016-10-31": 0.5316, "2015-10-31": -1.3592, "2014-10-31": 4.8821, "2013-10-31": -2.189, "2012-10-31": -1.357, "2011-10-31": 1.2319, "2010-10-31": -2.636, "2009-10-31": -3.4558, "2008-10-31": 3.1958, "2007-10-31": 2.7657, "2006-10-31": -2.7384, "2005-10-31": 1.9857}, "Free Cash Flow Per Share": {"2020-10-31": 4.0279, "2019-10-31": -0.6941, "2018-10-31": -1.2823, "2017-10-31": 4.2179, "2016-10-31": 0.4212, "2015-10-31": -1.3292, "2014-10-31": 4.9503, "2013-10-31": -2.2682, "2012-10-31": -1.3353, "2011-10-31": 1.1693, "2010-10-31": -2.6484, "2009-10-31": -3.4212, "2008-10-31": 3.2356, "2007-10-31": 2.9277, "2006-10-31": -2.7363, "2005-10-31": 1.7304}}, "financial ratios, quarterly": {"Current Ratio": {"2020-10-31": "5.81770", "2020-07-31": "6.34390", "2020-04-30": "6.84480", "2020-01-31": "6.82120", "2019-10-31": "7.05550", "2019-07-31": "7.42740", "2019-04-30": "7.67700", "2019-01-31": "7.73660", "2018-10-31": "6.82780", "2018-07-31": "6.97990", "2018-04-30": "7.02100", "2018-01-31": "7.31060", "2017-10-31": "6.60870", "2017-07-31": "6.75450", "2017-04-30": "6.62970", "2017-01-31": "6.92180", "2016-10-31": "6.07020", "2016-07-31": "8.25990", "2016-04-30": "8.27620", "2016-01-31": "8.37430", "2015-10-31": "9.15950", "2015-07-31": "8.71460", "2015-04-30": "8.79470", "2015-01-31": "8.56310", "2014-10-31": "7.86880", "2014-07-31": "8.13120", "2014-04-30": "8.66720", "2014-01-31": "8.58000", "2013-10-31": "7.43200", "2013-07-31": "7.65710", "2013-04-30": "7.82760", "2013-01-31": "7.76060", "2012-10-31": "7.86750", "2012-07-31": "7.43830", "2012-04-30": "7.36900", "2012-01-31": "6.88120", "2011-10-31": "6.46740", "2011-07-31": "6.53290", "2011-04-30": "6.23390", "2011-01-31": "6.34440", "2010-10-31": "5.79580", "2010-07-31": "6.30080", "2010-04-30": "5.76110", "2010-01-31": "5.96880", "2009-10-31": "5.98480", "2009-07-31": "6.06720", "2009-04-30": "6.84960", "2009-01-31": "5.95900", "2008-10-31": "5.46140", "2008-07-31": "5.65700", "2008-04-30": "5.37340", "2008-01-31": "5.80310", "2007-10-31": "5.74210", "2007-07-31": "5.77430", "2007-04-30": "5.73170", "2007-01-31": "5.34580", "2006-10-31": "4.86160", "2006-07-31": "4.99040", "2006-04-30": "5.10490", "2006-01-31": "4.85370", "2005-10-31": "4.46720", "2005-07-31": "4.58470", "2005-04-30": "5.21530", "2005-01-31": "5.16440"}, "Long-term Debt / Capital": {"2020-10-31": "0.44550", "2020-07-31": "0.44990", "2020-04-30": "0.48380", "2020-01-31": "0.46170", "2019-10-31": "0.43380", "2019-07-31": "0.42950", "2019-04-30": "0.42260", "2019-01-31": "0.42460", "2018-10-31": "0.43680", "2018-07-31": "0.44500", "2018-04-30": "0.44610", "2018-01-31": "0.44150", "2017-10-31": "0.41510", "2017-07-31": "0.45740", "2017-04-30": "0.45330", "2017-01-31": "0.45670", "2016-10-31": "0.47130", "2016-07-31": "0.48120", "2016-04-30": "0.45690", "2016-01-31": "0.44780", "2015-10-31": "0.47270", "2015-07-31": "0.44610", "2015-04-30": "0.45620", "2015-01-31": "0.45940", "2014-10-31": "0.46690", "2014-07-31": "0.47020", "2014-04-30": "0.48290", "2014-01-31": "0.46340", "2013-10-31": "0.42850", "2013-07-31": "0.44600", "2013-04-30": "0.43850", "2013-01-31": "0.40730", "2012-10-31": "0.41870", "2012-07-31": "0.42070", "2012-04-30": "0.42450", "2012-01-31": "0.38300", "2011-10-31": "0.38960", "2011-07-31": "0.38590", "2011-04-30": "0.39600", "2011-01-31": "0.39360", "2010-10-31": "0.40070", "2010-07-31": "0.44560", "2010-04-30": "0.45590", "2010-01-31": "0.45460", "2009-10-31": "0.45900", "2009-07-31": "0.44950", "2009-04-30": "0.44410", "2009-01-31": "0.40020", "2008-10-31": "0.39770", "2008-07-31": "0.40680", "2008-04-30": "0.40540", "2008-01-31": "0.39960", "2007-10-31": "0.39110", "2007-07-31": "0.39410", "2007-04-30": "0.39750", "2007-01-31": "0.39340", "2006-10-31": "0.40730", "2006-07-31": "0.41480", "2006-04-30": "0.41850", "2006-01-31": "0.39460", "2005-10-31": "0.39840", "2005-07-31": "0.40430", "2005-04-30": "0.43100", "2005-01-31": "0.45110"}, "Debt/Equity Ratio": {"2020-10-31": "0.80330", "2020-07-31": "0.81790", "2020-04-30": "0.93710", "2020-01-31": "0.85760", "2019-10-31": "0.76610", "2019-07-31": "0.75270", "2019-04-30": "0.73200", "2019-01-31": "0.73780", "2018-10-31": "0.77550", "2018-07-31": "0.80170", "2018-04-30": "0.80530", "2018-01-31": "0.79060", "2017-10-31": "0.70970", "2017-07-31": "0.84310", "2017-04-30": "0.82910", "2017-01-31": "0.84060", "2016-10-31": "0.89140", "2016-07-31": "0.92750", "2016-04-30": "0.84120", "2016-01-31": "0.81090", "2015-10-31": "0.89640", "2015-07-31": "0.80540", "2015-04-30": "0.83890", "2015-01-31": "0.84980", "2014-10-31": "0.87580", "2014-07-31": "0.88750", "2014-04-30": "0.93390", "2014-01-31": "0.86340", "2013-10-31": "0.74980", "2013-07-31": "0.80500", "2013-04-30": "0.78100", "2013-01-31": "0.68720", "2012-10-31": "0.72030", "2012-07-31": "0.72620", "2012-04-30": "0.73760", "2012-01-31": "0.62080", "2011-10-31": "0.63830", "2011-07-31": "0.62840", "2011-04-30": "0.65560", "2011-01-31": "0.64910", "2010-10-31": "0.66860", "2010-07-31": "0.80390", "2010-04-30": "0.83800", "2010-01-31": "0.83340", "2009-10-31": "0.84860", "2009-07-31": "0.81650", "2009-04-30": "0.79870", "2009-01-31": "0.66720", "2008-10-31": "0.66030", "2008-07-31": "0.68570", "2008-04-30": "0.68190", "2008-01-31": "0.66570", "2007-10-31": "0.64240", "2007-07-31": "0.65050", "2007-04-30": "0.65980", "2007-01-31": "0.64850", "2006-10-31": "0.68730", "2006-07-31": "0.70870", "2006-04-30": "0.71980", "2006-01-31": "0.65180", "2005-10-31": "0.66230", "2005-07-31": "0.67860", "2005-04-30": "0.75740", "2005-01-31": "0.82170"}, "Gross Margin": {"2020-10-31": "23.42000", "2020-07-31": "18.78870", "2020-04-30": "17.55660", "2020-01-31": "17.96930", "2019-10-31": "24.24680", "2019-07-31": "20.25860", "2019-04-30": "19.74400", "2019-01-31": "21.03040", "2018-10-31": "26.90910", "2018-07-31": "21.10090", "2018-04-30": "18.82460", "2018-01-31": "20.50150", "2017-10-31": "22.29270", "2017-07-31": "21.74990", "2017-04-30": "20.98050", "2017-01-31": "20.38900", "2016-10-31": "15.39700", "2016-07-31": "21.93170", "2016-04-30": "21.96090", "2016-01-31": "23.28910", "2015-10-31": "22.32600", "2015-07-31": "19.80690", "2015-04-30": "20.41690", "2015-01-31": "23.83500", "2014-10-31": "21.33100", "2014-07-31": "22.67340", "2014-04-30": "20.03500", "2014-01-31": "20.14180", "2013-10-31": "21.27960", "2013-07-31": "20.90530", "2013-04-30": "18.60280", "2013-01-31": "18.52660", "2012-10-31": "20.08260", "2012-07-31": "19.19310", "2012-04-30": "17.89230", "2012-01-31": "15.63790", "2011-10-31": "15.26020", "2011-07-31": "13.78580", "2011-04-30": "13.55160", "2011-01-31": "15.60870", "2010-10-31": "9.59190", "2010-07-31": "14.24410", "2010-04-30": "1.82730", "2010-01-31": "2.81940", "2009-10-31": "-3.99500", "2009-07-31": "-10.87470", "2009-04-30": "-12.41020", "2009-01-31": "-18.81480", "2008-10-31": "2.99870", "2008-07-31": "7.25290", "2008-04-30": "-2.98640", "2008-01-31": "-3.05340", "2007-10-31": "1.91700", "2007-07-31": "11.05650", "2007-04-30": "14.24450", "2007-01-31": "17.84610", "2006-10-31": "22.27220", "2006-07-31": "27.19300", "2006-04-30": "27.92550", "2006-01-31": "28.10900", "2005-10-31": "30.14280", "2005-07-31": "30.90550", "2005-04-30": "30.07830", "2005-01-31": "28.49960"}, "Operating Margin": {"2020-10-31": "10.23590", "2020-07-31": "9.06120", "2020-04-30": "5.97440", "2020-01-31": "3.56730", "2019-10-31": "9.45380", "2019-07-31": "9.68430", "2019-04-30": "9.35000", "2019-01-31": "9.12900", "2018-10-31": "13.78450", "2018-07-31": "12.00320", "2018-04-30": "8.40360", "2018-01-31": "7.12240", "2017-10-31": "14.05390", "2017-07-31": "11.45990", "2017-04-30": "10.21770", "2017-01-31": "5.49920", "2016-10-31": "7.42060", "2016-07-31": "11.30250", "2016-04-30": "10.45630", "2016-01-31": "10.17260", "2015-10-31": "13.63320", "2015-07-31": "8.50590", "2015-04-30": "7.78650", "2015-01-31": "11.37800", "2014-10-31": "12.42110", "2014-07-31": "12.26690", "2014-04-30": "7.91010", "2014-01-31": "4.93710", "2013-10-31": "12.33160", "2013-07-31": "8.00990", "2013-04-30": "3.18620", "2013-01-31": "0.14530", "2012-10-31": "8.31450", "2012-07-31": "5.68250", "2012-04-30": "-0.37360", "2012-01-31": "-5.99150", "2011-10-31": "-0.38900", "2011-07-31": "-2.59880", "2011-04-30": "-7.54550", "2011-01-31": "-3.05640", "2010-10-31": "-2.98860", "2010-07-31": "-1.67150", "2010-04-30": "-19.29770", "2010-01-31": "-19.99370", "2009-10-31": "-21.55240", "2009-07-31": "-25.74700", "2009-04-30": "-32.83210", "2009-01-31": "-39.78260", "2008-10-31": "-11.47030", "2008-07-31": "-5.68830", "2008-04-30": "-16.27560", "2008-01-31": "-17.45610", "2007-10-31": "-8.49090", "2007-07-31": "0.19440", "2007-04-30": "3.14640", "2007-01-31": "4.71740", "2006-10-31": "14.30750", "2006-07-31": "17.51980", "2006-04-30": "18.07850", "2006-01-31": "17.73000", "2005-10-31": "23.55540", "2005-07-31": "22.74280", "2005-04-30": "20.66270", "2005-01-31": "17.68850"}, "EBIT Margin": {"2020-10-31": "10.23590", "2020-07-31": "9.06120", "2020-04-30": "5.97440", "2020-01-31": "3.56730", "2019-10-31": "9.45380", "2019-07-31": "9.68430", "2019-04-30": "9.35000", "2019-01-31": "9.12900", "2018-10-31": "13.78450", "2018-07-31": "12.00320", "2018-04-30": "8.40360", "2018-01-31": "7.12240", "2017-10-31": "14.05390", "2017-07-31": "11.45990", "2017-04-30": "10.21770", "2017-01-31": "5.49920", "2016-10-31": "7.42060", "2016-07-31": "11.30250", "2016-04-30": "10.45630", "2016-01-31": "10.17260", "2015-10-31": "13.63320", "2015-07-31": "8.50590", "2015-04-30": "7.78650", "2015-01-31": "11.37800", "2014-10-31": "12.42110", "2014-07-31": "12.26690", "2014-04-30": "7.91010", "2014-01-31": "4.93710", "2013-10-31": "12.33160", "2013-07-31": "8.00990", "2013-04-30": "3.18620", "2013-01-31": "0.14530", "2012-10-31": "8.31450", "2012-07-31": "5.68250", "2012-04-30": "-0.37360", "2012-01-31": "-5.99150", "2011-10-31": "-0.74060", "2011-07-31": "-2.59880", "2011-04-30": "-7.42290", "2011-01-31": "-2.72360", "2010-10-31": "-7.60560", "2010-07-31": "-0.54340", "2010-04-30": "-17.30360", "2010-01-31": "-17.77240", "2009-10-31": "-20.28710", "2009-07-31": "-26.49540", "2009-04-30": "-31.71920", "2009-01-31": "-39.58410", "2008-10-31": "-11.47030", "2008-07-31": "-5.68830", "2008-04-30": "-16.27560", "2008-01-31": "-17.45610", "2007-10-31": "-8.49090", "2007-07-31": "0.19440", "2007-04-30": "3.14640", "2007-01-31": "4.71740", "2006-10-31": "14.30750", "2006-07-31": "17.51980", "2006-04-30": "18.07850", "2006-01-31": "17.73000", "2005-10-31": "23.55540", "2005-07-31": "22.74280", "2005-04-30": "20.66270", "2005-01-31": "17.68850"}, "EBITDA Margin": {"2020-10-31": "", "2020-07-31": "", "2020-04-30": "", "2020-01-31": "", "2019-10-31": "", "2019-07-31": "", "2019-04-30": "", "2019-01-31": "", "2018-10-31": "", "2018-07-31": "", "2018-04-30": "", "2018-01-31": "", "2017-10-31": "", "2017-07-31": "", "2017-04-30": "", "2017-01-31": "", "2016-10-31": "", "2016-07-31": "", "2016-04-30": "", "2016-01-31": "", "2015-10-31": "", "2015-07-31": "", "2015-04-30": "", "2015-01-31": "", "2014-10-31": "", "2014-07-31": "", "2014-04-30": "", "2014-01-31": "", "2013-10-31": "", "2013-07-31": "", "2013-04-30": "", "2013-01-31": "", "2012-10-31": "", "2012-07-31": "", "2012-04-30": "", "2012-01-31": "", "2011-10-31": "", "2011-07-31": "", "2011-04-30": "", "2011-01-31": "", "2010-10-31": "", "2010-07-31": "", "2010-04-30": "", "2010-01-31": "", "2009-10-31": "", "2009-07-31": "", "2009-04-30": "", "2009-01-31": "", "2008-10-31": "", "2008-07-31": "", "2008-04-30": "", "2008-01-31": "", "2007-10-31": "", "2007-07-31": "", "2007-04-30": "", "2007-01-31": "", "2006-10-31": "", "2006-07-31": "", "2006-04-30": "", "2006-01-31": "", "2005-10-31": "", "2005-07-31": "", "2005-04-30": "", "2005-01-31": ""}, "Pre-Tax Profit Margin": {"2020-10-31": "10.48810", "2020-07-31": "9.19560", "2020-04-30": "6.59190", "2020-01-31": "4.95200", "2019-10-31": "11.46070", "2019-07-31": "10.58600", "2019-04-30": "10.26510", "2019-01-31": "11.10980", "2018-10-31": "16.14810", "2018-07-31": "13.22790", "2018-04-30": "9.55150", "2018-01-31": "11.19540", "2017-10-31": "14.87970", "2017-07-31": "13.54530", "2017-04-30": "14.61000", "2017-01-31": "11.92330", "2016-10-31": "9.06300", "2016-07-31": "12.88670", "2016-04-30": "12.58540", "2016-01-31": "12.58040", "2015-10-31": "15.13660", "2015-07-31": "10.45360", "2015-04-30": "10.14940", "2015-01-31": "14.53190", "2014-10-31": "13.95860", "2014-07-31": "14.31840", "2014-04-30": "10.86550", "2014-01-31": "11.06680", "2013-10-31": "14.37480", "2013-07-31": "9.90380", "2013-04-30": "7.93950", "2013-01-31": "1.96090", "2012-10-31": "9.59960", "2012-07-31": "7.74860", "2012-04-30": "4.18780", "2012-01-31": "-1.99030", "2011-10-31": "3.57120", "2011-07-31": "0.98600", "2011-04-30": "-9.84880", "2011-01-31": "-5.10210", "2010-10-31": "-2.35150", "2010-07-31": "0.18120", "2010-04-30": "-16.63790", "2010-01-31": "-17.37200", "2009-10-31": "-21.93570", "2009-07-31": "-24.11570", "2009-04-30": "-30.60400", "2009-01-31": "-38.27680", "2008-10-31": "-15.34100", "2008-07-31": "-6.87770", "2008-04-30": "-18.82780", "2008-01-31": "-18.03990", "2007-10-31": "-10.45910", "2007-07-31": "3.71560", "2007-04-30": "5.06460", "2007-01-31": "7.99550", "2006-10-31": "16.09710", "2006-07-31": "18.62800", "2006-04-30": "19.72770", "2006-01-31": "19.81030", "2005-10-31": "25.18030", "2005-07-31": "23.43820", "2005-04-30": "21.67270", "2005-01-31": "18.57890"}, "Net Profit Margin": {"2020-10-31": "7.82970", "2020-07-31": "6.94890", "2020-04-30": "4.88490", "2020-01-31": "4.27180", "2019-10-31": "8.50420", "2019-07-31": "8.28670", "2019-04-30": "7.53600", "2019-01-31": "8.21970", "2018-10-31": "12.66580", "2018-07-31": "10.10050", "2018-04-30": "6.99160", "2018-01-31": "11.23870", "2017-10-31": "9.46190", "2017-07-31": "9.88500", "2017-04-30": "9.14100", "2017-01-31": "7.64780", "2016-10-31": "6.16440", "2016-07-31": "8.30620", "2016-04-30": "7.98290", "2016-01-31": "7.88100", "2015-10-31": "10.23960", "2015-07-31": "6.49300", "2015-04-30": "7.96760", "2015-01-31": "9.52890", "2014-10-31": "9.73750", "2014-07-31": "9.24510", "2014-04-30": "7.58070", "2014-01-31": "7.08110", "2013-10-31": "9.08590", "2013-07-31": "6.76110", "2013-04-30": "4.78170", "2013-01-31": "1.04380", "2012-10-31": "65.01270", "2012-07-31": "11.12050", "2012-04-30": "4.51510", "2012-01-31": "-0.86530", "2011-10-31": "3.51650", "2011-07-31": "10.67900", "2011-04-30": "-6.49820", "2011-01-31": "1.02270", "2010-10-31": "12.53830", "2010-07-31": "6.01100", "2010-04-30": "-12.97940", "2010-01-31": "-12.47450", "2009-10-31": "-22.90120", "2009-07-31": "-102.37460", "2009-04-30": "-20.87860", "2009-01-31": "-21.73350", "2008-10-31": "-11.40470", "2008-07-31": "-3.67700", "2008-04-30": "-11.45930", "2008-01-31": "-11.39190", "2007-10-31": "-7.07080", "2007-07-31": "2.18470", "2007-04-30": "3.12340", "2007-01-31": "4.98030", "2006-10-31": "9.60850", "2006-07-31": "11.40480", "2006-04-30": "12.12710", "2006-01-31": "12.21890", "2005-10-31": "15.35730", "2005-07-31": "13.93150", "2005-04-30": "13.76710", "2005-01-31": "11.12700"}, "Asset Turnover": {"2020-10-31": "0.23000", "2020-07-31": "0.15670", "2020-04-30": "0.14330", "2020-01-31": "0.12580", "2019-10-31": "0.21970", "2019-07-31": "0.16890", "2019-04-30": "0.16700", "2019-01-31": "0.13580", "2018-10-31": "0.23970", "2018-07-31": "0.19230", "2018-04-30": "0.16250", "2018-01-31": "0.12220", "2017-10-31": "0.21470", "2017-07-31": "0.14840", "2017-04-30": "0.13820", "2017-01-31": "0.09670", "2016-10-31": "0.19060", "2016-07-31": "0.13500", "2016-04-30": "0.12440", "2016-01-31": "0.10600", "2015-10-31": "0.15610", "2015-07-31": "0.11910", "2015-04-30": "0.09930", "2015-01-31": "0.10130", "2014-10-31": "0.16080", "2014-07-31": "0.12680", "2014-04-30": "0.10440", "2014-01-31": "0.08290", "2013-10-31": "0.15300", "2013-07-31": "0.10150", "2013-04-30": "0.07870", "2013-01-31": "0.06940", "2012-10-31": "0.10240", "2012-07-31": "0.10160", "2012-04-30": "0.06970", "2012-01-31": "0.06470", "2011-10-31": "0.08460", "2011-07-31": "0.07770", "2011-04-30": "0.06290", "2011-01-31": "0.06600", "2010-10-31": "0.07780", "2010-07-31": "0.08410", "2010-04-30": "0.05670", "2010-01-31": "0.05920", "2009-10-31": "0.08640", "2009-07-31": "0.08070", "2009-04-30": "0.06140", "2009-01-31": "0.06470", "2008-10-31": "0.10490", "2008-07-31": "0.11650", "2008-04-30": "0.11760", "2008-01-31": "0.12000", "2007-10-31": "0.16030", "2007-07-31": "0.16320", "2007-04-30": "0.15820", "2007-01-31": "0.14700", "2006-10-31": "0.23850", "2006-07-31": "0.20880", "2006-04-30": "0.20390", "2006-01-31": "0.20440", "2005-10-31": "0.31850", "2005-07-31": "0.26300", "2005-04-30": "0.23090", "2005-01-31": "0.19430"}, "Inventory Turnover Ratio": {"2020-10-31": "0.25450", "2020-07-31": "0.16690", "2020-04-30": "0.15580", "2020-01-31": "0.13320", "2019-10-31": "0.22890", "2019-07-31": "0.17610", "2019-04-30": "0.17680", "2019-01-31": "0.13950", "2018-10-31": "0.23620", "2018-07-31": "0.18970", "2018-04-30": "0.16490", "2018-01-31": "0.12110", "2017-10-31": "0.21640", "2017-07-31": "0.15410", "2017-04-30": "0.14170", "2017-01-31": "0.09720", "2016-10-31": "0.21350", "2016-07-31": "0.12930", "2016-04-30": "0.11950", "2016-01-31": "0.09920", "2015-10-31": "0.15950", "2015-07-31": "0.11790", "2015-04-30": "0.10090", "2015-01-31": "0.09810", "2014-10-31": "0.16370", "2014-07-31": "0.12390", "2014-04-30": "0.10510", "2014-01-31": "0.09820", "2013-10-31": "0.17680", "2013-07-31": "0.12070", "2013-04-30": "0.09620", "2013-01-31": "0.08330", "2012-10-31": "0.13550", "2012-07-31": "0.11840", "2012-04-30": "0.08140", "2012-01-31": "0.07430", "2011-10-31": "0.10610", "2011-07-31": "0.09930", "2011-04-30": "0.08160", "2011-01-31": "0.08390", "2010-10-31": "0.11230", "2010-07-31": "0.11960", "2010-04-30": "0.09200", "2010-01-31": "0.09850", "2009-10-31": "0.15890", "2009-07-31": "0.14720", "2009-04-30": "0.12060", "2009-01-31": "0.12360", "2008-10-31": "0.16240", "2008-07-31": "0.16250", "2008-04-30": "0.17420", "2008-01-31": "0.16460", "2007-10-31": "0.20370", "2007-07-31": "0.18100", "2007-04-30": "0.16410", "2007-01-31": "0.14490", "2006-10-31": "0.23060", "2006-07-31": "0.17900", "2006-04-30": "0.17510", "2006-01-31": "0.17430", "2005-10-31": "0.27840", "2005-07-31": "0.22090", "2005-04-30": "0.20100", "2005-01-31": "0.17080"}, "Receiveable Turnover": {"2020-10-31": "2.59770", "2020-07-31": "1.68920", "2020-04-30": "1.52510", "2020-01-31": "1.28630", "2019-10-31": "3.23130", "2019-07-31": "2.45170", "2019-04-30": "2.60110", "2019-01-31": "2.17560", "2018-10-31": "4.45780", "2018-07-31": "3.07410", "2018-04-30": "2.66640", "2018-01-31": "2.09910", "2017-10-31": "3.72300", "2017-07-31": "2.80120", "2017-04-30": "2.54140", "2017-01-31": "1.79490", "2016-10-31": "3.18390", "2016-07-31": "4.53100", "2016-04-30": "4.11440", "2016-01-31": "3.16410", "2015-10-31": "4.27920", "2015-07-31": "3.72790", "2015-04-30": "3.29240", "2015-01-31": "3.40900", "2014-10-31": "5.79380", "2014-07-31": "4.18530", "2014-04-30": "3.44240", "2014-01-31": "2.68160", "2013-10-31": "4.55540", "2013-07-31": "3.93900", "2013-04-30": "3.11320", "2013-01-31": "2.77730", "2012-10-31": "3.65710", "2012-07-31": "4.16880", "2012-04-30": "2.59760", "2012-01-31": "3.27890", "2011-10-31": "4.05190", "2011-07-31": "4.06620", "2011-04-30": "3.64320", "2011-01-31": "1.44740", "2010-10-31": "1.68710", "2010-07-31": "3.34270", "2010-04-30": "1.06680", "2010-01-31": "1.19280", "2009-10-31": "1.88880", "2009-07-31": "3.18570", "2009-04-30": "4.13600", "2009-01-31": "3.82230", "2008-10-31": "6.07520", "2008-07-31": "6.42690", "2008-04-30": "6.36710", "2008-01-31": "5.44130", "2007-10-31": "6.34450", "2007-07-31": "7.22280", "2007-04-30": "5.58840", "2007-01-31": "3.50780", "2006-10-31": "5.47180", "2006-07-31": "5.15930", "2006-04-30": "5.37320", "2006-01-31": "5.69220", "2005-10-31": "10.88370", "2005-07-31": "9.27180", "2005-04-30": "8.12980", "2005-01-31": "6.42860"}, "Days Sales In Receivables": {"2020-10-31": "34.64600", "2020-07-31": "53.27860", "2020-04-30": "59.01150", "2020-01-31": "69.96830", "2019-10-31": "27.85240", "2019-07-31": "36.70860", "2019-04-30": "34.60130", "2019-01-31": "41.36750", "2018-10-31": "20.18950", "2018-07-31": "29.27650", "2018-04-30": "33.75310", "2018-01-31": "42.87580", "2017-10-31": "24.17410", "2017-07-31": "32.12910", "2017-04-30": "35.41320", "2017-01-31": "50.14250", "2016-10-31": "28.26710", "2016-07-31": "19.86320", "2016-04-30": "21.87460", "2016-01-31": "28.44390", "2015-10-31": "21.03210", "2015-07-31": "24.14210", "2015-04-30": "27.33600", "2015-01-31": "26.40030", "2014-10-31": "15.53390", "2014-07-31": "21.50380", "2014-04-30": "26.14450", "2014-01-31": "33.56180", "2013-10-31": "19.75670", "2013-07-31": "22.84870", "2013-04-30": "28.90880", "2013-01-31": "32.40520", "2012-10-31": "24.60990", "2012-07-31": "21.58870", "2012-04-30": "34.64750", "2012-01-31": "27.44850", "2011-10-31": "22.21170", "2011-07-31": "22.13380", "2011-04-30": "24.70340", "2011-01-31": "62.17840", "2010-10-31": "53.34480", "2010-07-31": "26.92440", "2010-04-30": "84.36150", "2010-01-31": "75.45060", "2009-10-31": "47.64890", "2009-07-31": "28.25130", "2009-04-30": "21.76010", "2009-01-31": "23.54610", "2008-10-31": "14.81430", "2008-07-31": "14.00380", "2008-04-30": "14.13520", "2008-01-31": "16.54010", "2007-10-31": "14.18560", "2007-07-31": "12.46050", "2007-04-30": "16.10470", "2007-01-31": "25.65680", "2006-10-31": "16.44790", "2006-07-31": "17.44430", "2006-04-30": "16.74990", "2006-01-31": "15.81110", "2005-10-31": "8.26930", "2005-07-31": "9.70680", "2005-04-30": "11.07040", "2005-01-31": "14.00000"}, "ROE - Return On Equity": {"2020-10-31": "4.04500", "2020-07-31": "2.42820", "2020-04-30": "1.64010", "2020-01-31": "1.20880", "2019-10-31": "3.95250", "2019-07-31": "2.93550", "2019-04-30": "2.59360", "2019-01-31": "2.30500", "2018-10-31": "6.52090", "2018-07-31": "4.25920", "2018-04-30": "2.49210", "2018-01-31": "2.95880", "2017-10-31": "4.22910", "2017-07-31": "3.27330", "2017-04-30": "2.79830", "2017-01-31": "1.62960", "2016-10-31": "2.70060", "2016-07-31": "2.52350", "2016-04-30": "2.13820", "2016-01-31": "1.76080", "2015-10-31": "3.48060", "2015-07-31": "1.61780", "2015-04-30": "1.67570", "2015-01-31": "2.05230", "2014-10-31": "3.40670", "2014-07-31": "2.56660", "2014-04-30": "1.76130", "2014-01-31": "1.25660", "2013-10-31": "2.84220", "2013-07-31": "1.44870", "2013-04-30": "0.77780", "2013-01-31": "0.14110", "2012-10-31": "13.15330", "2012-07-31": "2.28150", "2012-04-30": "0.64110", "2012-01-31": "-0.10700", "2011-10-31": "0.58020", "2011-07-31": "1.60860", "2011-04-30": "-0.81300", "2011-01-31": "0.13290", "2010-10-31": "1.97260", "2010-07-31": "1.09120", "2010-04-30": "-1.65010", "2010-01-31": "-1.63940", "2009-10-31": "-4.42820", "2009-07-31": "-18.07790", "2009-04-30": "-2.69920", "2009-01-31": "-2.81110", "2008-10-31": "-2.43450", "2008-07-31": "-0.88730", "2008-04-30": "-2.81790", "2008-01-31": "-2.81120", "2007-10-31": "-2.32030", "2007-07-31": "0.73790", "2007-04-30": "1.03460", "2007-01-31": "1.55290", "2006-10-31": "5.08780", "2006-07-31": "5.40320", "2006-04-30": "5.64900", "2006-01-31": "5.56940", "2005-10-31": "11.22650", "2005-07-31": "8.53030", "2005-04-30": "7.47500", "2005-01-31": "5.22580"}, "Return On Tangible Equity": {"2020-10-31": "4.04500", "2020-07-31": "2.42820", "2020-04-30": "1.64010", "2020-01-31": "1.20880", "2019-10-31": "3.95250", "2019-07-31": "2.93550", "2019-04-30": "2.59360", "2019-01-31": "2.30500", "2018-10-31": "6.52090", "2018-07-31": "4.25920", "2018-04-30": "2.49210", "2018-01-31": "2.95880", "2017-10-31": "4.22910", "2017-07-31": "3.27330", "2017-04-30": "2.79830", "2017-01-31": "1.62960", "2016-10-31": "2.70060", "2016-07-31": "2.52350", "2016-04-30": "2.13820", "2016-01-31": "1.76080", "2015-10-31": "3.48060", "2015-07-31": "1.61780", "2015-04-30": "1.67570", "2015-01-31": "2.05230", "2014-10-31": "3.40670", "2014-07-31": "2.56660", "2014-04-30": "1.76130", "2014-01-31": "1.25660", "2013-10-31": "2.84220", "2013-07-31": "1.44870", "2013-04-30": "0.77780", "2013-01-31": "0.14110", "2012-10-31": "13.15330", "2012-07-31": "2.28150", "2012-04-30": "0.64110", "2012-01-31": "-0.10700", "2011-10-31": "0.58020", "2011-07-31": "1.60860", "2011-04-30": "-0.81300", "2011-01-31": "0.13290", "2010-10-31": "1.97260", "2010-07-31": "1.09120", "2010-04-30": "-1.65010", "2010-01-31": "-1.63940", "2009-10-31": "-4.42820", "2009-07-31": "-18.07790", "2009-04-30": "-2.69920", "2009-01-31": "-2.81110", "2008-10-31": "-2.43450", "2008-07-31": "-0.88730", "2008-04-30": "-2.81790", "2008-01-31": "-2.81120", "2007-10-31": "-2.32030", "2007-07-31": "0.73790", "2007-04-30": "1.03460", "2007-01-31": "1.55290", "2006-10-31": "5.08780", "2006-07-31": "5.40320", "2006-04-30": "5.64900", "2006-01-31": "5.56940", "2005-10-31": "11.22650", "2005-07-31": "8.53030", "2005-04-30": "7.47500", "2005-01-31": "5.22580"}, "ROA - Return On Assets": {"2020-10-31": "1.80120", "2020-07-31": "1.08910", "2020-04-30": "0.69990", "2020-01-31": "0.53720", "2019-10-31": "1.86840", "2019-07-31": "1.39990", "2019-04-30": "1.25840", "2019-01-31": "1.11650", "2018-10-31": "3.03550", "2018-07-31": "1.94240", "2018-04-30": "1.13590", "2018-01-31": "1.37360", "2017-10-31": "2.03150", "2017-07-31": "1.46670", "2017-04-30": "1.26320", "2017-01-31": "0.73990", "2016-10-31": "1.17470", "2016-07-31": "1.12150", "2016-04-30": "0.99340", "2016-01-31": "0.83510", "2015-10-31": "1.59850", "2015-07-31": "0.77340", "2015-04-30": "0.79100", "2015-01-31": "0.96570", "2014-10-31": "1.56600", "2014-07-31": "1.17270", "2014-04-30": "0.79100", "2014-01-31": "0.58740", "2013-10-31": "1.39000", "2013-07-31": "0.68650", "2013-04-30": "0.37620", "2013-01-31": "0.07240", "2012-10-31": "6.65610", "2012-07-31": "1.12980", "2012-04-30": "0.31450", "2012-01-31": "-0.05600", "2011-10-31": "0.29760", "2011-07-31": "0.82950", "2011-04-30": "-0.40860", "2011-01-31": "0.06750", "2010-10-31": "0.97610", "2010-07-31": "0.50580", "2010-04-30": "-0.73600", "2010-01-31": "-0.73830", "2009-10-31": "-1.97770", "2009-07-31": "-8.25880", "2009-04-30": "-1.28090", "2009-01-31": "-1.40600", "2008-10-31": "-1.19660", "2008-07-31": "-0.42850", "2008-04-30": "-1.34710", "2008-01-31": "-1.36680", "2007-10-31": "-1.13350", "2007-07-31": "0.35660", "2007-04-30": "0.49420", "2007-01-31": "0.73230", "2006-10-31": "2.29170", "2006-07-31": "2.38170", "2006-04-30": "2.47310", "2006-01-31": "2.49810", "2005-10-31": "4.89060", "2005-07-31": "3.66430", "2005-04-30": "3.17920", "2005-01-31": "2.16190"}, "ROI - Return On Investment": {"2020-10-31": "2.24310", "2020-07-31": "1.33570", "2020-04-30": "0.84670", "2020-01-31": "0.65070", "2019-10-31": "2.23800", "2019-07-31": "1.67480", "2019-04-30": "1.49750", "2019-01-31": "1.32640", "2018-10-31": "3.67280", "2018-07-31": "2.36410", "2018-04-30": "1.38040", "2018-01-31": "1.65240", "2017-10-31": "2.47360", "2017-07-31": "1.77600", "2017-04-30": "1.52990", "2017-01-31": "0.88530", "2016-10-31": "1.42780", "2016-07-31": "1.30920", "2016-04-30": "1.16130", "2016-01-31": "0.97240", "2015-10-31": "1.83530", "2015-07-31": "0.89610", "2015-04-30": "0.91120", "2015-01-31": "1.10940", "2014-10-31": "1.81620", "2014-07-31": "1.35980", "2014-04-30": "0.91070", "2014-01-31": "0.67430", "2013-10-31": "1.62430", "2013-07-31": "0.80260", "2013-04-30": "0.43670", "2013-01-31": "0.08360", "2012-10-31": "7.64600", "2012-07-31": "1.32170", "2012-04-30": "0.36890", "2012-01-31": "-0.06600", "2011-10-31": "0.35420", "2011-07-31": "0.98790", "2011-04-30": "-0.49100", "2011-01-31": "0.08060", "2010-10-31": "1.18220", "2010-07-31": "0.60490", "2010-04-30": "-0.89780", "2010-01-31": "-0.89420", "2009-10-31": "-2.39550", "2009-07-31": "-9.95190", "2009-04-30": "-1.50060", "2009-01-31": "-1.68610", "2008-10-31": "-1.46630", "2008-07-31": "-0.52640", "2008-04-30": "-1.67540", "2008-01-31": "-1.68770", "2007-10-31": "-1.41270", "2007-07-31": "0.44710", "2007-04-30": "0.62330", "2007-01-31": "0.94200", "2006-10-31": "3.01530", "2006-07-31": "3.16220", "2006-04-30": "3.28460", "2006-01-31": "3.37170", "2005-10-31": "6.75370", "2005-07-31": "5.08180", "2005-04-30": "4.25340", "2005-01-31": "2.86870"}, "Book Value Per Share": {"2020-10-31": "38.94410", "2020-07-31": "37.52680", "2020-04-30": "36.73110", "2020-01-31": "36.24900", "2019-10-31": "36.31880", "2019-07-31": "35.03860", "2019-04-30": "34.14530", "2019-01-31": "33.32140", "2018-10-31": "32.62740", "2018-07-31": "30.61040", "2018-04-30": "29.54350", "2018-01-31": "29.06790", "2017-10-31": "28.86100", "2017-07-31": "28.00700", "2017-04-30": "27.29260", "2017-01-31": "26.58990", "2016-10-31": "26.17830", "2016-07-31": "25.49630", "2016-04-30": "24.84710", "2016-01-31": "24.36790", "2015-10-31": "24.18160", "2015-07-31": "23.42290", "2015-04-30": "23.02070", "2015-01-31": "22.57630", "2014-10-31": "22.05530", "2014-07-31": "21.39960", "2014-04-30": "20.83190", "2014-01-31": "20.43000", "2013-10-31": "19.71720", "2013-07-31": "19.04630", "2013-04-30": "18.74150", "2013-01-31": "18.56910", "2012-10-31": "18.54800", "2012-07-31": "16.08390", "2012-04-30": "15.72930", "2012-01-31": "15.62380", "2011-10-31": "15.64330", "2011-07-31": "15.52450", "2011-04-30": "15.30950", "2011-01-31": "15.40890", "2010-10-31": "15.37790", "2010-07-31": "15.08400", "2010-04-30": "14.80040", "2010-01-31": "15.03680", "2009-10-31": "15.27690", "2009-07-31": "16.20230", "2009-04-30": "19.12800", "2009-01-31": "19.63500", "2008-10-31": "20.18880", "2008-07-31": "20.79230", "2008-04-30": "20.95730", "2008-01-31": "21.53650", "2007-10-31": "22.46530", "2007-07-31": "22.90620", "2007-04-30": "22.91180", "2007-01-31": "22.61800", "2006-10-31": "22.19590", "2006-07-31": "21.05940", "2006-04-30": "20.01790", "2006-01-31": "18.91830", "2005-10-31": "17.83610", "2005-07-31": "16.16930", "2005-04-30": "14.73650", "2005-01-31": "13.71970"}, "Operating Cash Flow Per Share": {"2020-10-31": 6.5697, "2020-07-31": 2.5953, "2020-04-30": 1.1354, "2020-01-31": "-2.61930", "2019-10-31": 2.8338, "2019-07-31": 0.732, "2019-04-30": 0.6729, "2019-01-31": "-1.25130", "2018-10-31": 4.2979, "2018-07-31": 1.6199, "2018-04-30": -0.0275, "2018-01-31": "-2.07570", "2017-10-31": 2.7061, "2017-07-31": 0.96, "2017-04-30": 1.2763, "2017-01-31": "0.14180", "2016-10-31": 2.7331, "2016-07-31": -1.7857, "2016-04-30": 0.0373, "2016-01-31": "-0.12730", "2015-10-31": 0.9267, "2015-07-31": -0.3956, "2015-04-30": -0.0258, "2015-01-31": "-0.17950", "2014-10-31": 1.4779, "2014-07-31": 0.5621, "2014-04-30": 0.9993, "2014-01-31": "-1.35430", "2013-10-31": -0.6323, "2013-07-31": -0.0644, "2013-04-30": -0.7214, "2013-01-31": "-1.77900", "2012-10-31": 0.3544, "2012-07-31": 0.2462, "2012-04-30": -0.6341, "2012-01-31": "-0.97460", "2011-10-31": 0.0751, "2011-07-31": -0.3112, "2011-04-30": 1.0441, "2011-01-31": "-0.45910", "2010-10-31": -0.5101, "2010-07-31": 0.9807, "2010-04-30": -0.9151, "2010-01-31": "-0.43850", "2009-10-31": 1.3997, "2009-07-31": 0.1586, "2009-04-30": 0.5588, "2009-01-31": "-0.36410", "2008-10-31": 1.0462, "2008-07-31": 1.7417, "2008-04-30": 2.0395, "2008-01-31": "0.38140", "2007-10-31": 1.3955, "2007-07-31": 1.1238, "2007-04-30": 0.1869, "2007-01-31": "-0.69320", "2006-10-31": 1.7397, "2006-07-31": -0.2156, "2006-04-30": -1.4098, "2006-01-31": "-0.86700", "2005-10-31": 1.6509, "2005-07-31": -0.0864, "2005-04-30": 0.6864, "2005-01-31": "-0.26520"}, "Free Cash Flow Per Share": {"2020-10-31": 6.32, "2020-07-31": 2.402, "2020-04-30": 1.0545, "2020-01-31": "-2.81120", "2019-10-31": 2.9735, "2019-07-31": 0.6193, "2019-04-30": 0.605, "2019-01-31": "-1.26040", "2018-10-31": 4.2565, "2018-07-31": 1.5201, "2018-04-30": -0.0587, "2018-01-31": "-2.08640", "2017-10-31": 2.6663, "2017-07-31": 0.8978, "2017-04-30": 1.2449, "2017-01-31": "0.10480", "2016-10-31": 2.7058, "2016-07-31": -1.8784, "2016-04-30": 0.0046, "2016-01-31": "-0.13610", "2015-10-31": 0.9148, "2015-07-31": -0.403, "2015-04-30": -0.0419, "2015-01-31": "-0.19520", "2014-10-31": 1.4478, "2014-07-31": 0.542, "2014-04-30": 0.9838, "2014-01-31": "-1.36970", "2013-10-31": -0.6457, "2013-07-31": -0.0866, "2013-04-30": -0.8037, "2013-01-31": "-1.81040", "2012-10-31": 0.34, "2012-07-31": 0.2293, "2012-04-30": -0.6526, "2012-01-31": "-0.99490", "2011-10-31": 0.0242, "2011-07-31": -0.3215, "2011-04-30": 1.039, "2011-01-31": "-0.48460", "2010-10-31": -0.5306, "2010-07-31": 0.9765, "2010-04-30": -0.9179, "2010-01-31": "-0.44020", "2009-10-31": 1.3984, "2009-07-31": 0.1567, "2009-04-30": 0.5607, "2009-01-31": "-0.37960", "2008-10-31": 1.0172, "2008-07-31": 1.7445, "2008-04-30": 2.0384, "2008-01-31": "0.35730", "2007-10-31": 1.3878, "2007-07-31": 1.1126, "2007-04-30": 0.1574, "2007-01-31": "-0.73600", "2006-10-31": 1.6886, "2006-07-31": -0.2595, "2006-04-30": -1.4826, "2006-01-31": "-0.95240", "2005-10-31": 1.582, "2005-07-31": -0.1639, "2005-04-30": 0.6325, "2005-01-31": "-0.32020"}}, "revenue": {"Toll Brothers Annual Revenue (Millions of US $)": {"2020": "$7,078", "2019": "$7,224", "2018": "$7,143", "2017": "$5,815", "2016": "$5,170", "2015": "$4,171", "2014": "$3,912", "2013": "$2,674", "2012": "$1,883", "2011": "$1,476", "2010": "$1,495", "2009": "$1,755", "2008": "$3,148", "2007": "$4,635", "2006": "$6,123", "2005": "$5,793"}, "Toll Brothers Quarterly Revenue (Millions of US $)": {"2020-10-31": "$2,546", "2020-07-31": "$1,651", "2020-04-30": "$1,549", "2020-01-31": "$1,331", "2019-10-31": "$2,379", "2019-07-31": "$1,766", "2019-04-30": "$1,716", "2019-01-31": "$1,363", "2018-10-31": "$2,455", "2018-07-31": "$1,913", "2018-04-30": "$1,599", "2018-01-31": "$1,175", "2017-10-31": "$2,028", "2017-07-31": "$1,503", "2017-04-30": "$1,364", "2017-01-31": "$921", "2016-10-31": "$1,855", "2016-07-31": "$1,270", "2016-04-30": "$1,116", "2016-01-31": "$929", "2015-10-31": "$1,437", "2015-07-31": "$1,028", "2015-04-30": "$853", "2015-01-31": "$853", "2014-10-31": "$1,351", "2014-07-31": "$1,057", "2014-04-30": "$860", "2014-01-31": "$644", "2013-10-31": "$1,045", "2013-07-31": "$689", "2013-04-30": "$516", "2013-01-31": "$425", "2012-10-31": "$633", "2012-07-31": "$554", "2012-04-30": "$374", "2012-01-31": "$322", "2011-10-31": "$428", "2011-07-31": "$394", "2011-04-30": "$320", "2011-01-31": "$334", "2010-10-31": "$403", "2010-07-31": "$454", "2010-04-30": "$311", "2010-01-31": "$327", "2009-10-31": "$487", "2009-07-31": "$461", "2009-04-30": "$398", "2009-01-31": "$409", "2008-10-31": "$691", "2008-07-31": "$797", "2008-04-30": "$818", "2008-01-31": "$842", "2007-10-31": "$1,157", "2007-07-31": "$1,212", "2007-04-30": "$1,175", "2007-01-31": "$1,091", "2006-10-31": "$1,809", "2006-07-31": "$1,531", "2006-04-30": "$1,443", "2006-01-31": "$1,341", "2005-10-31": "$2,020", "2005-07-31": "$1,547", "2005-04-30": "$1,236", "2005-01-31": "$990"}}, "gross-profit": {"Toll Brothers Annual Gross Profit (Millions of US $)": {"2020": "$1,418", "2019": "$1,560", "2018": "$1,606", "2017": "$1,253", "2016": "$1,025", "2015": "$902", "2014": "$830", "2013": "$541", "2012": "$351", "2011": "$215", "2010": "$118", "2009": "$-196", "2008": "$28", "2007": "$518", "2006": "$1,599", "2005": "$1,741"}, "Toll Brothers Quarterly Gross Profit (Millions of US $)": {"2020-10-31": "$596", "2020-07-31": "$310", "2020-04-30": "$272", "2020-01-31": "$239", "2019-10-31": "$577", "2019-07-31": "$358", "2019-04-30": "$339", "2019-01-31": "$287", "2018-10-31": "$661", "2018-07-31": "$404", "2018-04-30": "$301", "2018-01-31": "$241", "2017-10-31": "$452", "2017-07-31": "$327", "2017-04-30": "$286", "2017-01-31": "$188", "2016-10-31": "$286", "2016-07-31": "$279", "2016-04-30": "$245", "2016-01-31": "$216", "2015-10-31": "$321", "2015-07-31": "$204", "2015-04-30": "$174", "2015-01-31": "$203", "2014-10-31": "$288", "2014-07-31": "$240", "2014-04-30": "$172", "2014-01-31": "$130", "2013-10-31": "$222", "2013-07-31": "$144", "2013-04-30": "$96", "2013-01-31": "$79", "2012-10-31": "$127", "2012-07-31": "$106", "2012-04-30": "$67", "2012-01-31": "$50", "2011-10-31": "$65", "2011-07-31": "$54", "2011-04-30": "$43", "2011-01-31": "$52", "2010-10-31": "$39", "2010-07-31": "$65", "2010-04-30": "$6", "2010-01-31": "$9", "2009-10-31": "$-19", "2009-07-31": "$-50", "2009-04-30": "$-49", "2009-01-31": "$-77", "2008-10-31": "$21", "2008-07-31": "$58", "2008-04-30": "$-24", "2008-01-31": "$-26", "2007-10-31": "$22", "2007-07-31": "$134", "2007-04-30": "$167", "2007-01-31": "$195", "2006-10-31": "$403", "2006-07-31": "$416", "2006-04-30": "$403", "2006-01-31": "$377", "2005-10-31": "$609", "2005-07-31": "$478", "2005-04-30": "$372", "2005-01-31": "$282"}}, "operating-income": {"Toll Brothers Annual Operating Income (Millions of US $)": {"2020": "$550", "2019": "$681", "2018": "$786", "2017": "$647", "2016": "$492", "2015": "$447", "2014": "$397", "2013": "$201", "2012": "$63", "2011": "$-46", "2010": "$-145", "2009": "$-517", "2008": "$-405", "2007": "$-8", "2006": "$1,026", "2005": "$1,258"}, "Toll Brothers Quarterly Operating Income (Millions of US $)": {"2020-10-31": "$261", "2020-07-31": "$150", "2020-04-30": "$93", "2020-01-31": "$47", "2019-10-31": "$225", "2019-07-31": "$171", "2019-04-30": "$160", "2019-01-31": "$124", "2018-10-31": "$338", "2018-07-31": "$230", "2018-04-30": "$134", "2018-01-31": "$84", "2017-10-31": "$285", "2017-07-31": "$172", "2017-04-30": "$139", "2017-01-31": "$51", "2016-10-31": "$138", "2016-07-31": "$144", "2016-04-30": "$117", "2016-01-31": "$94", "2015-10-31": "$196", "2015-07-31": "$87", "2015-04-30": "$66", "2015-01-31": "$97", "2014-10-31": "$168", "2014-07-31": "$130", "2014-04-30": "$68", "2014-01-31": "$32", "2013-10-31": "$129", "2013-07-31": "$55", "2013-04-30": "$16", "2013-01-31": "$1", "2012-10-31": "$53", "2012-07-31": "$31", "2012-04-30": "$-1", "2012-01-31": "$-19", "2011-10-31": "$-2", "2011-07-31": "$-10", "2011-04-30": "$-24", "2011-01-31": "$-10", "2010-10-31": "$-12", "2010-07-31": "$-8", "2010-04-30": "$-60", "2010-01-31": "$-65", "2009-10-31": "$-105", "2009-07-31": "$-119", "2009-04-30": "$-131", "2009-01-31": "$-163", "2008-10-31": "$-79", "2008-07-31": "$-45", "2008-04-30": "$-133", "2008-01-31": "$-147", "2007-10-31": "$-98", "2007-07-31": "$2", "2007-04-30": "$37", "2007-01-31": "$51", "2006-10-31": "$259", "2006-07-31": "$268", "2006-04-30": "$261", "2006-01-31": "$238", "2005-10-31": "$476", "2005-07-31": "$352", "2005-04-30": "$255", "2005-01-31": "$175"}}, "ebitda": {"Toll Brothers Annual EBITDA (Millions of US $)": {"2020": "$619", "2019": "$753", "2018": "$811", "2017": "$673", "2016": "$515", "2015": "$470", "2014": "$420", "2013": "$226", "2012": "$86", "2011": "$-23", "2010": "$-125", "2009": "$-485", "2008": "$-373", "2007": "$33", "2006": "$1,058", "2005": "$1,283"}, "Toll Brothers Quarterly EBITDA (Millions of US $)": {"2020-10-31": "$283", "2020-07-31": "$166", "2020-04-30": "$108", "2020-01-31": "$62", "2019-10-31": "$246", "2019-07-31": "$189", "2019-04-30": "$178", "2019-01-31": "$140", "2018-10-31": "$345", "2018-07-31": "$236", "2018-04-30": "$141", "2018-01-31": "$90", "2017-10-31": "$292", "2017-07-31": "$179", "2017-04-30": "$145", "2017-01-31": "$57", "2016-10-31": "$144", "2016-07-31": "$149", "2016-04-30": "$122", "2016-01-31": "$100", "2015-10-31": "$202", "2015-07-31": "$93", "2015-04-30": "$72", "2015-01-31": "$103", "2014-10-31": "$174", "2014-07-31": "$135", "2014-04-30": "$74", "2014-01-31": "$37", "2013-10-31": "$135", "2013-07-31": "$62", "2013-04-30": "$23", "2013-01-31": "$7", "2012-10-31": "$59", "2012-07-31": "$37", "2012-04-30": "$4", "2012-01-31": "$-14", "2011-10-31": "$4", "2011-07-31": "$-3", "2011-04-30": "$-18", "2011-01-31": "$-5", "2010-10-31": "$-6", "2010-07-31": "$2", "2010-04-30": "$-49", "2010-01-31": "$-54", "2009-10-31": "$-93", "2009-07-31": "$-116", "2009-04-30": "$-120", "2009-01-31": "$-156", "2008-10-31": "$-69", "2008-07-31": "$-38", "2008-04-30": "$-126", "2008-01-31": "$-140", "2007-10-31": "$-91", "2007-07-31": "$10", "2007-04-30": "$45", "2007-01-31": "$69", "2006-10-31": "$268", "2006-07-31": "$276", "2006-04-30": "$269", "2006-01-31": "$245", "2005-10-31": "$483", "2005-07-31": "$358", "2005-04-30": "$261", "2005-01-31": "$180"}}, "net-income": {"Toll Brothers Annual Net Income (Millions of US $)": {"2020": "$447", "2019": "$590", "2018": "$748", "2017": "$535", "2016": "$382", "2015": "$363", "2014": "$340", "2013": "$171", "2012": "$487", "2011": "$40", "2010": "$-3", "2009": "$-756", "2008": "$-298", "2007": "$36", "2006": "$687", "2005": "$806"}, "Toll Brothers Quarterly Net Income (Millions of US $)": {"2020-10-31": "$199", "2020-07-31": "$115", "2020-04-30": "$76", "2020-01-31": "$57", "2019-10-31": "$202", "2019-07-31": "$146", "2019-04-30": "$129", "2019-01-31": "$112", "2018-10-31": "$311", "2018-07-31": "$193", "2018-04-30": "$112", "2018-01-31": "$132", "2017-10-31": "$192", "2017-07-31": "$149", "2017-04-30": "$125", "2017-01-31": "$70", "2016-10-31": "$114", "2016-07-31": "$105", "2016-04-30": "$89", "2016-01-31": "$73", "2015-10-31": "$147", "2015-07-31": "$67", "2015-04-30": "$68", "2015-01-31": "$81", "2014-10-31": "$132", "2014-07-31": "$98", "2014-04-30": "$65", "2014-01-31": "$46", "2013-10-31": "$95", "2013-07-31": "$47", "2013-04-30": "$25", "2013-01-31": "$4", "2012-10-31": "$411", "2012-07-31": "$62", "2012-04-30": "$17", "2012-01-31": "$-3", "2011-10-31": "$15", "2011-07-31": "$42", "2011-04-30": "$-21", "2011-01-31": "$3", "2010-10-31": "$50", "2010-07-31": "$27", "2010-04-30": "$-40", "2010-01-31": "$-41", "2009-10-31": "$-111", "2009-07-31": "$-472", "2009-04-30": "$-83", "2009-01-31": "$-89", "2008-10-31": "$-79", "2008-07-31": "$-29", "2008-04-30": "$-94", "2008-01-31": "$-96", "2007-10-31": "$-82", "2007-07-31": "$26", "2007-04-30": "$37", "2007-01-31": "$54", "2006-10-31": "$174", "2006-07-31": "$175", "2006-04-30": "$175", "2006-01-31": "$164", "2005-10-31": "$310", "2005-07-31": "$216", "2005-04-30": "$170", "2005-01-31": "$110"}}, "eps-earnings-per-share-diluted": {"Toll Brothers Annual EPS": {"2020": "$3.40", "2019": "$4.03", "2018": "$4.85", "2017": "$3.17", "2016": "$2.18", "2015": "$1.97", "2014": "$1.84", "2013": "$0.97", "2012": "$2.86", "2011": "$0.24", "2010": "$-0.02", "2009": "$-4.68", "2008": "$-1.88", "2007": "$0.22", "2006": "$4.17", "2005": "$4.78"}, "Toll Brothers Quarterly EPS": {"2020-10-31": "$1.50", "2020-07-31": "$0.90", "2020-04-30": "$0.59", "2020-01-31": "$0.41", "2019-10-31": "$1.40", "2019-07-31": "$1.00", "2019-04-30": "$0.87", "2019-01-31": "$0.76", "2018-10-31": "$2.04", "2018-07-31": "$1.26", "2018-04-30": "$0.72", "2018-01-31": "$0.83", "2017-10-31": "$1.15", "2017-07-31": "$0.87", "2017-04-30": "$0.73", "2017-01-31": "$0.42", "2016-10-31": "$0.66", "2016-07-31": "$0.61", "2016-04-30": "$0.51", "2016-01-31": "$0.40", "2015-10-31": "$0.80", "2015-07-31": "$0.36", "2015-04-30": "$0.37", "2015-01-31": "$0.44", "2014-10-31": "$0.71", "2014-07-31": "$0.53", "2014-04-30": "$0.35", "2014-01-31": "$0.25", "2013-10-31": "$0.54", "2013-07-31": "$0.26", "2013-04-30": "$0.14", "2013-01-31": "$0.03", "2012-10-31": "$2.42", "2012-07-31": "$0.36", "2012-04-30": "$0.10", "2012-01-31": "$-0.02", "2011-10-31": "$0.09", "2011-07-31": "$0.25", "2011-04-30": "$-0.12", "2011-01-31": "$0.02", "2010-10-31": "$0.31", "2010-07-31": "$0.16", "2010-04-30": "$-0.24", "2010-01-31": "$-0.25", "2009-10-31": "$-0.68", "2009-07-31": "$-2.93", "2009-04-30": "$-0.52", "2009-01-31": "$-0.55", "2008-10-31": "$-0.50", "2008-07-31": "$-0.18", "2008-04-30": "$-0.59", "2008-01-31": "$-0.61", "2007-10-31": "$-0.49", "2007-07-31": "$0.16", "2007-04-30": "$0.22", "2007-01-31": "$0.33", "2006-10-31": "$1.06", "2006-07-31": "$1.07", "2006-04-30": "$1.06", "2006-01-31": "$0.98", "2005-10-31": "$1.85", "2005-07-31": "$1.27", "2005-04-30": "$1.00", "2005-01-31": "$0.66"}}, "shares-outstanding": {"Toll Brothers Annual Shares Outstanding (Millions of Shares)": {"2020": "131", "2019": "147", "2018": "154", "2017": "169", "2016": "176", "2015": "185", "2014": "186", "2013": "178", "2012": "170", "2011": "168", "2010": "166", "2009": "162", "2008": "159", "2007": "164", "2006": "165", "2005": "169"}, "Toll Brothers Quarterly Shares Outstanding (Millions of Shares)": {"2020-10-31": "131", "2020-07-31": "127", "2020-04-30": "129", "2020-01-31": "140", "2019-10-31": "147", "2019-07-31": "146", "2019-04-30": "148", "2019-01-31": "148", "2018-10-31": "154", "2018-07-31": "153", "2018-04-30": "155", "2018-01-31": "159", "2017-10-31": "169", "2017-07-31": "172", "2017-04-30": "171", "2017-01-31": "170", "2016-10-31": "176", "2016-07-31": "173", "2016-04-30": "176", "2016-01-31": "182", "2015-10-31": "185", "2015-07-31": "185", "2015-04-30": "185", "2015-01-31": "184", "2014-10-31": "186", "2014-07-31": "187", "2014-04-30": "186", "2014-01-31": "185", "2013-10-31": "178", "2013-07-31": "178", "2013-04-30": "178", "2013-01-31": "172", "2012-10-31": "170", "2012-07-31": "170", "2012-04-30": "169", "2012-01-31": "166", "2011-10-31": "168", "2011-07-31": "169", "2011-04-30": "167", "2011-01-31": "168", "2010-10-31": "166", "2010-07-31": "168", "2010-04-30": "165", "2010-01-31": "165", "2009-10-31": "162", "2009-07-31": "161", "2009-04-30": "161", "2009-01-31": "161", "2008-10-31": "159", "2008-07-31": "159", "2008-04-30": "159", "2008-01-31": "158", "2007-10-31": "164", "2007-07-31": "164", "2007-04-30": "164", "2007-01-31": "164", "2006-10-31": "165", "2006-07-31": "164", "2006-04-30": "166", "2006-01-31": "167", "2005-10-31": "169", "2005-07-31": "170", "2005-04-30": "169", "2005-01-31": "166"}}, "total-assets": {"Toll Brothers Annual Total Assets (Millions of US $)": {"2020": "$11,066", "2019": "$10,828", "2018": "$10,245", "2017": "$9,445", "2016": "$9,737", "2015": "$9,207", "2014": "$8,398", "2013": "$6,827", "2012": "$6,181", "2011": "$5,055", "2010": "$5,172", "2009": "$5,634", "2008": "$6,587", "2007": "$7,220", "2006": "$7,584", "2005": "$6,344"}, "Toll Brothers Quarterly Total Assets (Millions of US $)": {"2020-10-31": "$11,066", "2020-07-31": "$10,537", "2020-04-30": "$10,811", "2020-01-31": "$10,587", "2019-10-31": "$10,828", "2019-07-31": "$10,452", "2019-04-30": "$10,277", "2019-01-31": "$10,036", "2018-10-31": "$10,245", "2018-07-31": "$9,949", "2018-04-30": "$9,844", "2018-01-31": "$9,618", "2017-10-31": "$9,445", "2017-07-31": "$10,129", "2017-04-30": "$9,867", "2017-01-31": "$9,517", "2016-10-31": "$9,737", "2016-07-31": "$9,406", "2016-04-30": "$8,964", "2016-01-31": "$8,763", "2015-10-31": "$9,207", "2015-07-31": "$8,631", "2015-04-30": "$8,588", "2015-01-31": "$8,422", "2014-10-31": "$8,398", "2014-07-31": "$8,332", "2014-04-30": "$8,245", "2014-01-31": "$7,760", "2013-10-31": "$6,827", "2013-07-31": "$6,788", "2013-04-30": "$6,559", "2013-01-31": "$6,118", "2012-10-31": "$6,181", "2012-07-31": "$5,456", "2012-04-30": "$5,365", "2012-01-31": "$4,975", "2011-10-31": "$5,055", "2011-07-31": "$5,077", "2011-04-30": "$5,084", "2011-01-31": "$5,061", "2010-10-31": "$5,172", "2010-07-31": "$5,398", "2010-04-30": "$5,489", "2010-01-31": "$5,520", "2009-10-31": "$5,634", "2009-07-31": "$5,719", "2009-04-30": "$6,492", "2009-01-31": "$6,322", "2008-10-31": "$6,587", "2008-07-31": "$6,836", "2008-04-30": "$6,958", "2008-01-31": "$7,021", "2007-10-31": "$7,220", "2007-07-31": "$7,428", "2007-04-30": "$7,424", "2007-01-31": "$7,417", "2006-10-31": "$7,584", "2006-07-31": "$7,332", "2006-04-30": "$7,074", "2006-01-31": "$6,559", "2005-10-31": "$6,344", "2005-07-31": "$5,882", "2005-04-30": "$5,351", "2005-01-31": "$5,097"}}, "cash-on-hand": {"Toll Brothers Annual Cash on Hand (Millions of US $)": {"2020": "$1,371", "2019": "$1,286", "2018": "$1,182", "2017": "$713", "2016": "$665", "2015": "$946", "2014": "$617", "2013": "$858", "2012": "$1,265", "2011": "$1,160", "2010": "$1,298", "2009": "$1,909", "2008": "$1,633", "2007": "$900", "2006": "$633", "2005": "$689"}, "Toll Brothers Quarterly Cash on Hand (Millions of US $)": {"2020-10-31": "$1,371", "2020-07-31": "$559", "2020-04-30": "$741", "2020-01-31": "$520", "2019-10-31": "$1,286", "2019-07-31": "$836", "2019-04-30": "$924", "2019-01-31": "$802", "2018-10-31": "$1,182", "2018-07-31": "$523", "2018-04-30": "$476", "2018-01-31": "$511", "2017-10-31": "$713", "2017-07-31": "$947", "2017-04-30": "$692", "2017-01-31": "$386", "2016-10-31": "$665", "2016-07-31": "$395", "2016-04-30": "$452", "2016-01-31": "$366", "2015-10-31": "$946", "2015-07-31": "$423", "2015-04-30": "$560", "2015-01-31": "$528", "2014-10-31": "$617", "2014-07-31": "$409", "2014-04-30": "$387", "2014-01-31": "$1,236", "2013-10-31": "$858", "2013-07-31": "$1,055", "2013-04-30": "$970", "2013-01-31": "$827", "2012-10-31": "$1,265", "2012-07-31": "$924", "2012-04-30": "$975", "2012-01-31": "$768", "2011-10-31": "$1,160", "2011-07-31": "$1,209", "2011-04-30": "$1,280", "2011-01-31": "$1,153", "2010-10-31": "$1,298", "2010-07-31": "$1,640", "2010-04-30": "$1,548", "2010-01-31": "$1,754", "2009-10-31": "$1,909", "2009-07-31": "$1,658", "2009-04-30": "$1,963", "2009-01-31": "$1,534", "2008-10-31": "$1,633", "2008-07-31": "$1,502", "2008-04-30": "$1,236", "2008-01-31": "$957", "2007-10-31": "$900", "2007-07-31": "$772", "2007-04-30": "$553", "2007-01-31": "$449", "2006-10-31": "$633", "2006-07-31": "$323", "2006-04-30": "$398", "2006-01-31": "$364", "2005-10-31": "$689", "2005-07-31": "$506", "2005-04-30": "$567", "2005-01-31": "$485"}}, "long-term-debt": {"Toll Brothers Annual Long Term Debt (Millions of US $)": {"2020": "$3,958", "2019": "$3,921", "2018": "$3,698", "2017": "$3,220", "2016": "$3,775", "2015": "$3,790", "2014": "$3,381", "2013": "$2,504", "2012": "$2,253", "2011": "$1,655", "2010": "$1,711", "2009": "$2,135", "2008": "$2,138", "2007": "$2,266", "2006": "$2,348", "2005": "$1,830"}, "Toll Brothers Quarterly Long Term Debt (Millions of US $)": {"2020-10-31": "$3,958", "2020-07-31": "$3,866", "2020-04-30": "$4,323", "2020-01-31": "$4,035", "2019-10-31": "$3,921", "2019-07-31": "$3,752", "2019-04-30": "$3,650", "2019-01-31": "$3,587", "2018-10-31": "$3,698", "2018-07-31": "$3,637", "2018-04-30": "$3,613", "2018-01-31": "$3,530", "2017-10-31": "$3,220", "2017-07-31": "$3,826", "2017-04-30": "$3,693", "2017-01-31": "$3,632", "2016-10-31": "$3,775", "2016-07-31": "$3,877", "2016-04-30": "$3,503", "2016-01-31": "$3,370", "2015-10-31": "$3,790", "2015-07-31": "$3,323", "2015-04-30": "$3,401", "2015-01-31": "$3,368", "2014-10-31": "$3,381", "2014-07-31": "$3,379", "2014-04-30": "$3,458", "2014-01-31": "$3,132", "2013-10-31": "$2,504", "2013-07-31": "$2,589", "2013-04-30": "$2,477", "2013-01-31": "$2,159", "2012-10-31": "$2,253", "2012-07-31": "$1,962", "2012-04-30": "$1,941", "2012-01-31": "$1,617", "2011-10-31": "$1,655", "2011-07-31": "$1,645", "2011-04-30": "$1,675", "2011-01-31": "$1,668", "2010-10-31": "$1,711", "2010-07-31": "$2,011", "2010-04-30": "$2,052", "2010-01-31": "$2,072", "2009-10-31": "$2,135", "2009-07-31": "$2,133", "2009-04-30": "$2,461", "2009-01-31": "$2,110", "2008-10-31": "$2,138", "2008-07-31": "$2,264", "2008-04-30": "$2,268", "2008-01-31": "$2,272", "2007-10-31": "$2,266", "2007-07-31": "$2,335", "2007-04-30": "$2,340", "2007-01-31": "$2,268", "2006-10-31": "$2,348", "2006-07-31": "$2,291", "2006-04-30": "$2,229", "2006-01-31": "$1,918", "2005-10-31": "$1,830", "2005-07-31": "$1,715", "2005-04-30": "$1,724", "2005-01-31": "$1,733"}}, "total-liabilities": {"Toll Brothers Annual Total Liabilities (Millions of US $)": {"2020": "$6,138", "2019": "$5,709", "2018": "$5,476", "2017": "$4,908", "2016": "$5,502", "2015": "$4,978", "2014": "$4,538", "2013": "$3,488", "2012": "$3,053", "2011": "$2,463", "2010": "$2,613", "2009": "$3,118", "2008": "$3,349", "2007": "$3,693", "2006": "$4,168", "2005": "$3,580"}, "Toll Brothers Quarterly Total Liabilities (Millions of US $)": {"2020-10-31": "$6,138", "2020-07-31": "$5,811", "2020-04-30": "$6,197", "2020-01-31": "$5,882", "2019-10-31": "$5,709", "2019-07-31": "$5,468", "2019-04-30": "$5,290", "2019-01-31": "$5,175", "2018-10-31": "$5,476", "2018-07-31": "$5,412", "2018-04-30": "$5,357", "2018-01-31": "$5,153", "2017-10-31": "$4,908", "2017-07-31": "$5,590", "2017-04-30": "$5,413", "2017-01-31": "$5,196", "2016-10-31": "$5,502", "2016-07-31": "$5,226", "2016-04-30": "$4,799", "2016-01-31": "$4,607", "2015-10-31": "$4,978", "2015-07-31": "$4,505", "2015-04-30": "$4,534", "2015-01-31": "$4,459", "2014-10-31": "$4,538", "2014-07-31": "$4,525", "2014-04-30": "$4,542", "2014-01-31": "$4,133", "2013-10-31": "$3,488", "2013-07-31": "$3,571", "2013-04-30": "$3,386", "2013-01-31": "$2,977", "2012-10-31": "$3,053", "2012-07-31": "$2,754", "2012-04-30": "$2,733", "2012-01-31": "$2,371", "2011-10-31": "$2,463", "2011-07-31": "$2,459", "2011-04-30": "$2,529", "2011-01-31": "$2,491", "2010-10-31": "$2,613", "2010-07-31": "$2,896", "2010-04-30": "$3,041", "2010-01-31": "$3,034", "2009-10-31": "$3,118", "2009-07-31": "$3,106", "2009-04-30": "$3,411", "2009-01-31": "$3,160", "2008-10-31": "$3,349", "2008-07-31": "$3,534", "2008-04-30": "$3,632", "2008-01-31": "$3,607", "2007-10-31": "$3,693", "2007-07-31": "$3,838", "2007-04-30": "$3,878", "2007-01-31": "$3,919", "2006-10-31": "$4,168", "2006-07-31": "$4,100", "2006-04-30": "$3,977", "2006-01-31": "$3,617", "2005-10-31": "$3,580", "2005-07-31": "$3,355", "2005-04-30": "$3,075", "2005-01-31": "$2,988"}}, "total-share-holder-equity": {"Toll Brothers Annual Share Holder Equity (Millions of US $)": {"2020": "$4,927", "2019": "$5,119", "2018": "$4,769", "2017": "$4,537", "2016": "$4,235", "2015": "$4,228", "2014": "$3,861", "2013": "$3,339", "2012": "$3,128", "2011": "$2,593", "2010": "$2,559", "2009": "$2,516", "2008": "$3,238", "2007": "$3,527", "2006": "$3,416", "2005": "$2,764"}, "Toll Brothers Quarterly Share Holder Equity (Millions of US $)": {"2020-10-31": "$4,927", "2020-07-31": "$4,726", "2020-04-30": "$4,614", "2020-01-31": "$4,705", "2019-10-31": "$5,119", "2019-07-31": "$4,984", "2019-04-30": "$4,986", "2019-01-31": "$4,861", "2018-10-31": "$4,769", "2018-07-31": "$4,537", "2018-04-30": "$4,487", "2018-01-31": "$4,465", "2017-10-31": "$4,537", "2017-07-31": "$4,539", "2017-04-30": "$4,454", "2017-01-31": "$4,321", "2016-10-31": "$4,235", "2016-07-31": "$4,180", "2016-04-30": "$4,165", "2016-01-31": "$4,156", "2015-10-31": "$4,228", "2015-07-31": "$4,126", "2015-04-30": "$4,054", "2015-01-31": "$3,963", "2014-10-31": "$3,861", "2014-07-31": "$3,807", "2014-04-30": "$3,703", "2014-01-31": "$3,627", "2013-10-31": "$3,339", "2013-07-31": "$3,216", "2013-04-30": "$3,172", "2013-01-31": "$3,141", "2012-10-31": "$3,128", "2012-07-31": "$2,702", "2012-04-30": "$2,632", "2012-01-31": "$2,604", "2011-10-31": "$2,593", "2011-07-31": "$2,618", "2011-04-30": "$2,555", "2011-01-31": "$2,570", "2010-10-31": "$2,559", "2010-07-31": "$2,502", "2010-04-30": "$2,448", "2010-01-31": "$2,486", "2009-10-31": "$2,516", "2009-07-31": "$2,613", "2009-04-30": "$3,081", "2009-01-31": "$3,162", "2008-10-31": "$3,238", "2008-07-31": "$3,302", "2008-04-30": "$3,326", "2008-01-31": "$3,413", "2007-10-31": "$3,527", "2007-07-31": "$3,589", "2007-04-30": "$3,546", "2007-01-31": "$3,498", "2006-10-31": "$3,416", "2006-07-31": "$3,232", "2006-04-30": "$3,097", "2006-01-31": "$2,942", "2005-10-31": "$2,764", "2005-07-31": "$2,527", "2005-04-30": "$2,276", "2005-01-31": "$2,109"}}, "profit-margins": {"current": "6.31%"}, "gross margin": {"2020-10-31": "20.02%", "2020-07-31": "20.23%", "2020-04-30": "20.58%", "2020-01-31": "21.04%", "2019-10-31": "21.61%", "2019-07-31": "22.53%", "2019-04-30": "22.71%", "2019-01-31": "22.55%", "2018-10-31": "22.50%", "2018-07-31": "20.82%", "2018-04-30": "20.95%", "2018-01-31": "21.52%", "2017-10-31": "21.54%", "2017-07-31": "19.26%", "2017-04-30": "19.21%", "2017-01-31": "19.33%", "2016-10-31": "19.85%", "2016-07-31": "22.33%", "2016-04-30": "21.86%", "2016-01-31": "21.54%", "2015-10-31": "21.63%", "2015-07-31": "21.27%", "2015-04-30": "22.00%", "2015-01-31": "21.91%", "2014-10-31": "21.22%", "2014-07-31": "21.19%", "2014-04-30": "20.63%", "2014-01-31": "20.46%", "2013-10-31": "20.22%", "2013-07-31": "19.71%", "2013-04-30": "19.17%", "2013-01-31": "19.08%", "2012-10-31": "18.59%", "2012-07-31": "17.16%", "2012-04-30": "15.55%", "2012-01-31": "14.48%", "2011-10-31": "14.50%", "2011-07-31": "12.96%", "2011-04-30": "13.17%", "2011-01-31": "10.79%", "2010-10-31": "7.96%", "2010-07-31": "3.86%", "2010-04-30": "-3.40%", "2010-01-31": "-6.52%", "2009-10-31": "-11.11%", "2009-07-31": "-7.91%", "2009-04-30": "-2.05%", "2009-01-31": "-0.81%", "2008-10-31": "0.92%", "2008-07-31": "0.83%", "2008-04-30": "2.63%", "2008-01-31": "6.77%", "2007-10-31": "11.18%", "2007-07-31": "17.00%", "2007-04-30": "21.07%", "2007-01-31": "24.12%", "2006-10-31": "26.11%", "2006-07-31": "28.49%", "2006-04-30": "29.40%", "2006-01-31": "29.88%", "2005-10-31": "30.05%"}, "operating margin": {"2020-10-31": "7.79%", "2020-07-31": "7.45%", "2020-04-30": "7.63%", "2020-01-31": "8.38%", "2019-10-31": "9.41%", "2019-07-31": "10.86%", "2019-04-30": "11.44%", "2019-01-31": "11.27%", "2018-10-31": "11.01%", "2018-07-31": "10.92%", "2018-04-30": "10.71%", "2018-01-31": "11.20%", "2017-10-31": "11.12%", "2017-07-31": "8.86%", "2017-04-30": "8.72%", "2017-01-31": "8.72%", "2016-10-31": "9.54%", "2016-07-31": "11.60%", "2016-04-30": "10.95%", "2016-01-31": "10.43%", "2015-10-31": "10.69%", "2015-07-31": "10.23%", "2015-04-30": "11.21%", "2015-01-31": "11.24%", "2014-10-31": "10.17%", "2014-07-31": "9.96%", "2014-04-30": "8.77%", "2014-01-31": "8.02%", "2013-10-31": "7.51%", "2013-07-31": "5.52%", "2013-04-30": "4.75%", "2013-01-31": "4.23%", "2012-10-31": "3.40%", "2012-07-31": "0.54%", "2012-04-30": "-2.11%", "2012-01-31": "-3.76%", "2011-10-31": "-3.12%", "2011-07-31": "-3.86%", "2011-04-30": "-3.57%", "2011-01-31": "-5.99%", "2010-10-31": "-9.70%", "2010-07-31": "-15.07%", "2010-04-30": "-22.01%", "2010-01-31": "-25.10%", "2009-10-31": "-29.52%", "2009-07-31": "-25.11%", "2009-04-30": "-18.21%", "2009-01-31": "-15.47%", "2008-10-31": "-12.83%", "2008-07-31": "-11.70%", "2008-04-30": "-9.33%", "2008-01-31": "-4.70%", "2007-10-31": "-0.17%", "2007-07-31": "6.60%", "2007-04-30": "10.97%", "2007-01-31": "14.28%", "2006-10-31": "16.75%", "2006-07-31": "19.62%", "2006-04-30": "20.89%", "2006-01-31": "21.50%", "2005-10-31": "21.72%"}, "ebitda margin": {"2020-10-31": "8.75%", "2020-07-31": "8.42%", "2020-04-30": "8.61%", "2020-01-31": "9.39%", "2019-10-31": "10.42%", "2019-07-31": "11.67%", "2019-04-30": "12.07%", "2019-01-31": "11.76%", "2018-10-31": "11.37%", "2018-07-31": "11.30%", "2018-04-30": "11.13%", "2018-01-31": "11.63%", "2017-10-31": "11.57%", "2017-07-31": "9.30%", "2017-04-30": "9.15%", "2017-01-31": "9.14%", "2016-10-31": "9.96%", "2016-07-31": "12.06%", "2016-04-30": "11.46%", "2016-01-31": "11.00%", "2015-10-31": "11.27%", "2015-07-31": "10.82%", "2015-04-30": "11.76%", "2015-01-31": "11.79%", "2014-10-31": "10.74%", "2014-07-31": "10.57%", "2014-04-30": "9.51%", "2014-01-31": "8.88%", "2013-10-31": "8.49%", "2013-07-31": "6.67%", "2013-04-30": "5.92%", "2013-01-31": "5.39%", "2012-10-31": "4.57%", "2012-07-31": "1.85%", "2012-04-30": "-0.59%", "2012-01-31": "-2.12%", "2011-10-31": "-1.49%", "2011-07-31": "-2.21%", "2011-04-30": "-1.79%", "2011-01-31": "-3.86%", "2010-10-31": "-7.16%", "2010-07-31": "-12.29%", "2010-04-30": "-19.67%", "2010-01-31": "-22.89%", "2009-10-31": "-27.64%", "2009-07-31": "-23.53%", "2009-04-30": "-16.69%", "2009-01-31": "-14.33%", "2008-10-31": "-11.85%", "2008-07-31": "-10.93%", "2008-04-30": "-8.61%", "2008-01-31": "-4.01%", "2007-10-31": "0.71%", "2007-07-31": "7.41%", "2007-04-30": "11.74%", "2007-01-31": "15.02%", "2006-10-31": "17.28%", "2006-07-31": "20.09%", "2006-04-30": "21.34%", "2006-01-31": "21.92%", "2005-10-31": "22.13%"}, "pre tax profit margin": {"2020-10-31": "8.29%", "2020-07-31": "8.58%", "2020-04-30": "8.94%", "2020-01-31": "9.76%", "2019-10-31": "10.89%", "2019-07-31": "12.47%", "2019-04-30": "13.11%", "2019-01-31": "13.00%", "2018-10-31": "13.08%", "2018-07-31": "12.51%", "2018-04-30": "12.55%", "2018-01-31": "13.79%", "2017-10-31": "14.01%", "2017-07-31": "12.07%", "2017-04-30": "11.85%", "2017-01-31": "11.27%", "2016-10-31": "11.39%", "2016-07-31": "13.45%", "2016-04-30": "12.90%", "2016-01-31": "12.46%", "2015-10-31": "12.85%", "2015-07-31": "12.41%", "2015-04-30": "13.39%", "2015-01-31": "13.52%", "2014-10-31": "12.88%", "2014-07-31": "12.90%", "2014-04-30": "11.80%", "2014-01-31": "11.40%", "2013-10-31": "9.98%", "2013-07-31": "7.87%", "2013-04-30": "7.19%", "2013-01-31": "6.45%", "2012-10-31": "6.05%", "2012-07-31": "4.05%", "2012-04-30": "1.91%", "2012-01-31": "-1.23%", "2011-10-31": "-1.96%", "2011-07-31": "-3.65%", "2011-04-30": "-3.71%", "2011-01-31": "-5.13%", "2010-10-31": "-7.83%", "2010-07-31": "-13.62%", "2010-04-30": "-20.62%", "2010-01-31": "-23.73%", "2009-10-31": "-28.32%", "2009-07-31": "-25.32%", "2009-04-30": "-19.17%", "2009-01-31": "-17.38%", "2008-10-31": "-14.83%", "2008-07-31": "-13.34%", "2008-04-30": "-9.48%", "2008-01-31": "-3.85%", "2007-10-31": "1.51%", "2007-07-31": "9.12%", "2007-04-30": "12.88%", "2007-01-31": "16.14%", "2006-10-31": "18.40%", "2006-07-31": "21.23%", "2006-04-30": "22.41%", "2006-01-31": "22.88%", "2005-10-31": "22.86%"}, "net profit margin": {"2020-10-31": "6.32%", "2020-07-31": "6.51%", "2020-04-30": "6.85%", "2020-01-31": "7.42%", "2019-10-31": "8.15%", "2019-07-31": "9.56%", "2019-04-30": "10.00%", "2019-01-31": "9.93%", "2018-10-31": "10.47%", "2018-07-31": "9.37%", "2018-04-30": "9.28%", "2018-01-31": "9.85%", "2017-10-31": "9.22%", "2017-07-31": "8.12%", "2017-04-30": "7.65%", "2017-01-31": "7.32%", "2016-10-31": "7.37%", "2016-07-31": "8.71%", "2016-04-30": "8.34%", "2016-01-31": "8.36%", "2015-10-31": "8.70%", "2015-07-31": "8.52%", "2015-04-30": "9.21%", "2015-01-31": "9.12%", "2014-10-31": "8.72%", "2014-07-31": "8.43%", "2014-04-30": "7.81%", "2014-01-31": "7.36%", "2013-10-31": "6.39%", "2013-07-31": "21.52%", "2013-04-30": "23.59%", "2013-01-31": "24.87%", "2012-10-31": "25.86%", "2012-07-31": "5.42%", "2012-04-30": "4.68%", "2012-01-31": "2.25%", "2011-10-31": "2.64%", "2011-07-31": "5.10%", "2011-04-30": "3.90%", "2011-01-31": "2.66%", "2010-10-31": "-0.27%", "2010-07-31": "-10.45%", "2010-04-30": "-41.87%", "2010-01-31": "-42.26%", "2009-10-31": "-43.02%", "2009-07-31": "-36.91%", "2009-04-30": "-12.20%", "2009-01-31": "-10.72%", "2008-10-31": "-9.47%", "2008-07-31": "-8.33%", "2008-04-30": "-6.11%", "2008-01-31": "-2.62%", "2007-10-31": "0.76%", "2007-07-31": "5.50%", "2007-04-30": "7.85%", "2007-01-31": "9.84%", "2006-10-31": "11.23%", "2006-07-31": "13.01%", "2006-04-30": "13.62%", "2006-01-31": "14.00%", "2005-10-31": "13.91%"}, "pe ratio": {"current": "15.54", "2021-02-05": "15.54", "2020-10-31": "12.22", "2020-07-31": "11.49", "2020-04-30": "6.99", "2020-01-31": "11.87", "2019-10-31": "9.69", "2019-07-31": "7.50", "2019-04-30": "7.50", "2019-01-31": "7.48", "2018-10-31": "6.70", "2018-07-31": "8.59", "2018-04-30": "11.35", "2018-01-31": "12.48", "2017-10-31": "13.89", "2017-07-31": "13.79", "2017-04-30": "14.20", "2017-01-31": "13.58", "2016-10-31": "11.99", "2016-07-31": "11.55", "2016-04-30": "12.62", "2016-01-31": "13.69", "2015-10-31": "17.47", "2015-07-31": "19.81", "2015-04-30": "16.59", "2015-01-31": "16.32", "2014-10-31": "16.62", "2014-07-31": "18.73", "2014-04-30": "23.40", "2014-01-31": "29.55", "2013-10-31": "32.77", "2013-07-31": "11.36", "2013-04-30": "11.44", "2013-01-31": "12.66", "2012-10-31": "11.32", "2012-07-31": "52.67", "2012-04-30": "57.87", "2012-01-31": "104.35", "2011-10-31": "69.54", "2011-07-31": "42.44", "2011-04-30": "55.85", "2011-01-31": "80.70", "2010-10-31": "0.00", "2010-07-31": "0.00", "2010-04-30": "0.00", "2010-01-31": "0.00", "2009-10-31": "0.00", "2009-07-31": "0.00", "2009-04-30": "0.00", "2009-01-31": "0.00", "2008-10-31": "0.00", "2008-07-31": "0.00", "2008-04-30": "0.00", "2008-01-31": "0.00", "2007-10-31": "115.38", "2007-07-31": "11.79", "2007-04-30": "10.59", "2007-01-31": "9.17", "2006-10-31": "6.62"}, "price sales": {"2021-02-05": "0.99", "2020-10-31": "0.78", "2020-07-31": "0.75", "2020-04-30": "0.48", "2020-01-31": "0.89", "2019-10-31": "0.80", "2019-07-31": "0.72", "2019-04-30": "0.76", "2019-01-31": "0.75", "2018-10-31": "0.71", "2018-07-31": "0.81", "2018-04-30": "1.06", "2018-01-31": "1.24", "2017-10-31": "1.30", "2017-07-31": "1.14", "2017-04-30": "1.11", "2017-01-31": "1.01", "2016-10-31": "0.90", "2016-07-31": "1.01", "2016-04-30": "1.06", "2016-01-31": "1.15", "2015-10-31": "1.52", "2015-07-31": "1.69", "2015-04-30": "1.53", "2015-01-31": "1.49", "2014-10-31": "1.45", "2014-07-31": "1.59", "2014-04-30": "1.84", "2014-01-31": "2.18", "2013-10-31": "2.08", "2013-07-31": "2.43", "2013-04-30": "2.66", "2013-01-31": "3.07", "2012-10-31": "2.84", "2012-07-31": "2.81", "2012-04-30": "2.69", "2012-01-31": "2.39", "2011-10-31": "1.90", "2011-07-31": "2.21", "2011-04-30": "2.22", "2011-01-31": "2.15", "2010-10-31": "1.91", "2010-07-31": "1.73", "2010-04-30": "2.22", "2010-01-31": "1.71", "2009-10-31": "1.52", "2009-07-31": "1.53", "2009-04-30": "1.35", "2009-01-31": "0.95", "2008-10-31": "1.11", "2008-07-31": "0.85", "2008-04-30": "0.87", "2008-01-31": "0.83", "2007-10-31": "0.78", "2007-07-31": "0.65", "2007-04-30": "0.83", "2007-01-31": "0.91", "2006-10-31": "0.75"}, "price book": {"current": "1.37", "2021-02-05": "1.38", "2020-10-31": "1.08", "2020-07-31": "1.01", "2020-04-30": "0.65", "2020-01-31": "1.21", "2019-10-31": "1.08", "2019-07-31": "1.01", "2019-04-30": "1.09", "2019-01-31": "1.08", "2018-10-31": "1.00", "2018-07-31": "1.12", "2018-04-30": "1.38", "2018-01-31": "1.55", "2017-10-31": "1.54", "2017-07-31": "1.32", "2017-04-30": "1.26", "2017-01-31": "1.13", "2016-10-31": "1.00", "2016-07-31": "1.05", "2016-04-30": "1.05", "2016-01-31": "1.08", "2015-10-31": "1.42", "2015-07-31": "1.59", "2015-04-30": "1.48", "2015-01-31": "1.47", "2014-10-31": "1.39", "2014-07-31": "1.46", "2014-04-30": "1.57", "2014-01-31": "1.72", "2013-10-31": "1.60", "2013-07-31": "1.65", "2013-04-30": "1.75", "2013-01-31": "1.93", "2012-10-31": "1.70", "2012-07-31": "1.74", "2012-04-30": "1.55", "2012-01-31": "1.34", "2011-10-31": "1.07", "2011-07-31": "1.23", "2011-04-30": "1.31", "2011-01-31": "1.26", "2010-10-31": "1.12", "2010-07-31": "1.10", "2010-04-30": "1.46", "2010-01-31": "1.18", "2009-10-31": "1.08", "2009-07-31": "1.16", "2009-04-30": "1.01", "2009-01-31": "0.83", "2008-10-31": "1.10", "2008-07-31": "0.92", "2008-04-30": "1.03", "2008-01-31": "1.03", "2007-10-31": "0.98", "2007-07-31": "0.92", "2007-04-30": "1.24", "2007-01-31": "1.43", "2006-10-31": "1.25", "2006-07-31": "1.16", "2006-04-30": "1.54", "2006-01-31": "1.72"}, "price fcf": {"2021-02-05": "", "2020-10-31": "$6.97", "2020-07-31": "$3.62", "2020-04-30": "$1.84", "2020-01-31": "$1.39", "2019-10-31": "$2.94", "2019-07-31": "$4.22", "2019-04-30": "$5.12", "2019-01-31": "$4.46", "2018-10-31": "$3.63", "2018-07-31": "$2.04", "2018-04-30": "$1.42", "2018-01-31": "$2.72", "2017-10-31": "$4.91", "2017-07-31": "$4.95", "2017-04-30": "$2.18", "2017-01-31": "$0.94", "2016-10-31": "$0.70", "2016-07-31": "$-1.10", "2016-04-30": "$0.38", "2016-01-31": "$0.33", "2015-10-31": "$0.27", "2015-07-31": "$0.81", "2015-04-30": "$1.75", "2015-01-31": "$2.78", "2014-10-31": "$1.60", "2014-07-31": "$-0.49", "2014-04-30": "$-1.12", "2014-01-31": "$-2.91", "2013-10-31": "$-3.35", "2013-07-31": "$-2.36", "2013-04-30": "$-2.04", "2013-01-31": "$-1.89", "2012-10-31": "$-1.08", "2012-07-31": "$-1.39", "2012-04-30": "$-1.94", "2012-01-31": "$-0.25", "2011-10-31": "$0.26", "2011-07-31": "$-0.30", "2011-04-30": "$1.00", "2011-01-31": "$-0.96", "2010-10-31": "$-0.91", "2010-07-31": "$1.02", "2010-04-30": "$0.20", "2010-01-31": "$1.68", "2009-10-31": "$1.74", "2009-07-31": "$1.36", "2009-04-30": "$2.94", "2009-01-31": "$4.42", "2008-10-31": "$5.16", "2008-07-31": "$5.53", "2008-04-30": "$4.90", "2008-01-31": "$3.02", "2007-10-31": "$1.92", "2007-07-31": "$2.22", "2007-04-30": "$0.85", "2007-01-31": "$-0.79", "2006-10-31": "$-1.01"}, "net worth": {"value": "$6.59B"}, "current ratio": {"current": "5.82", "2020-10-31": "5.82", "2020-07-31": "6.34", "2020-04-30": "6.85", "2020-01-31": "6.82", "2019-10-31": "7.06", "2019-07-31": "7.43", "2019-04-30": "7.68", "2019-01-31": "7.74", "2018-10-31": "6.83", "2018-07-31": "6.98", "2018-04-30": "7.02", "2018-01-31": "7.31", "2017-10-31": "6.61", "2017-07-31": "6.76", "2017-04-30": "6.63", "2017-01-31": "6.92", "2016-10-31": "6.07", "2016-07-31": "8.26", "2016-04-30": "8.28", "2016-01-31": "8.37", "2015-10-31": "9.16", "2015-07-31": "8.72", "2015-04-30": "8.80", "2015-01-31": "8.56", "2014-10-31": "7.87", "2014-07-31": "8.13", "2014-04-30": "8.67", "2014-01-31": "8.58", "2013-10-31": "7.43", "2013-07-31": "7.66", "2013-04-30": "7.83", "2013-01-31": "7.76", "2012-10-31": "7.87", "2012-07-31": "7.44", "2012-04-30": "7.37", "2012-01-31": "6.88", "2011-10-31": "6.47", "2011-07-31": "6.53", "2011-04-30": "6.23", "2011-01-31": "6.34", "2010-10-31": "5.80", "2010-07-31": "6.30", "2010-04-30": "5.76", "2010-01-31": "5.97", "2009-10-31": "5.99", "2009-07-31": "6.07", "2009-04-30": "6.85", "2009-01-31": "5.96", "2008-10-31": "5.46", "2008-07-31": "5.66", "2008-04-30": "5.37", "2008-01-31": "5.80", "2007-10-31": "5.74", "2007-07-31": "5.77", "2007-04-30": "5.73", "2007-01-31": "5.35", "2006-10-31": "4.86", "2006-07-31": "4.99", "2006-04-30": "5.11", "2006-01-31": "4.85", "2005-10-31": "4.47", "2005-07-31": "4.59", "2005-04-30": "5.22", "2005-01-31": "5.16"}, "quick ratio": {"2020-10-31": "1.37", "2020-07-31": "1.02", "2020-04-30": "1.21", "2020-01-31": "1.09", "2019-10-31": "1.44", "2019-07-31": "1.21", "2019-04-30": "1.30", "2019-01-31": "1.21", "2018-10-31": "1.27", "2018-07-31": "0.88", "2018-04-30": "0.84", "2018-01-31": "0.89", "2017-10-31": "0.97", "2017-07-31": "1.10", "2017-04-30": "0.92", "2017-01-31": "0.74", "2016-10-31": "0.88", "2016-07-31": "0.67", "2016-04-30": "0.75", "2016-01-31": "0.70", "2015-10-31": "1.42", "2015-07-31": "0.79", "2015-04-30": "0.96", "2015-01-31": "0.90", "2014-10-31": "0.91", "2014-07-31": "0.74", "2014-04-30": "0.77", "2014-01-31": "1.89", "2013-10-31": "1.41", "2013-07-31": "1.64", "2013-04-30": "1.62", "2013-01-31": "1.48", "2012-10-31": "2.19", "2012-07-31": "1.62", "2012-04-30": "1.69", "2012-01-31": "1.32", "2011-10-31": "1.75", "2011-07-31": "1.80", "2011-04-30": "1.79", "2011-01-31": "1.85", "2010-10-31": "1.86", "2010-07-31": "2.22", "2010-04-30": "2.05", "2010-01-31": "2.31", "2009-10-31": "2.42", "2009-07-31": "2.07", "2009-04-30": "2.44", "2009-01-31": "1.75", "2008-10-31": "1.62", "2008-07-31": "1.49", "2008-04-30": "1.18", "2008-01-31": "1.01", "2007-10-31": "0.93", "2007-07-31": "0.79", "2007-04-30": "0.63", "2007-01-31": "0.59", "2006-10-31": "0.66", "2006-07-31": "0.45", "2006-04-30": "0.52", "2006-01-31": "0.47", "2005-10-31": "0.66", "2005-07-31": "0.56", "2005-04-30": "0.75", "2005-01-31": "0.69"}, "debt equity ratio": {"current": "0.80", "2020-10-31": "1.25", "2020-07-31": "1.23", "2020-04-30": "1.34", "2020-01-31": "1.25", "2019-10-31": "1.12", "2019-07-31": "1.10", "2019-04-30": "1.06", "2019-01-31": "1.06", "2018-10-31": "1.15", "2018-07-31": "1.19", "2018-04-30": "1.19", "2018-01-31": "1.15", "2017-10-31": "1.08", "2017-07-31": "1.23", "2017-04-30": "1.22", "2017-01-31": "1.20", "2016-10-31": "1.30", "2016-07-31": "1.25", "2016-04-30": "1.15", "2016-01-31": "1.11", "2015-10-31": "1.18", "2015-07-31": "1.09", "2015-04-30": "1.12", "2015-01-31": "1.13", "2014-10-31": "1.18", "2014-07-31": "1.19", "2014-04-30": "1.23", "2014-01-31": "1.14", "2013-10-31": "1.05", "2013-07-31": "1.11", "2013-04-30": "1.07", "2013-01-31": "0.95", "2012-10-31": "0.98", "2012-07-31": "1.02", "2012-04-30": "1.04", "2012-01-31": "0.91", "2011-10-31": "0.95", "2011-07-31": "0.94", "2011-04-30": "0.99", "2011-01-31": "0.97", "2010-10-31": "1.02", "2010-07-31": "1.16", "2010-04-30": "1.24", "2010-01-31": "1.22", "2009-10-31": "1.24", "2009-07-31": "1.19", "2009-04-30": "1.11", "2009-01-31": "1.00", "2008-10-31": "1.03", "2008-07-31": "1.07", "2008-04-30": "1.09", "2008-01-31": "1.06", "2007-10-31": "1.05", "2007-07-31": "1.07", "2007-04-30": "1.09", "2007-01-31": "1.12", "2006-10-31": "1.22", "2006-07-31": "1.27", "2006-04-30": "1.28", "2006-01-31": "1.23", "2005-10-31": "1.30", "2005-07-31": "1.33", "2005-04-30": "1.35", "2005-01-31": "1.42"}, "return on equity": {"2020-10-31": "9.42%", "2020-07-31": "9.39%", "2020-04-30": "9.91%", "2020-01-31": "10.79%", "2019-10-31": "11.81%", "2019-07-31": "14.24%", "2019-04-30": "15.56%", "2019-01-31": "15.61%", "2018-10-31": "16.39%", "2018-07-31": "13.96%", "2018-04-30": "12.98%", "2018-01-31": "13.29%", "2017-10-31": "12.01%", "2017-07-31": "10.44%", "2017-04-30": "9.63%", "2017-01-31": "8.95%", "2016-10-31": "9.11%", "2016-07-31": "9.90%", "2016-04-30": "9.02%", "2016-01-31": "8.57%", "2015-10-31": "8.87%", "2015-07-31": "8.70%", "2015-04-30": "9.67%", "2015-01-31": "9.81%", "2014-10-31": "9.09%", "2014-07-31": "8.40%", "2014-04-30": "7.29%", "2014-01-31": "6.38%", "2013-10-31": "5.32%", "2013-07-31": "15.39%", "2013-04-30": "16.54%", "2013-01-31": "17.03%", "2012-10-31": "17.60%", "2012-07-31": "3.46%", "2012-04-30": "2.72%", "2012-01-31": "1.27%", "2011-10-31": "1.51%", "2011-07-31": "2.87%", "2011-04-30": "2.32%", "2011-01-31": "1.59%", "2010-10-31": "-0.16%", "2010-07-31": "-6.63%", "2010-04-30": "-26.39%", "2010-01-31": "-26.44%", "2009-10-31": "-26.56%", "2009-07-31": "-23.91%", "2009-04-30": "-8.76%", "2009-01-31": "-8.93%", "2008-10-31": "-8.98%", "2008-07-31": "-8.87%", "2008-04-30": "-7.10%", "2008-01-31": "-3.27%", "2007-10-31": "0.99%", "2007-07-31": "8.29%", "2007-04-30": "12.85%", "2007-01-31": "17.46%", "2006-10-31": "21.69%", "2006-07-31": "27.39%", "2006-04-30": "30.54%", "2006-01-31": "32.73%", "2005-10-31": "33.32%"}, "return on assets": {"2020-10-31": "4.16%", "2020-07-31": "4.21%", "2020-04-30": "4.51%", "2020-01-31": "5.07%", "2019-10-31": "5.66%", "2019-07-31": "6.81%", "2019-04-30": "7.36%", "2019-01-31": "7.27%", "2018-10-31": "7.54%", "2018-07-31": "6.48%", "2018-04-30": "5.99%", "2018-01-31": "6.12%", "2017-10-31": "5.50%", "2017-07-31": "4.67%", "2017-04-30": "4.30%", "2017-01-31": "4.02%", "2016-10-31": "4.13%", "2016-07-31": "4.56%", "2016-04-30": "4.23%", "2016-01-31": "4.04%", "2015-10-31": "4.17%", "2015-07-31": "4.09%", "2015-04-30": "4.49%", "2015-01-31": "4.50%", "2014-10-31": "4.17%", "2014-07-31": "3.90%", "2014-04-30": "3.42%", "2014-01-31": "3.05%", "2013-10-31": "2.60%", "2013-07-31": "7.60%", "2013-04-30": "8.26%", "2013-01-31": "8.55%", "2012-10-31": "8.86%", "2012-07-31": "1.75%", "2012-04-30": "1.39%", "2012-01-31": "0.65%", "2011-10-31": "0.77%", "2011-07-31": "1.45%", "2011-04-30": "1.14%", "2011-01-31": "0.76%", "2010-10-31": "-0.07%", "2010-07-31": "-2.99%", "2010-04-30": "-11.88%", "2010-01-31": "-12.10%", "2009-10-31": "-12.50%", "2009-07-31": "-11.51%", "2009-04-30": "-4.27%", "2009-01-31": "-4.36%", "2008-10-31": "-4.35%", "2008-07-31": "-4.29%", "2008-04-30": "-3.44%", "2008-01-31": "-1.58%", "2007-10-31": "0.47%", "2007-07-31": "3.90%", "2007-04-30": "5.91%", "2007-01-31": "7.86%", "2006-10-31": "9.64%", "2006-07-31": "12.07%", "2006-04-30": "13.38%", "2006-01-31": "14.25%", "2005-10-31": "14.22%"}, "return on investments": {"2020-10-31": "6.27%", "2020-07-31": "5.83%", "2020-04-30": "6.05%", "2020-01-31": "6.86%", "2019-10-31": "7.80%", "2019-07-31": "9.25%", "2019-04-30": "10.10%", "2019-01-31": "9.95%", "2018-10-31": "9.60%", "2018-07-31": "9.15%", "2018-04-30": "8.38%", "2018-01-31": "8.43%", "2017-10-31": "8.03%", "2017-07-31": "6.16%", "2017-04-30": "5.87%", "2017-01-31": "5.68%", "2016-10-31": "6.31%", "2016-07-31": "7.05%", "2016-04-30": "6.44%", "2016-01-31": "5.82%", "2015-10-31": "5.90%", "2015-07-31": "5.67%", "2015-04-30": "6.31%", "2015-01-31": "6.40%", "2014-10-31": "5.62%", "2014-07-31": "5.33%", "2014-04-30": "4.44%", "2014-01-31": "3.86%", "2013-10-31": "3.56%", "2013-07-31": "2.26%", "2013-04-30": "1.92%", "2013-01-31": "1.69%", "2012-10-31": "1.36%", "2012-07-31": "0.20%", "2012-04-30": "-0.74%", "2012-01-31": "-1.30%", "2011-10-31": "-1.08%", "2011-07-31": "-1.32%", "2011-04-30": "-1.25%", "2011-01-31": "-2.05%", "2010-10-31": "-3.25%", "2010-07-31": "-5.22%", "2010-04-30": "-7.56%", "2010-01-31": "-8.62%", "2009-10-31": "-10.25%", "2009-07-31": "-9.40%", "2009-04-30": "-7.69%", "2009-01-31": "-7.70%", "2008-10-31": "-7.27%", "2008-07-31": "-7.47%", "2008-04-30": "-6.54%", "2008-01-31": "-3.54%", "2007-10-31": "-0.14%", "2007-07-31": "5.98%", "2007-04-30": "10.72%", "2007-01-31": "15.00%", "2006-10-31": "19.11%", "2006-07-31": "24.49%", "2006-04-30": "27.91%", "2006-01-31": "29.86%", "2005-10-31": "30.18%"}, "return on tangible equity": {"2020-10-31": "9.42%", "2020-07-31": "9.39%", "2020-04-30": "9.91%", "2020-01-31": "10.79%", "2019-10-31": "11.81%", "2019-07-31": "14.24%", "2019-04-30": "15.56%", "2019-01-31": "15.61%", "2018-10-31": "16.39%", "2018-07-31": "13.96%", "2018-04-30": "12.98%", "2018-01-31": "13.29%", "2017-10-31": "12.01%", "2017-07-31": "10.44%", "2017-04-30": "9.63%", "2017-01-31": "8.95%", "2016-10-31": "9.11%", "2016-07-31": "9.90%", "2016-04-30": "9.02%", "2016-01-31": "8.57%", "2015-10-31": "8.87%", "2015-07-31": "8.70%", "2015-04-30": "9.67%", "2015-01-31": "9.81%", "2014-10-31": "9.09%", "2014-07-31": "8.40%", "2014-04-30": "7.29%", "2014-01-31": "6.38%", "2013-10-31": "5.32%", "2013-07-31": "15.39%", "2013-04-30": "16.54%", "2013-01-31": "17.03%", "2012-10-31": "17.60%", "2012-07-31": "3.46%", "2012-04-30": "2.72%", "2012-01-31": "1.27%", "2011-10-31": "1.51%", "2011-07-31": "2.87%", "2011-04-30": "2.32%", "2011-01-31": "1.59%", "2010-10-31": "-0.16%", "2010-07-31": "-6.63%", "2010-04-30": "-26.39%", "2010-01-31": "-26.44%", "2009-10-31": "-26.56%", "2009-07-31": "-23.91%", "2009-04-30": "-8.76%", "2009-01-31": "-8.93%", "2008-10-31": "-8.98%", "2008-07-31": "-8.87%", "2008-04-30": "-7.10%", "2008-01-31": "-3.27%", "2007-10-31": "0.99%", "2007-07-31": "8.29%", "2007-04-30": "12.85%", "2007-01-31": "17.46%", "2006-10-31": "21.69%", "2006-07-31": "27.39%", "2006-04-30": "30.54%", "2006-01-31": "32.73%", "2005-10-31": "33.32%"}, "dividend yield history": {"last payout": "$0.44", "last yield": "0.82%"}}