{"ticker": "TTC", "price": {"title": "Toro Historical Annual Stock Price Data", "value": 98.18, "historical": {"2021": {"Average Stock Price": "97.9488", "Year Open": "93.4000", "Year High": "101.9200", "Year Low": "93.4000", "Year Close": "98.1800", "Annual % Change": "3.52%"}, "2020": {"Average Stock Price": "76.2515", "Year Open": "80.2700", "Year High": "94.8400", "Year Low": "54.2800", "Year Close": "94.8400", "Annual % Change": "19.04%"}, "2019": {"Average Stock Price": "70.5057", "Year Open": "55.2600", "Year High": "81.3900", "Year Low": "54.6300", "Year Close": "79.6700", "Annual % Change": "42.57%"}, "2018": {"Average Stock Price": "60.6925", "Year Open": "65.4100", "Year High": "67.3300", "Year Low": "53.2300", "Year Close": "55.8800", "Annual % Change": "-14.33%"}, "2017": {"Average Stock Price": "64.2260", "Year Open": "56.3000", "Year High": "73.6900", "Year Low": "56.3000", "Year Close": "65.2300", "Annual % Change": "16.59%"}, "2016": {"Average Stock Price": "45.0390", "Year Open": "36.1400", "Year High": "57.7900", "Year Low": "32.7500", "Year Close": "55.9500", "Annual % Change": "53.14%"}, "2015": {"Average Stock Price": "34.9104", "Year Open": "31.8500", "Year High": "39.0550", "Year Low": "30.5000", "Year Close": "36.5350", "Annual % Change": "14.51%"}, "2014": {"Average Stock Price": "31.3250", "Year Open": "31.3200", "Year High": "33.4650", "Year Low": "28.0750", "Year Close": "31.9050", "Annual % Change": "0.33%"}, "2013": {"Average Stock Price": "25.1898", "Year Open": "22.1900", "Year High": "31.8000", "Year Low": "21.6700", "Year Close": "31.8000", "Annual % Change": "47.98%"}, "2012": {"Average Stock Price": "18.6042", "Year Open": "15.3975", "Year High": "22.5350", "Year Low": "15.1375", "Year Close": "21.4900", "Annual % Change": "41.71%"}, "2011": {"Average Stock Price": "14.6111", "Year Open": "15.5500", "Year High": "16.9775", "Year Low": "11.4075", "Year Close": "15.1650", "Annual % Change": "-1.59%"}, "2010": {"Average Stock Price": "13.0708", "Year Open": "10.6100", "Year High": "16.0950", "Year Low": "9.4675", "Year Close": "15.4100", "Annual % Change": "47.43%"}, "2009": {"Average Stock Price": "8.3485", "Year Open": "8.3925", "Year High": "10.9525", "Year Low": "5.1050", "Year Close": "10.4525", "Annual % Change": "26.70%"}, "2008": {"Average Stock Price": "9.6354", "Year Open": "13.2375", "Year High": "13.2375", "Year Low": "6.2325", "Year Close": "8.2500", "Annual % Change": "-39.38%"}, "2007": {"Average Stock Price": "13.7238", "Year Open": "11.8400", "Year High": "15.5525", "Year Low": "11.8400", "Year Close": "13.6100", "Annual % Change": "16.75%"}, "2006": {"Average Stock Price": "11.3036", "Year Open": "11.1225", "Year High": "13.0900", "Year Low": "9.5300", "Year Close": "11.6575", "Annual % Change": "6.53%"}, "2005": {"Average Stock Price": "10.2248", "Year Open": "10.1913", "Year High": "12.1250", "Year Low": "8.8325", "Year Close": "10.9425", "Annual % Change": "7.61%"}, "2004": {"Average Stock Price": "7.8945", "Year Open": "5.7550", "Year High": "10.2563", "Year Low": "5.6625", "Year Close": "10.1688", "Annual % Change": "75.32%"}, "2003": {"Average Stock Price": "5.0867", "Year Open": "4.0188", "Year High": "6.3375", "Year Low": "3.7844", "Year Close": "5.8000", "Annual % Change": "45.23%"}, "2002": {"Average Stock Price": "3.5503", "Year Open": "2.8756", "Year High": "4.2313", "Year Low": "2.8594", "Year Close": "3.9938", "Annual % Change": "42.00%"}, "2001": {"Average Stock Price": "2.7135", "Year Open": "2.1800", "Year High": "3.0938", "Year Low": "2.1800", "Year Close": "2.8125", "Annual % Change": "22.65%"}, "2000": {"Average Stock Price": "2.0187", "Year Open": "2.2813", "Year High": "2.3244", "Year Low": "1.7031", "Year Close": "2.2931", "Annual % Change": "-1.66%"}, "1999": {"Average Stock Price": "2.1400", "Year Open": "1.8713", "Year High": "2.4613", "Year Low": "1.8050", "Year Close": "2.3319", "Annual % Change": "30.91%"}, "1998": {"Average Stock Price": "1.9412", "Year Open": "2.6525", "Year High": "2.6525", "Year Low": "1.0588", "Year Close": "1.7813", "Annual % Change": "-33.13%"}, "1997": {"Average Stock Price": "2.3700", "Year Open": "2.2113", "Year High": "2.8944", "Year Low": "2.1013", "Year Close": "2.6638", "Annual % Change": "16.77%"}, "1996": {"Average Stock Price": "2.0546", "Year Open": "2.0781", "Year High": "2.2813", "Year Low": "1.8750", "Year Close": "2.2813", "Annual % Change": "11.01%"}, "1995": {"Average Stock Price": "1.8215", "Year Open": "1.7888", "Year High": "2.0550", "Year Low": "1.6013", "Year Close": "2.0550", "Annual % Change": "14.36%"}, "1994": {"Average Stock Price": "1.6260", "Year Open": "1.7344", "Year High": "1.8906", "Year Low": "1.3281", "Year Close": "1.7969", "Annual % Change": "2.68%"}, "1993": {"Average Stock Price": "1.3297", "Year Open": "1.0388", "Year High": "1.7500", "Year Low": "1.0388", "Year Close": "1.7500", "Annual % Change": "67.16%"}, "1992": {"Average Stock Price": "0.9350", "Year Open": "0.9138", "Year High": "1.0863", "Year Low": "0.7113", "Year Close": "1.0469", "Annual % Change": "12.57%"}, "1991": {"Average Stock Price": "1.0194", "Year Open": "0.8750", "Year High": "1.2738", "Year Low": "0.8438", "Year Close": "0.9300", "Annual % Change": "4.42%"}, "1990": {"Average Stock Price": "1.3712", "Year Open": "1.5625", "Year High": "1.8594", "Year Low": "0.7031", "Year Close": "0.8906", "Annual % Change": "-43.57%"}, "1989": {"Average Stock Price": "1.3429", "Year Open": "1.1950", "Year High": "1.6250", "Year Low": "1.1719", "Year Close": "1.5781", "Annual % Change": "32.06%"}, "1988": {"Average Stock Price": "1.1792", "Year Open": "0.9531", "Year High": "1.4925", "Year Low": "0.9531", "Year Close": "1.1950", "Annual % Change": "26.46%"}}}, "market cap": {"value": "$10.61B"}, "income statement": {"Revenue": {"2020-10-31": "3378.81000", "2019-10-31": "3138.08400", "2018-10-31": "2618.65000", "2017-10-31": "2505.17600", "2016-10-31": "2392.17500", "2015-10-31": "2390.87500", "2014-10-31": "2172.69100", "2013-10-31": "2041.43100", "2012-10-31": "1958.69000", "2011-10-31": "1883.95300", "2010-10-31": "1690.37800", "2009-10-31": "1523.44700", "2008-10-31": "1878.18400", "2007-10-31": "1876.90400", "2006-10-31": "1835.99100", "2005-10-31": "1779.38700"}, "Cost Of Goods Sold": {"2020-10-31": "2189.03600", "2019-10-31": "2090.12100", "2018-10-31": "1677.63900", "2017-10-31": "1584.33900", "2016-10-31": "1517.58000", "2015-10-31": "1554.94000", "2014-10-31": "1399.42000", "2013-10-31": "1316.63400", "2012-10-31": "1285.59600", "2011-10-31": "1247.30600", "2010-10-31": "1113.98700", "2009-10-31": "1012.47200", "2008-10-31": "1225.47400", "2007-10-31": "1198.52900", "2006-10-31": "1192.67500", "2005-10-31": "1164.02100"}, "Gross Profit": {"2020-10-31": "1189.77400", "2019-10-31": "1047.96300", "2018-10-31": "941.01090", "2017-10-31": "920.83700", "2016-10-31": "874.59510", "2015-10-31": "835.93510", "2014-10-31": "773.27090", "2013-10-31": "724.79700", "2012-10-31": "673.09400", "2011-10-31": "636.64700", "2010-10-31": "576.39100", "2009-10-31": "510.97500", "2008-10-31": "652.71000", "2007-10-31": "678.37500", "2006-10-31": "643.31590", "2005-10-31": "615.36600"}, "Research And Development Expenses": {"2020-10-31": "", "2019-10-31": "", "2018-10-31": "", "2017-10-31": "", "2016-10-31": "", "2015-10-31": "", "2014-10-31": "", "2013-10-31": "", "2012-10-31": "", "2011-10-31": "", "2010-10-31": "", "2009-10-31": "", "2008-10-31": "", "2007-10-31": "", "2006-10-31": "", "2005-10-31": ""}, "SG&A Expenses": {"2020-10-31": "763.41700", "2019-10-31": "722.93400", "2018-10-31": "567.92600", "2017-10-31": "565.72700", "2016-10-31": "540.19900", "2015-10-31": "536.82100", "2014-10-31": "510.11400", "2013-10-31": "494.13500", "2012-10-31": "467.48100", "2011-10-31": "452.16000", "2010-10-31": "425.12500", "2009-10-31": "395.77800", "2008-10-31": "454.30100", "2007-10-31": "454.72600", "2006-10-31": "440.44000", "2005-10-31": "432.64000"}, "Other Operating Income Or Expenses": {"2020-10-31": "", "2019-10-31": "", "2018-10-31": "", "2017-10-31": "", "2016-10-31": "", "2015-10-31": "", "2014-10-31": "", "2013-10-31": "", "2012-10-31": "", "2011-10-31": "", "2010-10-31": "", "2009-10-31": "", "2008-10-31": "", "2007-10-31": "", "2006-10-31": "", "2005-10-31": ""}, "Operating Expenses": {"2020-10-31": "2952.45300", "2019-10-31": "2813.05500", "2018-10-31": "2245.56500", "2017-10-31": "2150.06600", "2016-10-31": "2057.77900", "2015-10-31": "2091.76100", "2014-10-31": "1909.53400", "2013-10-31": "1810.76900", "2012-10-31": "1753.07700", "2011-10-31": "1699.46600", "2010-10-31": "1539.11200", "2009-10-31": "1408.25000", "2008-10-31": "1679.77500", "2007-10-31": "1653.25500", "2006-10-31": "1633.11500", "2005-10-31": "1596.66100"}, "Operating Income": {"2020-10-31": "426.35720", "2019-10-31": "325.02880", "2018-10-31": "373.08500", "2017-10-31": "355.11010", "2016-10-31": "334.39620", "2015-10-31": "299.11400", "2014-10-31": "263.15690", "2013-10-31": "230.66200", "2012-10-31": "205.61300", "2011-10-31": "184.48690", "2010-10-31": "151.26600", "2009-10-31": "115.19700", "2008-10-31": "198.40890", "2007-10-31": "223.64890", "2006-10-31": "202.87600", "2005-10-31": "182.72600"}, "Total Non-Operating Income/Expense": {"2020-10-31": "-19.28700", "2019-10-31": "-2.89600", "2018-10-31": "-0.68800", "2017-10-31": "-1.92600", "2016-10-31": "-3.93600", "2015-10-31": "-8.08300", "2014-10-31": "-6.71200", "2013-10-31": "-3.94900", "2012-10-31": "-9.35100", "2011-10-31": "-9.66100", "2010-10-31": "-9.99800", "2009-10-31": "-19.40900", "2008-10-31": "-17.12000", "2007-10-31": "-10.42200", "2006-10-31": "-10.12200", "2005-10-31": "-12.45400"}, "Pre-Tax Income": {"2020-10-31": "407.07000", "2019-10-31": "322.13300", "2018-10-31": "372.39700", "2017-10-31": "353.18400", "2016-10-31": "330.46000", "2015-10-31": "291.03100", "2014-10-31": "256.44500", "2013-10-31": "226.71300", "2012-10-31": "196.26200", "2011-10-31": "174.82600", "2010-10-31": "141.26800", "2009-10-31": "95.78800", "2008-10-31": "181.28900", "2007-10-31": "213.22700", "2006-10-31": "192.75400", "2005-10-31": "170.27200"}, "Income Taxes": {"2020-10-31": "77.36900", "2019-10-31": "48.15000", "2018-10-31": "100.45800", "2017-10-31": "85.46700", "2016-10-31": "99.46600", "2015-10-31": "89.44000", "2014-10-31": "82.57500", "2013-10-31": "71.86800", "2012-10-31": "66.72100", "2011-10-31": "57.16800", "2010-10-31": "48.03100", "2009-10-31": "32.95100", "2008-10-31": "61.63800", "2007-10-31": "70.79100", "2006-10-31": "63.60900", "2005-10-31": "56.19000"}, "Income After Taxes": {"2020-10-31": "329.70100", "2019-10-31": "273.98300", "2018-10-31": "271.93900", "2017-10-31": "267.71700", "2016-10-31": "230.99400", "2015-10-31": "201.59100", "2014-10-31": "173.87000", "2013-10-31": "154.84500", "2012-10-31": "129.54100", "2011-10-31": "117.65800", "2010-10-31": "93.23700", "2009-10-31": "62.83700", "2008-10-31": "119.65100", "2007-10-31": "142.43600", "2006-10-31": "129.14500", "2005-10-31": "114.08200"}, "Other Income": {"2020-10-31": "", "2019-10-31": "", "2018-10-31": "", "2017-10-31": "", "2016-10-31": "", "2015-10-31": "", "2014-10-31": "", "2013-10-31": "", "2012-10-31": "", "2011-10-31": "", "2010-10-31": "", "2009-10-31": "", "2008-10-31": "", "2007-10-31": "", "2006-10-31": "", "2005-10-31": ""}, "Income From Continuous Operations": {"2020-10-31": "329.70100", "2019-10-31": "273.98300", "2018-10-31": "271.93900", "2017-10-31": "267.71700", "2016-10-31": "230.99400", "2015-10-31": "201.59100", "2014-10-31": "173.87000", "2013-10-31": "154.84500", "2012-10-31": "129.54100", "2011-10-31": "117.65800", "2010-10-31": "93.23700", "2009-10-31": "62.83700", "2008-10-31": "119.65100", "2007-10-31": "142.43600", "2006-10-31": "129.14500", "2005-10-31": "114.08200"}, "Income From Discontinued Operations": {"2020-10-31": "", "2019-10-31": "", "2018-10-31": "", "2017-10-31": "", "2016-10-31": "", "2015-10-31": "", "2014-10-31": "", "2013-10-31": "", "2012-10-31": "", "2011-10-31": "", "2010-10-31": "", "2009-10-31": "", "2008-10-31": "", "2007-10-31": "", "2006-10-31": "", "2005-10-31": ""}, "Net Income": {"2020-10-31": "329.70100", "2019-10-31": "273.98300", "2018-10-31": "271.93900", "2017-10-31": "267.71700", "2016-10-31": "230.99400", "2015-10-31": "201.59100", "2014-10-31": "173.87000", "2013-10-31": "154.84500", "2012-10-31": "129.54100", "2011-10-31": "117.65800", "2010-10-31": "93.23700", "2009-10-31": "62.83700", "2008-10-31": "119.65100", "2007-10-31": "142.43600", "2006-10-31": "129.14500", "2005-10-31": "114.08200"}, "EBITDA": {"2020-10-31": "521.97220", "2019-10-31": "412.72680", "2018-10-31": "434.36200", "2017-10-31": "420.09610", "2016-10-31": "398.49320", "2015-10-31": "362.25700", "2014-10-31": "316.29490", "2013-10-31": "284.79600", "2012-10-31": "259.24700", "2011-10-31": "232.99290", "2010-10-31": "196.27700", "2009-10-31": "159.73200", "2008-10-31": "246.60290", "2007-10-31": "265.75390", "2006-10-31": "245.44000", "2005-10-31": "225.55490"}, "EBIT": {"2020-10-31": "426.35720", "2019-10-31": "325.02880", "2018-10-31": "373.08500", "2017-10-31": "355.11010", "2016-10-31": "334.39620", "2015-10-31": "299.11400", "2014-10-31": "263.15690", "2013-10-31": "230.66200", "2012-10-31": "205.61300", "2011-10-31": "184.48690", "2010-10-31": "151.26600", "2009-10-31": "115.19700", "2008-10-31": "198.40890", "2007-10-31": "223.64890", "2006-10-31": "202.87600", "2005-10-31": "182.72600"}, "Basic Shares Outstanding": {"2020-10-31": "107.65800", "2019-10-31": "106.77300", "2018-10-31": "106.36900", "2017-10-31": "108.31200", "2016-10-31": "109.83400", "2015-10-31": "111.13000", "2014-10-31": "112.71800", "2013-10-31": "115.84400", "2012-10-31": "118.89200", "2011-10-31": "125.06800", "2010-10-31": "131.92800", "2009-10-31": "143.15200", "2008-10-31": "150.94400", "2007-10-31": "162.72800", "2006-10-31": "171.54800", "2005-10-31": "178.85600"}, "Shares Outstanding": {"2020-10-31": "108.66300", "2019-10-31": "108.09000", "2018-10-31": "108.65700", "2017-10-31": "111.25200", "2016-10-31": "111.98700", "2015-10-31": "113.51400", "2014-10-31": "115.25500", "2013-10-31": "118.21000", "2012-10-31": "121.23600", "2011-10-31": "127.18800", "2010-10-31": "133.74800", "2009-10-31": "144.96000", "2008-10-31": "154.31600", "2007-10-31": "167.45600", "2006-10-31": "177.37600", "2005-10-31": "186.15600"}, "Basic EPS": {"2020-10-31": "3.06000", "2019-10-31": "2.57000", "2018-10-31": "2.56000", "2017-10-31": "2.47000", "2016-10-31": "2.10000", "2015-10-31": "1.81000", "2014-10-31": "1.54000", "2013-10-31": "1.33500", "2012-10-31": "1.09000", "2011-10-31": "0.94000", "2010-10-31": "0.70500", "2009-10-31": "0.44000", "2008-10-31": "0.79250", "2007-10-31": "0.87500", "2006-10-31": "0.75250", "2005-10-31": "0.63750"}, "EPS - Earnings Per Share": {"2020-10-31": "3.03000", "2019-10-31": "2.53000", "2018-10-31": "2.50000", "2017-10-31": "2.41000", "2016-10-31": "2.06000", "2015-10-31": "1.78000", "2014-10-31": "1.51000", "2013-10-31": "1.31000", "2012-10-31": "1.07000", "2011-10-31": "0.92500", "2010-10-31": "0.69500", "2009-10-31": "0.43250", "2008-10-31": "0.77500", "2007-10-31": "0.85000", "2006-10-31": "0.72750", "2005-10-31": "0.61250"}}, "income statement, quarterly": {"Revenue": {"2020-10-31": "840.95720", "2020-07-31": "840.97200", "2020-04-30": "929.39800", "2020-01-31": "767.48300", "2019-10-31": "734.37910", "2019-07-31": "838.71300", "2019-04-30": "962.03600", "2019-01-31": "602.95600", "2018-10-31": "539.30290", "2018-07-31": "655.82100", "2018-04-30": "875.28000", "2018-01-31": "548.24600", "2017-10-31": "488.62700", "2017-07-31": "627.94300", "2017-04-30": "872.76700", "2017-01-31": "515.83900", "2016-10-31": "468.35610", "2016-07-31": "600.98000", "2016-04-30": "836.44100", "2016-01-31": "486.39800", "2015-10-31": "480.80700", "2015-07-31": "609.61500", "2015-04-30": "826.24200", "2015-01-31": "474.21100", "2014-10-31": "414.13990", "2014-07-31": "567.54000", "2014-04-30": "745.03000", "2014-01-31": "445.98100", "2013-10-31": "382.36600", "2013-07-31": "509.91800", "2013-04-30": "704.48600", "2013-01-31": "444.66100", "2012-10-31": "339.29400", "2012-07-31": "504.07600", "2012-04-30": "691.48500", "2012-01-31": "423.83500", "2011-10-31": "368.09390", "2011-07-31": "501.04500", "2011-04-30": "631.60100", "2011-01-31": "383.21300", "2010-10-31": "337.31110", "2010-07-31": "458.89000", "2010-04-30": "562.81900", "2010-01-31": "331.35800", "2009-10-31": "288.56400", "2009-07-31": "394.85900", "2009-04-30": "499.85200", "2009-01-31": "340.17200", "2008-10-31": "341.23990", "2008-07-31": "492.63500", "2008-04-30": "638.51000", "2008-01-31": "405.79900", "2007-10-31": "332.45600", "2007-07-31": "478.70700", "2007-04-30": "686.65300", "2007-01-31": "379.08800", "2006-10-31": "329.48600", "2006-07-31": "477.86100", "2006-04-30": "659.00400", "2006-01-31": "369.64000", "2005-10-31": "337.09100", "2005-07-31": "466.94200", "2005-04-30": "628.44100", "2005-01-31": "346.91300"}, "Cost Of Goods Sold": {"2020-10-31": "540.56190", "2020-07-31": "546.39800", "2020-04-30": "622.68100", "2020-01-31": "479.39500", "2019-10-31": "489.31220", "2019-07-31": "572.73200", "2019-04-30": "640.73800", "2019-01-31": "387.33900", "2018-10-31": "360.24010", "2018-07-31": "422.16800", "2018-04-30": "551.22400", "2018-01-31": "344.00700", "2017-10-31": "304.36900", "2017-07-31": "401.15800", "2017-04-30": "556.45300", "2017-01-31": "322.35900", "2016-10-31": "296.21890", "2016-07-31": "384.36300", "2016-04-30": "533.25400", "2016-01-31": "303.74400", "2015-10-31": "312.23290", "2015-07-31": "393.22500", "2015-04-30": "544.27000", "2015-01-31": "305.21200", "2014-10-31": "271.00310", "2014-07-31": "365.46000", "2014-04-30": "480.49000", "2014-01-31": "282.46700", "2013-10-31": "253.71810", "2013-07-31": "331.88700", "2013-04-30": "452.18500", "2013-01-31": "278.84400", "2012-10-31": "226.39500", "2012-07-31": "325.95400", "2012-04-30": "456.06300", "2012-01-31": "277.18400", "2011-10-31": "249.30700", "2011-07-31": "333.38400", "2011-04-30": "418.04700", "2011-01-31": "246.56800", "2010-10-31": "226.35610", "2010-07-31": "297.25700", "2010-04-30": "375.40700", "2010-01-31": "214.96700", "2009-10-31": "190.87200", "2009-07-31": "261.06100", "2009-04-30": "338.62700", "2009-01-31": "221.91200", "2008-10-31": "239.37300", "2008-07-31": "318.69500", "2008-04-30": "410.74400", "2008-01-31": "256.66200", "2007-10-31": "216.30500", "2007-07-31": "301.26400", "2007-04-30": "441.93700", "2007-01-31": "239.02300", "2006-10-31": "218.63600", "2006-07-31": "307.52500", "2006-04-30": "428.74800", "2006-01-31": "237.76600", "2005-10-31": "223.29200", "2005-07-31": "303.68100", "2005-04-30": "411.79800", "2005-01-31": "225.25000"}, "Gross Profit": {"2020-10-31": "300.39530", "2020-07-31": "294.57400", "2020-04-30": "306.71700", "2020-01-31": "288.08800", "2019-10-31": "245.06690", "2019-07-31": "265.98100", "2019-04-30": "321.29800", "2019-01-31": "215.61700", "2018-10-31": "179.06280", "2018-07-31": "233.65300", "2018-04-30": "324.05600", "2018-01-31": "204.23900", "2017-10-31": "184.25800", "2017-07-31": "226.78500", "2017-04-30": "316.31400", "2017-01-31": "193.48000", "2016-10-31": "172.13720", "2016-07-31": "216.61700", "2016-04-30": "303.18700", "2016-01-31": "182.65400", "2015-10-31": "168.57410", "2015-07-31": "216.39000", "2015-04-30": "281.97200", "2015-01-31": "168.99900", "2014-10-31": "143.13680", "2014-07-31": "202.08000", "2014-04-30": "264.54000", "2014-01-31": "163.51400", "2013-10-31": "128.64790", "2013-07-31": "178.03100", "2013-04-30": "252.30100", "2013-01-31": "165.81700", "2012-10-31": "112.89900", "2012-07-31": "178.12200", "2012-04-30": "235.42200", "2012-01-31": "146.65100", "2011-10-31": "118.78690", "2011-07-31": "167.66100", "2011-04-30": "213.55400", "2011-01-31": "136.64500", "2010-10-31": "110.95500", "2010-07-31": "161.63300", "2010-04-30": "187.41200", "2010-01-31": "116.39100", "2009-10-31": "97.69200", "2009-07-31": "133.79800", "2009-04-30": "161.22500", "2009-01-31": "118.26000", "2008-10-31": "101.86690", "2008-07-31": "173.94000", "2008-04-30": "227.76600", "2008-01-31": "149.13700", "2007-10-31": "116.15100", "2007-07-31": "177.44300", "2007-04-30": "244.71600", "2007-01-31": "140.06500", "2006-10-31": "110.84990", "2006-07-31": "170.33600", "2006-04-30": "230.25600", "2006-01-31": "131.87400", "2005-10-31": "113.79900", "2005-07-31": "163.26100", "2005-04-30": "216.64300", "2005-01-31": "121.66300"}, "Research And Development Expenses": {"2020-10-31": "", "2020-07-31": "", "2020-04-30": "", "2020-01-31": "", "2019-10-31": "", "2019-07-31": "", "2019-04-30": "", "2019-01-31": "", "2018-10-31": "", "2018-07-31": "", "2018-04-30": "", "2018-01-31": "", "2017-10-31": "", "2017-07-31": "", "2017-04-30": "", "2017-01-31": "", "2016-10-31": "", "2016-07-31": "", "2016-04-30": "", "2016-01-31": "", "2015-10-31": "", "2015-07-31": "", "2015-04-30": "", "2015-01-31": "", "2014-10-31": "", "2014-07-31": "", "2014-04-30": "", "2014-01-31": "", "2013-10-31": "", "2013-07-31": "", "2013-04-30": "", "2013-01-31": "", "2012-10-31": "", "2012-07-31": "", "2012-04-30": "", "2012-01-31": "", "2011-10-31": "", "2011-07-31": "", "2011-04-30": "", "2011-01-31": "", "2010-10-31": "", "2010-07-31": "", "2010-04-30": "", "2010-01-31": "", "2009-10-31": "", "2009-07-31": "", "2009-04-30": "", "2009-01-31": "", "2008-10-31": "", "2008-07-31": "", "2008-04-30": "", "2008-01-31": "", "2007-10-31": "", "2007-07-31": "", "2007-04-30": "", "2007-01-31": "", "2006-10-31": "", "2006-07-31": "", "2006-04-30": "", "2006-01-31": "", "2005-10-31": "", "2005-07-31": "", "2005-04-30": "", "2005-01-31": ""}, "SG&A Expenses": {"2020-10-31": "206.91400", "2020-07-31": "178.62200", "2020-04-30": "180.92200", "2020-01-31": "196.95900", "2019-10-31": "201.76100", "2019-07-31": "192.03700", "2019-04-30": "183.57300", "2019-01-31": "145.56300", "2018-10-31": "136.06700", "2018-07-31": "140.75900", "2018-04-30": "153.78300", "2018-01-31": "137.31700", "2017-10-31": "136.79800", "2017-07-31": "139.00100", "2017-04-30": "157.01800", "2017-01-31": "132.91000", "2016-10-31": "128.62300", "2016-07-31": "134.66400", "2016-04-30": "148.09700", "2016-01-31": "128.81500", "2015-10-31": "131.74200", "2015-07-31": "136.98500", "2015-04-30": "143.51700", "2015-01-31": "124.57700", "2014-10-31": "123.49400", "2014-07-31": "130.04300", "2014-04-30": "133.66100", "2014-01-31": "122.91600", "2013-10-31": "120.24100", "2013-07-31": "119.45100", "2013-04-30": "134.83000", "2013-01-31": "119.61300", "2012-10-31": "108.79200", "2012-07-31": "117.13700", "2012-04-30": "128.92200", "2012-01-31": "112.63000", "2011-10-31": "109.58000", "2011-07-31": "112.93700", "2011-04-30": "120.19900", "2011-01-31": "109.44400", "2010-10-31": "105.41300", "2010-07-31": "107.82400", "2010-04-30": "115.28900", "2010-01-31": "96.59900", "2009-10-31": "94.80700", "2009-07-31": "94.18100", "2009-04-30": "102.23100", "2009-01-31": "104.55900", "2008-10-31": "101.36700", "2008-07-31": "110.87400", "2008-04-30": "124.94300", "2008-01-31": "117.11700", "2007-10-31": "106.00400", "2007-07-31": "110.59800", "2007-04-30": "125.84300", "2007-01-31": "112.28100", "2006-10-31": "100.31100", "2006-07-31": "108.61500", "2006-04-30": "124.30900", "2006-01-31": "107.20500", "2005-10-31": "102.26400", "2005-07-31": "108.59500", "2005-04-30": "119.54200", "2005-01-31": "102.23900"}, "Other Operating Income Or Expenses": {"2020-10-31": "", "2020-07-31": "", "2020-04-30": "", "2020-01-31": "", "2019-10-31": "", "2019-07-31": "", "2019-04-30": "", "2019-01-31": "", "2018-10-31": "", "2018-07-31": "", "2018-04-30": "", "2018-01-31": "", "2017-10-31": "", "2017-07-31": "", "2017-04-30": "", "2017-01-31": "", "2016-10-31": "", "2016-07-31": "", "2016-04-30": "", "2016-01-31": "", "2015-10-31": "", "2015-07-31": "", "2015-04-30": "", "2015-01-31": "", "2014-10-31": "", "2014-07-31": "", "2014-04-30": "", "2014-01-31": "", "2013-10-31": "", "2013-07-31": "", "2013-04-30": "", "2013-01-31": "", "2012-10-31": "", "2012-07-31": "", "2012-04-30": "", "2012-01-31": "", "2011-10-31": "", "2011-07-31": "", "2011-04-30": "", "2011-01-31": "", "2010-10-31": "", "2010-07-31": "", "2010-04-30": "", "2010-01-31": "", "2009-10-31": "", "2009-07-31": "", "2009-04-30": "", "2009-01-31": "", "2008-10-31": "", "2008-07-31": "", "2008-04-30": "", "2008-01-31": "", "2007-10-31": "", "2007-07-31": "", "2007-04-30": "", "2007-01-31": "", "2006-10-31": "", "2006-07-31": "", "2006-04-30": "", "2006-01-31": "", "2005-10-31": "", "2005-07-31": "", "2005-04-30": "", "2005-01-31": ""}, "Operating Expenses": {"2020-10-31": "747.47580", "2020-07-31": "725.02000", "2020-04-30": "803.60300", "2020-01-31": "676.35400", "2019-10-31": "691.07310", "2019-07-31": "764.76900", "2019-04-30": "824.31100", "2019-01-31": "532.90200", "2018-10-31": "496.30690", "2018-07-31": "562.92700", "2018-04-30": "705.00700", "2018-01-31": "481.32400", "2017-10-31": "441.16700", "2017-07-31": "540.15900", "2017-04-30": "713.47100", "2017-01-31": "455.26900", "2016-10-31": "424.84180", "2016-07-31": "519.02700", "2016-04-30": "681.35100", "2016-01-31": "432.55900", "2015-10-31": "443.97500", "2015-07-31": "530.21000", "2015-04-30": "687.78700", "2015-01-31": "429.78900", "2014-10-31": "394.49700", "2014-07-31": "495.50300", "2014-04-30": "614.15100", "2014-01-31": "405.38300", "2013-10-31": "373.95900", "2013-07-31": "451.33800", "2013-04-30": "587.01500", "2013-01-31": "398.45700", "2012-10-31": "335.18690", "2012-07-31": "443.09100", "2012-04-30": "584.98500", "2012-01-31": "389.81400", "2011-10-31": "358.88710", "2011-07-31": "446.32100", "2011-04-30": "538.24600", "2011-01-31": "356.01200", "2010-10-31": "331.76900", "2010-07-31": "405.08100", "2010-04-30": "490.69600", "2010-01-31": "311.56600", "2009-10-31": "285.67900", "2009-07-31": "355.24200", "2009-04-30": "440.85800", "2009-01-31": "326.47100", "2008-10-31": "340.74010", "2008-07-31": "429.56900", "2008-04-30": "535.68700", "2008-01-31": "373.77900", "2007-10-31": "322.30910", "2007-07-31": "411.86200", "2007-04-30": "567.78000", "2007-01-31": "351.30400", "2006-10-31": "318.94700", "2006-07-31": "416.14000", "2006-04-30": "553.05700", "2006-01-31": "344.97100", "2005-10-31": "325.55600", "2005-07-31": "412.27600", "2005-04-30": "531.34000", "2005-01-31": "327.48900"}, "Operating Income": {"2020-10-31": "93.48140", "2020-07-31": "115.95200", "2020-04-30": "125.79500", "2020-01-31": "91.12900", "2019-10-31": "43.30600", "2019-07-31": "73.94400", "2019-04-30": "137.72500", "2019-01-31": "70.05400", "2018-10-31": "42.99590", "2018-07-31": "92.89400", "2018-04-30": "170.27300", "2018-01-31": "66.92200", "2017-10-31": "47.46010", "2017-07-31": "87.78400", "2017-04-30": "159.29600", "2017-01-31": "60.57000", "2016-10-31": "43.51430", "2016-07-31": "81.95300", "2016-04-30": "155.09000", "2016-01-31": "53.83900", "2015-10-31": "36.83200", "2015-07-31": "79.40500", "2015-04-30": "138.45500", "2015-01-31": "44.42200", "2014-10-31": "19.64290", "2014-07-31": "72.03700", "2014-04-30": "130.87900", "2014-01-31": "40.59800", "2013-10-31": "8.40700", "2013-07-31": "58.58000", "2013-04-30": "117.47100", "2013-01-31": "46.20400", "2012-10-31": "4.10720", "2012-07-31": "60.98500", "2012-04-30": "106.50000", "2012-01-31": "34.02100", "2011-10-31": "9.20690", "2011-07-31": "54.72400", "2011-04-30": "93.35500", "2011-01-31": "27.20100", "2010-10-31": "5.54210", "2010-07-31": "53.80900", "2010-04-30": "72.12300", "2010-01-31": "19.79200", "2009-10-31": "2.88500", "2009-07-31": "39.61700", "2009-04-30": "58.99400", "2009-01-31": "13.70100", "2008-10-31": "0.49990", "2008-07-31": "63.06600", "2008-04-30": "102.82300", "2008-01-31": "32.02000", "2007-10-31": "10.14690", "2007-07-31": "66.84500", "2007-04-30": "118.87300", "2007-01-31": "27.78400", "2006-10-31": "10.53900", "2006-07-31": "61.72100", "2006-04-30": "105.94700", "2006-01-31": "24.66900", "2005-10-31": "11.53500", "2005-07-31": "54.66600", "2005-04-30": "97.10100", "2005-01-31": "19.42400"}, "Total Non-Operating Income/Expense": {"2020-10-31": "-4.91400", "2020-07-31": "-4.95900", "2020-04-30": "-4.42400", "2020-01-31": "-4.99000", "2019-10-31": "0.39200", "2019-07-31": "-2.70900", "2019-04-30": "-0.54500", "2019-01-31": "-0.03400", "2018-10-31": "0.57500", "2018-07-31": "0.38100", "2018-04-30": "-1.10700", "2018-01-31": "-0.53700", "2017-10-31": "-0.53300", "2017-07-31": "0.59900", "2017-04-30": "-0.97500", "2017-01-31": "-1.01700", "2016-10-31": "-1.78000", "2016-07-31": "-1.16600", "2016-04-30": "-0.84800", "2016-01-31": "-0.14200", "2015-10-31": "-1.52700", "2015-07-31": "-1.78900", "2015-04-30": "-2.31800", "2015-01-31": "-2.44900", "2014-10-31": "-1.86700", "2014-07-31": "-1.23900", "2014-04-30": "-1.76300", "2014-01-31": "-1.84300", "2013-10-31": "0.93800", "2013-07-31": "-0.92700", "2013-04-30": "-1.15400", "2013-01-31": "-2.80600", "2012-10-31": "-1.79100", "2012-07-31": "-1.51700", "2012-04-30": "-2.10800", "2012-01-31": "-3.93500", "2011-10-31": "-1.62500", "2011-07-31": "-2.43300", "2011-04-30": "-2.85500", "2011-01-31": "-2.74800", "2010-10-31": "-1.44400", "2010-07-31": "-1.84400", "2010-04-30": "-3.36600", "2010-01-31": "-3.34400", "2009-10-31": "-4.47700", "2009-07-31": "-8.44700", "2009-04-30": "-2.93700", "2009-01-31": "-3.54800", "2008-10-31": "-2.70500", "2008-07-31": "-5.01300", "2008-04-30": "-6.21700", "2008-01-31": "-3.18500", "2007-10-31": "-1.00800", "2007-07-31": "-3.00500", "2007-04-30": "-4.31300", "2007-01-31": "-2.09600", "2006-10-31": "-2.11300", "2006-07-31": "-1.92100", "2006-04-30": "-2.73100", "2006-01-31": "-3.35700", "2005-10-31": "-1.72600", "2005-07-31": "-4.17800", "2005-04-30": "-3.93100", "2005-01-31": "-2.61900"}, "Pre-Tax Income": {"2020-10-31": "88.56700", "2020-07-31": "110.99300", "2020-04-30": "121.37100", "2020-01-31": "86.13900", "2019-10-31": "43.69800", "2019-07-31": "71.23500", "2019-04-30": "137.18000", "2019-01-31": "70.02000", "2018-10-31": "43.57100", "2018-07-31": "93.27500", "2018-04-30": "169.16600", "2018-01-31": "66.38500", "2017-10-31": "46.92700", "2017-07-31": "88.38300", "2017-04-30": "158.32100", "2017-01-31": "59.55300", "2016-10-31": "41.73400", "2016-07-31": "80.78700", "2016-04-30": "154.24200", "2016-01-31": "53.69700", "2015-10-31": "35.30500", "2015-07-31": "77.61600", "2015-04-30": "136.13700", "2015-01-31": "41.97300", "2014-10-31": "17.77600", "2014-07-31": "70.79800", "2014-04-30": "129.11600", "2014-01-31": "38.75500", "2013-10-31": "9.34500", "2013-07-31": "57.65300", "2013-04-30": "116.31700", "2013-01-31": "43.39800", "2012-10-31": "2.31600", "2012-07-31": "59.46800", "2012-04-30": "104.39200", "2012-01-31": "30.08600", "2011-10-31": "7.58200", "2011-07-31": "52.29100", "2011-04-30": "90.50000", "2011-01-31": "24.45300", "2010-10-31": "4.09800", "2010-07-31": "51.96500", "2010-04-30": "68.75700", "2010-01-31": "16.44800", "2009-10-31": "-1.59200", "2009-07-31": "31.17000", "2009-04-30": "56.05700", "2009-01-31": "10.15300", "2008-10-31": "-2.20500", "2008-07-31": "58.05300", "2008-04-30": "96.60600", "2008-01-31": "28.83500", "2007-10-31": "9.13900", "2007-07-31": "63.84000", "2007-04-30": "114.56000", "2007-01-31": "25.68800", "2006-10-31": "8.42600", "2006-07-31": "59.80000", "2006-04-30": "103.21600", "2006-01-31": "21.31200", "2005-10-31": "9.80900", "2005-07-31": "50.48800", "2005-04-30": "93.17000", "2005-01-31": "16.80500"}, "Income Taxes": {"2020-10-31": "16.37100", "2020-07-31": "22.02500", "2020-04-30": "22.92500", "2020-01-31": "16.04800", "2019-10-31": "5.43200", "2019-07-31": "10.62800", "2019-04-30": "21.61000", "2019-01-31": "10.48000", "2018-10-31": "4.53400", "2018-07-31": "14.26600", "2018-04-30": "37.87700", "2018-01-31": "43.78100", "2017-10-31": "13.07900", "2017-07-31": "19.97900", "2017-04-30": "37.84600", "2017-01-31": "14.56300", "2016-10-31": "11.50400", "2016-07-31": "24.96500", "2016-04-30": "48.56100", "2016-01-31": "14.43600", "2015-10-31": "11.75100", "2015-07-31": "24.29200", "2015-04-30": "42.37400", "2015-01-31": "11.02300", "2014-10-31": "6.87400", "2014-07-31": "20.78500", "2014-04-30": "42.03000", "2014-01-31": "12.88600", "2013-10-31": "4.39500", "2013-07-31": "17.55600", "2013-04-30": "37.91500", "2013-01-31": "12.00200", "2012-10-31": "2.06500", "2012-07-31": "18.91900", "2012-04-30": "35.57400", "2012-01-31": "10.16300", "2011-10-31": "2.54700", "2011-07-31": "17.20000", "2011-04-30": "30.25000", "2011-01-31": "7.17100", "2010-10-31": "0.85400", "2010-07-31": "18.55100", "2010-04-30": "23.09600", "2010-01-31": "5.53000", "2009-10-31": "-1.06000", "2009-07-31": "11.39300", "2009-04-30": "19.19600", "2009-01-31": "3.42200", "2008-10-31": "-2.21800", "2008-07-31": "19.82600", "2008-04-30": "33.82200", "2008-01-31": "10.20800", "2007-10-31": "2.60500", "2007-07-31": "21.35400", "2007-04-30": "39.59400", "2007-01-31": "7.23800", "2006-10-31": "3.96400", "2006-07-31": "19.47800", "2006-04-30": "33.13400", "2006-01-31": "7.03300", "2005-10-31": "3.23800", "2005-07-31": "16.11100", "2005-04-30": "31.21200", "2005-01-31": "5.62900"}, "Income After Taxes": {"2020-10-31": "72.19600", "2020-07-31": "88.96800", "2020-04-30": "98.44600", "2020-01-31": "70.09100", "2019-10-31": "38.26600", "2019-07-31": "60.60700", "2019-04-30": "115.57000", "2019-01-31": "59.54000", "2018-10-31": "39.03700", "2018-07-31": "79.00900", "2018-04-30": "131.28900", "2018-01-31": "22.60400", "2017-10-31": "33.84800", "2017-07-31": "68.40400", "2017-04-30": "120.47500", "2017-01-31": "44.99000", "2016-10-31": "30.23000", "2016-07-31": "55.82200", "2016-04-30": "105.68100", "2016-01-31": "39.26100", "2015-10-31": "23.55400", "2015-07-31": "53.32400", "2015-04-30": "93.76300", "2015-01-31": "30.95000", "2014-10-31": "10.90200", "2014-07-31": "50.01300", "2014-04-30": "87.08600", "2014-01-31": "25.86900", "2013-10-31": "4.95000", "2013-07-31": "40.09700", "2013-04-30": "78.40200", "2013-01-31": "31.39600", "2012-10-31": "0.25100", "2012-07-31": "40.54900", "2012-04-30": "68.81800", "2012-01-31": "19.92300", "2011-10-31": "5.03500", "2011-07-31": "35.09100", "2011-04-30": "60.25000", "2011-01-31": "17.28200", "2010-10-31": "3.24400", "2010-07-31": "33.41400", "2010-04-30": "45.66100", "2010-01-31": "10.91800", "2009-10-31": "-0.53200", "2009-07-31": "19.77700", "2009-04-30": "36.86100", "2009-01-31": "6.73100", "2008-10-31": "0.01300", "2008-07-31": "38.22700", "2008-04-30": "62.78400", "2008-01-31": "18.62700", "2007-10-31": "6.53400", "2007-07-31": "42.48600", "2007-04-30": "74.96600", "2007-01-31": "18.45000", "2006-10-31": "4.46200", "2006-07-31": "40.32200", "2006-04-30": "70.08200", "2006-01-31": "14.27900", "2005-10-31": "6.57100", "2005-07-31": "34.37700", "2005-04-30": "61.95800", "2005-01-31": "11.17600"}, "Other Income": {"2020-10-31": "", "2020-07-31": "", "2020-04-30": "", "2020-01-31": "", "2019-10-31": "", "2019-07-31": "", "2019-04-30": "", "2019-01-31": "", "2018-10-31": "", "2018-07-31": "", "2018-04-30": "", "2018-01-31": "", "2017-10-31": "", "2017-07-31": "", "2017-04-30": "", "2017-01-31": "", "2016-10-31": "", "2016-07-31": "", "2016-04-30": "", "2016-01-31": "", "2015-10-31": "", "2015-07-31": "", "2015-04-30": "", "2015-01-31": "", "2014-10-31": "", "2014-07-31": "", "2014-04-30": "", "2014-01-31": "", "2013-10-31": "", "2013-07-31": "", "2013-04-30": "", "2013-01-31": "", "2012-10-31": "", "2012-07-31": "", "2012-04-30": "", "2012-01-31": "", "2011-10-31": "", "2011-07-31": "", "2011-04-30": "", "2011-01-31": "", "2010-10-31": "", "2010-07-31": "", "2010-04-30": "", "2010-01-31": "", "2009-10-31": "", "2009-07-31": "", "2009-04-30": "", "2009-01-31": "", "2008-10-31": "", "2008-07-31": "", "2008-04-30": "", "2008-01-31": "", "2007-10-31": "", "2007-07-31": "", "2007-04-30": "", "2007-01-31": "", "2006-10-31": "", "2006-07-31": "", "2006-04-30": "", "2006-01-31": "", "2005-10-31": "", "2005-07-31": "", "2005-04-30": "", "2005-01-31": ""}, "Income From Continuous Operations": {"2020-10-31": "72.19600", "2020-07-31": "88.96800", "2020-04-30": "98.44600", "2020-01-31": "70.09100", "2019-10-31": "38.26600", "2019-07-31": "60.60700", "2019-04-30": "115.57000", "2019-01-31": "59.54000", "2018-10-31": "39.03700", "2018-07-31": "79.00900", "2018-04-30": "131.28900", "2018-01-31": "22.60400", "2017-10-31": "33.84800", "2017-07-31": "68.40400", "2017-04-30": "120.47500", "2017-01-31": "44.99000", "2016-10-31": "30.23000", "2016-07-31": "55.82200", "2016-04-30": "105.68100", "2016-01-31": "39.26100", "2015-10-31": "23.55400", "2015-07-31": "53.32400", "2015-04-30": "93.76300", "2015-01-31": "30.95000", "2014-10-31": "10.90200", "2014-07-31": "50.01300", "2014-04-30": "87.08600", "2014-01-31": "25.86900", "2013-10-31": "4.95000", "2013-07-31": "40.09700", "2013-04-30": "78.40200", "2013-01-31": "31.39600", "2012-10-31": "0.25100", "2012-07-31": "40.54900", "2012-04-30": "68.81800", "2012-01-31": "19.92300", "2011-10-31": "5.03500", "2011-07-31": "35.09100", "2011-04-30": "60.25000", "2011-01-31": "17.28200", "2010-10-31": "3.24400", "2010-07-31": "33.41400", "2010-04-30": "45.66100", "2010-01-31": "10.91800", "2009-10-31": "-0.53200", "2009-07-31": "19.77700", "2009-04-30": "36.86100", "2009-01-31": "6.73100", "2008-10-31": "0.01300", "2008-07-31": "38.22700", "2008-04-30": "62.78400", "2008-01-31": "18.62700", "2007-10-31": "6.53400", "2007-07-31": "42.48600", "2007-04-30": "74.96600", "2007-01-31": "18.45000", "2006-10-31": "4.46200", "2006-07-31": "40.32200", "2006-04-30": "70.08200", "2006-01-31": "14.27900", "2005-10-31": "6.57100", "2005-07-31": "34.37700", "2005-04-30": "61.95800", "2005-01-31": "11.17600"}, "Income From Discontinued Operations": {"2020-10-31": "", "2020-07-31": "", "2020-04-30": "", "2020-01-31": "", "2019-10-31": "", "2019-07-31": "", "2019-04-30": "", "2019-01-31": "", "2018-10-31": "", "2018-07-31": "", "2018-04-30": "", "2018-01-31": "", "2017-10-31": "", "2017-07-31": "", "2017-04-30": "", "2017-01-31": "", "2016-10-31": "", "2016-07-31": "", "2016-04-30": "", "2016-01-31": "", "2015-10-31": "", "2015-07-31": "", "2015-04-30": "", "2015-01-31": "", "2014-10-31": "", "2014-07-31": "", "2014-04-30": "", "2014-01-31": "", "2013-10-31": "", "2013-07-31": "", "2013-04-30": "", "2013-01-31": "", "2012-10-31": "", "2012-07-31": "", "2012-04-30": "", "2012-01-31": "", "2011-10-31": "", "2011-07-31": "", "2011-04-30": "", "2011-01-31": "", "2010-10-31": "", "2010-07-31": "", "2010-04-30": "", "2010-01-31": "", "2009-10-31": "", "2009-07-31": "", "2009-04-30": "", "2009-01-31": "", "2008-10-31": "", "2008-07-31": "", "2008-04-30": "", "2008-01-31": "", "2007-10-31": "", "2007-07-31": "", "2007-04-30": "", "2007-01-31": "", "2006-10-31": "", "2006-07-31": "", "2006-04-30": "", "2006-01-31": "", "2005-10-31": "", "2005-07-31": "", "2005-04-30": "", "2005-01-31": ""}, "Net Income": {"2020-10-31": "72.19600", "2020-07-31": "88.96800", "2020-04-30": "98.44600", "2020-01-31": "70.09100", "2019-10-31": "38.26600", "2019-07-31": "60.60700", "2019-04-30": "115.57000", "2019-01-31": "59.54000", "2018-10-31": "39.03700", "2018-07-31": "79.00900", "2018-04-30": "131.28900", "2018-01-31": "22.60400", "2017-10-31": "33.84800", "2017-07-31": "68.40400", "2017-04-30": "120.47500", "2017-01-31": "44.99000", "2016-10-31": "30.23000", "2016-07-31": "55.82200", "2016-04-30": "105.68100", "2016-01-31": "39.26100", "2015-10-31": "23.55400", "2015-07-31": "53.32400", "2015-04-30": "93.76300", "2015-01-31": "30.95000", "2014-10-31": "10.90200", "2014-07-31": "50.01300", "2014-04-30": "87.08600", "2014-01-31": "25.86900", "2013-10-31": "4.95000", "2013-07-31": "40.09700", "2013-04-30": "78.40200", "2013-01-31": "31.39600", "2012-10-31": "0.25100", "2012-07-31": "40.54900", "2012-04-30": "68.81800", "2012-01-31": "19.92300", "2011-10-31": "5.03500", "2011-07-31": "35.09100", "2011-04-30": "60.25000", "2011-01-31": "17.28200", "2010-10-31": "3.24400", "2010-07-31": "33.41400", "2010-04-30": "45.66100", "2010-01-31": "10.91800", "2009-10-31": "-0.53200", "2009-07-31": "19.77700", "2009-04-30": "36.86100", "2009-01-31": "6.73100", "2008-10-31": "0.01300", "2008-07-31": "38.22700", "2008-04-30": "62.78400", "2008-01-31": "18.62700", "2007-10-31": "6.53400", "2007-07-31": "42.48600", "2007-04-30": "74.96600", "2007-01-31": "18.45000", "2006-10-31": "4.46200", "2006-07-31": "40.32200", "2006-04-30": "70.08200", "2006-01-31": "14.27900", "2005-10-31": "6.57100", "2005-07-31": "34.37700", "2005-04-30": "61.95800", "2005-01-31": "11.17600"}, "EBITDA": {"2020-10-31": "119.23340", "2020-07-31": "140.24600", "2020-04-30": "148.56100", "2020-01-31": "113.93200", "2019-10-31": "68.60100", "2019-07-31": "101.31700", "2019-04-30": "157.17200", "2019-01-31": "85.63700", "2018-10-31": "62.36490", "2018-07-31": "104.66100", "2018-04-30": "185.18800", "2018-01-31": "82.14800", "2017-10-31": "64.73310", "2017-07-31": "100.94900", "2017-04-30": "177.32800", "2017-01-31": "77.08600", "2016-10-31": "61.27930", "2016-07-31": "96.75900", "2016-04-30": "170.87500", "2016-01-31": "69.58000", "2015-10-31": "54.03100", "2015-07-31": "94.73600", "2015-04-30": "154.21900", "2015-01-31": "59.27100", "2014-10-31": "34.67690", "2014-07-31": "83.55200", "2014-04-30": "144.18300", "2014-01-31": "53.88300", "2013-10-31": "23.33700", "2013-07-31": "70.89400", "2013-04-30": "130.84400", "2013-01-31": "59.72100", "2012-10-31": "19.81220", "2012-07-31": "73.25000", "2012-04-30": "119.20400", "2012-01-31": "46.98100", "2011-10-31": "23.46190", "2011-07-31": "66.09500", "2011-04-30": "104.94400", "2011-01-31": "38.49200", "2010-10-31": "18.09910", "2010-07-31": "64.00900", "2010-04-30": "83.12900", "2010-01-31": "31.04000", "2009-10-31": "17.88300", "2009-07-31": "47.57800", "2009-04-30": "70.18100", "2009-01-31": "24.09000", "2008-10-31": "16.49790", "2008-07-31": "73.42600", "2008-04-30": "113.67300", "2008-01-31": "43.00600", "2007-10-31": "21.98890", "2007-07-31": "76.71500", "2007-04-30": "128.93200", "2007-01-31": "38.11800", "2006-10-31": "21.61300", "2006-07-31": "72.15800", "2006-04-30": "116.46600", "2006-01-31": "35.20300", "2005-10-31": "24.25400", "2005-07-31": "66.18400", "2005-04-30": "106.26400", "2005-01-31": "28.85300"}, "EBIT": {"2020-10-31": "93.48130", "2020-07-31": "115.95200", "2020-04-30": "125.79500", "2020-01-31": "91.12900", "2019-10-31": "43.30570", "2019-07-31": "73.94400", "2019-04-30": "137.72500", "2019-01-31": "70.05400", "2018-10-31": "42.99600", "2018-07-31": "92.89400", "2018-04-30": "170.27300", "2018-01-31": "66.92200", "2017-10-31": "47.46010", "2017-07-31": "87.78400", "2017-04-30": "159.29600", "2017-01-31": "60.57000", "2016-10-31": "43.51430", "2016-07-31": "81.95300", "2016-04-30": "155.09000", "2016-01-31": "53.83900", "2015-10-31": "36.83200", "2015-07-31": "79.40500", "2015-04-30": "138.45500", "2015-01-31": "44.42200", "2014-10-31": "19.64290", "2014-07-31": "72.03700", "2014-04-30": "130.87900", "2014-01-31": "40.59800", "2013-10-31": "8.40700", "2013-07-31": "58.58000", "2013-04-30": "117.47100", "2013-01-31": "46.20400", "2012-10-31": "4.10710", "2012-07-31": "60.98500", "2012-04-30": "106.50000", "2012-01-31": "34.02100", "2011-10-31": "9.20680", "2011-07-31": "54.72400", "2011-04-30": "93.35500", "2011-01-31": "27.20100", "2010-10-31": "5.54200", "2010-07-31": "53.80900", "2010-04-30": "72.12300", "2010-01-31": "19.79200", "2009-10-31": "2.88510", "2009-07-31": "39.61700", "2009-04-30": "58.99400", "2009-01-31": "13.70100", "2008-10-31": "0.49990", "2008-07-31": "63.06600", "2008-04-30": "102.82300", "2008-01-31": "32.02000", "2007-10-31": "10.14690", "2007-07-31": "66.84500", "2007-04-30": "118.87300", "2007-01-31": "27.78400", "2006-10-31": "10.53890", "2006-07-31": "61.72100", "2006-04-30": "105.94700", "2006-01-31": "24.66900", "2005-10-31": "11.53500", "2005-07-31": "54.66600", "2005-04-30": "97.10100", "2005-01-31": "19.42400"}, "Basic Shares Outstanding": {"2020-10-31": "107.65800", "2020-07-31": "107.71000", "2020-04-30": "107.55200", "2020-01-31": "107.42300", "2019-10-31": "106.77300", "2019-07-31": "107.00500", "2019-04-30": "106.67900", "2019-01-31": "106.25800", "2018-10-31": "106.36900", "2018-07-31": "105.75100", "2018-04-30": "106.42300", "2018-01-31": "107.22500", "2017-10-31": "108.31200", "2017-07-31": "108.45600", "2017-04-30": "108.20300", "2017-01-31": "108.62700", "2016-10-31": "109.83400", "2016-07-31": "109.96600", "2016-04-30": "109.80800", "2016-01-31": "110.02900", "2015-10-31": "111.13000", "2015-07-31": "110.62000", "2015-04-30": "111.72800", "2015-01-31": "112.08600", "2014-10-31": "112.71800", "2014-07-31": "111.93000", "2014-04-30": "112.98600", "2014-01-31": "114.04000", "2013-10-31": "115.84400", "2013-07-31": "115.30600", "2013-04-30": "116.26400", "2013-01-31": "116.96000", "2012-10-31": "118.89200", "2012-07-31": "118.09000", "2012-04-30": "119.75600", "2012-01-31": "119.97200", "2011-10-31": "125.06800", "2011-07-31": "124.70600", "2011-04-30": "125.78800", "2011-01-31": "127.43200", "2010-10-31": "131.92800", "2010-07-31": "129.85600", "2010-04-30": "134.85600", "2010-01-31": "136.12000", "2009-10-31": "143.15200", "2009-07-31": "143.92400", "2009-04-30": "145.58800", "2009-01-31": "145.46400", "2008-10-31": "150.94400", "2008-07-31": "151.60400", "2008-04-30": "152.95600", "2008-01-31": "153.54400", "2007-10-31": "162.72800", "2007-07-31": "162.27600", "2007-04-30": "164.39200", "2007-01-31": "164.55600", "2006-10-31": "171.54800", "2006-07-31": "171.40800", "2006-04-30": "173.50000", "2006-01-31": "174.43200", "2005-10-31": "178.85600", "2005-07-31": "177.97600", "2005-04-30": "179.01600", "2005-01-31": "184.54400"}, "Shares Outstanding": {"2020-10-31": "108.66300", "2020-07-31": "108.54300", "2020-04-30": "108.50000", "2020-01-31": "108.65500", "2019-10-31": "108.09000", "2019-07-31": "108.25300", "2019-04-30": "108.00700", "2019-01-31": "107.78100", "2018-10-31": "108.65700", "2018-07-31": "108.07000", "2018-04-30": "108.83500", "2018-01-31": "109.85500", "2017-10-31": "111.25200", "2017-07-31": "111.45700", "2017-04-30": "111.13800", "2017-01-31": "110.77400", "2016-10-31": "111.98700", "2016-07-31": "112.11200", "2016-04-30": "111.97200", "2016-01-31": "112.32600", "2015-10-31": "113.51400", "2015-07-31": "113.10400", "2015-04-30": "114.14600", "2015-01-31": "114.48400", "2014-10-31": "115.25500", "2014-07-31": "114.64000", "2014-04-30": "115.54600", "2014-01-31": "116.61200", "2013-10-31": "118.21000", "2013-07-31": "117.82600", "2013-04-30": "118.51400", "2013-01-31": "119.25600", "2012-10-31": "121.23600", "2012-07-31": "120.67200", "2012-04-30": "121.92000", "2012-01-31": "121.89400", "2011-10-31": "127.18800", "2011-07-31": "126.95800", "2011-04-30": "128.08000", "2011-01-31": "129.77200", "2010-10-31": "133.74800", "2010-07-31": "131.88800", "2010-04-30": "136.56800", "2010-01-31": "137.17600", "2009-10-31": "144.96000", "2009-07-31": "145.42800", "2009-04-30": "147.05200", "2009-01-31": "147.22000", "2008-10-31": "154.31600", "2008-07-31": "154.83200", "2008-04-30": "156.50400", "2008-01-31": "157.58000", "2007-10-31": "167.45600", "2007-07-31": "167.21200", "2007-04-30": "169.01200", "2007-01-31": "169.01200", "2006-10-31": "177.37600", "2006-07-31": "177.44000", "2006-04-30": "179.82800", "2006-01-31": "179.83600", "2005-10-31": "186.15600", "2005-07-31": "185.75200", "2005-04-30": "186.36800", "2005-01-31": "191.03200"}, "Basic EPS": {"2020-10-31": "0.66000", "2020-07-31": "0.83000", "2020-04-30": "0.92000", "2020-01-31": "0.65000", "2019-10-31": "0.36000", "2019-07-31": "0.57000", "2019-04-30": "1.08000", "2019-01-31": "0.56000", "2018-10-31": "0.37000", "2018-07-31": "0.75000", "2018-04-30": "1.23000", "2018-01-31": "0.21000", "2017-10-31": "0.32000", "2017-07-31": "0.63000", "2017-04-30": "1.11000", "2017-01-31": "0.41000", "2016-10-31": "0.27000", "2016-07-31": "0.51000", "2016-04-30": "0.96000", "2016-01-31": "0.36000", "2015-10-31": "0.21500", "2015-07-31": "0.48000", "2015-04-30": "0.84000", "2015-01-31": "0.27500", "2014-10-31": "0.10000", "2014-07-31": "0.44500", "2014-04-30": "0.77000", "2014-01-31": "0.22500", "2013-10-31": "0.04000", "2013-07-31": "0.35000", "2013-04-30": "0.67500", "2013-01-31": "0.27000", "2012-10-31": "0.00500", "2012-07-31": "0.34500", "2012-04-30": "0.57500", "2012-01-31": "0.16500", "2011-10-31": "0.04500", "2011-07-31": "0.28000", "2011-04-30": "0.48000", "2011-01-31": "0.13500", "2010-10-31": "0.03000", "2010-07-31": "0.25750", "2010-04-30": "0.33750", "2010-01-31": "0.08000", "2009-10-31": "0.00250", "2009-07-31": "0.13750", "2009-04-30": "0.25250", "2009-01-31": "0.04750", "2008-10-31": "0.00750", "2008-07-31": "0.25250", "2008-04-30": "0.41000", "2008-01-31": "0.12250", "2007-10-31": "0.04500", "2007-07-31": "0.26250", "2007-04-30": "0.45500", "2007-01-31": "0.11250", "2006-10-31": "0.03000", "2006-07-31": "0.23500", "2006-04-30": "0.40500", "2006-01-31": "0.08250", "2005-10-31": "0.04000", "2005-07-31": "0.19250", "2005-04-30": "0.34500", "2005-01-31": "0.06000"}, "EPS - Earnings Per Share": {"2020-10-31": "0.65000", "2020-07-31": "0.82000", "2020-04-30": "0.91000", "2020-01-31": "0.65000", "2019-10-31": "0.35000", "2019-07-31": "0.56000", "2019-04-30": "1.07000", "2019-01-31": "0.55000", "2018-10-31": "0.35000", "2018-07-31": "0.73000", "2018-04-30": "1.21000", "2018-01-31": "0.21000", "2017-10-31": "0.31000", "2017-07-31": "0.61000", "2017-04-30": "1.08000", "2017-01-31": "0.41000", "2016-10-31": "0.27000", "2016-07-31": "0.50000", "2016-04-30": "0.94000", "2016-01-31": "0.35000", "2015-10-31": "0.22000", "2015-07-31": "0.47000", "2015-04-30": "0.82000", "2015-01-31": "0.27000", "2014-10-31": "0.10000", "2014-07-31": "0.43500", "2014-04-30": "0.75500", "2014-01-31": "0.22000", "2013-10-31": "0.04500", "2013-07-31": "0.34000", "2013-04-30": "0.66000", "2013-01-31": "0.26500", "2012-10-31": "0.00500", "2012-07-31": "0.33500", "2012-04-30": "0.56500", "2012-01-31": "0.16500", "2011-10-31": "0.04750", "2011-07-31": "0.27500", "2011-04-30": "0.47000", "2011-01-31": "0.13250", "2010-10-31": "0.02750", "2010-07-31": "0.25250", "2010-04-30": "0.33500", "2010-01-31": "0.08000", "2009-10-31": "0.00250", "2009-07-31": "0.13500", "2009-04-30": "0.25000", "2009-01-31": "0.04500", "2008-10-31": "0.01000", "2008-07-31": "0.24750", "2008-04-30": "0.40000", "2008-01-31": "0.11750", "2007-10-31": "0.04250", "2007-07-31": "0.25500", "2007-04-30": "0.44250", "2007-01-31": "0.11000", "2006-10-31": "0.03000", "2006-07-31": "0.22750", "2006-04-30": "0.39000", "2006-01-31": "0.08000", "2005-10-31": "0.03750", "2005-07-31": "0.18500", "2005-04-30": "0.33250", "2005-01-31": "0.05750"}}, "balance sheet": {"Cash On Hand": {"2020-10-31": "479.89200", "2019-10-31": "151.82800", "2018-10-31": "289.12400", "2017-10-31": "310.25600", "2016-10-31": "273.55500", "2015-10-31": "126.27500", "2014-10-31": "314.87300", "2013-10-31": "182.99300", "2012-10-31": "125.85600", "2011-10-31": "80.88600", "2010-10-31": "177.36600", "2009-10-31": "187.77300", "2008-10-31": "99.35900", "2007-10-31": "62.04700", "2006-10-31": "55.52300", "2005-10-31": "41.40200"}, "Receivables": {"2020-10-31": "261.13500", "2019-10-31": "268.76800", "2018-10-31": "193.17800", "2017-10-31": "183.07300", "2016-10-31": "163.26500", "2015-10-31": "177.01300", "2014-10-31": "158.15800", "2013-10-31": "157.17100", "2012-10-31": "147.41000", "2011-10-31": "148.14000", "2010-10-31": "142.90100", "2009-10-31": "143.70900", "2008-10-31": "256.25900", "2007-10-31": "283.11500", "2006-10-31": "294.83300", "2005-10-31": "295.68300"}, "Inventory": {"2020-10-31": "652.43300", "2019-10-31": "651.66300", "2018-10-31": "358.25900", "2017-10-31": "328.99200", "2016-10-31": "307.03400", "2015-10-31": "334.51400", "2014-10-31": "274.60300", "2013-10-31": "240.08900", "2012-10-31": "251.11700", "2011-10-31": "223.03000", "2010-10-31": "194.40200", "2009-10-31": "176.27500", "2008-10-31": "207.08400", "2007-10-31": "251.27500", "2006-10-31": "238.54400", "2005-10-31": "235.34700"}, "Pre-Paid Expenses": {"2020-10-31": "34.18800", "2019-10-31": "50.63200", "2018-10-31": "54.07600", "2017-10-31": "37.56500", "2016-10-31": "35.15500", "2015-10-31": "34.78200", "2014-10-31": "33.58000", "2013-10-31": "33.25800", "2012-10-31": "24.43700", "2011-10-31": "18.30300", "2010-10-31": "10.76600", "2009-10-31": "14.91400", "2008-10-31": "27.49100", "2007-10-31": "10.67700", "2006-10-31": "9.43700", "2005-10-31": "16.08400"}, "Other Current Assets": {"2020-10-31": "", "2019-10-31": "", "2018-10-31": "", "2017-10-31": "", "2016-10-31": "", "2015-10-31": "", "2014-10-31": "", "2013-10-31": "", "2012-10-31": "", "2011-10-31": "", "2010-10-31": "", "2009-10-31": "", "2008-10-31": "", "2007-10-31": "", "2006-10-31": "", "2005-10-31": ""}, "Total Current Assets": {"2020-10-31": "1427.64800", "2019-10-31": "1122.89100", "2018-10-31": "894.63700", "2017-10-31": "859.88600", "2016-10-31": "779.00900", "2015-10-31": "672.58400", "2014-10-31": "824.03600", "2013-10-31": "653.26700", "2012-10-31": "612.13400", "2011-10-31": "532.88200", "2010-10-31": "584.97300", "2009-10-31": "582.13800", "2008-10-31": "643.94800", "2007-10-31": "664.92800", "2006-10-31": "654.18300", "2005-10-31": "647.07400"}, "Property, Plant, And Equipment": {"2020-10-31": "467.91900", "2019-10-31": "437.31700", "2018-10-31": "271.45900", "2017-10-31": "235.23000", "2016-10-31": "222.03800", "2015-10-31": "224.99500", "2014-10-31": "205.19500", "2013-10-31": "185.09600", "2012-10-31": "180.52300", "2011-10-31": "191.14000", "2010-10-31": "173.40700", "2009-10-31": "166.71600", "2008-10-31": "168.86700", "2007-10-31": "170.67200", "2006-10-31": "166.32300", "2005-10-31": "167.27700"}, "Long-Term Investments": {"2020-10-31": "19.74500", "2019-10-31": "24.14700", "2018-10-31": "", "2017-10-31": "", "2016-10-31": "", "2015-10-31": "", "2014-10-31": "", "2013-10-31": "", "2012-10-31": "", "2011-10-31": "", "2010-10-31": "", "2009-10-31": "", "2008-10-31": "", "2007-10-31": "", "2006-10-31": "", "2005-10-31": ""}, "Goodwill And Intangible Assets": {"2020-10-31": "832.38000", "2019-10-31": "714.62700", "2018-10-31": "330.93900", "2017-10-31": "308.77200", "2016-10-31": "302.87500", "2015-10-31": "314.54300", "2014-10-31": "115.68000", "2013-10-31": "120.22200", "2012-10-31": "124.06500", "2011-10-31": "127.56600", "2010-10-31": "109.36200", "2009-10-31": "109.73100", "2008-10-31": "105.02000", "2007-10-31": "100.89900", "2006-10-31": "86.69400", "2005-10-31": "86.64900"}, "Other Long-Term Assets": {"2020-10-31": "20.31800", "2019-10-31": "25.31400", "2018-10-31": "35.69700", "2017-10-31": "25.81600", "2016-10-31": "23.42200", "2015-10-31": "24.87300", "2014-10-31": "21.42900", "2013-10-31": "18.18200", "2012-10-31": "18.47700", "2011-10-31": "19.07500", "2010-10-31": "17.88000", "2009-10-31": "10.51200", "2008-10-31": "7.94900", "2007-10-31": "9.15300", "2006-10-31": "10.01100", "2005-10-31": "15.73700"}, "Total Long-Term Assets": {"2020-10-31": "1425.58000", "2019-10-31": "1207.65600", "2018-10-31": "676.34700", "2017-10-31": "633.90100", "2016-10-31": "605.56300", "2015-10-31": "631.07400", "2014-10-31": "368.37900", "2013-10-31": "349.48100", "2012-10-31": "323.06500", "2011-10-31": "337.78100", "2010-10-31": "300.64900", "2009-10-31": "290.54400", "2008-10-31": "288.31200", "2007-10-31": "285.90900", "2006-10-31": "264.89000", "2005-10-31": "269.66300"}, "Total Assets": {"2020-10-31": "2853.22800", "2019-10-31": "2330.54700", "2018-10-31": "1570.98400", "2017-10-31": "1493.78700", "2016-10-31": "1384.57200", "2015-10-31": "1303.65800", "2014-10-31": "1192.41500", "2013-10-31": "1002.74800", "2012-10-31": "935.19900", "2011-10-31": "870.66300", "2010-10-31": "885.62200", "2009-10-31": "872.68200", "2008-10-31": "932.26000", "2007-10-31": "950.83700", "2006-10-31": "919.07300", "2005-10-31": "916.73700"}, "Total Current Liabilities": {"2020-10-31": "855.79700", "2019-10-31": "756.97000", "2018-10-31": "532.63500", "2017-10-31": "521.79600", "2016-10-31": "463.83900", "2015-10-31": "443.73400", "2014-10-31": "400.42000", "2013-10-31": "388.84500", "2012-10-31": "378.12200", "2011-10-31": "359.08000", "2010-10-31": "368.28300", "2009-10-31": "316.80100", "2008-10-31": "324.45100", "2007-10-31": "341.47000", "2006-10-31": "342.62900", "2005-10-31": "341.20200"}, "Long Term Debt": {"2020-10-31": "691.25000", "2019-10-31": "620.89900", "2018-10-31": "312.54900", "2017-10-31": "305.62900", "2016-10-31": "328.47700", "2015-10-31": "354.81800", "2014-10-31": "347.31600", "2013-10-31": "223.54400", "2012-10-31": "223.48200", "2011-10-31": "225.17800", "2010-10-31": "223.57800", "2009-10-31": "225.04600", "2008-10-31": "227.51500", "2007-10-31": "227.59800", "2006-10-31": "175.00000", "2005-10-31": "175.00000"}, "Other Non-Current Liabilities": {"2020-10-31": "54.27700", "2019-10-31": "42.52100", "2018-10-31": "55.48700", "2017-10-31": "22.78300", "2016-10-31": "30.39100", "2015-10-31": "31.56900", "2014-10-31": "25.00500", "2013-10-31": "14.75300", "2012-10-31": "7.77000", "2011-10-31": "7.65100", "2010-10-31": "7.00700", "2009-10-31": "7.11300", "2008-10-31": "6.25600", "2007-10-31": "1.26900", "2006-10-31": "", "2005-10-31": ""}, "Total Long Term Liabilities": {"2020-10-31": "882.60300", "2019-10-31": "713.99900", "2018-10-31": "369.43300", "2017-10-31": "354.89900", "2016-10-31": "370.69800", "2015-10-31": "397.75900", "2014-10-31": "383.26800", "2013-10-31": "255.16500", "2012-10-31": "244.67500", "2011-10-31": "244.81600", "2010-10-31": "241.52900", "2009-10-31": "240.66900", "2008-10-31": "243.13400", "2007-10-31": "238.92900", "2006-10-31": "184.41500", "2005-10-31": "185.50100"}, "Total Liabilities": {"2020-10-31": "1738.40000", "2019-10-31": "1470.96900", "2018-10-31": "902.06800", "2017-10-31": "876.69500", "2016-10-31": "834.53700", "2015-10-31": "841.49300", "2014-10-31": "783.68800", "2013-10-31": "644.01000", "2012-10-31": "622.79700", "2011-10-31": "603.89600", "2010-10-31": "609.81200", "2009-10-31": "557.47000", "2008-10-31": "567.58500", "2007-10-31": "580.39900", "2006-10-31": "527.04400", "2005-10-31": "526.70300"}, "Common Stock Net": {"2020-10-31": "107.58300", "2019-10-31": "106.74200", "2018-10-31": "105.60100", "2017-10-31": "106.88300", "2016-10-31": "108.42700", "2015-10-31": "109.30200", "2014-10-31": "55.67800", "2013-10-31": "56.78900", "2012-10-31": "58.26600", "2011-10-31": "59.20600", "2010-10-31": "31.39500", "2009-10-31": "33.36900", "2008-10-31": "35.48500", "2007-10-31": "37.95100", "2006-10-31": "40.35600", "2005-10-31": "41.89900"}, "Retained Earnings (Accumulated Deficit)": {"2020-10-31": "1041.50700", "2019-10-31": "784.88500", "2018-10-31": "587.25200", "2017-10-31": "534.32900", "2016-10-31": "480.04400", "2015-10-31": "382.70600", "2014-10-31": "368.75400", "2013-10-31": "314.51900", "2012-10-31": "264.11000", "2011-10-31": "214.38700", "2010-10-31": "253.47700", "2009-10-31": "291.24600", "2008-10-31": "337.73400", "2007-10-31": "335.38400", "2006-10-31": "358.52200", "2005-10-31": "359.71600"}, "Comprehensive Income": {"2020-10-31": "-34.26200", "2019-10-31": "-32.04900", "2018-10-31": "-23.93700", "2017-10-31": "-24.12000", "2016-10-31": "-38.43600", "2015-10-31": "-29.84300", "2014-10-31": "-15.70500", "2013-10-31": "-12.57000", "2012-10-31": "-9.97400", "2011-10-31": "-6.82600", "2010-10-31": "-9.06200", "2009-10-31": "-9.40300", "2008-10-31": "-8.54400", "2007-10-31": "-2.89700", "2006-10-31": "-6.84900", "2005-10-31": "-11.58100"}, "Other Share Holders Equity": {"2020-10-31": "", "2019-10-31": "", "2018-10-31": "", "2017-10-31": "", "2016-10-31": "", "2015-10-31": "", "2014-10-31": "", "2013-10-31": "", "2012-10-31": "", "2011-10-31": "", "2010-10-31": "", "2009-10-31": "", "2008-10-31": "", "2007-10-31": "", "2006-10-31": "", "2005-10-31": ""}, "Share Holder Equity": {"2020-10-31": "1114.82800", "2019-10-31": "859.57800", "2018-10-31": "668.91600", "2017-10-31": "617.09200", "2016-10-31": "550.03500", "2015-10-31": "462.16500", "2014-10-31": "408.72700", "2013-10-31": "358.73800", "2012-10-31": "312.40200", "2011-10-31": "266.76700", "2010-10-31": "275.81000", "2009-10-31": "315.21200", "2008-10-31": "364.67500", "2007-10-31": "370.43800", "2006-10-31": "392.02900", "2005-10-31": "390.03400"}, "Total Liabilities And Share Holders Equity": {"2020-10-31": "2853.22800", "2019-10-31": "2330.54700", "2018-10-31": "1570.98400", "2017-10-31": "1493.78700", "2016-10-31": "1384.57200", "2015-10-31": "1303.65800", "2014-10-31": "1192.41500", "2013-10-31": "1002.74800", "2012-10-31": "935.19900", "2011-10-31": "870.66300", "2010-10-31": "885.62200", "2009-10-31": "872.68200", "2008-10-31": "932.26000", "2007-10-31": "950.83700", "2006-10-31": "919.07300", "2005-10-31": "916.73700"}}, "balance sheet, quarterly": {"Cash On Hand": {"2020-10-31": "479.89200", "2020-07-31": "394.14100", "2020-04-30": "200.00400", "2020-01-31": "108.91400", "2019-10-31": "151.82800", "2019-07-31": "143.31700", "2019-04-30": "180.07800", "2019-01-31": "249.96500", "2018-10-31": "289.12400", "2018-07-31": "250.87100", "2018-04-30": "206.10000", "2018-01-31": "219.73000", "2017-10-31": "310.25600", "2017-07-31": "335.02600", "2017-04-30": "265.19100", "2017-01-31": "158.89300", "2016-10-31": "273.55500", "2016-07-31": "277.24300", "2016-04-30": "174.63900", "2016-01-31": "118.14000", "2015-10-31": "126.27500", "2015-07-31": "110.33500", "2015-04-30": "109.29500", "2015-01-31": "82.91400", "2014-10-31": "314.87300", "2014-07-31": "177.89400", "2014-04-30": "129.90900", "2014-01-31": "104.02500", "2013-10-31": "182.99300", "2013-07-31": "161.18000", "2013-04-30": "80.34100", "2013-01-31": "60.70000", "2012-10-31": "125.85600", "2012-07-31": "143.05800", "2012-04-30": "82.57200", "2012-01-31": "71.80400", "2011-10-31": "80.88600", "2011-07-31": "118.11300", "2011-04-30": "106.86200", "2011-01-31": "94.41800", "2010-10-31": "177.36600", "2010-07-31": "163.37900", "2010-04-30": "180.38500", "2010-01-31": "158.21000", "2009-10-31": "187.77300", "2009-07-31": "130.73500", "2009-04-30": "29.67300", "2009-01-31": "35.59700", "2008-10-31": "99.35900", "2008-07-31": "55.01300", "2008-04-30": "32.05300", "2008-01-31": "29.76200", "2007-10-31": "62.04700", "2007-07-31": "94.19200", "2007-04-30": "40.79700", "2007-01-31": "30.05100", "2006-10-31": "55.52300", "2006-07-31": "24.81500", "2006-04-30": "27.24000", "2006-01-31": "19.74400", "2005-10-31": "41.40200", "2005-07-31": "34.66500", "2005-04-30": "14.44900", "2005-01-31": "7.46700"}, "Receivables": {"2020-10-31": "261.13500", "2020-07-31": "294.67200", "2020-04-30": "400.44400", "2020-01-31": "321.19200", "2019-10-31": "268.76800", "2019-07-31": "312.23900", "2019-04-30": "428.56700", "2019-01-31": "225.52800", "2018-10-31": "193.17800", "2018-07-31": "219.46900", "2018-04-30": "329.57000", "2018-01-31": "198.73600", "2017-10-31": "183.07300", "2017-07-31": "221.55100", "2017-04-30": "328.52400", "2017-01-31": "183.85000", "2016-10-31": "163.26500", "2016-07-31": "202.38900", "2016-04-30": "329.83700", "2016-01-31": "190.29700", "2015-10-31": "177.01300", "2015-07-31": "227.80600", "2015-04-30": "351.60200", "2015-01-31": "205.28700", "2014-10-31": "158.15800", "2014-07-31": "215.59500", "2014-04-30": "313.48900", "2014-01-31": "199.82900", "2013-10-31": "157.17100", "2013-07-31": "202.14800", "2013-04-30": "307.77000", "2013-01-31": "180.31700", "2012-10-31": "147.41000", "2012-07-31": "197.02300", "2012-04-30": "272.81900", "2012-01-31": "175.49800", "2011-10-31": "148.14000", "2011-07-31": "199.01200", "2011-04-30": "278.49100", "2011-01-31": "171.15500", "2010-10-31": "142.90100", "2010-07-31": "170.09600", "2010-04-30": "260.78900", "2010-01-31": "167.26000", "2009-10-31": "143.70900", "2009-07-31": "269.88600", "2009-04-30": "407.80100", "2009-01-31": "297.96200", "2008-10-31": "256.25900", "2008-07-31": "364.98800", "2008-04-30": "547.19200", "2008-01-31": "344.68200", "2007-10-31": "283.11500", "2007-07-31": "379.78800", "2007-04-30": "577.22300", "2007-01-31": "357.16500", "2006-10-31": "294.83300", "2006-07-31": "394.03800", "2006-04-30": "546.41300", "2006-01-31": "313.15700", "2005-10-31": "295.68300", "2005-07-31": "394.39500", "2005-04-30": "539.63300", "2005-01-31": "312.98400"}, "Inventory": {"2020-10-31": "652.43300", "2020-07-31": "656.20800", "2020-04-30": "714.16700", "2020-01-31": "738.96000", "2019-10-31": "651.66300", "2019-07-31": "620.61200", "2019-04-30": "611.33100", "2019-01-31": "416.65000", "2018-10-31": "358.25900", "2018-07-31": "364.49700", "2018-04-30": "394.80100", "2018-01-31": "439.34300", "2017-10-31": "328.99200", "2017-07-31": "349.02200", "2017-04-30": "341.57600", "2017-01-31": "402.10300", "2016-10-31": "307.03400", "2016-07-31": "327.11400", "2016-04-30": "369.07000", "2016-01-31": "422.03600", "2015-10-31": "334.51400", "2015-07-31": "350.19400", "2015-04-30": "341.44000", "2015-01-31": "364.39000", "2014-10-31": "274.60300", "2014-07-31": "293.76100", "2014-04-30": "302.47700", "2014-01-31": "304.92100", "2013-10-31": "240.08900", "2013-07-31": "258.92900", "2013-04-30": "309.99800", "2013-01-31": "335.70000", "2012-10-31": "251.11700", "2012-07-31": "234.79000", "2012-04-30": "250.80400", "2012-01-31": "272.47400", "2011-10-31": "223.03000", "2011-07-31": "232.36200", "2011-04-30": "259.82600", "2011-01-31": "239.73400", "2010-10-31": "194.40200", "2010-07-31": "177.19500", "2010-04-30": "174.40600", "2010-01-31": "191.07100", "2009-10-31": "176.27500", "2009-07-31": "160.58900", "2009-04-30": "215.77500", "2009-01-31": "238.70400", "2008-10-31": "207.08400", "2008-07-31": "211.76000", "2008-04-30": "265.42800", "2008-01-31": "295.92300", "2007-10-31": "251.27500", "2007-07-31": "243.43700", "2007-04-30": "247.90600", "2007-01-31": "307.41500", "2006-10-31": "238.54400", "2006-07-31": "255.03100", "2006-04-30": "248.13400", "2006-01-31": "295.68700", "2005-10-31": "235.34700", "2005-07-31": "235.14600", "2005-04-30": "256.92600", "2005-01-31": "276.36400"}, "Pre-Paid Expenses": {"2020-10-31": "34.18800", "2020-07-31": "39.22500", "2020-04-30": "59.93800", "2020-01-31": "51.44200", "2019-10-31": "50.63200", "2019-07-31": "54.23500", "2019-04-30": "50.29800", "2019-01-31": "41.78900", "2018-10-31": "54.07600", "2018-07-31": "38.18700", "2018-04-30": "47.75800", "2018-01-31": "43.03900", "2017-10-31": "37.56500", "2017-07-31": "42.55000", "2017-04-30": "41.27200", "2017-01-31": "36.47000", "2016-10-31": "35.15500", "2016-07-31": "39.65800", "2016-04-30": "36.68300", "2016-01-31": "36.98300", "2015-10-31": "34.78200", "2015-07-31": "39.74300", "2015-04-30": "38.21000", "2015-01-31": "41.08400", "2014-10-31": "33.58000", "2014-07-31": "33.76400", "2014-04-30": "29.21800", "2014-01-31": "35.50700", "2013-10-31": "33.25800", "2013-07-31": "27.42600", "2013-04-30": "30.43400", "2013-01-31": "25.29100", "2012-10-31": "24.43700", "2012-07-31": "24.43600", "2012-04-30": "23.28100", "2012-01-31": "18.79600", "2011-10-31": "18.30300", "2011-07-31": "20.25600", "2011-04-30": "15.26100", "2011-01-31": "14.36500", "2010-10-31": "10.76600", "2010-07-31": "12.30200", "2010-04-30": "12.15000", "2010-01-31": "18.44100", "2009-10-31": "14.91400", "2009-07-31": "12.22400", "2009-04-30": "16.40500", "2009-01-31": "23.81300", "2008-10-31": "27.49100", "2008-07-31": "14.81100", "2008-04-30": "13.69800", "2008-01-31": "14.62600", "2007-10-31": "10.67700", "2007-07-31": "13.01800", "2007-04-30": "12.90400", "2007-01-31": "14.90500", "2006-10-31": "9.43700", "2006-07-31": "14.62400", "2006-04-30": "18.68800", "2006-01-31": "18.04900", "2005-10-31": "16.08400", "2005-07-31": "14.14200", "2005-04-30": "13.47600", "2005-01-31": "14.75600"}, "Other Current Assets": {"2020-10-31": "", "2020-07-31": "", "2020-04-30": "", "2020-01-31": "", "2019-10-31": "", "2019-07-31": "", "2019-04-30": "", "2019-01-31": "", "2018-10-31": "", "2018-07-31": "", "2018-04-30": "", "2018-01-31": "", "2017-10-31": "", "2017-07-31": "", "2017-04-30": "", "2017-01-31": "", "2016-10-31": "", "2016-07-31": "", "2016-04-30": "", "2016-01-31": "", "2015-10-31": "", "2015-07-31": "", "2015-04-30": "", "2015-01-31": "", "2014-10-31": "", "2014-07-31": "", "2014-04-30": "", "2014-01-31": "", "2013-10-31": "", "2013-07-31": "", "2013-04-30": "", "2013-01-31": "", "2012-10-31": "", "2012-07-31": "", "2012-04-30": "", "2012-01-31": "", "2011-10-31": "", "2011-07-31": "", "2011-04-30": "", "2011-01-31": "", "2010-10-31": "", "2010-07-31": "", "2010-04-30": "", "2010-01-31": "", "2009-10-31": "", "2009-07-31": "", "2009-04-30": "", "2009-01-31": "", "2008-10-31": "", "2008-07-31": "", "2008-04-30": "", "2008-01-31": "", "2007-10-31": "", "2007-07-31": "", "2007-04-30": "", "2007-01-31": "", "2006-10-31": "", "2006-07-31": "", "2006-04-30": "", "2006-01-31": "", "2005-10-31": "", "2005-07-31": "", "2005-04-30": "", "2005-01-31": ""}, "Total Current Assets": {"2020-10-31": "1427.64800", "2020-07-31": "1384.24600", "2020-04-30": "1374.55300", "2020-01-31": "1220.50800", "2019-10-31": "1122.89100", "2019-07-31": "1130.40300", "2019-04-30": "1270.27400", "2019-01-31": "933.93200", "2018-10-31": "894.63700", "2018-07-31": "873.02400", "2018-04-30": "978.22900", "2018-01-31": "900.84800", "2017-10-31": "859.88600", "2017-07-31": "948.14900", "2017-04-30": "976.56300", "2017-01-31": "781.31600", "2016-10-31": "779.00900", "2016-07-31": "846.40400", "2016-04-30": "910.22900", "2016-01-31": "767.45600", "2015-10-31": "672.58400", "2015-07-31": "771.41700", "2015-04-30": "883.74900", "2015-01-31": "734.08900", "2014-10-31": "824.03600", "2014-07-31": "759.74900", "2014-04-30": "814.35400", "2014-01-31": "682.87200", "2013-10-31": "653.26700", "2013-07-31": "712.00700", "2013-04-30": "791.31100", "2013-01-31": "665.88600", "2012-10-31": "612.13400", "2012-07-31": "661.67500", "2012-04-30": "691.68500", "2012-01-31": "600.47200", "2011-10-31": "532.88200", "2011-07-31": "629.65100", "2011-04-30": "719.97500", "2011-01-31": "578.69100", "2010-10-31": "584.97300", "2010-07-31": "579.81900", "2010-04-30": "684.85000", "2010-01-31": "593.29800", "2009-10-31": "582.13800", "2009-07-31": "631.97600", "2009-04-30": "727.35800", "2009-01-31": "651.38700", "2008-10-31": "643.94800", "2008-07-31": "702.71900", "2008-04-30": "915.00400", "2008-01-31": "741.86300", "2007-10-31": "664.92800", "2007-07-31": "788.93400", "2007-04-30": "936.87200", "2007-01-31": "765.33700", "2006-10-31": "654.18300", "2006-07-31": "744.83400", "2006-04-30": "897.02900", "2006-01-31": "702.73600", "2005-10-31": "647.07400", "2005-07-31": "730.20900", "2005-04-30": "880.74900", "2005-01-31": "666.23300"}, "Property, Plant, And Equipment": {"2020-10-31": "467.91900", "2020-07-31": "457.89100", "2020-04-30": "453.76100", "2020-01-31": "431.25300", "2019-10-31": "437.31700", "2019-07-31": "426.41500", "2019-04-30": "425.38100", "2019-01-31": "279.27000", "2018-10-31": "271.45900", "2018-07-31": "249.50200", "2018-04-30": "245.34800", "2018-01-31": "234.44800", "2017-10-31": "235.23000", "2017-07-31": "226.92600", "2017-04-30": "224.27700", "2017-01-31": "226.91700", "2016-10-31": "222.03800", "2016-07-31": "220.87600", "2016-04-30": "222.06900", "2016-01-31": "221.52300", "2015-10-31": "224.99500", "2015-07-31": "220.32200", "2015-04-30": "219.94100", "2015-01-31": "214.78300", "2014-10-31": "205.19500", "2014-07-31": "202.82800", "2014-04-30": "192.75100", "2014-01-31": "189.18600", "2013-10-31": "185.09600", "2013-07-31": "179.94300", "2013-04-30": "177.06000", "2013-01-31": "173.26700", "2012-10-31": "180.52300", "2012-07-31": "177.72300", "2012-04-30": "184.62000", "2012-01-31": "188.27100", "2011-10-31": "191.14000", "2011-07-31": "187.64800", "2011-04-30": "180.31500", "2011-01-31": "172.64800", "2010-10-31": "173.40700", "2010-07-31": "168.00300", "2010-04-30": "165.51400", "2010-01-31": "165.92700", "2009-10-31": "166.71600", "2009-07-31": "165.97500", "2009-04-30": "165.56400", "2009-01-31": "167.72700", "2008-10-31": "168.86700", "2008-07-31": "173.81200", "2008-04-30": "172.20300", "2008-01-31": "170.56900", "2007-10-31": "170.67200", "2007-07-31": "170.74800", "2007-04-30": "169.12300", "2007-01-31": "169.30400", "2006-10-31": "166.32300", "2006-07-31": "163.70300", "2006-04-30": "163.72900", "2006-01-31": "165.07800", "2005-10-31": "167.27700", "2005-07-31": "166.89000", "2005-04-30": "170.33400", "2005-01-31": "160.71800"}, "Long-Term Investments": {"2020-10-31": "19.74500", "2020-07-31": "22.58000", "2020-04-30": "27.83600", "2020-01-31": "25.45500", "2019-10-31": "24.14700", "2019-07-31": "25.10800", "2019-04-30": "30.11000", "2019-01-31": "25.43000", "2018-10-31": "", "2018-07-31": "", "2018-04-30": "", "2018-01-31": "", "2017-10-31": "", "2017-07-31": "", "2017-04-30": "", "2017-01-31": "", "2016-10-31": "", "2016-07-31": "", "2016-04-30": "", "2016-01-31": "", "2015-10-31": "", "2015-07-31": "", "2015-04-30": "", "2015-01-31": "", "2014-10-31": "", "2014-07-31": "", "2014-04-30": "", "2014-01-31": "", "2013-10-31": "", "2013-07-31": "", "2013-04-30": "", "2013-01-31": "", "2012-10-31": "", "2012-07-31": "", "2012-04-30": "", "2012-01-31": "", "2011-10-31": "", "2011-07-31": "", "2011-04-30": "", "2011-01-31": "", "2010-10-31": "", "2010-07-31": "", "2010-04-30": "", "2010-01-31": "", "2009-10-31": "", "2009-07-31": "", "2009-04-30": "", "2009-01-31": "", "2008-10-31": "", "2008-07-31": "", "2008-04-30": "", "2008-01-31": "", "2007-10-31": "", "2007-07-31": "", "2007-04-30": "", "2007-01-31": "", "2006-10-31": "", "2006-07-31": "", "2006-04-30": "", "2006-01-31": "", "2005-10-31": "", "2005-07-31": "", "2005-04-30": "", "2005-01-31": ""}, "Goodwill And Intangible Assets": {"2020-10-31": "832.38000", "2020-07-31": "837.49800", "2020-04-30": "844.06100", "2020-01-31": "709.77900", "2019-10-31": "714.62700", "2019-07-31": "700.38900", "2019-04-30": "705.52000", "2019-01-31": "331.10800", "2018-10-31": "330.93900", "2018-07-31": "333.06900", "2018-04-30": "335.44600", "2018-01-31": "308.32000", "2017-10-31": "308.77200", "2017-07-31": "308.93600", "2017-04-30": "310.18300", "2017-01-31": "312.02800", "2016-10-31": "302.87500", "2016-07-31": "305.80100", "2016-04-30": "308.92800", "2016-01-31": "311.34500", "2015-10-31": "314.54300", "2015-07-31": "316.53100", "2015-04-30": "319.39600", "2015-01-31": "323.63800", "2014-10-31": "115.68000", "2014-07-31": "117.07300", "2014-04-30": "118.50300", "2014-01-31": "119.98800", "2013-10-31": "120.22200", "2013-07-31": "119.73100", "2013-04-30": "121.20200", "2013-01-31": "122.64400", "2012-10-31": "124.06500", "2012-07-31": "126.40800", "2012-04-30": "127.85900", "2012-01-31": "126.88400", "2011-10-31": "127.56600", "2011-07-31": "128.85900", "2011-04-30": "126.28500", "2011-01-31": "127.49200", "2010-10-31": "109.36200", "2010-07-31": "110.15000", "2010-04-30": "110.92700", "2010-01-31": "109.06300", "2009-10-31": "109.73100", "2009-07-31": "103.98100", "2009-04-30": "104.46600", "2009-01-31": "104.93300", "2008-10-31": "105.02000", "2008-07-31": "101.78100", "2008-04-30": "102.21900", "2008-01-31": "102.70800", "2007-10-31": "100.89900", "2007-07-31": "87.29400", "2007-04-30": "87.34800", "2007-01-31": "87.45600", "2006-10-31": "86.69400", "2006-07-31": "86.73400", "2006-04-30": "86.52100", "2006-01-31": "86.45700", "2005-10-31": "86.64900", "2005-07-31": "87.08600", "2005-04-30": "87.21500", "2005-01-31": "80.12500"}, "Other Long-Term Assets": {"2020-10-31": "20.31800", "2020-07-31": "20.24200", "2020-04-30": "22.57600", "2020-01-31": "25.31600", "2019-10-31": "25.31400", "2019-07-31": "23.81500", "2019-04-30": "30.23100", "2019-01-31": "13.48500", "2018-10-31": "35.69700", "2018-07-31": "35.57200", "2018-04-30": "33.73000", "2018-01-31": "28.43800", "2017-10-31": "25.81600", "2017-07-31": "25.77900", "2017-04-30": "30.61800", "2017-01-31": "25.78800", "2016-10-31": "23.42200", "2016-07-31": "26.14800", "2016-04-30": "30.01500", "2016-01-31": "24.35200", "2015-10-31": "24.87300", "2015-07-31": "25.31700", "2015-04-30": "29.62500", "2015-01-31": "24.02900", "2014-10-31": "21.42900", "2014-07-31": "22.22600", "2014-04-30": "27.69600", "2014-01-31": "21.77300", "2013-10-31": "18.18200", "2013-07-31": "19.35100", "2013-04-30": "25.38100", "2013-01-31": "22.34600", "2012-10-31": "18.47700", "2012-07-31": "20.64600", "2012-04-30": "25.19000", "2012-01-31": "21.30500", "2011-10-31": "19.07500", "2011-07-31": "20.42400", "2011-04-30": "23.81200", "2011-01-31": "15.96100", "2010-10-31": "17.88000", "2010-07-31": "18.00100", "2010-04-30": "21.07200", "2010-01-31": "12.77400", "2009-10-31": "10.51200", "2009-07-31": "9.31800", "2009-04-30": "7.48600", "2009-01-31": "7.68600", "2008-10-31": "7.94900", "2008-07-31": "7.53800", "2008-04-30": "7.95300", "2008-01-31": "9.30400", "2007-10-31": "9.15300", "2007-07-31": "11.26900", "2007-04-30": "11.05700", "2007-01-31": "10.47700", "2006-10-31": "10.01100", "2006-07-31": "8.19700", "2006-04-30": "8.35500", "2006-01-31": "12.03600", "2005-10-31": "15.73700", "2005-07-31": "17.20000", "2005-04-30": "18.34100", "2005-01-31": "21.46500"}, "Total Long-Term Assets": {"2020-10-31": "1425.58000", "2020-07-31": "1429.61700", "2020-04-30": "1436.92200", "2020-01-31": "1271.10100", "2019-10-31": "1207.65600", "2019-07-31": "1179.33000", "2019-04-30": "1195.72600", "2019-01-31": "688.88200", "2018-10-31": "676.34700", "2018-07-31": "661.73300", "2018-04-30": "657.51800", "2018-01-31": "615.95800", "2017-10-31": "633.90100", "2017-07-31": "621.39500", "2017-04-30": "622.19490", "2017-01-31": "621.59700", "2016-10-31": "605.56300", "2016-07-31": "618.04100", "2016-04-30": "629.42500", "2016-01-31": "623.22000", "2015-10-31": "631.07400", "2015-07-31": "588.53410", "2015-04-30": "595.37800", "2015-01-31": "588.07900", "2014-10-31": "368.37900", "2014-07-31": "368.07800", "2014-04-30": "364.89200", "2014-01-31": "356.72300", "2013-10-31": "349.48100", "2013-07-31": "319.12300", "2013-04-30": "323.64300", "2013-01-31": "318.25700", "2012-10-31": "323.06500", "2012-07-31": "324.85300", "2012-04-30": "337.66900", "2012-01-31": "336.53500", "2011-10-31": "337.78100", "2011-07-31": "337.89600", "2011-04-30": "332.55200", "2011-01-31": "318.02000", "2010-10-31": "300.64900", "2010-07-31": "299.83300", "2010-04-30": "301.13900", "2010-01-31": "291.33600", "2009-10-31": "290.54400", "2009-07-31": "285.71900", "2009-04-30": "283.98600", "2009-01-31": "286.80000", "2008-10-31": "288.31200", "2008-07-31": "289.61600", "2008-04-30": "288.88300", "2008-01-31": "289.24600", "2007-10-31": "285.90900", "2007-07-31": "271.17200", "2007-04-30": "269.38900", "2007-01-31": "269.09900", "2006-10-31": "264.89000", "2006-07-31": "258.63400", "2006-04-30": "258.60500", "2006-01-31": "263.57100", "2005-10-31": "269.66300", "2005-07-31": "271.17600", "2005-04-30": "275.89000", "2005-01-31": "262.34700"}, "Total Assets": {"2020-10-31": "2853.22800", "2020-07-31": "2813.86300", "2020-04-30": "2811.47500", "2020-01-31": "2491.60900", "2019-10-31": "2330.54700", "2019-07-31": "2309.73300", "2019-04-30": "2466.00000", "2019-01-31": "1622.81400", "2018-10-31": "1570.98400", "2018-07-31": "1534.75700", "2018-04-30": "1635.74700", "2018-01-31": "1516.80600", "2017-10-31": "1493.78700", "2017-07-31": "1569.54400", "2017-04-30": "1598.75800", "2017-01-31": "1402.91300", "2016-10-31": "1384.57200", "2016-07-31": "1464.44500", "2016-04-30": "1539.65400", "2016-01-31": "1390.67600", "2015-10-31": "1303.65800", "2015-07-31": "1359.95100", "2015-04-30": "1479.12700", "2015-01-31": "1322.16800", "2014-10-31": "1192.41500", "2014-07-31": "1127.82700", "2014-04-30": "1179.24600", "2014-01-31": "1039.59500", "2013-10-31": "1002.74800", "2013-07-31": "1031.13000", "2013-04-30": "1114.95400", "2013-01-31": "984.14300", "2012-10-31": "935.19900", "2012-07-31": "986.52800", "2012-04-30": "1029.35400", "2012-01-31": "937.00700", "2011-10-31": "870.66300", "2011-07-31": "967.54700", "2011-04-30": "1052.52700", "2011-01-31": "896.71100", "2010-10-31": "885.62200", "2010-07-31": "879.65200", "2010-04-30": "985.98900", "2010-01-31": "884.63400", "2009-10-31": "872.68200", "2009-07-31": "917.69500", "2009-04-30": "1011.34400", "2009-01-31": "938.18700", "2008-10-31": "932.26000", "2008-07-31": "992.33500", "2008-04-30": "1203.88700", "2008-01-31": "1031.10900", "2007-10-31": "950.83700", "2007-07-31": "1060.10600", "2007-04-30": "1206.26100", "2007-01-31": "1034.43600", "2006-10-31": "919.07300", "2006-07-31": "1003.46800", "2006-04-30": "1155.63400", "2006-01-31": "966.30700", "2005-10-31": "916.73700", "2005-07-31": "1001.38500", "2005-04-30": "1156.63900", "2005-01-31": "928.58000"}, "Total Current Liabilities": {"2020-10-31": "855.79700", "2020-07-31": "797.11200", "2020-04-30": "855.73300", "2020-01-31": "824.30700", "2019-10-31": "756.97000", "2019-07-31": "756.40300", "2019-04-30": "841.77400", "2019-01-31": "564.97800", "2018-10-31": "532.63500", "2018-07-31": "511.67500", "2018-04-30": "652.40700", "2018-01-31": "572.48900", "2017-10-31": "521.79600", "2017-07-31": "543.89400", "2017-04-30": "622.41500", "2017-01-31": "519.12400", "2016-10-31": "463.83900", "2016-07-31": "513.41100", "2016-04-30": "600.60100", "2016-01-31": "550.41400", "2015-10-31": "443.73400", "2015-07-31": "498.97100", "2015-04-30": "619.24000", "2015-01-31": "508.20800", "2014-10-31": "400.42000", "2014-07-31": "459.74900", "2014-04-30": "538.62600", "2014-01-31": "443.42700", "2013-10-31": "388.84500", "2013-07-31": "408.94600", "2013-04-30": "498.60800", "2013-01-31": "427.49300", "2012-10-31": "378.12200", "2012-07-31": "404.82300", "2012-04-30": "476.73800", "2012-01-31": "405.30800", "2011-10-31": "359.08000", "2011-07-31": "397.66900", "2011-04-30": "491.02600", "2011-01-31": "387.44900", "2010-10-31": "368.28300", "2010-07-31": "365.69400", "2010-04-30": "422.53700", "2010-01-31": "319.89200", "2009-10-31": "316.80100", "2009-07-31": "308.59000", "2009-04-30": "373.79100", "2009-01-31": "332.34100", "2008-10-31": "324.45100", "2008-07-31": "347.51100", "2008-04-30": "547.17700", "2008-01-31": "431.64400", "2007-10-31": "341.47000", "2007-07-31": "351.19800", "2007-04-30": "521.53600", "2007-01-31": "539.46600", "2006-10-31": "342.62900", "2006-07-31": "380.69000", "2006-04-30": "525.76400", "2006-01-31": "389.60100", "2005-10-31": "341.20200", "2005-07-31": "398.28800", "2005-04-30": "559.43000", "2005-01-31": "388.34900"}, "Long Term Debt": {"2020-10-31": "691.25000", "2020-07-31": "782.03600", "2020-04-30": "790.90800", "2020-01-31": "601.01600", "2019-10-31": "620.89900", "2019-07-31": "620.80400", "2019-04-30": "721.07900", "2019-01-31": "312.55100", "2018-10-31": "312.54900", "2018-07-31": "312.48100", "2018-04-30": "299.30200", "2018-01-31": "302.46500", "2017-10-31": "305.62900", "2017-07-31": "308.79300", "2017-04-30": "311.95700", "2017-01-31": "315.31400", "2016-10-31": "328.47700", "2016-07-31": "331.64100", "2016-04-30": "334.82200", "2016-01-31": "337.96900", "2015-10-31": "354.81800", "2015-07-31": "358.05300", "2015-04-30": "361.42800", "2015-01-31": "364.66200", "2014-10-31": "347.31600", "2014-07-31": "223.80000", "2014-04-30": "223.85500", "2014-01-31": "223.83900", "2013-10-31": "223.54400", "2013-07-31": "223.52800", "2013-04-30": "223.51300", "2013-01-31": "223.49800", "2012-10-31": "223.48200", "2012-07-31": "223.46700", "2012-04-30": "223.70100", "2012-01-31": "223.68500", "2011-10-31": "225.17800", "2011-07-31": "225.16200", "2011-04-30": "224.89700", "2011-01-31": "225.10100", "2010-10-31": "223.57800", "2010-07-31": "224.31300", "2010-04-30": "224.29700", "2010-01-31": "224.06200", "2009-10-31": "225.04600", "2009-07-31": "225.52100", "2009-04-30": "225.90900", "2009-01-31": "226.39600", "2008-10-31": "227.51500", "2008-07-31": "227.26600", "2008-04-30": "227.75300", "2008-01-31": "228.24100", "2007-10-31": "227.59800", "2007-07-31": "223.15700", "2007-04-30": "223.14100", "2007-01-31": "100.00000", "2006-10-31": "175.00000", "2006-07-31": "175.00000", "2006-04-30": "175.00000", "2006-01-31": "175.00000", "2005-10-31": "175.00000", "2005-07-31": "175.01200", "2005-04-30": "175.02400", "2005-01-31": "175.03500"}, "Other Non-Current Liabilities": {"2020-10-31": "54.27700", "2020-07-31": "39.58500", "2020-04-30": "36.90100", "2020-01-31": "41.54500", "2019-10-31": "42.52100", "2019-07-31": "41.76400", "2019-04-30": "47.20500", "2019-01-31": "49.47800", "2018-10-31": "55.48700", "2018-07-31": "58.62900", "2018-04-30": "58.94100", "2018-01-31": "59.23200", "2017-10-31": "22.78300", "2017-07-31": "31.97100", "2017-04-30": "31.66700", "2017-01-31": "30.26700", "2016-10-31": "30.39100", "2016-07-31": "29.58500", "2016-04-30": "30.05800", "2016-01-31": "31.11800", "2015-10-31": "31.56900", "2015-07-31": "26.43000", "2015-04-30": "24.21100", "2015-01-31": "24.64600", "2014-10-31": "25.00500", "2014-07-31": "14.47400", "2014-04-30": "14.35500", "2014-01-31": "14.40700", "2013-10-31": "14.75300", "2013-07-31": "6.59200", "2013-04-30": "6.28700", "2013-01-31": "6.53100", "2012-10-31": "7.77000", "2012-07-31": "7.82200", "2012-04-30": "7.61400", "2012-01-31": "7.92000", "2011-10-31": "7.65100", "2011-07-31": "7.56000", "2011-04-30": "7.39100", "2011-01-31": "7.33000", "2010-10-31": "7.00700", "2010-07-31": "7.68000", "2010-04-30": "7.95100", "2010-01-31": "7.52600", "2009-10-31": "7.11300", "2009-07-31": "6.27400", "2009-04-30": "6.25600", "2009-01-31": "6.22700", "2008-10-31": "6.25600", "2008-07-31": "6.46400", "2008-04-30": "6.54900", "2008-01-31": "6.89300", "2007-10-31": "1.26900", "2007-07-31": "", "2007-04-30": "", "2007-01-31": "", "2006-10-31": "", "2006-07-31": "", "2006-04-30": "", "2006-01-31": "", "2005-10-31": "", "2005-07-31": "", "2005-04-30": "", "2005-01-31": ""}, "Total Long Term Liabilities": {"2020-10-31": "882.60300", "2020-07-31": "962.71910", "2020-04-30": "970.79200", "2020-01-31": "755.25200", "2019-10-31": "713.99900", "2019-07-31": "709.50800", "2019-04-30": "818.94900", "2019-01-31": "363.43900", "2018-10-31": "369.43300", "2018-07-31": "372.83800", "2018-04-30": "360.01300", "2018-01-31": "363.53600", "2017-10-31": "354.89900", "2017-07-31": "365.72800", "2017-04-30": "368.57200", "2017-01-31": "370.75300", "2016-10-31": "370.69800", "2016-07-31": "373.18400", "2016-04-30": "376.44500", "2016-01-31": "380.33300", "2015-10-31": "397.75900", "2015-07-31": "395.80700", "2015-04-30": "396.88300", "2015-01-31": "400.12000", "2014-10-31": "383.26800", "2014-07-31": "255.34500", "2014-04-30": "255.07000", "2014-01-31": "254.72800", "2013-10-31": "255.16500", "2013-07-31": "243.56500", "2013-04-30": "243.30300", "2013-01-31": "243.80700", "2012-10-31": "244.67500", "2012-07-31": "243.95800", "2012-04-30": "242.04200", "2012-01-31": "242.97000", "2011-10-31": "244.81600", "2011-07-31": "243.49800", "2011-04-30": "242.96100", "2011-01-31": "243.16500", "2010-10-31": "241.52900", "2010-07-31": "242.32500", "2010-04-30": "241.81500", "2010-01-31": "239.49200", "2009-10-31": "240.66900", "2009-07-31": "240.31200", "2009-04-30": "240.92000", "2009-01-31": "241.40800", "2008-10-31": "243.13400", "2008-07-31": "243.10200", "2008-04-30": "244.56600", "2008-01-31": "245.32700", "2007-10-31": "238.92900", "2007-07-31": "233.51100", "2007-04-30": "232.82200", "2007-01-31": "109.14200", "2006-10-31": "184.41500", "2006-07-31": "185.47700", "2006-04-30": "185.22800", "2006-01-31": "185.29500", "2005-10-31": "185.50100", "2005-07-31": "188.16700", "2005-04-30": "186.68800", "2005-01-31": "187.03800"}, "Total Liabilities": {"2020-10-31": "1738.40000", "2020-07-31": "1759.83100", "2020-04-30": "1826.52500", "2020-01-31": "1579.55900", "2019-10-31": "1470.96900", "2019-07-31": "1465.91100", "2019-04-30": "1660.72300", "2019-01-31": "928.41700", "2018-10-31": "902.06800", "2018-07-31": "884.51300", "2018-04-30": "1012.42000", "2018-01-31": "936.02500", "2017-10-31": "876.69500", "2017-07-31": "909.62200", "2017-04-30": "990.98700", "2017-01-31": "889.87700", "2016-10-31": "834.53700", "2016-07-31": "886.59500", "2016-04-30": "977.04600", "2016-01-31": "930.74700", "2015-10-31": "841.49300", "2015-07-31": "894.77800", "2015-04-30": "1016.12300", "2015-01-31": "908.32800", "2014-10-31": "783.68800", "2014-07-31": "715.09400", "2014-04-30": "793.69600", "2014-01-31": "698.15500", "2013-10-31": "644.01000", "2013-07-31": "652.51100", "2013-04-30": "741.91100", "2013-01-31": "671.30000", "2012-10-31": "622.79700", "2012-07-31": "648.78100", "2012-04-30": "718.78000", "2012-01-31": "648.27800", "2011-10-31": "603.89600", "2011-07-31": "641.16700", "2011-04-30": "733.98700", "2011-01-31": "630.61400", "2010-10-31": "609.81200", "2010-07-31": "608.01900", "2010-04-30": "664.36200", "2010-01-31": "559.38400", "2009-10-31": "557.47000", "2009-07-31": "548.90200", "2009-04-30": "614.71100", "2009-01-31": "573.74900", "2008-10-31": "567.58500", "2008-07-31": "590.61300", "2008-04-30": "791.74300", "2008-01-31": "676.97100", "2007-10-31": "580.39900", "2007-07-31": "584.70900", "2007-04-30": "754.35800", "2007-01-31": "648.60800", "2006-10-31": "527.04400", "2006-07-31": "566.16700", "2006-04-30": "710.99200", "2006-01-31": "574.89600", "2005-10-31": "526.70300", "2005-07-31": "586.45500", "2005-04-30": "746.11800", "2005-01-31": "575.38700"}, "Common Stock Net": {"2020-10-31": "107.58300", "2020-07-31": "107.26400", "2020-04-30": "107.11100", "2020-01-31": "106.97700", "2019-10-31": "106.74200", "2019-07-31": "106.54900", "2019-04-30": "106.43400", "2019-01-31": "105.74700", "2018-10-31": "105.60100", "2018-07-31": "105.29700", "2018-04-30": "105.45600", "2018-01-31": "106.43500", "2017-10-31": "106.88300", "2017-07-31": "107.88300", "2017-04-30": "107.88000", "2017-01-31": "107.57500", "2016-10-31": "108.42700", "2016-07-31": "109.29000", "2016-04-30": "109.52000", "2016-01-31": "108.96500", "2015-10-31": "109.30200", "2015-07-31": "54.83500", "2015-04-30": "55.26500", "2015-01-31": "55.64600", "2014-10-31": "55.67800", "2014-07-31": "55.70600", "2014-04-30": "55.88700", "2014-01-31": "56.43600", "2013-10-31": "56.78900", "2013-07-31": "57.14300", "2013-04-30": "57.61600", "2013-01-31": "57.85500", "2012-10-31": "58.26600", "2012-07-31": "58.77100", "2012-04-30": "58.82700", "2012-01-31": "59.79700", "2011-10-31": "59.20600", "2011-07-31": "61.28300", "2011-04-30": "30.99900", "2011-01-31": "31.10700", "2010-10-31": "31.39500", "2010-07-31": "31.31000", "2010-04-30": "32.76300", "2010-01-31": "33.61500", "2009-10-31": "33.36900", "2009-07-31": "34.44200", "2009-04-30": "35.89200", "2009-01-31": "35.80400", "2008-10-31": "35.48500", "2008-07-31": "36.12300", "2008-04-30": "37.36500", "2008-01-31": "37.45100", "2007-10-31": "37.95100", "2007-07-31": "39.77400", "2007-04-30": "40.10900", "2007-01-31": "40.22500", "2006-10-31": "40.35600", "2006-07-31": "41.37500", "2006-04-30": "42.37200", "2006-01-31": "42.56100", "2005-10-31": "41.89900", "2005-07-31": "42.65300", "2005-04-30": "43.26800", "2005-01-31": "43.25800"}, "Retained Earnings (Accumulated Deficit)": {"2020-10-31": "1041.50700", "2020-07-31": "981.34400", "2020-04-30": "911.54100", "2020-01-31": "837.19400", "2019-10-31": "784.88500", "2019-07-31": "763.94100", "2019-04-30": "723.95900", "2019-01-31": "613.16500", "2018-10-31": "587.25200", "2018-07-31": "568.38500", "2018-04-30": "538.47000", "2018-01-31": "490.37300", "2017-10-31": "534.32900", "2017-07-31": "578.55800", "2017-04-30": "535.64800", "2017-01-31": "443.55900", "2016-10-31": "480.04400", "2016-07-31": "505.13100", "2016-04-30": "484.57300", "2016-01-31": "386.65700", "2015-10-31": "382.70600", "2015-07-31": "439.08500", "2015-04-30": "431.89700", "2015-01-31": "379.24700", "2014-10-31": "368.75400", "2014-07-31": "368.02000", "2014-04-30": "340.48200", "2014-01-31": "298.49200", "2013-10-31": "314.51900", "2013-07-31": "335.94100", "2013-04-30": "324.18100", "2013-01-31": "264.05600", "2012-10-31": "264.11000", "2012-07-31": "289.89200", "2012-04-30": "259.39100", "2012-01-31": "235.12300", "2011-10-31": "214.38700", "2011-07-31": "266.94900", "2011-04-30": "289.57300", "2011-01-31": "243.54000", "2010-10-31": "253.47700", "2010-07-31": "251.81200", "2010-04-30": "298.96000", "2010-01-31": "300.75000", "2009-10-31": "291.24600", "2009-07-31": "343.10200", "2009-04-30": "374.33300", "2009-01-31": "342.08100", "2008-10-31": "337.73400", "2008-07-31": "364.38400", "2008-04-30": "374.33500", "2008-01-31": "320.07400", "2007-10-31": "335.38400", "2007-07-31": "439.78000", "2007-04-30": "416.69200", "2007-01-31": "351.99200", "2006-10-31": "358.52200", "2006-07-31": "405.94700", "2006-04-30": "413.56900", "2006-01-31": "360.33600", "2005-10-31": "359.71600", "2005-07-31": "383.69200", "2005-04-30": "376.26900", "2005-01-31": "320.05400"}, "Comprehensive Income": {"2020-10-31": "-34.26200", "2020-07-31": "-34.57600", "2020-04-30": "-33.70200", "2020-01-31": "-32.12100", "2019-10-31": "-32.04900", "2019-07-31": "-26.66800", "2019-04-30": "-25.11600", "2019-01-31": "-24.51500", "2018-10-31": "-23.93700", "2018-07-31": "-23.43800", "2018-04-30": "-20.59900", "2018-01-31": "-16.02700", "2017-10-31": "-24.12000", "2017-07-31": "-26.51900", "2017-04-30": "-35.75700", "2017-01-31": "-38.09800", "2016-10-31": "-38.43600", "2016-07-31": "-36.57100", "2016-04-30": "-31.48500", "2016-01-31": "-35.69300", "2015-10-31": "-29.84300", "2015-07-31": "-28.74700", "2015-04-30": "-24.15800", "2015-01-31": "-21.05300", "2014-10-31": "-15.70500", "2014-07-31": "-10.99300", "2014-04-30": "-10.81900", "2014-01-31": "-13.48800", "2013-10-31": "-12.57000", "2013-07-31": "-14.46500", "2013-04-30": "-8.75400", "2013-01-31": "-9.06800", "2012-10-31": "-9.97400", "2012-07-31": "-10.91600", "2012-04-30": "-7.64400", "2012-01-31": "-6.19100", "2011-10-31": "-6.82600", "2011-07-31": "-1.85200", "2011-04-30": "-2.03200", "2011-01-31": "-8.55000", "2010-10-31": "-9.06200", "2010-07-31": "-11.48900", "2010-04-30": "-10.08600", "2010-01-31": "-9.11500", "2009-10-31": "-9.40300", "2009-07-31": "-8.75100", "2009-04-30": "-13.59200", "2009-01-31": "-13.44700", "2008-10-31": "-8.54400", "2008-07-31": "1.21500", "2008-04-30": "0.44400", "2008-01-31": "-3.38700", "2007-10-31": "-2.89700", "2007-07-31": "-4.15700", "2007-04-30": "-4.89800", "2007-01-31": "-6.38900", "2006-10-31": "-6.84900", "2006-07-31": "-10.02100", "2006-04-30": "-11.29900", "2006-01-31": "-11.48600", "2005-10-31": "-11.58100", "2005-07-31": "-11.41500", "2005-04-30": "-9.01600", "2005-01-31": "-10.11900"}, "Other Share Holders Equity": {"2020-10-31": "", "2020-07-31": "", "2020-04-30": "", "2020-01-31": "", "2019-10-31": "", "2019-07-31": "", "2019-04-30": "", "2019-01-31": "", "2018-10-31": "", "2018-07-31": "", "2018-04-30": "", "2018-01-31": "", "2017-10-31": "", "2017-07-31": "", "2017-04-30": "", "2017-01-31": "", "2016-10-31": "", "2016-07-31": "", "2016-04-30": "", "2016-01-31": "", "2015-10-31": "", "2015-07-31": "", "2015-04-30": "", "2015-01-31": "", "2014-10-31": "", "2014-07-31": "", "2014-04-30": "", "2014-01-31": "", "2013-10-31": "", "2013-07-31": "", "2013-04-30": "", "2013-01-31": "", "2012-10-31": "", "2012-07-31": "", "2012-04-30": "", "2012-01-31": "", "2011-10-31": "", "2011-07-31": "", "2011-04-30": "", "2011-01-31": "", "2010-10-31": "", "2010-07-31": "", "2010-04-30": "", "2010-01-31": "", "2009-10-31": "", "2009-07-31": "", "2009-04-30": "", "2009-01-31": "", "2008-10-31": "", "2008-07-31": "", "2008-04-30": "", "2008-01-31": "", "2007-10-31": "", "2007-07-31": "", "2007-04-30": "", "2007-01-31": "", "2006-10-31": "", "2006-07-31": "", "2006-04-30": "", "2006-01-31": "", "2005-10-31": "", "2005-07-31": "", "2005-04-30": "", "2005-01-31": ""}, "Share Holder Equity": {"2020-10-31": "1114.82800", "2020-07-31": "1054.03200", "2020-04-30": "984.95000", "2020-01-31": "912.05000", "2019-10-31": "859.57800", "2019-07-31": "843.82200", "2019-04-30": "805.27700", "2019-01-31": "694.39700", "2018-10-31": "668.91600", "2018-07-31": "650.24400", "2018-04-30": "623.32700", "2018-01-31": "580.78100", "2017-10-31": "617.09200", "2017-07-31": "659.92200", "2017-04-30": "607.77100", "2017-01-31": "513.03600", "2016-10-31": "550.03500", "2016-07-31": "577.85000", "2016-04-30": "562.60800", "2016-01-31": "459.92900", "2015-10-31": "462.16500", "2015-07-31": "465.17300", "2015-04-30": "463.00400", "2015-01-31": "413.84000", "2014-10-31": "408.72700", "2014-07-31": "412.73300", "2014-04-30": "385.55000", "2014-01-31": "341.44000", "2013-10-31": "358.73800", "2013-07-31": "378.61900", "2013-04-30": "373.04300", "2013-01-31": "312.84300", "2012-10-31": "312.40200", "2012-07-31": "337.74700", "2012-04-30": "310.57400", "2012-01-31": "288.72900", "2011-10-31": "266.76700", "2011-07-31": "326.38000", "2011-04-30": "318.54000", "2011-01-31": "266.09700", "2010-10-31": "275.81000", "2010-07-31": "271.63300", "2010-04-30": "321.63700", "2010-01-31": "325.25000", "2009-10-31": "315.21200", "2009-07-31": "368.79300", "2009-04-30": "396.63300", "2009-01-31": "364.43800", "2008-10-31": "364.67500", "2008-07-31": "401.72200", "2008-04-30": "412.14400", "2008-01-31": "354.13800", "2007-10-31": "370.43800", "2007-07-31": "475.39700", "2007-04-30": "451.90300", "2007-01-31": "385.82800", "2006-10-31": "392.02900", "2006-07-31": "437.30100", "2006-04-30": "444.64200", "2006-01-31": "391.41100", "2005-10-31": "390.03400", "2005-07-31": "414.93000", "2005-04-30": "410.52100", "2005-01-31": "353.19300"}, "Total Liabilities And Share Holders Equity": {"2020-10-31": "2853.22800", "2020-07-31": "2813.86300", "2020-04-30": "2811.47500", "2020-01-31": "2491.60900", "2019-10-31": "2330.54700", "2019-07-31": "2309.73300", "2019-04-30": "2466.00000", "2019-01-31": "1622.81400", "2018-10-31": "1570.98400", "2018-07-31": "1534.75700", "2018-04-30": "1635.74700", "2018-01-31": "1516.80600", "2017-10-31": "1493.78700", "2017-07-31": "1569.54400", "2017-04-30": "1598.75800", "2017-01-31": "1402.91300", "2016-10-31": "1384.57200", "2016-07-31": "1464.44500", "2016-04-30": "1539.65400", "2016-01-31": "1390.67600", "2015-10-31": "1303.65800", "2015-07-31": "1359.95100", "2015-04-30": "1479.12700", "2015-01-31": "1322.16800", "2014-10-31": "1192.41500", "2014-07-31": "1127.82700", "2014-04-30": "1179.24600", "2014-01-31": "1039.59500", "2013-10-31": "1002.74800", "2013-07-31": "1031.13000", "2013-04-30": "1114.95400", "2013-01-31": "984.14300", "2012-10-31": "935.19900", "2012-07-31": "986.52800", "2012-04-30": "1029.35400", "2012-01-31": "937.00700", "2011-10-31": "870.66300", "2011-07-31": "967.54700", "2011-04-30": "1052.52700", "2011-01-31": "896.71100", "2010-10-31": "885.62200", "2010-07-31": "879.65200", "2010-04-30": "985.98900", "2010-01-31": "884.63400", "2009-10-31": "872.68200", "2009-07-31": "917.69500", "2009-04-30": "1011.34400", "2009-01-31": "938.18700", "2008-10-31": "932.26000", "2008-07-31": "992.33500", "2008-04-30": "1203.88700", "2008-01-31": "1031.10900", "2007-10-31": "950.83700", "2007-07-31": "1060.10600", "2007-04-30": "1206.26100", "2007-01-31": "1034.43600", "2006-10-31": "919.07300", "2006-07-31": "1003.46800", "2006-04-30": "1155.63400", "2006-01-31": "966.30700", "2005-10-31": "916.73700", "2005-07-31": "1001.38500", "2005-04-30": "1156.63900", "2005-01-31": "928.58000"}}, "cash flow statement": {"Net Income/Loss": {"2020-10-31": "329.70100", "2019-10-31": "273.98300", "2018-10-31": "271.93900", "2017-10-31": "267.71700", "2016-10-31": "230.99400", "2015-10-31": "201.59100", "2014-10-31": "173.87000", "2013-10-31": "154.84500", "2012-10-31": "129.54100", "2011-10-31": "117.65800", "2010-10-31": "93.23700", "2009-10-31": "62.83700", "2008-10-31": "119.65100", "2007-10-31": "142.43600", "2006-10-31": "129.14500", "2005-10-31": "114.08200"}, "Total Depreciation And Amortization - Cash Flow": {"2020-10-31": "95.61500", "2019-10-31": "87.69800", "2018-10-31": "61.27700", "2017-10-31": "64.98600", "2016-10-31": "64.09700", "2015-10-31": "63.14300", "2014-10-31": "53.13800", "2013-10-31": "54.13400", "2012-10-31": "53.63400", "2011-10-31": "48.50600", "2010-10-31": "45.01100", "2009-10-31": "44.53500", "2008-10-31": "48.19400", "2007-10-31": "42.10500", "2006-10-31": "42.56400", "2005-10-31": "42.82900"}, "Other Non-Cash Items": {"2020-10-31": "26.03100", "2019-10-31": "45.00200", "2018-10-31": "35.50100", "2017-10-31": "4.72000", "2016-10-31": "20.97200", "2015-10-31": "6.94700", "2014-10-31": "-0.67100", "2013-10-31": "3.28900", "2012-10-31": "3.30100", "2011-10-31": "0.72700", "2010-10-31": "6.69800", "2009-10-31": "8.92500", "2008-10-31": "0.76800", "2007-10-31": "6.93800", "2006-10-31": "6.38100", "2005-10-31": "1.53100"}, "Total Non-Cash Items": {"2020-10-31": "121.64600", "2019-10-31": "132.70000", "2018-10-31": "96.77800", "2017-10-31": "69.70600", "2016-10-31": "85.06900", "2015-10-31": "70.09000", "2014-10-31": "52.46700", "2013-10-31": "57.42300", "2012-10-31": "56.93500", "2011-10-31": "49.23300", "2010-10-31": "51.70900", "2009-10-31": "53.46000", "2008-10-31": "48.96200", "2007-10-31": "49.04300", "2006-10-31": "48.94500", "2005-10-31": "44.36000"}, "Change In Accounts Receivable": {"2020-10-31": "15.20600", "2019-10-31": "-11.04200", "2018-10-31": "-10.36500", "2017-10-31": "-17.70100", "2016-10-31": "15.78500", "2015-10-31": "-25.64700", "2014-10-31": "-5.04200", "2013-10-31": "-11.91200", "2012-10-31": "-0.49500", "2011-10-31": "-2.90800", "2010-10-31": "-0.08000", "2009-10-31": "126.72100", "2008-10-31": "14.77000", "2007-10-31": "9.03300", "2006-10-31": "0.07500", "2005-10-31": "7.38100"}, "Change In Inventories": {"2020-10-31": "20.96300", "2019-10-31": "-104.83200", "2018-10-31": "-29.77000", "2017-10-31": "-15.61100", "2016-10-31": "23.19200", "2015-10-31": "-52.65600", "2014-10-31": "-37.18300", "2013-10-31": "9.37300", "2012-10-31": "-21.97300", "2011-10-31": "-25.66700", "2010-10-31": "-9.92000", "2009-10-31": "40.03600", "2008-10-31": "29.94900", "2007-10-31": "-1.91500", "2006-10-31": "-0.52200", "2005-10-31": "-1.21000"}, "Change In Accounts Payable": {"2020-10-31": "", "2019-10-31": "", "2018-10-31": "", "2017-10-31": "", "2016-10-31": "", "2015-10-31": "", "2014-10-31": "", "2013-10-31": "", "2012-10-31": "", "2011-10-31": "", "2010-10-31": "", "2009-10-31": "", "2008-10-31": "", "2007-10-31": "", "2006-10-31": "", "2005-10-31": ""}, "Change In Assets/Liabilities": {"2020-10-31": "11.82800", "2019-10-31": "9.74700", "2018-10-31": "-11.74400", "2017-10-31": "-3.42400", "2016-10-31": "-0.90500", "2015-10-31": "-0.60700", "2014-10-31": "-3.24500", "2013-10-31": "-6.82500", "2012-10-31": "-6.74100", "2011-10-31": "-7.14400", "2010-10-31": "3.05600", "2009-10-31": "-4.36000", "2008-10-31": "0.71900", "2007-10-31": "-0.97700", "2006-10-31": "9.39000", "2005-10-31": "0.46200"}, "Total Change In Assets/Liabilities": {"2020-10-31": "87.53500", "2019-10-31": "-75.66900", "2018-10-31": "-4.41900", "2017-10-31": "23.12300", "2016-10-31": "68.68600", "2015-10-31": "-21.96100", "2014-10-31": "-44.00000", "2013-10-31": "9.59800", "2012-10-31": "-0.54600", "2011-10-31": "-53.01400", "2010-10-31": "48.56100", "2009-10-31": "135.17300", "2008-10-31": "47.10900", "2007-10-31": "-7.90500", "2006-10-31": "12.18100", "2005-10-31": "15.64100"}, "Cash Flow From Operating Activities": {"2020-10-31": "539.37400", "2019-10-31": "337.37100", "2018-10-31": "364.80500", "2017-10-31": "360.74800", "2016-10-31": "384.28500", "2015-10-31": "249.59200", "2014-10-31": "182.36500", "2013-10-31": "221.87600", "2012-10-31": "185.79800", "2011-10-31": "113.87700", "2010-10-31": "193.50700", "2009-10-31": "251.47000", "2008-10-31": "215.72200", "2007-10-31": "183.57400", "2006-10-31": "190.27100", "2005-10-31": "174.08300"}, "Net Change In Property, Plant, And Equipment": {"2020-10-31": "-77.85200", "2019-10-31": "-88.21200", "2018-10-31": "-89.97300", "2017-10-31": "-58.07700", "2016-10-31": "-50.41300", "2015-10-31": "-56.19500", "2014-10-31": "-70.65900", "2013-10-31": "-49.01400", "2012-10-31": "-42.75100", "2011-10-31": "-56.79400", "2010-10-31": "-48.12500", "2009-10-31": "-37.73100", "2008-10-31": "-47.89300", "2007-10-31": "-41.90100", "2006-10-31": "-38.85200", "2005-10-31": "-34.69200"}, "Net Change In Intangible Assets": {"2020-10-31": "", "2019-10-31": "", "2018-10-31": "", "2017-10-31": "", "2016-10-31": "", "2015-10-31": "", "2014-10-31": "", "2013-10-31": "", "2012-10-31": "", "2011-10-31": "", "2010-10-31": "", "2009-10-31": "", "2008-10-31": "", "2007-10-31": "", "2006-10-31": "", "2005-10-31": ""}, "Net Acquisitions/Divestitures": {"2020-10-31": "-138.22500", "2019-10-31": "-684.53000", "2018-10-31": "-31.20200", "2017-10-31": "-24.18100", "2016-10-31": "1.50000", "2015-10-31": "-198.32900", "2014-10-31": "-0.71500", "2013-10-31": "-2.10100", "2012-10-31": "-9.66300", "2011-10-31": "-15.15500", "2010-10-31": "-9.65700", "2009-10-31": "-6.40000", "2008-10-31": "-3.38200", "2007-10-31": "-9.88100", "2006-10-31": "", "2005-10-31": "-34.52000"}, "Net Change In Short-term Investments": {"2020-10-31": "", "2019-10-31": "", "2018-10-31": "", "2017-10-31": "", "2016-10-31": "", "2015-10-31": "", "2014-10-31": "", "2013-10-31": "", "2012-10-31": "", "2011-10-31": "", "2010-10-31": "", "2009-10-31": "", "2008-10-31": "", "2007-10-31": "", "2006-10-31": "", "2005-10-31": ""}, "Net Change In Long-Term Investments": {"2020-10-31": "", "2019-10-31": "", "2018-10-31": "", "2017-10-31": "-1.50000", "2016-10-31": "", "2015-10-31": "", "2014-10-31": "", "2013-10-31": "", "2012-10-31": "", "2011-10-31": "", "2010-10-31": "", "2009-10-31": "", "2008-10-31": "", "2007-10-31": "", "2006-10-31": "", "2005-10-31": ""}, "Net Change In Investments - Total": {"2020-10-31": "", "2019-10-31": "", "2018-10-31": "", "2017-10-31": "-1.50000", "2016-10-31": "", "2015-10-31": "", "2014-10-31": "", "2013-10-31": "", "2012-10-31": "", "2011-10-31": "", "2010-10-31": "", "2009-10-31": "", "2008-10-31": "", "2007-10-31": "", "2006-10-31": "", "2005-10-31": ""}, "Investing Activities - Other": {"2020-10-31": "", "2019-10-31": "-0.20000", "2018-10-31": "-6.75000", "2017-10-31": "", "2016-10-31": "", "2015-10-31": "", "2014-10-31": "5.67200", "2013-10-31": "6.34200", "2012-10-31": "5.09100", "2011-10-31": "2.67400", "2010-10-31": "-3.02400", "2009-10-31": "-1.82900", "2008-10-31": "-0.28500", "2007-10-31": "1.49400", "2006-10-31": "0.79000", "2005-10-31": "0.79300"}, "Cash Flow From Investing Activities": {"2020-10-31": "-216.07700", "2019-10-31": "-772.94200", "2018-10-31": "-127.92500", "2017-10-31": "-83.75800", "2016-10-31": "-48.91300", "2015-10-31": "-254.52400", "2014-10-31": "-65.70200", "2013-10-31": "-44.77300", "2012-10-31": "-47.32300", "2011-10-31": "-69.27500", "2010-10-31": "-60.80600", "2009-10-31": "-45.96000", "2008-10-31": "-51.56000", "2007-10-31": "-50.28800", "2006-10-31": "-38.06200", "2005-10-31": "-68.41900"}, "Net Long-Term Debt": {"2020-10-31": "90.00000", "2019-10-31": "389.00000", "2018-10-31": "-19.75700", "2017-10-31": "-19.13600", "2016-10-31": "-24.10700", "2015-10-31": "-7.22700", "2014-10-31": "129.55700", "2013-10-31": "-1.73900", "2012-10-31": "-1.85800", "2011-10-31": "-1.85700", "2010-10-31": "-3.64600", "2009-10-31": "-3.42200", "2008-10-31": "-1.49700", "2007-10-31": "46.49100", "2006-10-31": "-0.04600", "2005-10-31": "-0.04500"}, "Net Current Debt": {"2020-10-31": "", "2019-10-31": "", "2018-10-31": "", "2017-10-31": "", "2016-10-31": "-1.16100", "2015-10-31": "-21.28300", "2014-10-31": "19.49800", "2013-10-31": "-0.41500", "2012-10-31": "-0.92200", "2011-10-31": "-0.77600", "2010-10-31": "0.77600", "2009-10-31": "-2.32600", "2008-10-31": "2.88700", "2007-10-31": "-0.01000", "2006-10-31": "-0.00500", "2005-10-31": "-0.77400"}, "Debt Issuance/Retirement Net - Total": {"2020-10-31": "90.00000", "2019-10-31": "389.00000", "2018-10-31": "-19.75700", "2017-10-31": "-19.13600", "2016-10-31": "-25.26800", "2015-10-31": "-28.51000", "2014-10-31": "149.05500", "2013-10-31": "-2.15400", "2012-10-31": "-2.78000", "2011-10-31": "-2.63300", "2010-10-31": "-2.87000", "2009-10-31": "-5.74800", "2008-10-31": "1.39000", "2007-10-31": "46.48100", "2006-10-31": "-0.05100", "2005-10-31": "-0.81900"}, "Net Common Equity Issued/Repurchased": {"2020-10-31": "22.19800", "2019-10-31": "9.29300", "2018-10-31": "-143.19200", "2017-10-31": "-149.08000", "2016-10-31": "-89.76000", "2015-10-31": "-96.76100", "2014-10-31": "-95.84700", "2013-10-31": "-89.77900", "2012-10-31": "-73.04800", "2011-10-31": "-115.48800", "2010-10-31": "-119.09700", "2009-10-31": "-101.55700", "2008-10-31": "-106.35800", "2007-10-31": "-169.58800", "2006-10-31": "-135.86000", "2005-10-31": "-148.80800"}, "Net Total Equity Issued/Repurchased": {"2020-10-31": "22.19800", "2019-10-31": "9.29300", "2018-10-31": "-143.19200", "2017-10-31": "-149.08000", "2016-10-31": "-89.76000", "2015-10-31": "-96.76100", "2014-10-31": "-95.84700", "2013-10-31": "-89.77900", "2012-10-31": "-73.04800", "2011-10-31": "-115.48800", "2010-10-31": "-119.09700", "2009-10-31": "-101.55700", "2008-10-31": "-106.35800", "2007-10-31": "-169.58800", "2006-10-31": "-135.86000", "2005-10-31": "-148.80800"}, "Total Common And Preferred Stock Dividends Paid": {"2020-10-31": "-107.69800", "2019-10-31": "-96.13300", "2018-10-31": "-85.03100", "2017-10-31": "-75.75800", "2016-10-31": "-65.89000", "2015-10-31": "-55.54900", "2014-10-31": "-45.04800", "2013-10-31": "-32.49900", "2012-10-31": "-26.23000", "2011-10-31": "-24.97000", "2010-10-31": "-23.72100", "2009-10-31": "-21.40300", "2008-10-31": "-22.61500", "2007-10-31": "-19.45900", "2006-10-31": "-15.42100", "2005-10-31": "-10.75500"}, "Financial Activities - Other": {"2020-10-31": "-2.14600", "2019-10-31": "-2.66200", "2018-10-31": "-4.09500", "2017-10-31": "-1.29400", "2016-10-31": "-2.01300", "2015-10-31": "-1.00000", "2014-10-31": "8.85700", "2013-10-31": "6.13400", "2012-10-31": "9.01700", "2011-10-31": "2.98800", "2010-10-31": "3.39600", "2009-10-31": "7.40300", "2008-10-31": "3.52200", "2007-10-31": "13.77500", "2006-10-31": "13.13100", "2005-10-31": "5.98900"}, "Cash Flow From Financial Activities": {"2020-10-31": "2.35400", "2019-10-31": "299.49800", "2018-10-31": "-252.07500", "2017-10-31": "-245.26800", "2016-10-31": "-182.93100", "2015-10-31": "-181.82000", "2014-10-31": "17.01700", "2013-10-31": "-118.29800", "2012-10-31": "-93.04100", "2011-10-31": "-140.10300", "2010-10-31": "-142.29200", "2009-10-31": "-121.30500", "2008-10-31": "-124.06100", "2007-10-31": "-128.79100", "2006-10-31": "-138.20100", "2005-10-31": "-154.39300"}, "Net Cash Flow": {"2020-10-31": "328.06400", "2019-10-31": "-137.29600", "2018-10-31": "-21.13200", "2017-10-31": "36.70100", "2016-10-31": "147.28000", "2015-10-31": "-188.59800", "2014-10-31": "131.88000", "2013-10-31": "57.13700", "2012-10-31": "44.97000", "2011-10-31": "-96.48000", "2010-10-31": "-10.40700", "2009-10-31": "88.41400", "2008-10-31": "37.31200", "2007-10-31": "6.52400", "2006-10-31": "14.12100", "2005-10-31": "-49.35400"}, "Stock-Based Compensation": {"2020-10-31": "15.40800", "2019-10-31": "13.42900", "2018-10-31": "12.16100", "2017-10-31": "13.51700", "2016-10-31": "10.63700", "2015-10-31": "10.83600", "2014-10-31": "11.29100", "2013-10-31": "10.23700", "2012-10-31": "9.50300", "2011-10-31": "8.53300", "2010-10-31": "6.44200", "2009-10-31": "4.11600", "2008-10-31": "5.68400", "2007-10-31": "7.29300", "2006-10-31": "6.64100", "2005-10-31": "9.31200"}, "Common Stock Dividends Paid": {"2020-10-31": "-107.69800", "2019-10-31": "-96.13300", "2018-10-31": "-85.03100", "2017-10-31": "-75.75800", "2016-10-31": "-65.89000", "2015-10-31": "-55.54900", "2014-10-31": "-45.04800", "2013-10-31": "-32.49900", "2012-10-31": "-26.23000", "2011-10-31": "-24.97000", "2010-10-31": "-23.72100", "2009-10-31": "-21.40300", "2008-10-31": "-22.61500", "2007-10-31": "-19.45900", "2006-10-31": "-15.42100", "2005-10-31": "-10.75500"}}, "cash flow statement, quarterly": {"Net Income/Loss": {"2020-10-31": 72.196, "2020-07-31": 88.968, "2020-04-30": 98.446, "2020-01-31": "70.09100", "2019-10-31": 38.266, "2019-07-31": 60.607, "2019-04-30": 115.57, "2019-01-31": "59.54000", "2018-10-31": 39.037, "2018-07-31": 79.009, "2018-04-30": 131.289, "2018-01-31": "22.60400", "2017-10-31": 33.848, "2017-07-31": 68.404, "2017-04-30": 120.475, "2017-01-31": "44.99000", "2016-10-31": 30.23, "2016-07-31": 55.822, "2016-04-30": 105.681, "2016-01-31": "39.26100", "2015-10-31": 23.554, "2015-07-31": 53.324, "2015-04-30": 93.763, "2015-01-31": "30.95000", "2014-10-31": 10.902, "2014-07-31": 50.013, "2014-04-30": 87.086, "2014-01-31": "25.86900", "2013-10-31": 4.95, "2013-07-31": 40.097, "2013-04-30": 78.402, "2013-01-31": "31.39600", "2012-10-31": 0.251, "2012-07-31": 40.549, "2012-04-30": 68.818, "2012-01-31": "19.92300", "2011-10-31": 5.035, "2011-07-31": 35.091, "2011-04-30": 60.25, "2011-01-31": "17.28200", "2010-10-31": 3.244, "2010-07-31": 33.414, "2010-04-30": 45.661, "2010-01-31": "10.91800", "2009-10-31": -0.532, "2009-07-31": 19.777, "2009-04-30": 36.861, "2009-01-31": "6.73100", "2008-10-31": 0.013, "2008-07-31": 38.227, "2008-04-30": 62.784, "2008-01-31": "18.62700", "2007-10-31": 6.534, "2007-07-31": 42.486, "2007-04-30": 74.966, "2007-01-31": "18.45000", "2006-10-31": 4.462, "2006-07-31": 40.322, "2006-04-30": 70.082, "2006-01-31": "14.27900", "2005-10-31": 6.572, "2005-07-31": 34.376, "2005-04-30": 61.958, "2005-01-31": "11.17600"}, "Total Depreciation And Amortization - Cash Flow": {"2020-10-31": 25.752, "2020-07-31": 24.294, "2020-04-30": 22.766, "2020-01-31": "22.80300", "2019-10-31": 25.295, "2019-07-31": 27.373, "2019-04-30": 19.447, "2019-01-31": "15.58300", "2018-10-31": 19.369, "2018-07-31": 11.767, "2018-04-30": 14.915, "2018-01-31": "15.22600", "2017-10-31": 17.273, "2017-07-31": 13.165, "2017-04-30": 18.032, "2017-01-31": "16.51600", "2016-10-31": 17.765, "2016-07-31": 14.806, "2016-04-30": 15.785, "2016-01-31": "15.74100", "2015-10-31": 17.199, "2015-07-31": 15.331, "2015-04-30": 15.764, "2015-01-31": "14.84900", "2014-10-31": 15.034, "2014-07-31": 11.515, "2014-04-30": 13.304, "2014-01-31": "13.28500", "2013-10-31": 14.93, "2013-07-31": 12.314, "2013-04-30": 13.373, "2013-01-31": "13.51700", "2012-10-31": 15.705, "2012-07-31": 12.265, "2012-04-30": 12.704, "2012-01-31": "12.96000", "2011-10-31": 14.255, "2011-07-31": 11.371, "2011-04-30": 11.589, "2011-01-31": "11.29100", "2010-10-31": 12.557, "2010-07-31": 10.2, "2010-04-30": 11.006, "2010-01-31": "11.24800", "2009-10-31": 14.998, "2009-07-31": 7.961, "2009-04-30": 11.187, "2009-01-31": "10.38900", "2008-10-31": 15.998, "2008-07-31": 10.36, "2008-04-30": 10.85, "2008-01-31": "10.98600", "2007-10-31": 11.842, "2007-07-31": 9.87, "2007-04-30": 10.059, "2007-01-31": "10.33400", "2006-10-31": 11.074, "2006-07-31": 10.437, "2006-04-30": 10.519, "2006-01-31": "10.53400", "2005-10-31": 12.719, "2005-07-31": 11.518, "2005-04-30": 9.163, "2005-01-31": "9.42900"}, "Other Non-Cash Items": {"2020-10-31": 13.615, "2020-07-31": 7.013, "2020-04-30": 2.141, "2020-01-31": "3.26200", "2019-10-31": 5.557, "2019-07-31": 31.759, "2019-04-30": 7.875, "2019-01-31": "-0.18900", "2018-10-31": 8.934, "2018-07-31": 8.21, "2018-04-30": -2.005, "2018-01-31": "20.36200", "2017-10-31": 0.099, "2017-07-31": 5.25, "2017-04-30": -2.599, "2017-01-31": "1.97000", "2016-10-31": 20.295, "2016-07-31": -0.222, "2016-04-30": 0.3, "2016-01-31": "0.59900", "2015-10-31": 7.451, "2015-07-31": -0.778, "2015-04-30": -0.798, "2015-01-31": "1.07200", "2014-10-31": -3.508, "2014-07-31": 1.027, "2014-04-30": -2.696, "2014-01-31": "4.50600", "2013-10-31": 0.809, "2013-07-31": 0.395, "2013-04-30": 0.624, "2013-01-31": "1.46100", "2012-10-31": 0.8, "2012-07-31": 0.668, "2012-04-30": 0.745, "2012-01-31": "1.08800", "2011-10-31": -0.004, "2011-07-31": -0.112, "2011-04-30": 0.718, "2011-01-31": "0.12500", "2010-10-31": 2.735, "2010-07-31": 1.14, "2010-04-30": 1.387, "2010-01-31": "1.43600", "2009-10-31": 4.793, "2009-07-31": 1.836, "2009-04-30": 1.134, "2009-01-31": "1.16200", "2008-10-31": -2.345, "2008-07-31": 1.165, "2008-04-30": 1.756, "2008-01-31": "0.19200", "2007-10-31": 3.784, "2007-07-31": 1.282, "2007-04-30": -0.175, "2007-01-31": "2.04700", "2006-10-31": -0.976, "2006-07-31": 1.862, "2006-04-30": 2.059, "2006-01-31": "3.43600", "2005-10-31": 1.557, "2005-07-31": -1.625, "2005-04-30": 0.779, "2005-01-31": "0.82000"}, "Total Non-Cash Items": {"2020-10-31": 39.367, "2020-07-31": 31.307, "2020-04-30": 24.907, "2020-01-31": "26.06500", "2019-10-31": 30.852, "2019-07-31": 59.132, "2019-04-30": 27.322, "2019-01-31": "15.39400", "2018-10-31": 28.303, "2018-07-31": 19.977, "2018-04-30": 12.91, "2018-01-31": "35.58800", "2017-10-31": 17.372, "2017-07-31": 18.415, "2017-04-30": 15.433, "2017-01-31": "18.48600", "2016-10-31": 38.06, "2016-07-31": 14.584, "2016-04-30": 16.085, "2016-01-31": "16.34000", "2015-10-31": 24.65, "2015-07-31": 14.553, "2015-04-30": 14.966, "2015-01-31": "15.92100", "2014-10-31": 11.526, "2014-07-31": 12.542, "2014-04-30": 10.608, "2014-01-31": "17.79100", "2013-10-31": 15.739, "2013-07-31": 12.709, "2013-04-30": 13.997, "2013-01-31": "14.97800", "2012-10-31": 16.505, "2012-07-31": 12.933, "2012-04-30": 13.449, "2012-01-31": "14.04800", "2011-10-31": 14.251, "2011-07-31": 11.259, "2011-04-30": 12.307, "2011-01-31": "11.41600", "2010-10-31": 15.292, "2010-07-31": 11.34, "2010-04-30": 12.393, "2010-01-31": "12.68400", "2009-10-31": 19.791, "2009-07-31": 9.797, "2009-04-30": 12.321, "2009-01-31": "11.55100", "2008-10-31": 13.653, "2008-07-31": 11.525, "2008-04-30": 12.606, "2008-01-31": "11.17800", "2007-10-31": 15.626, "2007-07-31": 11.152, "2007-04-30": 9.884, "2007-01-31": "12.38100", "2006-10-31": 10.098, "2006-07-31": 12.299, "2006-04-30": 12.578, "2006-01-31": "13.97000", "2005-10-31": 14.276, "2005-07-31": 9.893, "2005-04-30": 9.942, "2005-01-31": "10.24900"}, "Change In Accounts Receivable": {"2020-10-31": 32.893, "2020-07-31": 108.952, "2020-04-30": -73.595, "2020-01-31": "-53.04400", "2019-10-31": 43.404, "2019-07-31": 115.374, "2019-04-30": -138.489, "2019-01-31": "-31.33100", "2018-10-31": 24.631, "2018-07-31": 108.951, "2018-04-30": -130.958, "2018-01-31": "-12.98900", "2017-10-31": 37.234, "2017-07-31": 109.56, "2017-04-30": -145.115, "2017-01-31": "-19.38000", "2016-10-31": 39.484, "2016-07-31": 126.373, "2016-04-30": -137.458, "2016-01-31": "-12.61400", "2015-10-31": 49.269, "2015-07-31": 118.636, "2015-04-30": -143.162, "2015-01-31": "-50.39000", "2014-10-31": 54.732, "2014-07-31": 96.649, "2014-04-30": -112.305, "2014-01-31": "-44.11800", "2013-10-31": 44.85, "2013-07-31": 103.772, "2013-04-30": -128.317, "2013-01-31": "-32.21700", "2012-10-31": 51.145, "2012-07-31": 74.575, "2012-04-30": -98.327, "2012-01-31": "-27.88800", "2011-10-31": 50.427, "2011-07-31": 78.098, "2011-04-30": -103.173, "2011-01-31": "-28.26000", "2010-10-31": 33.838, "2010-07-31": 91.032, "2010-04-30": -96.321, "2010-01-31": "-28.62900", "2009-10-31": 137.208, "2009-07-31": 139.892, "2009-04-30": -107.409, "2009-01-31": "-42.97000", "2008-10-31": 94.022, "2008-07-31": 181.736, "2008-04-30": -198.721, "2008-01-31": "-62.26700", "2007-10-31": 95.975, "2007-07-31": 196.04, "2007-04-30": -220.394, "2007-01-31": "-62.58800", "2006-10-31": 99.137, "2006-07-31": 152.801, "2006-04-30": -234.264, "2006-01-31": "-17.59900", "2005-10-31": 93.872, "2005-07-31": 151.592, "2005-04-30": -209.712, "2005-01-31": "-28.37100"}, "Change In Inventories": {"2020-10-31": 2.715, "2020-07-31": 61.343, "2020-04-30": 45.462, "2020-01-31": "-88.55700", "2019-10-31": -50.291, "2019-07-31": -49.858, "2019-04-30": 47.697, "2019-01-31": "-52.38000", "2018-10-31": 3.784, "2018-07-31": 29.021, "2018-04-30": 44.442, "2018-01-31": "-107.01700", "2017-10-31": 18.458, "2017-07-31": -3.969, "2017-04-30": 60.46, "2017-01-31": "-90.56000", "2016-10-31": 19.764, "2016-07-31": 40.846, "2016-04-30": 55.5, "2016-01-31": "-92.91800", "2015-10-31": 15.246, "2015-07-31": -11.803, "2015-04-30": 24.184, "2015-01-31": "-80.28300", "2014-10-31": 16.533, "2014-07-31": 8.356, "2014-04-30": 4.753, "2014-01-31": "-66.82500", "2013-10-31": 21.421, "2013-07-31": 47.034, "2013-04-30": 24.712, "2013-01-31": "-83.79400", "2012-10-31": -15.545, "2012-07-31": 14.842, "2012-04-30": 28.73, "2012-01-31": "-50.00000", "2011-10-31": 8.308, "2011-07-31": 27.515, "2011-04-30": -16.295, "2011-01-31": "-45.19500", "2010-10-31": -9.522, "2010-07-31": -3.561, "2010-04-30": 16.262, "2010-01-31": "-13.09900", "2009-10-31": -11.805, "2009-07-31": 59.223, "2009-04-30": 25.204, "2009-01-31": "-32.58600", "2008-10-31": -9.714, "2008-07-31": 53.583, "2008-04-30": 32.879, "2008-01-31": "-46.79900", "2007-10-31": -2.016, "2007-07-31": 5.729, "2007-04-30": 61.633, "2007-01-31": "-67.26100", "2006-10-31": 16.959, "2006-07-31": -6.642, "2006-04-30": 49.246, "2006-01-31": "-60.08500", "2005-10-31": -0.443, "2005-07-31": 19.481, "2005-04-30": 33.584, "2005-01-31": "-53.83200"}, "Change In Accounts Payable": {"2020-10-31": 0, "2020-07-31": 0, "2020-04-30": 0, "2020-01-31": "", "2019-10-31": 0, "2019-07-31": 0, "2019-04-30": 0, "2019-01-31": "", "2018-10-31": 0, "2018-07-31": 0, "2018-04-30": 0, "2018-01-31": "", "2017-10-31": 0, "2017-07-31": 0, "2017-04-30": 0, "2017-01-31": "", "2016-10-31": 0, "2016-07-31": 0, "2016-04-30": 0, "2016-01-31": "", "2015-10-31": 0, "2015-07-31": 0, "2015-04-30": 0, "2015-01-31": "", "2014-10-31": 0, "2014-07-31": 0, "2014-04-30": 0, "2014-01-31": "", "2013-10-31": 0, "2013-07-31": 0, "2013-04-30": 0, "2013-01-31": "", "2012-10-31": 0, "2012-07-31": 0, "2012-04-30": 0, "2012-01-31": "", "2011-10-31": 0, "2011-07-31": 0, "2011-04-30": 0, "2011-01-31": "", "2010-10-31": 0, "2010-07-31": 0, "2010-04-30": 0, "2010-01-31": "", "2009-10-31": 0, "2009-07-31": 0, "2009-04-30": 0, "2009-01-31": "", "2008-10-31": 0, "2008-07-31": 0, "2008-04-30": 0, "2008-01-31": "", "2007-10-31": 0, "2007-07-31": 0, "2007-04-30": 0, "2007-01-31": "", "2006-10-31": 0, "2006-07-31": 0, "2006-04-30": 0, "2006-01-31": "", "2005-10-31": 0, "2005-07-31": 0, "2005-04-30": 0, "2005-01-31": ""}, "Change In Assets/Liabilities": {"2020-10-31": 4.001, "2020-07-31": 10.697, "2020-04-30": -3.107, "2020-01-31": "0.23700", "2019-10-31": -0.987, "2019-07-31": 10.2, "2019-04-30": -7.585, "2019-01-31": "8.11900", "2018-10-31": -5.679, "2018-07-31": 2.337, "2018-04-30": -5.814, "2018-01-31": "-2.58800", "2017-10-31": 4.201, "2017-07-31": 2.084, "2017-04-30": -5.437, "2017-01-31": "-4.27200", "2016-10-31": 1.203, "2016-07-31": -2.017, "2016-04-30": 4.564, "2016-01-31": "-4.65500", "2015-10-31": 4.956, "2015-07-31": -0.395, "2015-04-30": -0.423, "2015-01-31": "-4.74500", "2014-10-31": -4.412, "2014-07-31": -3.118, "2014-04-30": 8.99, "2014-01-31": "-4.70500", "2013-10-31": -5.286, "2013-07-31": 1.947, "2013-04-30": -3.243, "2013-01-31": "-0.24300", "2012-10-31": -0.627, "2012-07-31": -1.048, "2012-04-30": -2.948, "2012-01-31": "-2.11800", "2011-10-31": 1.85, "2011-07-31": -4.982, "2011-04-30": -0.657, "2011-01-31": "-3.35500", "2010-10-31": 1.797, "2010-07-31": -0.212, "2010-04-30": 4.963, "2010-01-31": "-3.49200", "2009-10-31": -2.748, "2009-07-31": 1.595, "2009-04-30": 1.74, "2009-01-31": "-4.94700", "2008-10-31": 4.431, "2008-07-31": -0.842, "2008-04-30": 1.015, "2008-01-31": "-3.88500", "2007-10-31": 2.716, "2007-07-31": -1.371, "2007-04-30": 3.415, "2007-01-31": "-5.73700", "2006-10-31": 6.348, "2006-07-31": 3.851, "2006-04-30": 1.461, "2006-01-31": "-2.27000", "2005-10-31": -2.435, "2005-07-31": -1.292, "2005-04-30": 1.312, "2005-01-31": "2.87700"}, "Total Change In Assets/Liabilities": {"2020-10-31": 121.964, "2020-07-31": 114.569, "2020-04-30": -29.368, "2020-01-31": "-119.63000", "2019-10-31": 7.223, "2019-07-31": -29.014, "2019-04-30": -4.929, "2019-01-31": "-48.94900", "2018-10-31": 37.506, "2018-07-31": 21.992, "2018-04-30": -13.846, "2018-01-31": "-50.07100", "2017-10-31": 32.761, "2017-07-31": 22.023, "2017-04-30": 16.423, "2017-01-31": "-48.08400", "2016-10-31": 12.01, "2016-07-31": 85.14, "2016-04-30": 22.142, "2016-01-31": "-50.60600", "2015-10-31": 33.435, "2015-07-31": 4.909, "2015-04-30": 9.936, "2015-01-31": "-70.24100", "2014-10-31": -4.302, "2014-07-31": 23.676, "2014-04-30": -7.115, "2014-01-31": "-56.25900", "2013-10-31": 43.037, "2013-07-31": 68.767, "2013-04-30": -32.381, "2013-01-31": "-69.82500", "2012-10-31": 3.65, "2012-07-31": 22.426, "2012-04-30": 23.661, "2012-01-31": "-50.28300", "2011-10-31": 22.1, "2011-07-31": 8.21, "2011-04-30": -23.374, "2011-01-31": "-59.95000", "2010-10-31": 17.576, "2010-07-31": 31.855, "2010-04-30": 33.268, "2010-01-31": "-34.13800", "2009-10-31": 113.247, "2009-07-31": 162.255, "2009-04-30": -49.52, "2009-01-31": "-90.80900", "2008-10-31": 76.351, "2008-07-31": 187.245, "2008-04-30": -116.652, "2008-01-31": "-99.83500", "2007-10-31": 77.681, "2007-07-31": 150.405, "2007-04-30": -94.306, "2007-01-31": "-141.68500", "2006-10-31": 111.846, "2006-07-31": 101.943, "2006-04-30": -120.031, "2006-01-31": "-81.57700", "2005-10-31": 85.391, "2005-07-31": 111.983, "2005-04-30": -105.53, "2005-01-31": "-76.20300"}, "Cash Flow From Operating Activities": {"2020-10-31": 233.498, "2020-07-31": 234.991, "2020-04-30": 94.184, "2020-01-31": "-23.29900", "2019-10-31": 78.258, "2019-07-31": 95.123, "2019-04-30": 138.005, "2019-01-31": "25.98500", "2018-10-31": 105.436, "2018-07-31": 120.935, "2018-04-30": 130.339, "2018-01-31": "8.09500", "2017-10-31": 84.112, "2017-07-31": 108.913, "2017-04-30": 152.429, "2017-01-31": "15.29400", "2016-10-31": 80.3, "2016-07-31": 155.546, "2016-04-30": 143.908, "2016-01-31": "4.53100", "2015-10-31": 81.578, "2015-07-31": 72.766, "2015-04-30": 118.639, "2015-01-31": "-23.39100", "2014-10-31": 18.152, "2014-07-31": 86.264, "2014-04-30": 90.543, "2014-01-31": "-12.59400", "2013-10-31": 63.736, "2013-07-31": 121.492, "2013-04-30": 60.11, "2013-01-31": "-23.46200", "2012-10-31": 20.391, "2012-07-31": 75.912, "2012-04-30": 105.807, "2012-01-31": "-16.31200", "2011-10-31": 42.039, "2011-07-31": 53.907, "2011-04-30": 49.183, "2011-01-31": "-31.25200", "2010-10-31": 36.112, "2010-07-31": 76.609, "2010-04-30": 91.322, "2010-01-31": "-10.53600", "2009-10-31": 132.506, "2009-07-31": 191.829, "2009-04-30": -0.338, "2009-01-31": "-72.52700", "2008-10-31": 90.017, "2008-07-31": 236.997, "2008-04-30": -41.262, "2008-01-31": "-70.03000", "2007-10-31": 99.841, "2007-07-31": 204.043, "2007-04-30": -9.456, "2007-01-31": "-110.85400", "2006-10-31": 126.406, "2006-07-31": 154.564, "2006-04-30": -37.371, "2006-01-31": "-53.32800", "2005-10-31": 106.239, "2005-07-31": 156.252, "2005-04-30": -33.63, "2005-01-31": "-54.77800"}, "Net Change In Property, Plant, And Equipment": {"2020-10-31": -31.429, "2020-07-31": -19.302, "2020-04-30": -15.325, "2020-01-31": "-11.79600", "2019-10-31": -36.047, "2019-07-31": -18.849, "2019-04-30": -19.139, "2019-01-31": "-14.17700", "2018-10-31": -38.035, "2018-07-31": -16.573, "2018-04-30": -24.581, "2018-01-31": "-10.78400", "2017-10-31": -21.579, "2017-07-31": -14.225, "2017-04-30": -10.653, "2017-01-31": "-11.62000", "2016-10-31": -16.044, "2016-07-31": -11.95, "2016-04-30": -11.799, "2016-01-31": "-10.62000", "2015-10-31": -18.728, "2015-07-31": -10.263, "2015-04-30": -17.128, "2015-01-31": "-10.07600", "2014-10-31": -17.592, "2014-07-31": -20.5, "2014-04-30": -14.51, "2014-01-31": "-18.05700", "2013-10-31": -14.968, "2013-07-31": -14.611, "2013-04-30": -16.215, "2013-01-31": "-3.22000", "2012-10-31": -14.707, "2012-07-31": -6.235, "2012-04-30": -8.038, "2012-01-31": "-13.77100", "2011-10-31": -13.634, "2011-07-31": -17.33, "2011-04-30": -16.282, "2011-01-31": "-9.54800", "2010-10-31": -15.748, "2010-07-31": -11.938, "2010-04-30": -10.321, "2010-01-31": "-10.11800", "2009-10-31": -13.928, "2009-07-31": -6.512, "2009-04-30": -7.798, "2009-01-31": "-9.49300", "2008-10-31": -14.469, "2008-07-31": -11.816, "2008-04-30": -10.62, "2008-01-31": "-10.98800", "2007-10-31": -9.19, "2007-07-31": -11.076, "2007-04-30": -9.204, "2007-01-31": "-12.43100", "2006-10-31": -13.067, "2006-07-31": -9.417, "2006-04-30": -8.468, "2006-01-31": "-7.90000", "2005-10-31": -12.845, "2005-07-31": -9.092, "2005-04-30": -7.627, "2005-01-31": "-5.12800"}, "Net Change In Intangible Assets": {"2020-10-31": 0, "2020-07-31": 0, "2020-04-30": 0, "2020-01-31": "", "2019-10-31": 0, "2019-07-31": 0, "2019-04-30": 0, "2019-01-31": "", "2018-10-31": 0, "2018-07-31": 0, "2018-04-30": 0, "2018-01-31": "", "2017-10-31": 0, "2017-07-31": 0, "2017-04-30": 0, "2017-01-31": "", "2016-10-31": 0, "2016-07-31": 0, "2016-04-30": 0, "2016-01-31": "", "2015-10-31": 0, "2015-07-31": 0, "2015-04-30": 0, "2015-01-31": "", "2014-10-31": 0, "2014-07-31": 0, "2014-04-30": 0, "2014-01-31": "", "2013-10-31": 0, "2013-07-31": 0, "2013-04-30": 0, "2013-01-31": "", "2012-10-31": 0, "2012-07-31": 0, "2012-04-30": 0, "2012-01-31": "", "2011-10-31": 0, "2011-07-31": 0, "2011-04-30": 0, "2011-01-31": "", "2010-10-31": 0, "2010-07-31": 0, "2010-04-30": 0, "2010-01-31": "", "2009-10-31": 0, "2009-07-31": 0, "2009-04-30": 0, "2009-01-31": "", "2008-10-31": 0, "2008-07-31": 0, "2008-04-30": 0, "2008-01-31": "", "2007-10-31": 0, "2007-07-31": 0, "2007-04-30": 0, "2007-01-31": "", "2006-10-31": 0, "2006-07-31": 0, "2006-04-30": 0, "2006-01-31": "", "2005-10-31": 0, "2005-07-31": 0, "2005-04-30": 0, "2005-01-31": ""}, "Net Acquisitions/Divestitures": {"2020-10-31": 0, "2020-07-31": -1.794, "2020-04-30": -136.431, "2020-01-31": "", "2019-10-31": 7.292, "2019-07-31": 0.255, "2019-04-30": -679.579, "2019-01-31": "-12.49800", "2018-10-31": 0, "2018-07-31": 0, "2018-04-30": -31.202, "2018-01-31": "", "2017-10-31": 0, "2017-07-31": 0, "2017-04-30": -0.299, "2017-01-31": "-23.88200", "2016-10-31": 0, "2016-07-31": 0, "2016-04-30": 0, "2016-01-31": "1.50000", "2015-10-31": 0, "2015-07-31": 0, "2015-04-30": -0.547, "2015-01-31": "-197.78200", "2014-10-31": 0, "2014-07-31": 0, "2014-04-30": 0, "2014-01-31": "-0.71500", "2013-10-31": -2.101, "2013-07-31": 0, "2013-04-30": 0, "2013-01-31": "", "2012-10-31": 0, "2012-07-31": 0, "2012-04-30": -9.113, "2012-01-31": "-0.55000", "2011-10-31": -1.095, "2011-07-31": -2, "2011-04-30": 0, "2011-01-31": "-12.06000", "2010-10-31": -6.085, "2010-07-31": 0, "2010-04-30": -1.76, "2010-01-31": "-1.81200", "2009-10-31": -6.4, "2009-07-31": 0, "2009-04-30": 0, "2009-01-31": "", "2008-10-31": -3.43, "2008-07-31": 0, "2008-04-30": -0.104, "2008-01-31": "0.15200", "2007-10-31": -8.793, "2007-07-31": 0, "2007-04-30": 0, "2007-01-31": "-1.08800", "2006-10-31": 0, "2006-07-31": 0, "2006-04-30": 0, "2006-01-31": "", "2005-10-31": 0, "2005-07-31": 0, "2005-04-30": -35.285, "2005-01-31": "0.76500"}, "Net Change In Short-term Investments": {"2020-10-31": 0, "2020-07-31": 0, "2020-04-30": 0, "2020-01-31": "", "2019-10-31": 0, "2019-07-31": 0, "2019-04-30": 0, "2019-01-31": "", "2018-10-31": 0, "2018-07-31": 0, "2018-04-30": 0, "2018-01-31": "", "2017-10-31": 0, "2017-07-31": 0, "2017-04-30": 0, "2017-01-31": "", "2016-10-31": 0, "2016-07-31": 0, "2016-04-30": 0, "2016-01-31": "", "2015-10-31": 0, "2015-07-31": 0, "2015-04-30": 0, "2015-01-31": "", "2014-10-31": 0, "2014-07-31": 0, "2014-04-30": 0, "2014-01-31": "", "2013-10-31": 0, "2013-07-31": 0, "2013-04-30": 0, "2013-01-31": "", "2012-10-31": 0, "2012-07-31": 0, "2012-04-30": 0, "2012-01-31": "", "2011-10-31": 0, "2011-07-31": 0, "2011-04-30": 0, "2011-01-31": "", "2010-10-31": 0, "2010-07-31": 0, "2010-04-30": 0, "2010-01-31": "", "2009-10-31": 0, "2009-07-31": 0, "2009-04-30": 0, "2009-01-31": "", "2008-10-31": 0, "2008-07-31": 0, "2008-04-30": 0, "2008-01-31": "", "2007-10-31": 0, "2007-07-31": 0, "2007-04-30": 0, "2007-01-31": "", "2006-10-31": 0, "2006-07-31": 0, "2006-04-30": 0, "2006-01-31": "", "2005-10-31": 0, "2005-07-31": 0, "2005-04-30": 0, "2005-01-31": ""}, "Net Change In Long-Term Investments": {"2020-10-31": 0, "2020-07-31": 0, "2020-04-30": 0, "2020-01-31": "", "2019-10-31": 0.15, "2019-07-31": 0, "2019-04-30": 0, "2019-01-31": "-0.15000", "2018-10-31": 6.417, "2018-07-31": -6.084, "2018-04-30": -0.333, "2018-01-31": "", "2017-10-31": -1.5, "2017-07-31": 0, "2017-04-30": 0, "2017-01-31": "", "2016-10-31": 0, "2016-07-31": 0, "2016-04-30": 0, "2016-01-31": "", "2015-10-31": 0, "2015-07-31": 0, "2015-04-30": 0, "2015-01-31": "", "2014-10-31": 0, "2014-07-31": 0, "2014-04-30": 0, "2014-01-31": "", "2013-10-31": 0, "2013-07-31": 0, "2013-04-30": 0, "2013-01-31": "", "2012-10-31": 0, "2012-07-31": 0, "2012-04-30": 0, "2012-01-31": "", "2011-10-31": 0, "2011-07-31": 0, "2011-04-30": 0, "2011-01-31": "", "2010-10-31": 0, "2010-07-31": 0, "2010-04-30": 0, "2010-01-31": "", "2009-10-31": 0, "2009-07-31": 0, "2009-04-30": 0, "2009-01-31": "", "2008-10-31": 0, "2008-07-31": 0, "2008-04-30": 0, "2008-01-31": "", "2007-10-31": 0, "2007-07-31": 0, "2007-04-30": 0, "2007-01-31": "", "2006-10-31": 0, "2006-07-31": 0, "2006-04-30": 0, "2006-01-31": "", "2005-10-31": 0, "2005-07-31": 0, "2005-04-30": 0, "2005-01-31": ""}, "Net Change In Investments - Total": {"2020-10-31": 0, "2020-07-31": 0, "2020-04-30": 0, "2020-01-31": "", "2019-10-31": 0.15, "2019-07-31": 0, "2019-04-30": 0, "2019-01-31": "-0.15000", "2018-10-31": 6.417, "2018-07-31": -6.084, "2018-04-30": -0.333, "2018-01-31": "", "2017-10-31": -1.5, "2017-07-31": 0, "2017-04-30": 0, "2017-01-31": "", "2016-10-31": 0, "2016-07-31": 0, "2016-04-30": 0, "2016-01-31": "", "2015-10-31": 0, "2015-07-31": 0, "2015-04-30": 0, "2015-01-31": "", "2014-10-31": 0, "2014-07-31": 0, "2014-04-30": 0, "2014-01-31": "", "2013-10-31": 0, "2013-07-31": 0, "2013-04-30": 0, "2013-01-31": "", "2012-10-31": 0, "2012-07-31": 0, "2012-04-30": 0, "2012-01-31": "", "2011-10-31": 0, "2011-07-31": 0, "2011-04-30": 0, "2011-01-31": "", "2010-10-31": 0, "2010-07-31": 0, "2010-04-30": 0, "2010-01-31": "", "2009-10-31": 0, "2009-07-31": 0, "2009-04-30": 0, "2009-01-31": "", "2008-10-31": 0, "2008-07-31": 0, "2008-04-30": 0, "2008-01-31": "", "2007-10-31": 0, "2007-07-31": 0, "2007-04-30": 0, "2007-01-31": "", "2006-10-31": 0, "2006-07-31": 0, "2006-04-30": 0, "2006-01-31": "", "2005-10-31": 0, "2005-07-31": 0, "2005-04-30": 0, "2005-01-31": ""}, "Investing Activities - Other": {"2020-10-31": 0, "2020-07-31": 0, "2020-04-30": 0, "2020-01-31": "", "2019-10-31": -0.2, "2019-07-31": 0, "2019-04-30": 0, "2019-01-31": "", "2018-10-31": -6.75, "2018-07-31": 0, "2018-04-30": 0, "2018-01-31": "", "2017-10-31": 0, "2017-07-31": 0, "2017-04-30": 0, "2017-01-31": "", "2016-10-31": -3.594, "2016-07-31": 6.459, "2016-04-30": -3.63, "2016-01-31": "0.76500", "2015-10-31": -1.928, "2015-07-31": 6.44, "2015-04-30": -4.127, "2015-01-31": "-0.38500", "2014-10-31": 3.348, "2014-07-31": 7.192, "2014-04-30": -3.464, "2014-01-31": "-1.40400", "2013-10-31": 3.365, "2013-07-31": 7.646, "2013-04-30": -2.185, "2013-01-31": "-2.48400", "2012-10-31": 3.314, "2012-07-31": 5.336, "2012-04-30": -3.572, "2012-01-31": "0.01300", "2011-10-31": 1.715, "2011-07-31": 5.522, "2011-04-30": -6.421, "2011-01-31": "1.85800", "2010-10-31": 1.866, "2010-07-31": 4.331, "2010-04-30": -6.636, "2010-01-31": "-2.58500", "2009-10-31": -1.951, "2009-07-31": 0.442, "2009-04-30": 0.247, "2009-01-31": "-0.56700", "2008-10-31": 0.253, "2008-07-31": -0.009, "2008-04-30": -0.412, "2008-01-31": "-0.11700", "2007-10-31": 0.76, "2007-07-31": 0.782, "2007-04-30": 0.706, "2007-01-31": "-0.75400", "2006-10-31": -4.555, "2006-07-31": -0.476, "2006-04-30": 2.703, "2006-01-31": "3.11800", "2005-10-31": 0.832, "2005-07-31": 0.696, "2005-04-30": 2.489, "2005-01-31": "-3.22400"}, "Cash Flow From Investing Activities": {"2020-10-31": -31.429, "2020-07-31": -21.096, "2020-04-30": -151.756, "2020-01-31": "-11.79600", "2019-10-31": -28.805, "2019-07-31": -18.594, "2019-04-30": -698.718, "2019-01-31": "-26.82500", "2018-10-31": -38.368, "2018-07-31": -22.657, "2018-04-30": -56.116, "2018-01-31": "-10.78400", "2017-10-31": -23.079, "2017-07-31": -14.225, "2017-04-30": -10.952, "2017-01-31": "-35.50200", "2016-10-31": -19.638, "2016-07-31": -5.491, "2016-04-30": -15.429, "2016-01-31": "-8.35500", "2015-10-31": -20.656, "2015-07-31": -3.823, "2015-04-30": -21.802, "2015-01-31": "-208.24300", "2014-10-31": -14.244, "2014-07-31": -13.308, "2014-04-30": -17.974, "2014-01-31": "-20.17600", "2013-10-31": -13.704, "2013-07-31": -6.965, "2013-04-30": -18.4, "2013-01-31": "-5.70400", "2012-10-31": -11.393, "2012-07-31": -0.899, "2012-04-30": -20.723, "2012-01-31": "-14.30800", "2011-10-31": -13.014, "2011-07-31": -13.808, "2011-04-30": -22.703, "2011-01-31": "-19.75000", "2010-10-31": -19.967, "2010-07-31": -7.607, "2010-04-30": -18.717, "2010-01-31": "-14.51500", "2009-10-31": -22.279, "2009-07-31": -6.07, "2009-04-30": -7.551, "2009-01-31": "-10.06000", "2008-10-31": -17.646, "2008-07-31": -11.825, "2008-04-30": -11.136, "2008-01-31": "-10.95300", "2007-10-31": -17.223, "2007-07-31": -10.294, "2007-04-30": -8.498, "2007-01-31": "-14.27300", "2006-10-31": -17.622, "2006-07-31": -9.893, "2006-04-30": -5.765, "2006-01-31": "-4.78200", "2005-10-31": -12.013, "2005-07-31": -8.396, "2005-04-30": -40.423, "2005-01-31": "-7.58700"}, "Net Long-Term Debt": {"2020-10-31": -100, "2020-07-31": 0, "2020-04-30": 176, "2020-01-31": "14.00000", "2019-10-31": -20, "2019-07-31": -89.996, "2019-04-30": 498.996, "2019-01-31": "", "2018-10-31": 0, "2018-07-31": 0.482, "2018-04-30": -2.222, "2018-01-31": "-18.01700", "2017-10-31": 0.022, "2017-07-31": -3.228, "2017-04-30": -3.228, "2017-01-31": "-12.70200", "2016-10-31": -3.394, "2016-07-31": -3.925, "2016-04-30": -55.206, "2016-01-31": "38.41800", "2015-10-31": -3.396, "2015-07-31": -3.555, "2015-04-30": -0.146, "2015-01-31": "-0.13000", "2014-10-31": 129.539, "2014-07-31": -0.041, "2014-04-30": 0.029, "2014-01-31": "0.03000", "2013-10-31": 0.03, "2013-07-31": -0.221, "2013-04-30": 0.03, "2013-01-31": "-1.57800", "2012-10-31": 0.034, "2012-07-31": -0.222, "2012-04-30": -0.191, "2012-01-31": "-1.47900", "2011-10-31": -0.723, "2011-07-31": 0.028, "2011-04-30": -0.192, "2011-01-31": "-0.97000", "2010-10-31": -1.956, "2010-07-31": -0.47, "2010-04-30": -0.47, "2010-01-31": "-0.75000", "2009-10-31": -1.216, "2009-07-31": -0.729, "2009-04-30": -0.472, "2009-01-31": "-1.00500", "2008-10-31": -0.373, "2008-07-31": -0.374, "2008-04-30": -0.376, "2008-01-31": "-0.37400", "2007-10-31": 0.026, "2007-07-31": -74.971, "2007-04-30": 121.436, "2007-01-31": "", "2006-10-31": -0.012, "2006-07-31": -0.011, "2006-04-30": -0.012, "2006-01-31": "-0.01100", "2005-10-31": -0.011, "2005-07-31": -0.012, "2005-04-30": -0.011, "2005-01-31": "-0.01100"}, "Net Current Debt": {"2020-10-31": 0, "2020-07-31": 0, "2020-04-30": 0, "2020-01-31": "", "2019-10-31": 0, "2019-07-31": 0, "2019-04-30": 0, "2019-01-31": "", "2018-10-31": 0, "2018-07-31": 0, "2018-04-30": 0, "2018-01-31": "", "2017-10-31": 0, "2017-07-31": -0.832, "2017-04-30": 0.832, "2017-01-31": "", "2016-10-31": 0, "2016-07-31": 0, "2016-04-30": -1.161, "2016-01-31": "", "2015-10-31": -5, "2015-07-31": -15, "2015-04-30": -27, "2015-01-31": "25.71700", "2014-10-31": 19.198, "2014-07-31": 1.149, "2014-04-30": 0, "2014-01-31": "-0.84900", "2013-10-31": 0, "2013-07-31": 0, "2013-04-30": 0, "2013-01-31": "-0.41500", "2012-10-31": 0, "2012-07-31": 0, "2012-04-30": -25.922, "2012-01-31": "25.00000", "2011-10-31": 0, "2011-07-31": 0, "2011-04-30": 0, "2011-01-31": "-0.77600", "2010-10-31": 0.776, "2010-07-31": 0, "2010-04-30": 0, "2010-01-31": "", "2009-10-31": 0.911, "2009-07-31": -33.446, "2009-04-30": 7.534, "2009-01-31": "22.67500", "2008-10-31": 3.259, "2008-07-31": -151.5, "2008-04-30": 65.7, "2008-01-31": "85.42800", "2007-10-31": -1.008, "2007-07-31": -44.457, "2007-04-30": -81.325, "2007-01-31": "126.78000", "2006-10-31": -24.196, "2006-07-31": -96.531, "2006-04-30": 69.147, "2006-01-31": "51.57500", "2005-10-31": -54.148, "2005-07-31": -96.633, "2005-04-30": 88.984, "2005-01-31": "61.02300"}, "Debt Issuance/Retirement Net - Total": {"2020-10-31": -100, "2020-07-31": 0, "2020-04-30": 176, "2020-01-31": "14.00000", "2019-10-31": -20, "2019-07-31": -89.996, "2019-04-30": 498.996, "2019-01-31": "", "2018-10-31": 0, "2018-07-31": 0.482, "2018-04-30": -2.222, "2018-01-31": "-18.01700", "2017-10-31": 0.022, "2017-07-31": -4.06, "2017-04-30": -2.396, "2017-01-31": "-12.70200", "2016-10-31": -3.394, "2016-07-31": -3.925, "2016-04-30": -56.367, "2016-01-31": "38.41800", "2015-10-31": -8.396, "2015-07-31": -18.555, "2015-04-30": -27.146, "2015-01-31": "25.58700", "2014-10-31": 148.737, "2014-07-31": 1.108, "2014-04-30": 0.029, "2014-01-31": "-0.81900", "2013-10-31": 0.03, "2013-07-31": -0.221, "2013-04-30": 0.03, "2013-01-31": "-1.99300", "2012-10-31": 0.034, "2012-07-31": -0.222, "2012-04-30": -26.113, "2012-01-31": "23.52100", "2011-10-31": -0.723, "2011-07-31": 0.028, "2011-04-30": -0.192, "2011-01-31": "-1.74600", "2010-10-31": -1.18, "2010-07-31": -0.47, "2010-04-30": -0.47, "2010-01-31": "-0.75000", "2009-10-31": -0.305, "2009-07-31": -34.175, "2009-04-30": 7.062, "2009-01-31": "21.67000", "2008-10-31": 2.886, "2008-07-31": -151.874, "2008-04-30": 65.324, "2008-01-31": "85.05400", "2007-10-31": -0.982, "2007-07-31": -119.428, "2007-04-30": 40.111, "2007-01-31": "126.78000", "2006-10-31": -24.208, "2006-07-31": -96.542, "2006-04-30": 69.135, "2006-01-31": "51.56400", "2005-10-31": -54.159, "2005-07-31": -96.645, "2005-04-30": 88.973, "2005-01-31": "61.01200"}, "Net Common Equity Issued/Repurchased": {"2020-10-31": 10.259, "2020-07-31": 3.592, "2020-04-30": 1.637, "2020-01-31": "6.71000", "2019-10-31": 3.854, "2019-07-31": 1.074, "2019-04-30": 16.839, "2019-01-31": "-12.47400", "2018-10-31": -1.876, "2018-07-31": -30.604, "2018-04-30": -65.082, "2018-01-31": "-45.63000", "2017-10-31": -66.524, "2017-07-31": -8.539, "2017-04-30": -12.143, "2017-01-31": "-61.87400", "2016-10-31": -40.262, "2016-07-31": -23.164, "2016-04-30": -1.344, "2016-01-31": "-24.99000", "2015-10-31": -14.383, "2015-07-31": -38.223, "2015-04-30": -31.856, "2015-01-31": "-12.29900", "2014-10-31": -2.153, "2014-07-31": -16.761, "2014-04-30": -37.996, "2014-01-31": "-38.93700", "2013-10-31": -21.922, "2013-07-31": -23.931, "2013-04-30": -14.343, "2013-01-31": "-29.58300", "2012-10-31": -23.031, "2012-07-31": -7.218, "2012-04-30": -43.142, "2012-01-31": "0.34300", "2011-10-31": -56.581, "2011-07-31": -23.443, "2011-04-30": -10.746, "2011-01-31": "-24.71800", "2010-10-31": 2.854, "2010-07-31": -79.32, "2010-04-30": -43.935, "2010-01-31": "1.30400", "2009-10-31": -51.39, "2009-07-31": -49.123, "2009-04-30": -1.538, "2009-01-31": "0.49400", "2008-10-31": -23.185, "2008-07-31": -47.985, "2008-04-30": -4.363, "2008-01-31": "-30.82500", "2007-10-31": -110.662, "2007-07-31": -24.006, "2007-04-30": -10.036, "2007-01-31": "-24.88400", "2006-10-31": -46.668, "2006-07-31": -47.282, "2006-04-30": -18.424, "2006-01-31": "-23.48600", "2005-10-31": -31.324, "2005-07-31": -29.086, "2005-04-30": -7.585, "2005-01-31": "-80.81300"}, "Net Total Equity Issued/Repurchased": {"2020-10-31": 10.259, "2020-07-31": 3.592, "2020-04-30": 1.637, "2020-01-31": "6.71000", "2019-10-31": 3.854, "2019-07-31": 1.074, "2019-04-30": 16.839, "2019-01-31": "-12.47400", "2018-10-31": -1.876, "2018-07-31": -30.604, "2018-04-30": -65.082, "2018-01-31": "-45.63000", "2017-10-31": -66.524, "2017-07-31": -8.539, "2017-04-30": -12.143, "2017-01-31": "-61.87400", "2016-10-31": -40.262, "2016-07-31": -23.164, "2016-04-30": -1.344, "2016-01-31": "-24.99000", "2015-10-31": -14.383, "2015-07-31": -38.223, "2015-04-30": -31.856, "2015-01-31": "-12.29900", "2014-10-31": -2.153, "2014-07-31": -16.761, "2014-04-30": -37.996, "2014-01-31": "-38.93700", "2013-10-31": -21.922, "2013-07-31": -23.931, "2013-04-30": -14.343, "2013-01-31": "-29.58300", "2012-10-31": -23.031, "2012-07-31": -7.218, "2012-04-30": -43.142, "2012-01-31": "0.34300", "2011-10-31": -56.581, "2011-07-31": -23.443, "2011-04-30": -10.746, "2011-01-31": "-24.71800", "2010-10-31": 2.854, "2010-07-31": -79.32, "2010-04-30": -43.935, "2010-01-31": "1.30400", "2009-10-31": -51.39, "2009-07-31": -49.123, "2009-04-30": -1.538, "2009-01-31": "0.49400", "2008-10-31": -23.185, "2008-07-31": -47.985, "2008-04-30": -4.363, "2008-01-31": "-30.82500", "2007-10-31": -110.662, "2007-07-31": -24.006, "2007-04-30": -10.036, "2007-01-31": "-24.88400", "2006-10-31": -46.668, "2006-07-31": -47.282, "2006-04-30": -18.424, "2006-01-31": "-23.48600", "2005-10-31": -31.324, "2005-07-31": -29.086, "2005-04-30": -7.585, "2005-01-31": "-80.81300"}, "Total Common And Preferred Stock Dividends Paid": {"2020-10-31": -27.015, "2020-07-31": -26.939, "2020-04-30": -26.888, "2020-01-31": "-26.85600", "2019-10-31": -24.124, "2019-07-31": -24.079, "2019-04-30": -24.007, "2019-01-31": "-23.92300", "2018-10-31": -21.223, "2018-07-31": -21.129, "2018-04-30": -21.254, "2018-01-31": "-21.42500", "2017-10-31": -18.832, "2017-07-31": -18.99, "2017-04-30": -18.942, "2017-01-31": "-18.99400", "2016-10-31": -16.402, "2016-07-31": -16.483, "2016-04-30": -16.509, "2016-01-31": "-16.49600", "2015-10-31": -13.755, "2015-07-31": -13.819, "2015-04-30": -13.961, "2015-01-31": "-14.01400", "2014-10-31": -11.177, "2014-07-31": -11.201, "2014-04-30": -11.289, "2014-01-31": "-11.38100", "2013-10-31": -8.046, "2013-07-31": -8.089, "2013-04-30": -8.166, "2013-01-31": "-8.19800", "2012-10-31": -6.482, "2012-07-31": -6.52, "2012-04-30": -6.621, "2012-01-31": "-6.60700", "2011-10-31": -6.076, "2011-07-31": -6.212, "2011-04-30": -6.293, "2011-01-31": "-6.38900", "2010-10-31": -5.724, "2010-07-31": -5.792, "2010-04-30": -6.076, "2010-01-31": "-6.12900", "2009-10-31": -5.09, "2009-07-31": -5.394, "2009-04-30": -5.463, "2009-01-31": "-5.45600", "2008-10-31": -5.445, "2008-07-31": -5.692, "2008-04-30": -5.741, "2008-01-31": "-5.73700", "2007-10-31": -4.73, "2007-07-31": -4.864, "2007-04-30": -4.936, "2007-01-31": "-4.92900", "2006-10-31": -3.721, "2006-07-31": -3.858, "2006-04-30": -3.919, "2006-01-31": "-3.92300", "2005-10-31": -2.604, "2005-07-31": -2.669, "2005-04-30": -2.689, "2005-01-31": "-2.79300"}, "Financial Activities - Other": {"2020-10-31": -0.044, "2020-07-31": -0.62, "2020-04-30": -0.121, "2020-01-31": "-1.36100", "2019-10-31": -0.03, "2019-07-31": -0.738, "2019-04-30": -0.022, "2019-01-31": "-1.87200", "2018-10-31": -0.211, "2018-07-31": -0.672, "2018-04-30": -0.135, "2018-01-31": "-3.07700", "2017-10-31": 2.453, "2017-07-31": -1.024, "2017-04-30": -0.007, "2017-01-31": "-2.71600", "2016-10-31": -2.013, "2016-07-31": 0, "2016-04-30": 0, "2016-01-31": "", "2015-10-31": -8.808, "2015-07-31": 2.751, "2015-04-30": 1.917, "2015-01-31": "3.14000", "2014-10-31": 0.321, "2014-07-31": 1.879, "2014-04-30": 1.13, "2014-01-31": "5.52700", "2013-10-31": 0.938, "2013-07-31": 0.619, "2013-04-30": 1.135, "2013-01-31": "3.44200", "2012-10-31": 0.937, "2012-07-31": 1.201, "2012-04-30": 1.808, "2012-01-31": "5.07100", "2011-10-31": 0.544, "2011-07-31": 0.105, "2011-04-30": 0.83, "2011-01-31": "1.50900", "2010-10-31": 0.303, "2010-07-31": 0.58, "2010-04-30": 0.435, "2010-01-31": "2.07800", "2009-10-31": 2.925, "2009-07-31": 1.185, "2009-04-30": 1.27, "2009-01-31": "2.02300", "2008-10-31": 0.011, "2008-07-31": 3.172, "2008-04-30": 0.096, "2008-01-31": "0.24300", "2007-10-31": 0.819, "2007-07-31": 7.492, "2007-04-30": 2.706, "2007-01-31": "2.75800", "2006-10-31": -3.139, "2006-07-31": 0.645, "2006-04-30": 3.35, "2006-01-31": "12.27500", "2005-10-31": 0.324, "2005-07-31": 1.65, "2005-04-30": 2.306, "2005-01-31": "1.70900"}, "Cash Flow From Financial Activities": {"2020-10-31": -116.8, "2020-07-31": -23.967, "2020-04-30": 150.628, "2020-01-31": "-7.50700", "2019-10-31": -40.3, "2019-07-31": -113.739, "2019-04-30": 491.806, "2019-01-31": "-38.26900", "2018-10-31": -23.31, "2018-07-31": -51.923, "2018-04-30": -88.693, "2018-01-31": "-88.14900", "2017-10-31": -82.881, "2017-07-31": -32.613, "2017-04-30": -33.488, "2017-01-31": "-96.28600", "2016-10-31": -62.071, "2016-07-31": -43.572, "2016-04-30": -74.22, "2016-01-31": "-3.06800", "2015-10-31": -45.342, "2015-07-31": -67.846, "2015-04-30": -71.046, "2015-01-31": "2.41400", "2014-10-31": 135.728, "2014-07-31": -24.975, "2014-04-30": -48.126, "2014-01-31": "-45.61000", "2013-10-31": -29, "2013-07-31": -31.622, "2013-04-30": -21.344, "2013-01-31": "-36.33200", "2012-10-31": -28.542, "2012-07-31": -12.759, "2012-04-30": -74.068, "2012-01-31": "22.32800", "2011-10-31": -62.836, "2011-07-31": -29.522, "2011-04-30": -16.401, "2011-01-31": "-31.34400", "2010-10-31": -3.747, "2010-07-31": -85.002, "2010-04-30": -50.046, "2010-01-31": "-3.49700", "2009-10-31": -53.86, "2009-07-31": -87.507, "2009-04-30": 1.331, "2009-01-31": "18.73100", "2008-10-31": -25.733, "2008-07-31": -202.379, "2008-04-30": 55.316, "2008-01-31": "48.73500", "2007-10-31": -115.555, "2007-07-31": -140.806, "2007-04-30": 27.845, "2007-01-31": "99.72500", "2006-10-31": -77.736, "2006-07-31": -147.037, "2006-04-30": 50.142, "2006-01-31": "36.43000", "2005-10-31": -87.763, "2005-07-31": -126.75, "2005-04-30": 81.005, "2005-01-31": "-20.88500"}, "Net Cash Flow": {"2020-10-31": 85.751, "2020-07-31": 194.137, "2020-04-30": 91.09, "2020-01-31": "-42.91400", "2019-10-31": 8.511, "2019-07-31": -36.761, "2019-04-30": -69.887, "2019-01-31": "-39.15900", "2018-10-31": 38.253, "2018-07-31": 44.771, "2018-04-30": -13.63, "2018-01-31": "-90.52600", "2017-10-31": -24.77, "2017-07-31": 69.835, "2017-04-30": 106.298, "2017-01-31": "-114.66200", "2016-10-31": -3.688, "2016-07-31": 102.604, "2016-04-30": 56.499, "2016-01-31": "-8.13500", "2015-10-31": 15.94, "2015-07-31": 1.04, "2015-04-30": 26.381, "2015-01-31": "-231.95900", "2014-10-31": 136.979, "2014-07-31": 47.985, "2014-04-30": 25.884, "2014-01-31": "-78.96800", "2013-10-31": 21.813, "2013-07-31": 80.839, "2013-04-30": 19.641, "2013-01-31": "-65.15600", "2012-10-31": -17.202, "2012-07-31": 60.486, "2012-04-30": 10.768, "2012-01-31": "-9.08200", "2011-10-31": -37.227, "2011-07-31": 11.251, "2011-04-30": 12.444, "2011-01-31": "-82.94800", "2010-10-31": 13.987, "2010-07-31": -17.006, "2010-04-30": 22.175, "2010-01-31": "-29.56300", "2009-10-31": 57.038, "2009-07-31": 101.062, "2009-04-30": -5.924, "2009-01-31": "-63.76200", "2008-10-31": 44.346, "2008-07-31": 22.96, "2008-04-30": 2.291, "2008-01-31": "-32.28500", "2007-10-31": -32.145, "2007-07-31": 53.395, "2007-04-30": 10.746, "2007-01-31": "-25.47200", "2006-10-31": 30.708, "2006-07-31": -2.425, "2006-04-30": 7.496, "2006-01-31": "-21.65800", "2005-10-31": 6.737, "2005-07-31": 20.216, "2005-04-30": 6.982, "2005-01-31": "-83.28900"}, "Stock-Based Compensation": {"2020-10-31": 5.086, "2020-07-31": 4.955, "2020-04-30": 1.407, "2020-01-31": "3.96000", "2019-10-31": 3.171, "2019-07-31": 3.233, "2019-04-30": 3.101, "2019-01-31": "3.92400", "2018-10-31": 3.573, "2018-07-31": 3.023, "2018-04-30": 2.441, "2018-01-31": "3.12400", "2017-10-31": 3.826, "2017-07-31": 3.062, "2017-04-30": 3.011, "2017-01-31": "3.61800", "2016-10-31": 2.914, "2016-07-31": 2.526, "2016-04-30": 2.72, "2016-01-31": "2.47700", "2015-10-31": 3.021, "2015-07-31": 2.725, "2015-04-30": 2.406, "2015-01-31": "2.68400", "2014-10-31": 2.813, "2014-07-31": 3.427, "2014-04-30": 2.51, "2014-01-31": "2.54100", "2013-10-31": 2.31, "2013-07-31": 2.591, "2013-04-30": 2.857, "2013-01-31": "2.47900", "2012-10-31": 2.038, "2012-07-31": 2.434, "2012-04-30": 2.434, "2012-01-31": "2.59700", "2011-10-31": 2.439, "2011-07-31": 2.119, "2011-04-30": 1.884, "2011-01-31": "2.09100", "2010-10-31": 1.072, "2010-07-31": 2.519, "2010-04-30": 1.272, "2010-01-31": "1.57900", "2009-10-31": 1.157, "2009-07-31": 0.875, "2009-04-30": 1.21, "2009-01-31": "0.87400", "2008-10-31": 1.318, "2008-07-31": 1.085, "2008-04-30": 1.4, "2008-01-31": "1.88100", "2007-10-31": 1.819, "2007-07-31": 1.646, "2007-04-30": 1.884, "2007-01-31": "1.94400", "2006-10-31": 0.623, "2006-07-31": 1.553, "2006-04-30": 1.955, "2006-01-31": "2.51000", "2005-10-31": 2.028, "2005-07-31": 2.465, "2005-04-30": 2.321, "2005-01-31": "2.49800"}, "Common Stock Dividends Paid": {"2020-10-31": -27.015, "2020-07-31": -26.939, "2020-04-30": -26.888, "2020-01-31": "-26.85600", "2019-10-31": -24.124, "2019-07-31": -24.079, "2019-04-30": -24.007, "2019-01-31": "-23.92300", "2018-10-31": -21.223, "2018-07-31": -21.129, "2018-04-30": -21.254, "2018-01-31": "-21.42500", "2017-10-31": -18.832, "2017-07-31": -18.99, "2017-04-30": -18.942, "2017-01-31": "-18.99400", "2016-10-31": -16.402, "2016-07-31": -16.483, "2016-04-30": -16.509, "2016-01-31": "-16.49600", "2015-10-31": -13.755, "2015-07-31": -13.819, "2015-04-30": -13.961, "2015-01-31": "-14.01400", "2014-10-31": -11.177, "2014-07-31": -11.201, "2014-04-30": -11.289, "2014-01-31": "-11.38100", "2013-10-31": -8.046, "2013-07-31": -8.089, "2013-04-30": -8.166, "2013-01-31": "-8.19800", "2012-10-31": -6.482, "2012-07-31": -6.52, "2012-04-30": -6.621, "2012-01-31": "-6.60700", "2011-10-31": -6.076, "2011-07-31": -6.212, "2011-04-30": -6.293, "2011-01-31": "-6.38900", "2010-10-31": -5.724, "2010-07-31": -5.792, "2010-04-30": -6.076, "2010-01-31": "-6.12900", "2009-10-31": -5.09, "2009-07-31": -5.394, "2009-04-30": -5.463, "2009-01-31": "-5.45600", "2008-10-31": -5.445, "2008-07-31": -5.692, "2008-04-30": -5.741, "2008-01-31": "-5.73700", "2007-10-31": -4.73, "2007-07-31": -4.864, "2007-04-30": -4.936, "2007-01-31": "-4.92900", "2006-10-31": -3.721, "2006-07-31": -3.858, "2006-04-30": -3.919, "2006-01-31": "-3.92300", "2005-10-31": -2.604, "2005-07-31": -2.669, "2005-04-30": -2.689, "2005-01-31": "-2.79300"}}, "financial ratios": {"Current Ratio": {"2020-10-31": "1.66820", "2019-10-31": "1.48340", "2018-10-31": "1.67960", "2017-10-31": "1.64790", "2016-10-31": "1.67950", "2015-10-31": "1.51570", "2014-10-31": "2.05790", "2013-10-31": "1.68000", "2012-10-31": "1.61890", "2011-10-31": "1.48400", "2010-10-31": "1.58840", "2009-10-31": "1.83760", "2008-10-31": "1.98470", "2007-10-31": "1.94730", "2006-10-31": "1.90930", "2005-10-31": "1.89650"}, "Long-term Debt / Capital": {"2020-10-31": "0.38270", "2019-10-31": "0.41940", "2018-10-31": "0.31850", "2017-10-31": "0.33120", "2016-10-31": "0.37390", "2015-10-31": "0.43430", "2014-10-31": "0.45940", "2013-10-31": "0.38390", "2012-10-31": "0.41700", "2011-10-31": "0.45770", "2010-10-31": "0.44770", "2009-10-31": "0.41660", "2008-10-31": "0.38420", "2007-10-31": "0.38060", "2006-10-31": "0.30860", "2005-10-31": "0.30970"}, "Debt/Equity Ratio": {"2020-10-31": "0.72350", "2019-10-31": "0.81530", "2018-10-31": "0.46720", "2017-10-31": "0.53780", "2016-10-31": "0.63810", "2015-10-31": "0.81830", "2014-10-31": "0.91690", "2013-10-31": "0.62310", "2012-10-31": "0.72130", "2011-10-31": "0.85170", "2010-10-31": "0.82150", "2009-10-31": "0.74030", "2008-10-31": "0.63920", "2007-10-31": "0.61980", "2006-10-31": "0.44720", "2005-10-31": "0.44960"}, "Gross Margin": {"2020-10-31": "35.21280", "2019-10-31": "33.39500", "2018-10-31": "35.93500", "2017-10-31": "36.75740", "2016-10-31": "36.56070", "2015-10-31": "34.96360", "2014-10-31": "35.59050", "2013-10-31": "35.50440", "2012-10-31": "34.36450", "2011-10-31": "33.79310", "2010-10-31": "34.09840", "2009-10-31": "33.54070", "2008-10-31": "34.75220", "2007-10-31": "36.14330", "2006-10-31": "35.03920", "2005-10-31": "34.58300"}, "Operating Margin": {"2020-10-31": "12.61860", "2019-10-31": "10.35760", "2018-10-31": "14.24720", "2017-10-31": "14.17510", "2016-10-31": "13.97880", "2015-10-31": "12.51070", "2014-10-31": "12.11200", "2013-10-31": "11.29900", "2012-10-31": "10.49750", "2011-10-31": "9.79250", "2010-10-31": "8.94860", "2009-10-31": "7.56160", "2008-10-31": "10.56390", "2007-10-31": "11.91580", "2006-10-31": "11.04990", "2005-10-31": "10.26900"}, "EBIT Margin": {"2020-10-31": "12.61860", "2019-10-31": "10.35760", "2018-10-31": "14.24720", "2017-10-31": "14.17510", "2016-10-31": "13.97880", "2015-10-31": "12.51070", "2014-10-31": "12.11200", "2013-10-31": "11.29900", "2012-10-31": "10.49750", "2011-10-31": "9.79250", "2010-10-31": "8.94860", "2009-10-31": "7.56160", "2008-10-31": "10.56390", "2007-10-31": "11.91580", "2006-10-31": "11.04990", "2005-10-31": "10.26900"}, "EBITDA Margin": {"2020-10-31": "15.44840", "2019-10-31": "13.15220", "2018-10-31": "16.58730", "2017-10-31": "16.76910", "2016-10-31": "16.65820", "2015-10-31": "15.15170", "2014-10-31": "14.55780", "2013-10-31": "13.95080", "2012-10-31": "13.23570", "2011-10-31": "12.36720", "2010-10-31": "11.61140", "2009-10-31": "10.48490", "2008-10-31": "13.12990", "2007-10-31": "14.15920", "2006-10-31": "13.36830", "2005-10-31": "12.67600"}, "Pre-Tax Profit Margin": {"2020-10-31": "12.04770", "2019-10-31": "10.26530", "2018-10-31": "14.22100", "2017-10-31": "14.09820", "2016-10-31": "13.81420", "2015-10-31": "12.17260", "2014-10-31": "11.80310", "2013-10-31": "11.10560", "2012-10-31": "10.02010", "2011-10-31": "9.27970", "2010-10-31": "8.35720", "2009-10-31": "6.28760", "2008-10-31": "9.65240", "2007-10-31": "11.36060", "2006-10-31": "10.49860", "2005-10-31": "9.56910"}, "Net Profit Margin": {"2020-10-31": "9.75790", "2019-10-31": "8.73090", "2018-10-31": "10.38470", "2017-10-31": "10.68660", "2016-10-31": "9.65620", "2015-10-31": "8.43170", "2014-10-31": "8.00250", "2013-10-31": "7.58510", "2012-10-31": "6.61370", "2011-10-31": "6.24530", "2010-10-31": "5.51570", "2009-10-31": "4.12470", "2008-10-31": "6.37060", "2007-10-31": "7.58890", "2006-10-31": "7.03410", "2005-10-31": "6.41130"}, "Asset Turnover": {"2020-10-31": "1.18420", "2019-10-31": "1.34650", "2018-10-31": "1.66690", "2017-10-31": "1.67710", "2016-10-31": "1.72770", "2015-10-31": "1.83400", "2014-10-31": "1.82210", "2013-10-31": "2.03580", "2012-10-31": "2.09440", "2011-10-31": "2.16380", "2010-10-31": "1.90870", "2009-10-31": "1.74570", "2008-10-31": "2.01470", "2007-10-31": "1.97390", "2006-10-31": "1.99770", "2005-10-31": "1.94100"}, "Inventory Turnover Ratio": {"2020-10-31": "3.35520", "2019-10-31": "3.20740", "2018-10-31": "4.68280", "2017-10-31": "4.81570", "2016-10-31": "4.94270", "2015-10-31": "4.64840", "2014-10-31": "5.09620", "2013-10-31": "5.48390", "2012-10-31": "5.11950", "2011-10-31": "5.59250", "2010-10-31": "5.73030", "2009-10-31": "5.74370", "2008-10-31": "5.91780", "2007-10-31": "4.76980", "2006-10-31": "4.99980", "2005-10-31": "4.94600"}, "Receiveable Turnover": {"2020-10-31": "12.93890", "2019-10-31": "11.67580", "2018-10-31": "13.55560", "2017-10-31": "13.68400", "2016-10-31": "14.65210", "2015-10-31": "13.50680", "2014-10-31": "13.73750", "2013-10-31": "12.98860", "2012-10-31": "13.28740", "2011-10-31": "12.71740", "2010-10-31": "11.82900", "2009-10-31": "10.60090", "2008-10-31": "7.32920", "2007-10-31": "6.62950", "2006-10-31": "6.22720", "2005-10-31": "6.01790"}, "Days Sales In Receivables": {"2020-10-31": "28.20940", "2019-10-31": "31.26120", "2018-10-31": "26.92610", "2017-10-31": "26.67340", "2016-10-31": "24.91110", "2015-10-31": "27.02350", "2014-10-31": "26.56970", "2013-10-31": "28.10160", "2012-10-31": "27.46970", "2011-10-31": "28.70090", "2010-10-31": "30.85630", "2009-10-31": "34.43100", "2008-10-31": "49.80050", "2007-10-31": "55.05710", "2006-10-31": "58.61360", "2005-10-31": "60.65250"}, "ROE - Return On Equity": {"2020-10-31": "29.57420", "2019-10-31": "31.87410", "2018-10-31": "40.65370", "2017-10-31": "43.38360", "2016-10-31": "41.99620", "2015-10-31": "43.61880", "2014-10-31": "42.53940", "2013-10-31": "43.16380", "2012-10-31": "41.46610", "2011-10-31": "44.10520", "2010-10-31": "33.80480", "2009-10-31": "19.93480", "2008-10-31": "32.81030", "2007-10-31": "38.45070", "2006-10-31": "32.94270", "2005-10-31": "29.24920"}, "Return On Tangible Equity": {"2020-10-31": "116.72980", "2019-10-31": "189.01750", "2018-10-31": "80.46080", "2017-10-31": "86.83090", "2016-10-31": "93.45930", "2015-10-31": "136.55890", "2014-10-31": "59.33180", "2013-10-31": "64.92020", "2012-10-31": "68.78150", "2011-10-31": "84.52380", "2010-10-31": "56.01570", "2009-10-31": "30.58040", "2008-10-31": "46.08080", "2007-10-31": "52.84430", "2006-10-31": "42.29620", "2005-10-31": "37.60300"}, "ROA - Return On Assets": {"2020-10-31": "11.55540", "2019-10-31": "11.75620", "2018-10-31": "17.31010", "2017-10-31": "17.92200", "2016-10-31": "16.68340", "2015-10-31": "15.46350", "2014-10-31": "14.58130", "2013-10-31": "15.44210", "2012-10-31": "13.85170", "2011-10-31": "13.51360", "2010-10-31": "10.52790", "2009-10-31": "7.20040", "2008-10-31": "12.83450", "2007-10-31": "14.98010", "2006-10-31": "14.05170", "2005-10-31": "12.44440"}, "ROI - Return On Investment": {"2020-10-31": "18.25510", "2019-10-31": "18.50640", "2018-10-31": "27.70750", "2017-10-31": "29.01390", "2016-10-31": "26.29380", "2015-10-31": "24.67510", "2014-10-31": "22.99740", "2013-10-31": "26.59280", "2012-10-31": "24.17330", "2011-10-31": "23.91690", "2010-10-31": "18.67030", "2009-10-31": "11.63090", "2008-10-31": "20.20480", "2007-10-31": "23.81730", "2006-10-31": "22.77570", "2005-10-31": "20.19030"}, "Book Value Per Share": {"2020-10-31": "10.36250", "2019-10-31": "8.05290", "2018-10-31": "6.33440", "2017-10-31": "5.77350", "2016-10-31": "5.07290", "2015-10-31": "4.22830", "2014-10-31": "3.67050", "2013-10-31": "3.15850", "2012-10-31": "2.68080", "2011-10-31": "2.25290", "2010-10-31": "2.19630", "2009-10-31": "2.36160", "2008-10-31": "2.56920", "2007-10-31": "2.44020", "2006-10-31": "2.42860", "2005-10-31": "2.32730"}, "Operating Cash Flow Per Share": {"2020-10-31": 1.8425, "2019-10-31": -0.2362, "2018-10-31": 0.1148, "2017-10-31": -0.1889, "2016-10-31": 1.2327, "2015-10-31": 0.6165, "2014-10-31": -0.2947, "2013-10-31": 0.3445, "2012-10-31": 0.6372, "2011-10-31": -0.5515, "2010-10-31": -0.288, "2009-10-31": 0.3369, "2008-10-31": 0.3016, "2007-10-31": 0.0236, "2006-10-31": 0.1376, "2005-10-31": 0.9351}, "Free Cash Flow Per Share": {"2020-10-31": 1.9422, "2019-10-31": -0.2243, "2018-10-31": -0.1912, "2017-10-31": -0.2607, "2016-10-31": 1.2776, "2015-10-31": 0.7345, "2014-10-31": -0.4931, "2013-10-31": 0.2824, "2012-10-31": 0.7311, "2011-10-31": -0.6382, "2010-10-31": -0.3875, "2009-10-31": 0.3869, "2008-10-31": 0.2416, "2007-10-31": -0.0077, "2006-10-31": 0.1049, "2005-10-31": 0.7488}}, "financial ratios, quarterly": {"Current Ratio": {"2020-10-31": "1.66820", "2020-07-31": "1.73660", "2020-04-30": "1.60630", "2020-01-31": "1.48060", "2019-10-31": "1.48340", "2019-07-31": "1.49440", "2019-04-30": "1.50900", "2019-01-31": "1.65300", "2018-10-31": "1.67960", "2018-07-31": "1.70620", "2018-04-30": "1.49940", "2018-01-31": "1.57360", "2017-10-31": "1.64790", "2017-07-31": "1.74330", "2017-04-30": "1.56900", "2017-01-31": "1.50510", "2016-10-31": "1.67950", "2016-07-31": "1.64860", "2016-04-30": "1.51550", "2016-01-31": "1.39430", "2015-10-31": "1.51570", "2015-07-31": "1.54600", "2015-04-30": "1.42720", "2015-01-31": "1.44450", "2014-10-31": "2.05790", "2014-07-31": "1.65250", "2014-04-30": "1.51190", "2014-01-31": "1.54000", "2013-10-31": "1.68000", "2013-07-31": "1.74110", "2013-04-30": "1.58700", "2013-01-31": "1.55770", "2012-10-31": "1.61890", "2012-07-31": "1.63450", "2012-04-30": "1.45090", "2012-01-31": "1.48150", "2011-10-31": "1.48400", "2011-07-31": "1.58340", "2011-04-30": "1.46630", "2011-01-31": "1.49360", "2010-10-31": "1.58840", "2010-07-31": "1.58550", "2010-04-30": "1.62080", "2010-01-31": "1.85470", "2009-10-31": "1.83760", "2009-07-31": "2.04790", "2009-04-30": "1.94590", "2009-01-31": "1.96000", "2008-10-31": "1.98470", "2008-07-31": "2.02210", "2008-04-30": "1.67220", "2008-01-31": "1.71870", "2007-10-31": "1.94730", "2007-07-31": "2.24640", "2007-04-30": "1.79640", "2007-01-31": "1.41870", "2006-10-31": "1.90930", "2006-07-31": "1.95650", "2006-04-30": "1.70610", "2006-01-31": "1.80370", "2005-10-31": "1.89650", "2005-07-31": "1.83340", "2005-04-30": "1.57440", "2005-01-31": "1.71560"}, "Long-term Debt / Capital": {"2020-10-31": "0.38270", "2020-07-31": "0.42590", "2020-04-30": "0.44540", "2020-01-31": "0.39720", "2019-10-31": "0.41940", "2019-07-31": "0.42390", "2019-04-30": "0.47240", "2019-01-31": "0.31040", "2018-10-31": "0.31850", "2018-07-31": "0.32460", "2018-04-30": "0.32440", "2018-01-31": "0.34240", "2017-10-31": "0.33120", "2017-07-31": "0.31880", "2017-04-30": "0.33920", "2017-01-31": "0.38070", "2016-10-31": "0.37390", "2016-07-31": "0.36460", "2016-04-30": "0.37310", "2016-01-31": "0.42360", "2015-10-31": "0.43430", "2015-07-31": "0.43490", "2015-04-30": "0.43840", "2015-01-31": "0.46840", "2014-10-31": "0.45940", "2014-07-31": "0.35160", "2014-04-30": "0.36730", "2014-01-31": "0.39600", "2013-10-31": "0.38390", "2013-07-31": "0.37120", "2013-04-30": "0.37470", "2013-01-31": "0.41670", "2012-10-31": "0.41700", "2012-07-31": "0.39820", "2012-04-30": "0.41870", "2012-01-31": "0.43650", "2011-10-31": "0.45770", "2011-07-31": "0.40820", "2011-04-30": "0.41380", "2011-01-31": "0.45830", "2010-10-31": "0.44770", "2010-07-31": "0.45230", "2010-04-30": "0.41090", "2010-01-31": "0.40790", "2009-10-31": "0.41660", "2009-07-31": "0.37950", "2009-04-30": "0.36290", "2009-01-31": "0.38320", "2008-10-31": "0.38420", "2008-07-31": "0.36130", "2008-04-30": "0.35590", "2008-01-31": "0.39190", "2007-10-31": "0.38060", "2007-07-31": "0.31950", "2007-04-30": "0.33060", "2007-01-31": "0.20580", "2006-10-31": "0.30860", "2006-07-31": "0.28580", "2006-04-30": "0.28240", "2006-01-31": "0.30900", "2005-10-31": "0.30970", "2005-07-31": "0.29670", "2005-04-30": "0.29890", "2005-01-31": "0.33140"}, "Debt/Equity Ratio": {"2020-10-31": "0.72350", "2020-07-31": "0.84520", "2020-04-30": "0.90440", "2020-01-31": "0.78390", "2019-10-31": "0.81530", "2019-07-31": "0.85410", "2019-04-30": "1.00720", "2019-01-31": "0.45010", "2018-10-31": "0.46720", "2018-07-31": "0.48060", "2018-04-30": "0.50100", "2018-01-31": "0.54320", "2017-10-31": "0.53780", "2017-07-31": "0.50290", "2017-04-30": "0.55270", "2017-01-31": "0.65940", "2016-10-31": "0.63810", "2016-07-31": "0.61310", "2016-04-30": "0.63650", "2016-01-31": "0.90070", "2015-10-31": "0.81830", "2015-07-31": "0.83090", "2015-04-30": "0.88500", "2015-01-31": "1.04390", "2014-10-31": "0.91690", "2014-07-31": "0.54530", "2014-04-30": "0.58100", "2014-01-31": "0.65600", "2013-10-31": "0.62310", "2013-07-31": "0.59040", "2013-04-30": "0.59980", "2013-01-31": "0.71520", "2012-10-31": "0.72130", "2012-07-31": "0.66710", "2012-04-30": "0.72630", "2012-01-31": "0.86860", "2011-10-31": "0.85170", "2011-07-31": "0.69840", "2011-04-30": "0.71400", "2011-01-31": "0.85600", "2010-10-31": "0.82150", "2010-07-31": "0.84030", "2010-04-30": "0.71050", "2010-01-31": "0.70330", "2009-10-31": "0.74030", "2009-07-31": "0.61970", "2009-04-30": "0.66100", "2009-01-31": "0.69910", "2008-10-31": "0.63920", "2008-07-31": "0.57180", "2008-04-30": "0.92590", "2008-01-31": "0.89310", "2007-10-31": "0.61980", "2007-07-31": "0.47250", "2007-04-30": "0.76120", "2007-01-31": "0.78300", "2006-10-31": "0.44720", "2006-07-31": "0.45630", "2006-04-30": "0.66590", "2006-01-31": "0.57980", "2005-10-31": "0.44960", "2005-07-31": "0.55330", "2005-04-30": "0.79460", "2005-01-31": "0.67170"}, "Gross Margin": {"2020-10-31": "35.72060", "2020-07-31": "35.02780", "2020-04-30": "33.00170", "2020-01-31": "37.53670", "2019-10-31": "33.37070", "2019-07-31": "31.71300", "2019-04-30": "33.39770", "2019-01-31": "35.76000", "2018-10-31": "33.20270", "2018-07-31": "35.62760", "2018-04-30": "37.02310", "2018-01-31": "37.25320", "2017-10-31": "37.70930", "2017-07-31": "36.11550", "2017-04-30": "36.24270", "2017-01-31": "37.50780", "2016-10-31": "36.75340", "2016-07-31": "36.04400", "2016-04-30": "36.24730", "2016-01-31": "37.55240", "2015-10-31": "35.06060", "2015-07-31": "35.49620", "2015-04-30": "34.12700", "2015-01-31": "35.63790", "2014-10-31": "34.56250", "2014-07-31": "35.60630", "2014-04-30": "35.50730", "2014-01-31": "36.66390", "2013-10-31": "33.64530", "2013-07-31": "34.91370", "2013-04-30": "35.81350", "2013-01-31": "37.29070", "2012-10-31": "33.27470", "2012-07-31": "35.33630", "2012-04-30": "34.04590", "2012-01-31": "34.60100", "2011-10-31": "32.27080", "2011-07-31": "33.46230", "2011-04-30": "33.81150", "2011-01-31": "35.65770", "2010-10-31": "32.89400", "2010-07-31": "35.22260", "2010-04-30": "33.29880", "2010-01-31": "35.12550", "2009-10-31": "33.85460", "2009-07-31": "33.88500", "2009-04-30": "32.25450", "2009-01-31": "34.76480", "2008-10-31": "29.85200", "2008-07-31": "35.30810", "2008-04-30": "35.67150", "2008-01-31": "36.75150", "2007-10-31": "34.93730", "2007-07-31": "37.06710", "2007-04-30": "35.63900", "2007-01-31": "36.94790", "2006-10-31": "33.64330", "2006-07-31": "35.64550", "2006-04-30": "34.94000", "2006-01-31": "35.67630", "2005-10-31": "33.75910", "2005-07-31": "34.96390", "2005-04-30": "34.47310", "2005-01-31": "35.07020"}, "Operating Margin": {"2020-10-31": "11.11610", "2020-07-31": "13.78790", "2020-04-30": "13.53510", "2020-01-31": "11.87370", "2019-10-31": "5.89700", "2019-07-31": "8.81640", "2019-04-30": "14.31600", "2019-01-31": "11.61840", "2018-10-31": "7.97250", "2018-07-31": "14.16450", "2018-04-30": "19.45360", "2018-01-31": "12.20660", "2017-10-31": "9.71290", "2017-07-31": "13.97960", "2017-04-30": "18.25180", "2017-01-31": "11.74200", "2016-10-31": "9.29080", "2016-07-31": "13.63660", "2016-04-30": "18.54170", "2016-01-31": "11.06890", "2015-10-31": "7.66040", "2015-07-31": "13.02540", "2015-04-30": "16.75720", "2015-01-31": "9.36760", "2014-10-31": "4.74300", "2014-07-31": "12.69290", "2014-04-30": "17.56700", "2014-01-31": "9.10310", "2013-10-31": "2.19870", "2013-07-31": "11.48810", "2013-04-30": "16.67470", "2013-01-31": "10.39080", "2012-10-31": "1.21050", "2012-07-31": "12.09840", "2012-04-30": "15.40160", "2012-01-31": "8.02690", "2011-10-31": "2.50120", "2011-07-31": "10.92200", "2011-04-30": "14.78070", "2011-01-31": "7.09810", "2010-10-31": "1.64300", "2010-07-31": "11.72590", "2010-04-30": "12.81460", "2010-01-31": "5.97300", "2009-10-31": "0.99980", "2009-07-31": "10.03320", "2009-04-30": "11.80230", "2009-01-31": "4.02770", "2008-10-31": "0.14650", "2008-07-31": "12.80180", "2008-04-30": "16.10360", "2008-01-31": "7.89060", "2007-10-31": "3.05210", "2007-07-31": "13.96370", "2007-04-30": "17.31190", "2007-01-31": "7.32920", "2006-10-31": "3.19860", "2006-07-31": "12.91610", "2006-04-30": "16.07680", "2006-01-31": "6.67380", "2005-10-31": "3.42190", "2005-07-31": "11.70720", "2005-04-30": "15.45110", "2005-01-31": "5.59910"}, "EBIT Margin": {"2020-10-31": "11.11610", "2020-07-31": "13.78790", "2020-04-30": "13.53510", "2020-01-31": "11.87370", "2019-10-31": "5.89690", "2019-07-31": "8.81640", "2019-04-30": "14.31600", "2019-01-31": "11.61840", "2018-10-31": "7.97250", "2018-07-31": "14.16450", "2018-04-30": "19.45360", "2018-01-31": "12.20660", "2017-10-31": "9.71300", "2017-07-31": "13.97960", "2017-04-30": "18.25180", "2017-01-31": "11.74200", "2016-10-31": "9.29080", "2016-07-31": "13.63660", "2016-04-30": "18.54170", "2016-01-31": "11.06890", "2015-10-31": "7.66050", "2015-07-31": "13.02540", "2015-04-30": "16.75720", "2015-01-31": "9.36760", "2014-10-31": "4.74300", "2014-07-31": "12.69290", "2014-04-30": "17.56700", "2014-01-31": "9.10310", "2013-10-31": "2.19870", "2013-07-31": "11.48810", "2013-04-30": "16.67470", "2013-01-31": "10.39080", "2012-10-31": "1.21050", "2012-07-31": "12.09840", "2012-04-30": "15.40160", "2012-01-31": "8.02690", "2011-10-31": "2.50120", "2011-07-31": "10.92200", "2011-04-30": "14.78070", "2011-01-31": "7.09810", "2010-10-31": "1.64300", "2010-07-31": "11.72590", "2010-04-30": "12.81460", "2010-01-31": "5.97300", "2009-10-31": "0.99980", "2009-07-31": "10.03320", "2009-04-30": "11.80230", "2009-01-31": "4.02770", "2008-10-31": "0.14650", "2008-07-31": "12.80180", "2008-04-30": "16.10360", "2008-01-31": "7.89060", "2007-10-31": "3.05210", "2007-07-31": "13.96370", "2007-04-30": "17.31190", "2007-01-31": "7.32920", "2006-10-31": "3.19860", "2006-07-31": "12.91610", "2006-04-30": "16.07680", "2006-01-31": "6.67380", "2005-10-31": "3.42190", "2005-07-31": "11.70720", "2005-04-30": "15.45110", "2005-01-31": "5.59910"}, "EBITDA Margin": {"2020-10-31": "", "2020-07-31": "", "2020-04-30": "", "2020-01-31": "", "2019-10-31": "", "2019-07-31": "", "2019-04-30": "", "2019-01-31": "", "2018-10-31": "", "2018-07-31": "", "2018-04-30": "", "2018-01-31": "", "2017-10-31": "", "2017-07-31": "", "2017-04-30": "", "2017-01-31": "", "2016-10-31": "", "2016-07-31": "", "2016-04-30": "", "2016-01-31": "", "2015-10-31": "", "2015-07-31": "", "2015-04-30": "", "2015-01-31": "", "2014-10-31": "", "2014-07-31": "", "2014-04-30": "", "2014-01-31": "", "2013-10-31": "", "2013-07-31": "", "2013-04-30": "", "2013-01-31": "", "2012-10-31": "", "2012-07-31": "", "2012-04-30": "", "2012-01-31": "", "2011-10-31": "", "2011-07-31": "", "2011-04-30": "", "2011-01-31": "", "2010-10-31": "", "2010-07-31": "", "2010-04-30": "", "2010-01-31": "", "2009-10-31": "", "2009-07-31": "", "2009-04-30": "", "2009-01-31": "", "2008-10-31": "", "2008-07-31": "", "2008-04-30": "", "2008-01-31": "", "2007-10-31": "", "2007-07-31": "", "2007-04-30": "", "2007-01-31": "", "2006-10-31": "", "2006-07-31": "", "2006-04-30": "", "2006-01-31": "", "2005-10-31": "", "2005-07-31": "", "2005-04-30": "", "2005-01-31": ""}, "Pre-Tax Profit Margin": {"2020-10-31": "10.53170", "2020-07-31": "13.19820", "2020-04-30": "13.05910", "2020-01-31": "11.22360", "2019-10-31": "5.95030", "2019-07-31": "8.49340", "2019-04-30": "14.25930", "2019-01-31": "11.61280", "2018-10-31": "8.07910", "2018-07-31": "14.22260", "2018-04-30": "19.32710", "2018-01-31": "12.10860", "2017-10-31": "9.60380", "2017-07-31": "14.07500", "2017-04-30": "18.14010", "2017-01-31": "11.54490", "2016-10-31": "8.91070", "2016-07-31": "13.44250", "2016-04-30": "18.44030", "2016-01-31": "11.03970", "2015-10-31": "7.34290", "2015-07-31": "12.73200", "2015-04-30": "16.47670", "2015-01-31": "8.85110", "2014-10-31": "4.29230", "2014-07-31": "12.47450", "2014-04-30": "17.33030", "2014-01-31": "8.68980", "2013-10-31": "2.44400", "2013-07-31": "11.30630", "2013-04-30": "16.51090", "2013-01-31": "9.75980", "2012-10-31": "0.68260", "2012-07-31": "11.79740", "2012-04-30": "15.09680", "2012-01-31": "7.09850", "2011-10-31": "2.05980", "2011-07-31": "10.43640", "2011-04-30": "14.32870", "2011-01-31": "6.38100", "2010-10-31": "1.21490", "2010-07-31": "11.32410", "2010-04-30": "12.21650", "2010-01-31": "4.96380", "2009-10-31": "-0.55170", "2009-07-31": "7.89400", "2009-04-30": "11.21470", "2009-01-31": "2.98470", "2008-10-31": "-0.64620", "2008-07-31": "11.78420", "2008-04-30": "15.12990", "2008-01-31": "7.10570", "2007-10-31": "2.74890", "2007-07-31": "13.33590", "2007-04-30": "16.68380", "2007-01-31": "6.77630", "2006-10-31": "2.55730", "2006-07-31": "12.51410", "2006-04-30": "15.66240", "2006-01-31": "5.76560", "2005-10-31": "2.90990", "2005-07-31": "10.81250", "2005-04-30": "14.82560", "2005-01-31": "4.84420"}, "Net Profit Margin": {"2020-10-31": "8.58500", "2020-07-31": "10.57920", "2020-04-30": "10.59250", "2020-01-31": "9.13260", "2019-10-31": "5.21070", "2019-07-31": "7.22620", "2019-04-30": "12.01310", "2019-01-31": "9.87470", "2018-10-31": "7.23840", "2018-07-31": "12.04730", "2018-04-30": "14.99970", "2018-01-31": "4.12300", "2017-10-31": "6.92720", "2017-07-31": "10.89340", "2017-04-30": "13.80380", "2017-01-31": "8.72170", "2016-10-31": "6.45450", "2016-07-31": "9.28850", "2016-04-30": "12.63460", "2016-01-31": "8.07180", "2015-10-31": "4.89880", "2015-07-31": "8.74720", "2015-04-30": "11.34810", "2015-01-31": "6.52660", "2014-10-31": "2.63240", "2014-07-31": "8.81220", "2014-04-30": "11.68890", "2014-01-31": "5.80050", "2013-10-31": "1.29460", "2013-07-31": "7.86340", "2013-04-30": "11.12900", "2013-01-31": "7.06070", "2012-10-31": "0.07400", "2012-07-31": "8.04420", "2012-04-30": "9.95220", "2012-01-31": "4.70070", "2011-10-31": "1.36790", "2011-07-31": "7.00360", "2011-04-30": "9.53930", "2011-01-31": "4.50980", "2010-10-31": "0.96170", "2010-07-31": "7.28150", "2010-04-30": "8.11290", "2010-01-31": "3.29490", "2009-10-31": "-0.18440", "2009-07-31": "5.00860", "2009-04-30": "7.37440", "2009-01-31": "1.97870", "2008-10-31": "0.00380", "2008-07-31": "7.75970", "2008-04-30": "9.83290", "2008-01-31": "4.59020", "2007-10-31": "1.96540", "2007-07-31": "8.87520", "2007-04-30": "10.91760", "2007-01-31": "4.86690", "2006-10-31": "1.35420", "2006-07-31": "8.43800", "2006-04-30": "10.63450", "2006-01-31": "3.86290", "2005-10-31": "1.94930", "2005-07-31": "7.36220", "2005-04-30": "9.85900", "2005-01-31": "3.22160"}, "Asset Turnover": {"2020-10-31": "0.29470", "2020-07-31": "0.29890", "2020-04-30": "0.33060", "2020-01-31": "0.30800", "2019-10-31": "0.31510", "2019-07-31": "0.36310", "2019-04-30": "0.39010", "2019-01-31": "0.37150", "2018-10-31": "0.34330", "2018-07-31": "0.42730", "2018-04-30": "0.53510", "2018-01-31": "0.36140", "2017-10-31": "0.32710", "2017-07-31": "0.40010", "2017-04-30": "0.54590", "2017-01-31": "0.36770", "2016-10-31": "0.33830", "2016-07-31": "0.41040", "2016-04-30": "0.54330", "2016-01-31": "0.34980", "2015-10-31": "0.36880", "2015-07-31": "0.44830", "2015-04-30": "0.55860", "2015-01-31": "0.35870", "2014-10-31": "0.34730", "2014-07-31": "0.50320", "2014-04-30": "0.63180", "2014-01-31": "0.42900", "2013-10-31": "0.38130", "2013-07-31": "0.49450", "2013-04-30": "0.63190", "2013-01-31": "0.45180", "2012-10-31": "0.36280", "2012-07-31": "0.51100", "2012-04-30": "0.67180", "2012-01-31": "0.45230", "2011-10-31": "0.42280", "2011-07-31": "0.51790", "2011-04-30": "0.60010", "2011-01-31": "0.42740", "2010-10-31": "0.38090", "2010-07-31": "0.52170", "2010-04-30": "0.57080", "2010-01-31": "0.37460", "2009-10-31": "0.33070", "2009-07-31": "0.43030", "2009-04-30": "0.49420", "2009-01-31": "0.36260", "2008-10-31": "0.36600", "2008-07-31": "0.49640", "2008-04-30": "0.53040", "2008-01-31": "0.39360", "2007-10-31": "0.34960", "2007-07-31": "0.45160", "2007-04-30": "0.56920", "2007-01-31": "0.36650", "2006-10-31": "0.35850", "2006-07-31": "0.47620", "2006-04-30": "0.57030", "2006-01-31": "0.38250", "2005-10-31": "0.36770", "2005-07-31": "0.46630", "2005-04-30": "0.54330", "2005-01-31": "0.37360"}, "Inventory Turnover Ratio": {"2020-10-31": "0.82850", "2020-07-31": "0.83270", "2020-04-30": "0.87190", "2020-01-31": "0.64870", "2019-10-31": "0.75090", "2019-07-31": "0.92290", "2019-04-30": "1.04810", "2019-01-31": "0.92970", "2018-10-31": "1.00550", "2018-07-31": "1.15820", "2018-04-30": "1.39620", "2018-01-31": "0.78300", "2017-10-31": "0.92520", "2017-07-31": "1.14940", "2017-04-30": "1.62910", "2017-01-31": "0.80170", "2016-10-31": "0.96480", "2016-07-31": "1.17500", "2016-04-30": "1.44490", "2016-01-31": "0.71970", "2015-10-31": "0.93340", "2015-07-31": "1.12290", "2015-04-30": "1.59400", "2015-01-31": "0.83760", "2014-10-31": "0.98690", "2014-07-31": "1.24410", "2014-04-30": "1.58850", "2014-01-31": "0.92640", "2013-10-31": "1.05680", "2013-07-31": "1.28180", "2013-04-30": "1.45870", "2013-01-31": "0.83060", "2012-10-31": "0.90160", "2012-07-31": "1.38830", "2012-04-30": "1.81840", "2012-01-31": "1.01730", "2011-10-31": "1.11780", "2011-07-31": "1.43480", "2011-04-30": "1.60900", "2011-01-31": "1.02850", "2010-10-31": "1.16440", "2010-07-31": "1.67760", "2010-04-30": "2.15250", "2010-01-31": "1.12510", "2009-10-31": "1.08280", "2009-07-31": "1.62560", "2009-04-30": "1.56940", "2009-01-31": "0.92970", "2008-10-31": "1.15590", "2008-07-31": "1.50500", "2008-04-30": "1.54750", "2008-01-31": "0.86730", "2007-10-31": "0.86080", "2007-07-31": "1.23750", "2007-04-30": "1.78270", "2007-01-31": "0.77750", "2006-10-31": "0.91650", "2006-07-31": "1.20580", "2006-04-30": "1.72790", "2006-01-31": "0.80410", "2005-10-31": "0.94880", "2005-07-31": "1.29150", "2005-04-30": "1.60280", "2005-01-31": "0.81500"}, "Receiveable Turnover": {"2020-10-31": "3.22040", "2020-07-31": "2.85390", "2020-04-30": "2.32090", "2020-01-31": "2.38950", "2019-10-31": "2.73240", "2019-07-31": "2.68610", "2019-04-30": "2.24480", "2019-01-31": "2.67350", "2018-10-31": "2.79170", "2018-07-31": "2.98820", "2018-04-30": "2.65580", "2018-01-31": "2.75870", "2017-10-31": "2.66900", "2017-07-31": "2.83430", "2017-04-30": "2.65660", "2017-01-31": "2.80580", "2016-10-31": "2.86870", "2016-07-31": "2.96940", "2016-04-30": "2.53590", "2016-01-31": "2.55600", "2015-10-31": "2.71620", "2015-07-31": "2.67600", "2015-04-30": "2.34990", "2015-01-31": "2.31000", "2014-10-31": "2.61850", "2014-07-31": "2.63240", "2014-04-30": "2.37660", "2014-01-31": "2.23180", "2013-10-31": "2.43280", "2013-07-31": "2.52250", "2013-04-30": "2.28900", "2013-01-31": "2.46600", "2012-10-31": "2.30170", "2012-07-31": "2.55850", "2012-04-30": "2.53460", "2012-01-31": "2.41500", "2011-10-31": "2.48480", "2011-07-31": "2.51770", "2011-04-30": "2.26790", "2011-01-31": "2.23900", "2010-10-31": "2.36050", "2010-07-31": "2.69780", "2010-04-30": "2.15810", "2010-01-31": "1.98110", "2009-10-31": "2.00800", "2009-07-31": "1.46310", "2009-04-30": "1.22570", "2009-01-31": "1.14170", "2008-10-31": "1.33160", "2008-07-31": "1.34970", "2008-04-30": "1.16690", "2008-01-31": "1.17730", "2007-10-31": "1.17430", "2007-07-31": "1.26050", "2007-04-30": "1.18960", "2007-01-31": "1.06140", "2006-10-31": "1.11750", "2006-07-31": "1.21270", "2006-04-30": "1.20610", "2006-01-31": "1.18040", "2005-10-31": "1.14000", "2005-07-31": "1.18390", "2005-04-30": "1.16460", "2005-01-31": "1.10840"}, "Days Sales In Receivables": {"2020-10-31": "27.94690", "2020-07-31": "31.53550", "2020-04-30": "38.77770", "2020-01-31": "37.66500", "2019-10-31": "32.93820", "2019-07-31": "33.50550", "2019-04-30": "40.09310", "2019-01-31": "33.66340", "2018-10-31": "32.23800", "2018-07-31": "30.11830", "2018-04-30": "33.88780", "2018-01-31": "32.62450", "2017-10-31": "33.72010", "2017-07-31": "31.75380", "2017-04-30": "33.87750", "2017-01-31": "32.07690", "2016-10-31": "31.37320", "2016-07-31": "30.30890", "2016-04-30": "35.49010", "2016-01-31": "35.21140", "2015-10-31": "33.13420", "2015-07-31": "33.63200", "2015-04-30": "38.29890", "2015-01-31": "38.96120", "2014-10-31": "34.37060", "2014-07-31": "34.18890", "2014-04-30": "37.86960", "2014-01-31": "40.32600", "2013-10-31": "36.99440", "2013-07-31": "35.67890", "2013-04-30": "39.31850", "2013-01-31": "36.49640", "2012-10-31": "39.10150", "2012-07-31": "35.17740", "2012-04-30": "35.50870", "2012-01-31": "37.26640", "2011-10-31": "36.22070", "2011-07-31": "35.74750", "2011-04-30": "39.68360", "2011-01-31": "40.19680", "2010-10-31": "38.12830", "2010-07-31": "33.36020", "2010-04-30": "41.70260", "2010-01-31": "45.42940", "2009-10-31": "44.82130", "2009-07-31": "61.51500", "2009-04-30": "73.42590", "2009-01-31": "78.83240", "2008-10-31": "67.58680", "2008-07-31": "66.68000", "2008-04-30": "77.12840", "2008-01-31": "76.44520", "2007-10-31": "76.64280", "2007-07-31": "71.40260", "2007-04-30": "75.65700", "2007-01-31": "84.79520", "2006-10-31": "80.53450", "2006-07-31": "74.21280", "2006-04-30": "74.62350", "2006-01-31": "76.24750", "2005-10-31": "78.94450", "2005-07-31": "76.01700", "2005-04-30": "77.28170", "2005-01-31": "81.19780"}, "ROE - Return On Equity": {"2020-10-31": "6.47600", "2020-07-31": "8.44070", "2020-04-30": "9.99500", "2020-01-31": "7.68500", "2019-10-31": "4.45170", "2019-07-31": "7.18240", "2019-04-30": "14.35160", "2019-01-31": "8.57430", "2018-10-31": "5.83590", "2018-07-31": "12.15070", "2018-04-30": "21.06260", "2018-01-31": "3.89200", "2017-10-31": "5.48510", "2017-07-31": "10.36550", "2017-04-30": "19.82240", "2017-01-31": "8.76940", "2016-10-31": "5.49600", "2016-07-31": "9.66030", "2016-04-30": "18.78410", "2016-01-31": "8.53630", "2015-10-31": "5.09640", "2015-07-31": "11.46330", "2015-04-30": "20.25100", "2015-01-31": "7.47870", "2014-10-31": "2.66730", "2014-07-31": "12.11750", "2014-04-30": "22.58750", "2014-01-31": "7.57640", "2013-10-31": "1.37980", "2013-07-31": "10.59030", "2013-04-30": "21.01690", "2013-01-31": "10.03570", "2012-10-31": "0.08030", "2012-07-31": "12.00570", "2012-04-30": "22.15830", "2012-01-31": "6.90020", "2011-10-31": "1.88740", "2011-07-31": "10.75160", "2011-04-30": "18.91440", "2011-01-31": "6.49460", "2010-10-31": "1.17620", "2010-07-31": "12.30120", "2010-04-30": "14.19640", "2010-01-31": "3.35680", "2009-10-31": "-0.16880", "2009-07-31": "5.36260", "2009-04-30": "9.29350", "2009-01-31": "1.84700", "2008-10-31": "0.00360", "2008-07-31": "9.51580", "2008-04-30": "15.23350", "2008-01-31": "5.25980", "2007-10-31": "1.76390", "2007-07-31": "8.93700", "2007-04-30": "16.58900", "2007-01-31": "4.78190", "2006-10-31": "1.13820", "2006-07-31": "9.22070", "2006-04-30": "15.76140", "2006-01-31": "3.64810", "2005-10-31": "1.68470", "2005-07-31": "8.28500", "2005-04-30": "15.09250", "2005-01-31": "3.16430"}, "Return On Tangible Equity": {"2020-10-31": "25.56080", "2020-07-31": "41.08730", "2020-04-30": "69.87480", "2020-01-31": "34.65200", "2019-10-31": "26.39930", "2019-07-31": "42.25460", "2019-04-30": "115.85160", "2019-01-31": "16.38920", "2018-10-31": "11.55020", "2018-07-31": "24.91020", "2018-04-30": "45.60530", "2018-01-31": "8.29620", "2017-10-31": "10.97820", "2017-07-31": "19.48910", "2017-04-30": "40.48380", "2017-01-31": "22.38220", "2016-10-31": "12.23090", "2016-07-31": "20.51910", "2016-04-30": "41.65920", "2016-01-31": "26.42340", "2015-10-31": "15.95560", "2015-07-31": "35.87410", "2015-04-30": "65.29090", "2015-01-31": "34.31190", "2014-10-31": "3.72020", "2014-07-31": "16.91570", "2014-04-30": "32.61070", "2014-01-31": "11.68150", "2013-10-31": "2.07530", "2013-07-31": "15.48820", "2013-04-30": "31.13160", "2013-01-31": "16.50690", "2012-10-31": "0.13330", "2012-07-31": "19.18670", "2012-04-30": "37.66410", "2012-01-31": "12.30990", "2011-10-31": "3.61710", "2011-07-31": "17.76570", "2011-04-30": "31.33860", "2011-01-31": "12.46850", "2010-10-31": "1.94900", "2010-07-31": "20.69200", "2010-04-30": "21.67110", "2010-01-31": "5.05030", "2009-10-31": "-0.25890", "2009-07-31": "7.46830", "2009-04-30": "12.61640", "2009-01-31": "2.59380", "2008-10-31": "0.00500", "2008-07-31": "12.74480", "2008-04-30": "20.25780", "2008-01-31": "7.40840", "2007-10-31": "2.42410", "2007-07-31": "10.94710", "2007-04-30": "20.56370", "2007-01-31": "6.18360", "2006-10-31": "1.46130", "2006-07-31": "11.50190", "2006-04-30": "19.56940", "2006-01-31": "4.68230", "2005-10-31": "2.16590", "2005-07-31": "10.48580", "2005-04-30": "19.16390", "2005-01-31": "4.09280"}, "ROA - Return On Assets": {"2020-10-31": "2.53030", "2020-07-31": "3.16180", "2020-04-30": "3.50160", "2020-01-31": "2.81310", "2019-10-31": "1.64190", "2019-07-31": "2.62400", "2019-04-30": "4.68650", "2019-01-31": "3.66890", "2018-10-31": "2.48490", "2018-07-31": "5.14800", "2018-04-30": "8.02620", "2018-01-31": "1.49020", "2017-10-31": "2.26590", "2017-07-31": "4.35820", "2017-04-30": "7.53550", "2017-01-31": "3.20690", "2016-10-31": "2.18330", "2016-07-31": "3.81180", "2016-04-30": "6.86390", "2016-01-31": "2.82320", "2015-10-31": "1.80680", "2015-07-31": "3.92100", "2015-04-30": "6.33910", "2015-01-31": "2.34090", "2014-10-31": "0.91430", "2014-07-31": "4.43450", "2014-04-30": "7.38490", "2014-01-31": "2.48840", "2013-10-31": "0.49360", "2013-07-31": "3.88860", "2013-04-30": "7.03190", "2013-01-31": "3.19020", "2012-10-31": "0.02680", "2012-07-31": "4.11030", "2012-04-30": "6.68560", "2012-01-31": "2.12620", "2011-10-31": "0.57830", "2011-07-31": "3.62680", "2011-04-30": "5.72430", "2011-01-31": "1.92730", "2010-10-31": "0.36630", "2010-07-31": "3.79850", "2010-04-30": "4.63100", "2010-01-31": "1.23420", "2009-10-31": "-0.06100", "2009-07-31": "2.15510", "2009-04-30": "3.64480", "2009-01-31": "0.71740", "2008-10-31": "0.00140", "2008-07-31": "3.85220", "2008-04-30": "5.21510", "2008-01-31": "1.80650", "2007-10-31": "0.68720", "2007-07-31": "4.00770", "2007-04-30": "6.21470", "2007-01-31": "1.78360", "2006-10-31": "0.48550", "2006-07-31": "4.01830", "2006-04-30": "6.06440", "2006-01-31": "1.47770", "2005-10-31": "0.71680", "2005-07-31": "3.43290", "2005-04-30": "5.35670", "2005-01-31": "1.20360"}, "ROI - Return On Investment": {"2020-10-31": "3.99740", "2020-07-31": "4.84560", "2020-04-30": "5.54360", "2020-01-31": "4.63240", "2019-10-31": "2.58470", "2019-07-31": "4.13810", "2019-04-30": "7.57160", "2019-01-31": "5.91290", "2018-10-31": "3.97740", "2018-07-31": "8.20680", "2018-04-30": "14.22990", "2018-01-31": "2.55920", "2017-10-31": "3.66830", "2017-07-31": "7.06130", "2017-04-30": "13.09900", "2017-01-31": "5.43130", "2016-10-31": "3.44100", "2016-07-31": "6.13770", "2016-04-30": "11.77600", "2016-01-31": "4.92060", "2015-10-31": "2.88300", "2015-07-31": "6.47740", "2015-04-30": "11.37300", "2015-01-31": "3.97560", "2014-10-31": "1.44200", "2014-07-31": "7.85710", "2014-04-30": "14.29030", "2014-01-31": "4.57630", "2013-10-31": "0.85010", "2013-07-31": "6.65900", "2013-04-30": "13.14240", "2013-01-31": "5.85370", "2012-10-31": "0.04680", "2012-07-31": "7.22520", "2012-04-30": "12.88060", "2012-01-31": "3.88810", "2011-10-31": "1.02350", "2011-07-31": "6.36230", "2011-04-30": "11.08680", "2011-01-31": "3.51830", "2010-10-31": "0.64960", "2010-07-31": "6.73740", "2010-04-30": "8.36380", "2010-01-31": "1.98760", "2009-10-31": "-0.09850", "2009-07-31": "3.32770", "2009-04-30": "5.92100", "2009-01-31": "1.13920", "2008-10-31": "0.00220", "2008-07-31": "6.07750", "2008-04-30": "9.81160", "2008-01-31": "3.19840", "2007-10-31": "1.09260", "2007-07-31": "6.08200", "2007-04-30": "11.10540", "2007-01-31": "3.79760", "2006-10-31": "0.78690", "2006-07-31": "6.58530", "2006-04-30": "11.31010", "2006-01-31": "2.52100", "2005-10-31": "1.16290", "2005-07-31": "5.82720", "2005-04-30": "10.58130", "2005-01-31": "2.11580"}, "Book Value Per Share": {"2020-10-31": "10.36250", "2020-07-31": "9.82650", "2020-04-30": "9.19560", "2020-01-31": "8.52570", "2019-10-31": "8.05290", "2019-07-31": "7.91960", "2019-04-30": "7.56600", "2019-01-31": "6.56660", "2018-10-31": "6.33440", "2018-07-31": "6.17530", "2018-04-30": "5.91080", "2018-01-31": "5.45670", "2017-10-31": "5.77350", "2017-07-31": "6.11700", "2017-04-30": "5.63380", "2017-01-31": "4.76910", "2016-10-31": "5.07290", "2016-07-31": "5.28730", "2016-04-30": "5.13710", "2016-01-31": "4.22090", "2015-10-31": "4.22830", "2015-07-31": "4.24160", "2015-04-30": "4.18890", "2015-01-31": "3.71850", "2014-10-31": "3.67050", "2014-07-31": "3.70460", "2014-04-30": "3.44940", "2014-01-31": "3.02500", "2013-10-31": "3.15850", "2013-07-31": "3.31290", "2013-04-30": "3.23730", "2013-01-31": "2.70370", "2012-10-31": "2.68080", "2012-07-31": "2.87340", "2012-04-30": "2.63970", "2012-01-31": "2.41430", "2011-10-31": "2.25290", "2011-07-31": "2.66290", "2011-04-30": "2.56900", "2011-01-31": "2.13860", "2010-10-31": "2.19630", "2010-07-31": "2.16890", "2010-04-30": "2.45430", "2010-01-31": "2.41890", "2009-10-31": "2.36160", "2009-07-31": "2.67690", "2009-04-30": "2.76270", "2009-01-31": "2.54470", "2008-10-31": "2.56920", "2008-07-31": "2.78020", "2008-04-30": "2.75760", "2008-01-31": "2.36400", "2007-10-31": "2.44020", "2007-07-31": "2.98810", "2007-04-30": "2.81670", "2007-01-31": "2.39790", "2006-10-31": "2.42860", "2006-07-31": "2.64230", "2006-04-30": "2.62340", "2006-01-31": "2.29910", "2005-10-31": "2.32730", "2005-07-31": "2.43200", "2005-04-30": "2.37200", "2005-01-31": "2.04120"}, "Operating Cash Flow Per Share": {"2020-10-31": 2.1457, "2020-07-31": 2.1647, "2020-04-30": 0.8677, "2020-01-31": "-0.21440", "2019-10-31": 0.7276, "2019-07-31": 0.8753, "2019-04-30": 1.2772, "2019-01-31": "0.24110", "2018-10-31": 0.9574, "2018-07-31": 1.128, "2018-04-30": 1.1983, "2018-01-31": "0.07370", "2017-10-31": 0.7606, "2017-07-31": 0.9729, "2017-04-30": 1.371, "2017-01-31": "0.13810", "2016-10-31": 0.7201, "2016-07-31": 1.3857, "2016-04-30": 1.2854, "2016-01-31": "0.04030", "2015-10-31": 0.7133, "2015-07-31": 0.6511, "2015-04-30": 1.0387, "2015-01-31": "-0.20430", "2014-10-31": 0.1499, "2014-07-31": 0.7578, "2014-04-30": 0.7826, "2014-01-31": "-0.10800", "2013-10-31": 0.5349, "2013-07-31": 1.0329, "2013-04-30": 0.5059, "2013-01-31": "-0.19670", "2012-10-31": 0.1618, "2012-07-31": 0.6367, "2012-04-30": 0.8678, "2012-01-31": "-0.13380", "2011-10-31": 0.3295, "2011-07-31": 0.4258, "2011-04-30": 0.3808, "2011-01-31": "-0.24080", "2010-10-31": 0.2534, "2010-07-31": 0.6019, "2010-04-30": 0.6683, "2010-01-31": "-0.07680", "2009-10-31": 0.9168, "2009-07-31": 1.3135, "2009-04-30": -0.0029, "2009-01-31": "-0.49260", "2008-10-31": 0.586, "2008-07-31": 1.523, "2008-04-30": -0.2667, "2008-01-31": "-0.44440", "2007-10-31": 0.5955, "2007-07-31": 1.2126, "2007-04-30": -0.0559, "2007-01-31": "-0.65590", "2006-10-31": 0.7128, "2006-07-31": 0.8643, "2006-04-30": -0.2079, "2006-01-31": "-0.29650", "2005-10-31": 0.5699, "2005-07-31": 0.8396, "2005-04-30": -0.1877, "2005-01-31": "-0.28670"}, "Free Cash Flow Per Share": {"2020-10-31": 1.857, "2020-07-31": 1.9869, "2020-04-30": 0.7264, "2020-01-31": "-0.32300", "2019-10-31": 0.3934, "2019-07-31": 0.7018, "2019-04-30": 1.1003, "2019-01-31": "0.10960", "2018-10-31": 0.61, "2018-07-31": 0.9724, "2018-04-30": 0.9715, "2018-01-31": "-0.02450", "2017-10-31": 0.5661, "2017-07-31": 0.8458, "2017-04-30": 1.2755, "2017-01-31": "0.03320", "2016-10-31": 0.5764, "2016-07-31": 1.2794, "2016-04-30": 1.1797, "2016-01-31": "-0.05420", "2015-10-31": 0.5495, "2015-07-31": 0.5581, "2015-04-30": 0.8884, "2015-01-31": "-0.29230", "2014-10-31": -0.0003, "2014-07-31": 0.5767, "2014-04-30": 0.6556, "2014-01-31": "-0.26280", "2013-10-31": 0.4091, "2013-07-31": 0.908, "2013-04-30": 0.3689, "2013-01-31": "-0.22370", "2012-10-31": 0.0416, "2012-07-31": 0.5831, "2012-04-30": 0.802, "2012-01-31": "-0.24680", "2011-10-31": 0.2229, "2011-07-31": 0.2876, "2011-04-30": 0.2527, "2011-01-31": "-0.31440", "2010-10-31": 0.1391, "2010-07-31": 0.506, "2010-04-30": 0.5925, "2010-01-31": "-0.15060", "2009-10-31": 0.8201, "2009-07-31": 1.2675, "2009-04-30": -0.056, "2009-01-31": "-0.55710", "2008-10-31": 0.4916, "2008-07-31": 1.4452, "2008-04-30": -0.3351, "2008-01-31": "-0.51410", "2007-10-31": 0.5409, "2007-07-31": 1.145, "2007-04-30": -0.1105, "2007-01-31": "-0.72940", "2006-10-31": 0.6391, "2006-07-31": 0.81, "2006-04-30": -0.2549, "2006-01-31": "-0.34050", "2005-10-31": 0.5012, "2005-07-31": 0.7904, "2005-04-30": -0.2292, "2005-01-31": "-0.31360"}}, "revenue": {"Toro Annual Revenue (Millions of US $)": {"2020": "$3,379", "2019": "$3,138", "2018": "$2,619", "2017": "$2,505", "2016": "$2,392", "2015": "$2,391", "2014": "$2,173", "2013": "$2,041", "2012": "$1,959", "2011": "$1,884", "2010": "$1,690", "2009": "$1,523", "2008": "$1,878", "2007": "$1,877", "2006": "$1,836", "2005": "$1,779"}, "Toro Quarterly Revenue (Millions of US $)": {"2020-10-31": "$841", "2020-07-31": "$841", "2020-04-30": "$929", "2020-01-31": "$767", "2019-10-31": "$734", "2019-07-31": "$839", "2019-04-30": "$962", "2019-01-31": "$603", "2018-10-31": "$539", "2018-07-31": "$656", "2018-04-30": "$875", "2018-01-31": "$548", "2017-10-31": "$489", "2017-07-31": "$628", "2017-04-30": "$873", "2017-01-31": "$516", "2016-10-31": "$468", "2016-07-31": "$601", "2016-04-30": "$836", "2016-01-31": "$486", "2015-10-31": "$481", "2015-07-31": "$610", "2015-04-30": "$826", "2015-01-31": "$474", "2014-10-31": "$414", "2014-07-31": "$568", "2014-04-30": "$745", "2014-01-31": "$446", "2013-10-31": "$382", "2013-07-31": "$510", "2013-04-30": "$704", "2013-01-31": "$445", "2012-10-31": "$339", "2012-07-31": "$504", "2012-04-30": "$691", "2012-01-31": "$424", "2011-10-31": "$368", "2011-07-31": "$501", "2011-04-30": "$632", "2011-01-31": "$383", "2010-10-31": "$337", "2010-07-31": "$459", "2010-04-30": "$563", "2010-01-31": "$331", "2009-10-31": "$289", "2009-07-31": "$395", "2009-04-30": "$500", "2009-01-31": "$340", "2008-10-31": "$341", "2008-07-31": "$493", "2008-04-30": "$639", "2008-01-31": "$406", "2007-10-31": "$332", "2007-07-31": "$479", "2007-04-30": "$687", "2007-01-31": "$379", "2006-10-31": "$329", "2006-07-31": "$478", "2006-04-30": "$659", "2006-01-31": "$370", "2005-10-31": "$337", "2005-07-31": "$467", "2005-04-30": "$628", "2005-01-31": "$347"}}, "gross-profit": {"Toro Annual Gross Profit (Millions of US $)": {"2020": "$1,190", "2019": "$1,048", "2018": "$941", "2017": "$921", "2016": "$875", "2015": "$836", "2014": "$773", "2013": "$725", "2012": "$673", "2011": "$637", "2010": "$576", "2009": "$511", "2008": "$653", "2007": "$678", "2006": "$643", "2005": "$615"}, "Toro Quarterly Gross Profit (Millions of US $)": {"2020-10-31": "$300", "2020-07-31": "$295", "2020-04-30": "$307", "2020-01-31": "$288", "2019-10-31": "$245", "2019-07-31": "$266", "2019-04-30": "$321", "2019-01-31": "$216", "2018-10-31": "$179", "2018-07-31": "$234", "2018-04-30": "$324", "2018-01-31": "$204", "2017-10-31": "$184", "2017-07-31": "$227", "2017-04-30": "$316", "2017-01-31": "$193", "2016-10-31": "$172", "2016-07-31": "$217", "2016-04-30": "$303", "2016-01-31": "$183", "2015-10-31": "$169", "2015-07-31": "$216", "2015-04-30": "$282", "2015-01-31": "$169", "2014-10-31": "$143", "2014-07-31": "$202", "2014-04-30": "$265", "2014-01-31": "$164", "2013-10-31": "$129", "2013-07-31": "$178", "2013-04-30": "$252", "2013-01-31": "$166", "2012-10-31": "$113", "2012-07-31": "$178", "2012-04-30": "$235", "2012-01-31": "$147", "2011-10-31": "$119", "2011-07-31": "$168", "2011-04-30": "$214", "2011-01-31": "$137", "2010-10-31": "$111", "2010-07-31": "$162", "2010-04-30": "$187", "2010-01-31": "$116", "2009-10-31": "$98", "2009-07-31": "$134", "2009-04-30": "$161", "2009-01-31": "$118", "2008-10-31": "$102", "2008-07-31": "$174", "2008-04-30": "$228", "2008-01-31": "$149", "2007-10-31": "$116", "2007-07-31": "$177", "2007-04-30": "$245", "2007-01-31": "$140", "2006-10-31": "$111", "2006-07-31": "$170", "2006-04-30": "$230", "2006-01-31": "$132", "2005-10-31": "$114", "2005-07-31": "$163", "2005-04-30": "$217", "2005-01-31": "$122"}}, "operating-income": {"Toro Annual Operating Income (Millions of US $)": {"2020": "$426", "2019": "$325", "2018": "$373", "2017": "$355", "2016": "$334", "2015": "$299", "2014": "$263", "2013": "$231", "2012": "$206", "2011": "$184", "2010": "$151", "2009": "$115", "2008": "$198", "2007": "$224", "2006": "$203", "2005": "$183"}, "Toro Quarterly Operating Income (Millions of US $)": {"2020-10-31": "$93", "2020-07-31": "$116", "2020-04-30": "$126", "2020-01-31": "$91", "2019-10-31": "$43", "2019-07-31": "$74", "2019-04-30": "$138", "2019-01-31": "$70", "2018-10-31": "$43", "2018-07-31": "$93", "2018-04-30": "$170", "2018-01-31": "$67", "2017-10-31": "$47", "2017-07-31": "$88", "2017-04-30": "$159", "2017-01-31": "$61", "2016-10-31": "$44", "2016-07-31": "$82", "2016-04-30": "$155", "2016-01-31": "$54", "2015-10-31": "$37", "2015-07-31": "$79", "2015-04-30": "$138", "2015-01-31": "$44", "2014-10-31": "$20", "2014-07-31": "$72", "2014-04-30": "$131", "2014-01-31": "$41", "2013-10-31": "$8", "2013-07-31": "$59", "2013-04-30": "$117", "2013-01-31": "$46", "2012-10-31": "$4", "2012-07-31": "$61", "2012-04-30": "$107", "2012-01-31": "$34", "2011-10-31": "$9", "2011-07-31": "$55", "2011-04-30": "$93", "2011-01-31": "$27", "2010-10-31": "$6", "2010-07-31": "$54", "2010-04-30": "$72", "2010-01-31": "$20", "2009-10-31": "$3", "2009-07-31": "$40", "2009-04-30": "$59", "2009-01-31": "$14", "2008-10-31": "$1", "2008-07-31": "$63", "2008-04-30": "$103", "2008-01-31": "$32", "2007-10-31": "$10", "2007-07-31": "$67", "2007-04-30": "$119", "2007-01-31": "$28", "2006-10-31": "$11", "2006-07-31": "$62", "2006-04-30": "$106", "2006-01-31": "$25", "2005-10-31": "$12", "2005-07-31": "$55", "2005-04-30": "$97", "2005-01-31": "$19"}}, "ebitda": {"Toro Annual EBITDA (Millions of US $)": {"2020": "$522", "2019": "$413", "2018": "$434", "2017": "$420", "2016": "$398", "2015": "$362", "2014": "$316", "2013": "$285", "2012": "$259", "2011": "$233", "2010": "$196", "2009": "$160", "2008": "$247", "2007": "$266", "2006": "$245", "2005": "$226"}, "Toro Quarterly EBITDA (Millions of US $)": {"2020-10-31": "$119", "2020-07-31": "$140", "2020-04-30": "$149", "2020-01-31": "$114", "2019-10-31": "$69", "2019-07-31": "$101", "2019-04-30": "$157", "2019-01-31": "$86", "2018-10-31": "$62", "2018-07-31": "$105", "2018-04-30": "$185", "2018-01-31": "$82", "2017-10-31": "$65", "2017-07-31": "$101", "2017-04-30": "$177", "2017-01-31": "$77", "2016-10-31": "$61", "2016-07-31": "$97", "2016-04-30": "$171", "2016-01-31": "$70", "2015-10-31": "$54", "2015-07-31": "$95", "2015-04-30": "$154", "2015-01-31": "$59", "2014-10-31": "$35", "2014-07-31": "$84", "2014-04-30": "$144", "2014-01-31": "$54", "2013-10-31": "$23", "2013-07-31": "$71", "2013-04-30": "$131", "2013-01-31": "$60", "2012-10-31": "$20", "2012-07-31": "$73", "2012-04-30": "$119", "2012-01-31": "$47", "2011-10-31": "$23", "2011-07-31": "$66", "2011-04-30": "$105", "2011-01-31": "$38", "2010-10-31": "$18", "2010-07-31": "$64", "2010-04-30": "$83", "2010-01-31": "$31", "2009-10-31": "$18", "2009-07-31": "$48", "2009-04-30": "$70", "2009-01-31": "$24", "2008-10-31": "$16", "2008-07-31": "$73", "2008-04-30": "$114", "2008-01-31": "$43", "2007-10-31": "$22", "2007-07-31": "$77", "2007-04-30": "$129", "2007-01-31": "$38", "2006-10-31": "$22", "2006-07-31": "$72", "2006-04-30": "$116", "2006-01-31": "$35", "2005-10-31": "$24", "2005-07-31": "$66", "2005-04-30": "$106", "2005-01-31": "$29"}}, "net-income": {"Toro Annual Net Income (Millions of US $)": {"2020": "$330", "2019": "$274", "2018": "$272", "2017": "$268", "2016": "$231", "2015": "$202", "2014": "$174", "2013": "$155", "2012": "$130", "2011": "$118", "2010": "$93", "2009": "$63", "2008": "$120", "2007": "$142", "2006": "$129", "2005": "$114"}, "Toro Quarterly Net Income (Millions of US $)": {"2020-10-31": "$72", "2020-07-31": "$89", "2020-04-30": "$98", "2020-01-31": "$70", "2019-10-31": "$38", "2019-07-31": "$61", "2019-04-30": "$116", "2019-01-31": "$60", "2018-10-31": "$39", "2018-07-31": "$79", "2018-04-30": "$131", "2018-01-31": "$23", "2017-10-31": "$34", "2017-07-31": "$68", "2017-04-30": "$120", "2017-01-31": "$45", "2016-10-31": "$30", "2016-07-31": "$56", "2016-04-30": "$106", "2016-01-31": "$39", "2015-10-31": "$24", "2015-07-31": "$53", "2015-04-30": "$94", "2015-01-31": "$31", "2014-10-31": "$11", "2014-07-31": "$50", "2014-04-30": "$87", "2014-01-31": "$26", "2013-10-31": "$5", "2013-07-31": "$40", "2013-04-30": "$78", "2013-01-31": "$31", "2012-10-31": "$0", "2012-07-31": "$41", "2012-04-30": "$69", "2012-01-31": "$20", "2011-10-31": "$5", "2011-07-31": "$35", "2011-04-30": "$60", "2011-01-31": "$17", "2010-10-31": "$3", "2010-07-31": "$33", "2010-04-30": "$46", "2010-01-31": "$11", "2009-10-31": "$-1", "2009-07-31": "$20", "2009-04-30": "$37", "2009-01-31": "$7", "2008-10-31": "$0", "2008-07-31": "$38", "2008-04-30": "$63", "2008-01-31": "$19", "2007-10-31": "$7", "2007-07-31": "$42", "2007-04-30": "$75", "2007-01-31": "$18", "2006-10-31": "$4", "2006-07-31": "$40", "2006-04-30": "$70", "2006-01-31": "$14", "2005-10-31": "$7", "2005-07-31": "$34", "2005-04-30": "$62", "2005-01-31": "$11"}}, "eps-earnings-per-share-diluted": {"Toro Annual EPS": {"2020": "$3.03", "2019": "$2.53", "2018": "$2.50", "2017": "$2.41", "2016": "$2.06", "2015": "$1.78", "2014": "$1.51", "2013": "$1.31", "2012": "$1.07", "2011": "$0.93", "2010": "$0.70", "2009": "$0.43", "2008": "$0.78", "2007": "$0.85", "2006": "$0.73", "2005": "$0.61"}, "Toro Quarterly EPS": {"2020-10-31": "$0.65", "2020-07-31": "$0.82", "2020-04-30": "$0.91", "2020-01-31": "$0.65", "2019-10-31": "$0.35", "2019-07-31": "$0.56", "2019-04-30": "$1.07", "2019-01-31": "$0.55", "2018-10-31": "$0.35", "2018-07-31": "$0.73", "2018-04-30": "$1.21", "2018-01-31": "$0.21", "2017-10-31": "$0.31", "2017-07-31": "$0.61", "2017-04-30": "$1.08", "2017-01-31": "$0.41", "2016-10-31": "$0.27", "2016-07-31": "$0.50", "2016-04-30": "$0.94", "2016-01-31": "$0.35", "2015-10-31": "$0.22", "2015-07-31": "$0.47", "2015-04-30": "$0.82", "2015-01-31": "$0.27", "2014-10-31": "$0.10", "2014-07-31": "$0.44", "2014-04-30": "$0.76", "2014-01-31": "$0.22", "2013-10-31": "$0.05", "2013-07-31": "$0.34", "2013-04-30": "$0.66", "2013-01-31": "$0.27", "2012-10-31": "$0.01", "2012-07-31": "$0.34", "2012-04-30": "$0.57", "2012-01-31": "$0.17", "2011-10-31": "$0.05", "2011-07-31": "$0.28", "2011-04-30": "$0.47", "2011-01-31": "$0.13", "2010-10-31": "$0.03", "2010-07-31": "$0.25", "2010-04-30": "$0.34", "2010-01-31": "$0.08", "2009-10-31": "$0.00", "2009-07-31": "$0.14", "2009-04-30": "$0.25", "2009-01-31": "$0.05", "2008-10-31": "$0.01", "2008-07-31": "$0.25", "2008-04-30": "$0.40", "2008-01-31": "$0.12", "2007-10-31": "$0.04", "2007-07-31": "$0.26", "2007-04-30": "$0.44", "2007-01-31": "$0.11", "2006-10-31": "$0.03", "2006-07-31": "$0.23", "2006-04-30": "$0.39", "2006-01-31": "$0.08", "2005-10-31": "$0.04", "2005-07-31": "$0.19", "2005-04-30": "$0.33", "2005-01-31": "$0.06"}}, "shares-outstanding": {"Toro Annual Shares Outstanding (Millions of Shares)": {"2020": "109", "2019": "108", "2018": "109", "2017": "111", "2016": "112", "2015": "114", "2014": "115", "2013": "118", "2012": "121", "2011": "127", "2010": "134", "2009": "145", "2008": "154", "2007": "167", "2006": "177", "2005": "186"}, "Toro Quarterly Shares Outstanding (Millions of Shares)": {"2020-10-31": "109", "2020-07-31": "109", "2020-04-30": "109", "2020-01-31": "109", "2019-10-31": "108", "2019-07-31": "108", "2019-04-30": "108", "2019-01-31": "108", "2018-10-31": "109", "2018-07-31": "108", "2018-04-30": "109", "2018-01-31": "110", "2017-10-31": "111", "2017-07-31": "111", "2017-04-30": "111", "2017-01-31": "111", "2016-10-31": "112", "2016-07-31": "112", "2016-04-30": "112", "2016-01-31": "112", "2015-10-31": "114", "2015-07-31": "113", "2015-04-30": "114", "2015-01-31": "114", "2014-10-31": "115", "2014-07-31": "115", "2014-04-30": "116", "2014-01-31": "117", "2013-10-31": "118", "2013-07-31": "118", "2013-04-30": "119", "2013-01-31": "119", "2012-10-31": "121", "2012-07-31": "121", "2012-04-30": "122", "2012-01-31": "122", "2011-10-31": "127", "2011-07-31": "127", "2011-04-30": "128", "2011-01-31": "130", "2010-10-31": "134", "2010-07-31": "132", "2010-04-30": "137", "2010-01-31": "137", "2009-10-31": "145", "2009-07-31": "145", "2009-04-30": "147", "2009-01-31": "147", "2008-10-31": "154", "2008-07-31": "155", "2008-04-30": "157", "2008-01-31": "158", "2007-10-31": "167", "2007-07-31": "167", "2007-04-30": "169", "2007-01-31": "169", "2006-10-31": "177", "2006-07-31": "177", "2006-04-30": "180", "2006-01-31": "180", "2005-10-31": "186", "2005-07-31": "186", "2005-04-30": "186", "2005-01-31": "191"}}, "total-assets": {"Toro Annual Total Assets (Millions of US $)": {"2020": "$2,853", "2019": "$2,331", "2018": "$1,571", "2017": "$1,494", "2016": "$1,385", "2015": "$1,304", "2014": "$1,192", "2013": "$1,003", "2012": "$935", "2011": "$871", "2010": "$886", "2009": "$873", "2008": "$932", "2007": "$951", "2006": "$919", "2005": "$917"}, "Toro Quarterly Total Assets (Millions of US $)": {"2020-10-31": "$2,853", "2020-07-31": "$2,814", "2020-04-30": "$2,811", "2020-01-31": "$2,492", "2019-10-31": "$2,331", "2019-07-31": "$2,310", "2019-04-30": "$2,466", "2019-01-31": "$1,623", "2018-10-31": "$1,571", "2018-07-31": "$1,535", "2018-04-30": "$1,636", "2018-01-31": "$1,517", "2017-10-31": "$1,494", "2017-07-31": "$1,570", "2017-04-30": "$1,599", "2017-01-31": "$1,403", "2016-10-31": "$1,385", "2016-07-31": "$1,464", "2016-04-30": "$1,540", "2016-01-31": "$1,391", "2015-10-31": "$1,304", "2015-07-31": "$1,360", "2015-04-30": "$1,479", "2015-01-31": "$1,322", "2014-10-31": "$1,192", "2014-07-31": "$1,128", "2014-04-30": "$1,179", "2014-01-31": "$1,040", "2013-10-31": "$1,003", "2013-07-31": "$1,031", "2013-04-30": "$1,115", "2013-01-31": "$984", "2012-10-31": "$935", "2012-07-31": "$987", "2012-04-30": "$1,029", "2012-01-31": "$937", "2011-10-31": "$871", "2011-07-31": "$968", "2011-04-30": "$1,053", "2011-01-31": "$897", "2010-10-31": "$886", "2010-07-31": "$880", "2010-04-30": "$986", "2010-01-31": "$885", "2009-10-31": "$873", "2009-07-31": "$918", "2009-04-30": "$1,011", "2009-01-31": "$938", "2008-10-31": "$932", "2008-07-31": "$992", "2008-04-30": "$1,204", "2008-01-31": "$1,031", "2007-10-31": "$951", "2007-07-31": "$1,060", "2007-04-30": "$1,206", "2007-01-31": "$1,034", "2006-10-31": "$919", "2006-07-31": "$1,003", "2006-04-30": "$1,156", "2006-01-31": "$966", "2005-10-31": "$917", "2005-07-31": "$1,001", "2005-04-30": "$1,157", "2005-01-31": "$929"}}, "cash-on-hand": {"Toro Annual Cash on Hand (Millions of US $)": {"2020": "$480", "2019": "$152", "2018": "$289", "2017": "$310", "2016": "$274", "2015": "$126", "2014": "$315", "2013": "$183", "2012": "$126", "2011": "$81", "2010": "$177", "2009": "$188", "2008": "$99", "2007": "$62", "2006": "$56", "2005": "$41"}, "Toro Quarterly Cash on Hand (Millions of US $)": {"2020-10-31": "$480", "2020-07-31": "$394", "2020-04-30": "$200", "2020-01-31": "$109", "2019-10-31": "$152", "2019-07-31": "$143", "2019-04-30": "$180", "2019-01-31": "$250", "2018-10-31": "$289", "2018-07-31": "$251", "2018-04-30": "$206", "2018-01-31": "$220", "2017-10-31": "$310", "2017-07-31": "$335", "2017-04-30": "$265", "2017-01-31": "$159", "2016-10-31": "$274", "2016-07-31": "$277", "2016-04-30": "$175", "2016-01-31": "$118", "2015-10-31": "$126", "2015-07-31": "$110", "2015-04-30": "$109", "2015-01-31": "$83", "2014-10-31": "$315", "2014-07-31": "$178", "2014-04-30": "$130", "2014-01-31": "$104", "2013-10-31": "$183", "2013-07-31": "$161", "2013-04-30": "$80", "2013-01-31": "$61", "2012-10-31": "$126", "2012-07-31": "$143", "2012-04-30": "$83", "2012-01-31": "$72", "2011-10-31": "$81", "2011-07-31": "$118", "2011-04-30": "$107", "2011-01-31": "$94", "2010-10-31": "$177", "2010-07-31": "$163", "2010-04-30": "$180", "2010-01-31": "$158", "2009-10-31": "$188", "2009-07-31": "$131", "2009-04-30": "$30", "2009-01-31": "$36", "2008-10-31": "$99", "2008-07-31": "$55", "2008-04-30": "$32", "2008-01-31": "$30", "2007-10-31": "$62", "2007-07-31": "$94", "2007-04-30": "$41", "2007-01-31": "$30", "2006-10-31": "$56", "2006-07-31": "$25", "2006-04-30": "$27", "2006-01-31": "$20", "2005-10-31": "$41", "2005-07-31": "$35", "2005-04-30": "$14", "2005-01-31": "$7"}}, "long-term-debt": {"Toro Annual Long Term Debt (Millions of US $)": {"2020": "$691", "2019": "$621", "2018": "$313", "2017": "$306", "2016": "$328", "2015": "$355", "2014": "$347", "2013": "$224", "2012": "$223", "2011": "$225", "2010": "$224", "2009": "$225", "2008": "$228", "2007": "$228", "2006": "$175", "2005": "$175"}, "Toro Quarterly Long Term Debt (Millions of US $)": {"2020-10-31": "$691", "2020-07-31": "$782", "2020-04-30": "$791", "2020-01-31": "$601", "2019-10-31": "$621", "2019-07-31": "$621", "2019-04-30": "$721", "2019-01-31": "$313", "2018-10-31": "$313", "2018-07-31": "$312", "2018-04-30": "$299", "2018-01-31": "$302", "2017-10-31": "$306", "2017-07-31": "$309", "2017-04-30": "$312", "2017-01-31": "$315", "2016-10-31": "$328", "2016-07-31": "$332", "2016-04-30": "$335", "2016-01-31": "$338", "2015-10-31": "$355", "2015-07-31": "$358", "2015-04-30": "$361", "2015-01-31": "$365", "2014-10-31": "$347", "2014-07-31": "$224", "2014-04-30": "$224", "2014-01-31": "$224", "2013-10-31": "$224", "2013-07-31": "$224", "2013-04-30": "$224", "2013-01-31": "$223", "2012-10-31": "$223", "2012-07-31": "$223", "2012-04-30": "$224", "2012-01-31": "$224", "2011-10-31": "$225", "2011-07-31": "$225", "2011-04-30": "$225", "2011-01-31": "$225", "2010-10-31": "$224", "2010-07-31": "$224", "2010-04-30": "$224", "2010-01-31": "$224", "2009-10-31": "$225", "2009-07-31": "$226", "2009-04-30": "$226", "2009-01-31": "$226", "2008-10-31": "$228", "2008-07-31": "$227", "2008-04-30": "$228", "2008-01-31": "$228", "2007-10-31": "$228", "2007-07-31": "$223", "2007-04-30": "$223", "2007-01-31": "$100", "2006-10-31": "$175", "2006-07-31": "$175", "2006-04-30": "$175", "2006-01-31": "$175", "2005-10-31": "$175", "2005-07-31": "$175", "2005-04-30": "$175", "2005-01-31": "$175"}}, "total-liabilities": {"Toro Annual Total Liabilities (Millions of US $)": {"2020": "$1,738", "2019": "$1,471", "2018": "$902", "2017": "$877", "2016": "$835", "2015": "$841", "2014": "$784", "2013": "$644", "2012": "$623", "2011": "$604", "2010": "$610", "2009": "$557", "2008": "$568", "2007": "$580", "2006": "$527", "2005": "$527"}, "Toro Quarterly Total Liabilities (Millions of US $)": {"2020-10-31": "$1,738", "2020-07-31": "$1,760", "2020-04-30": "$1,827", "2020-01-31": "$1,580", "2019-10-31": "$1,471", "2019-07-31": "$1,466", "2019-04-30": "$1,661", "2019-01-31": "$928", "2018-10-31": "$902", "2018-07-31": "$885", "2018-04-30": "$1,012", "2018-01-31": "$936", "2017-10-31": "$877", "2017-07-31": "$910", "2017-04-30": "$991", "2017-01-31": "$890", "2016-10-31": "$835", "2016-07-31": "$887", "2016-04-30": "$977", "2016-01-31": "$931", "2015-10-31": "$841", "2015-07-31": "$895", "2015-04-30": "$1,016", "2015-01-31": "$908", "2014-10-31": "$784", "2014-07-31": "$715", "2014-04-30": "$794", "2014-01-31": "$698", "2013-10-31": "$644", "2013-07-31": "$653", "2013-04-30": "$742", "2013-01-31": "$671", "2012-10-31": "$623", "2012-07-31": "$649", "2012-04-30": "$719", "2012-01-31": "$648", "2011-10-31": "$604", "2011-07-31": "$641", "2011-04-30": "$734", "2011-01-31": "$631", "2010-10-31": "$610", "2010-07-31": "$608", "2010-04-30": "$664", "2010-01-31": "$559", "2009-10-31": "$557", "2009-07-31": "$549", "2009-04-30": "$615", "2009-01-31": "$574", "2008-10-31": "$568", "2008-07-31": "$591", "2008-04-30": "$792", "2008-01-31": "$677", "2007-10-31": "$580", "2007-07-31": "$585", "2007-04-30": "$754", "2007-01-31": "$649", "2006-10-31": "$527", "2006-07-31": "$566", "2006-04-30": "$711", "2006-01-31": "$575", "2005-10-31": "$527", "2005-07-31": "$586", "2005-04-30": "$746", "2005-01-31": "$575"}}, "total-share-holder-equity": {"Toro Annual Share Holder Equity (Millions of US $)": {"2020": "$1,115", "2019": "$860", "2018": "$669", "2017": "$617", "2016": "$550", "2015": "$462", "2014": "$409", "2013": "$359", "2012": "$312", "2011": "$267", "2010": "$276", "2009": "$315", "2008": "$365", "2007": "$370", "2006": "$392", "2005": "$390"}, "Toro Quarterly Share Holder Equity (Millions of US $)": {"2020-10-31": "$1,115", "2020-07-31": "$1,054", "2020-04-30": "$985", "2020-01-31": "$912", "2019-10-31": "$860", "2019-07-31": "$844", "2019-04-30": "$805", "2019-01-31": "$694", "2018-10-31": "$669", "2018-07-31": "$650", "2018-04-30": "$623", "2018-01-31": "$581", "2017-10-31": "$617", "2017-07-31": "$660", "2017-04-30": "$608", "2017-01-31": "$513", "2016-10-31": "$550", "2016-07-31": "$578", "2016-04-30": "$563", "2016-01-31": "$460", "2015-10-31": "$462", "2015-07-31": "$465", "2015-04-30": "$463", "2015-01-31": "$414", "2014-10-31": "$409", "2014-07-31": "$413", "2014-04-30": "$386", "2014-01-31": "$341", "2013-10-31": "$359", "2013-07-31": "$379", "2013-04-30": "$373", "2013-01-31": "$313", "2012-10-31": "$312", "2012-07-31": "$338", "2012-04-30": "$311", "2012-01-31": "$289", "2011-10-31": "$267", "2011-07-31": "$326", "2011-04-30": "$319", "2011-01-31": "$266", "2010-10-31": "$276", "2010-07-31": "$272", "2010-04-30": "$322", "2010-01-31": "$325", "2009-10-31": "$315", "2009-07-31": "$369", "2009-04-30": "$397", "2009-01-31": "$364", "2008-10-31": "$365", "2008-07-31": "$402", "2008-04-30": "$412", "2008-01-31": "$354", "2007-10-31": "$370", "2007-07-31": "$475", "2007-04-30": "$452", "2007-01-31": "$386", "2006-10-31": "$392", "2006-07-31": "$437", "2006-04-30": "$445", "2006-01-31": "$391", "2005-10-31": "$390", "2005-07-31": "$415", "2005-04-30": "$411", "2005-01-31": "$353"}}, "profit-margins": {"current": "9.76%"}, "gross margin": {"2020-10-31": "35.23%", "2020-07-31": "34.70%", "2020-04-30": "33.83%", "2020-01-31": "33.92%", "2019-10-31": "33.40%", "2019-07-31": "33.37%", "2019-04-30": "34.42%", "2019-01-31": "35.65%", "2018-10-31": "35.94%", "2018-07-31": "36.84%", "2018-04-30": "36.97%", "2018-01-31": "36.68%", "2017-10-31": "36.71%", "2017-07-31": "36.54%", "2017-04-30": "36.53%", "2017-01-31": "36.56%", "2016-10-31": "36.60%", "2016-07-31": "36.27%", "2016-04-30": "36.10%", "2016-01-31": "35.37%", "2015-10-31": "34.96%", "2015-07-31": "34.85%", "2015-04-30": "34.88%", "2015-01-31": "35.39%", "2014-10-31": "35.62%", "2014-07-31": "35.50%", "2014-04-30": "35.33%", "2014-01-31": "35.41%", "2013-10-31": "35.52%", "2013-07-31": "35.49%", "2013-04-30": "35.59%", "2013-01-31": "34.97%", "2012-10-31": "34.37%", "2012-07-31": "34.17%", "2012-04-30": "33.72%", "2012-01-31": "33.66%", "2011-10-31": "33.86%", "2011-07-31": "34.00%", "2011-04-30": "34.46%", "2011-01-31": "34.27%", "2010-10-31": "34.08%", "2010-07-31": "34.29%", "2010-04-30": "33.90%", "2010-01-31": "33.60%", "2009-10-31": "33.53%", "2009-07-31": "32.68%", "2009-04-30": "33.15%", "2009-01-31": "34.31%", "2008-10-31": "34.75%", "2008-07-31": "35.67%", "2008-04-30": "36.10%", "2008-01-31": "36.08%", "2007-10-31": "36.12%", "2007-07-31": "35.91%", "2007-04-30": "35.56%", "2007-01-31": "35.28%", "2006-10-31": "35.02%", "2006-07-31": "35.03%", "2006-04-30": "34.86%", "2006-01-31": "34.74%", "2005-10-31": "34.63%"}, "operating margin": {"2020-10-31": "12.61%", "2020-07-31": "11.49%", "2020-04-30": "10.22%", "2020-01-31": "10.48%", "2019-10-31": "10.36%", "2019-07-31": "11.04%", "2019-04-30": "12.46%", "2019-01-31": "14.07%", "2018-10-31": "14.25%", "2018-07-31": "14.68%", "2018-04-30": "14.65%", "2018-01-31": "14.22%", "2017-10-31": "14.17%", "2017-07-31": "14.16%", "2017-04-30": "14.08%", "2017-01-31": "14.13%", "2016-10-31": "14.01%", "2016-07-31": "13.64%", "2016-04-30": "13.47%", "2016-01-31": "12.82%", "2015-10-31": "12.46%", "2015-07-31": "12.09%", "2015-04-30": "12.01%", "2015-01-31": "12.13%", "2014-10-31": "12.15%", "2014-07-31": "11.77%", "2014-04-30": "11.47%", "2014-01-31": "11.02%", "2013-10-31": "11.27%", "2013-07-31": "11.31%", "2013-04-30": "11.45%", "2013-01-31": "11.02%", "2012-10-31": "10.52%", "2012-07-31": "10.62%", "2012-04-30": "10.33%", "2012-01-31": "9.92%", "2011-10-31": "9.77%", "2011-07-31": "9.77%", "2011-04-30": "9.94%", "2011-01-31": "9.13%", "2010-10-31": "8.99%", "2010-07-31": "9.07%", "2010-04-30": "8.56%", "2010-01-31": "8.05%", "2009-10-31": "7.61%", "2009-07-31": "7.17%", "2009-04-30": "8.12%", "2009-01-31": "9.93%", "2008-10-31": "10.54%", "2008-07-31": "11.12%", "2008-04-30": "11.42%", "2008-01-31": "11.97%", "2007-10-31": "11.93%", "2007-07-31": "12.01%", "2007-04-30": "11.75%", "2007-01-31": "11.22%", "2006-10-31": "11.11%", "2006-07-31": "11.12%", "2006-04-30": "10.80%", "2006-01-31": "10.49%", "2005-10-31": "10.29%"}, "ebitda margin": {"2020-10-31": "15.45%", "2020-07-31": "14.43%", "2020-04-30": "13.25%", "2020-01-31": "13.36%", "2019-10-31": "13.16%", "2019-07-31": "13.80%", "2019-04-30": "14.86%", "2019-01-31": "16.39%", "2018-10-31": "16.58%", "2018-07-31": "17.02%", "2018-04-30": "17.05%", "2018-01-31": "16.75%", "2017-10-31": "16.76%", "2017-07-31": "16.74%", "2017-04-30": "16.76%", "2017-01-31": "16.77%", "2016-10-31": "16.69%", "2016-07-31": "16.31%", "2016-04-30": "16.16%", "2016-01-31": "15.52%", "2015-10-31": "15.14%", "2015-07-31": "14.76%", "2015-04-30": "14.55%", "2015-01-31": "14.63%", "2014-10-31": "14.59%", "2014-07-31": "14.25%", "2014-04-30": "14.02%", "2014-01-31": "13.66%", "2013-10-31": "13.96%", "2013-07-31": "14.11%", "2013-04-30": "14.26%", "2013-01-31": "13.74%", "2012-10-31": "13.23%", "2012-07-31": "13.19%", "2012-04-30": "12.85%", "2012-01-31": "12.52%", "2011-10-31": "12.31%", "2011-07-31": "12.25%", "2011-04-30": "12.42%", "2011-01-31": "11.65%", "2010-10-31": "11.60%", "2010-07-31": "11.94%", "2010-04-30": "11.41%", "2010-01-31": "11.02%", "2009-10-31": "10.50%", "2009-07-31": "10.03%", "2009-04-30": "10.93%", "2009-01-31": "12.52%", "2008-10-31": "13.09%", "2008-07-31": "13.48%", "2008-04-30": "13.79%", "2008-01-31": "14.23%", "2007-10-31": "14.17%", "2007-07-31": "14.19%", "2007-04-30": "13.93%", "2007-01-31": "13.44%", "2006-10-31": "13.34%", "2006-07-31": "13.39%", "2006-04-30": "13.15%", "2006-01-31": "12.82%", "2005-10-31": "12.65%"}, "pre tax profit margin": {"2020-10-31": "12.05%", "2020-07-31": "11.07%", "2020-04-30": "9.85%", "2020-01-31": "10.24%", "2019-10-31": "10.26%", "2019-07-31": "10.94%", "2019-04-30": "12.46%", "2019-01-31": "14.07%", "2018-10-31": "14.21%", "2018-07-31": "14.60%", "2018-04-30": "14.57%", "2018-01-31": "14.14%", "2017-10-31": "14.09%", "2017-07-31": "14.00%", "2017-04-30": "13.87%", "2017-01-31": "13.92%", "2016-10-31": "13.84%", "2016-07-31": "13.48%", "2016-04-30": "13.30%", "2016-01-31": "12.61%", "2015-10-31": "12.17%", "2015-07-31": "11.79%", "2015-04-30": "11.70%", "2015-01-31": "11.81%", "2014-10-31": "11.83%", "2014-07-31": "11.58%", "2014-04-30": "11.28%", "2014-01-31": "10.87%", "2013-10-31": "11.07%", "2013-07-31": "10.96%", "2013-04-30": "11.04%", "2013-01-31": "10.51%", "2012-10-31": "9.96%", "2012-07-31": "10.12%", "2012-04-30": "9.78%", "2012-01-31": "9.40%", "2011-10-31": "9.29%", "2011-07-31": "9.23%", "2011-04-30": "9.44%", "2011-01-31": "8.55%", "2010-10-31": "8.34%", "2010-07-31": "8.22%", "2010-04-30": "7.22%", "2010-01-31": "6.67%", "2009-10-31": "6.23%", "2009-07-31": "6.03%", "2009-04-30": "7.29%", "2009-01-31": "8.99%", "2008-10-31": "9.69%", "2008-07-31": "10.32%", "2008-04-30": "10.72%", "2008-01-31": "11.40%", "2007-10-31": "11.40%", "2007-07-31": "11.37%", "2007-04-30": "11.16%", "2007-01-31": "10.68%", "2006-10-31": "10.46%", "2006-07-31": "10.52%", "2006-04-30": "10.04%", "2006-01-31": "9.66%", "2005-10-31": "9.56%"}, "net profit margin": {"2020-10-31": "9.74%", "2020-07-31": "9.02%", "2020-04-30": "8.17%", "2020-01-31": "8.63%", "2019-10-31": "8.76%", "2019-07-31": "9.38%", "2019-04-30": "10.65%", "2019-01-31": "11.56%", "2018-10-31": "10.39%", "2018-07-31": "10.40%", "2018-04-30": "10.08%", "2018-01-31": "9.65%", "2017-10-31": "10.65%", "2017-07-31": "10.58%", "2017-04-30": "10.21%", "2017-01-31": "9.79%", "2016-10-31": "9.66%", "2016-07-31": "9.36%", "2016-04-30": "9.20%", "2016-01-31": "8.74%", "2015-10-31": "8.45%", "2015-07-31": "8.13%", "2015-04-30": "8.15%", "2015-01-31": "8.13%", "2014-10-31": "8.01%", "2014-07-31": "7.85%", "2014-04-30": "7.59%", "2014-01-31": "7.30%", "2013-10-31": "7.55%", "2013-07-31": "7.46%", "2013-04-30": "7.53%", "2013-01-31": "7.12%", "2012-10-31": "6.64%", "2012-07-31": "6.79%", "2012-04-30": "6.50%", "2012-01-31": "6.23%", "2011-10-31": "6.21%", "2011-07-31": "6.21%", "2011-04-30": "6.24%", "2011-01-31": "5.68%", "2010-10-31": "5.50%", "2010-07-31": "5.42%", "2010-04-30": "4.82%", "2010-01-31": "4.42%", "2009-10-31": "4.13%", "2009-07-31": "4.06%", "2009-04-30": "4.90%", "2009-01-31": "5.96%", "2008-10-31": "6.39%", "2008-07-31": "6.79%", "2008-04-30": "7.06%", "2008-01-31": "7.51%", "2007-10-31": "7.57%", "2007-07-31": "7.42%", "2007-04-30": "7.31%", "2007-01-31": "7.15%", "2006-10-31": "6.97%", "2006-07-31": "7.10%", "2006-04-30": "6.82%", "2006-01-31": "6.49%", "2005-10-31": "6.41%"}, "pe ratio": {"current": "32.51", "2021-02-05": "32.30", "2020-10-31": "26.93", "2020-07-31": "25.98", "2020-04-30": "25.59", "2020-01-31": "30.02", "2019-10-31": "29.98", "2019-07-31": "28.11", "2019-04-30": "26.38", "2019-01-31": "20.34", "2018-10-31": "21.77", "2018-07-31": "23.66", "2018-04-30": "24.05", "2018-01-31": "28.53", "2017-10-31": "24.97", "2017-07-31": "28.64", "2017-04-30": "27.36", "2017-01-31": "26.34", "2016-10-31": "21.96", "2016-07-31": "21.64", "2016-04-30": "20.59", "2016-01-31": "18.88", "2015-10-31": "19.85", "2015-07-31": "19.20", "2015-04-30": "19.18", "2015-01-31": "19.27", "2014-10-31": "18.86", "2014-07-31": "18.75", "2014-04-30": "21.43", "2014-01-31": "22.91", "2013-10-31": "20.51", "2013-07-31": "17.64", "2013-04-30": "16.13", "2013-01-31": "17.01", "2012-10-31": "17.83", "2012-07-31": "15.26", "2012-04-30": "15.25", "2012-01-31": "14.84", "2011-10-31": "13.01", "2011-07-31": "13.12", "2011-04-30": "16.97", "2011-01-31": "17.89", "2010-10-31": "17.91", "2010-07-31": "17.11", "2010-04-30": "22.68", "2010-01-31": "18.31", "2009-10-31": "18.76", "2009-07-31": "17.29", "2009-04-30": "11.96", "2009-01-31": "9.08", "2008-10-31": "9.29", "2008-07-31": "8.51", "2008-04-30": "10.94", "2008-01-31": "12.05", "2007-10-31": "13.68", "2007-07-31": "14.04", "2007-04-30": "12.95", "2007-01-31": "14.10", "2006-10-31": "12.33"}, "price sales": {"2021-02-05": "3.16", "2020-10-31": "2.63", "2020-07-31": "2.35", "2020-04-30": "2.09", "2020-01-31": "2.59", "2019-10-31": "2.61", "2019-07-31": "2.62", "2019-04-30": "2.80", "2019-01-31": "2.35", "2018-10-31": "2.27", "2018-07-31": "2.48", "2018-04-30": "2.44", "2018-01-31": "2.76", "2017-10-31": "2.67", "2017-07-31": "3.04", "2017-04-30": "2.80", "2017-01-31": "2.58", "2016-10-31": "2.12", "2016-07-31": "2.03", "2016-04-30": "1.90", "2016-01-31": "1.65", "2015-10-31": "1.67", "2015-07-31": "1.56", "2015-04-30": "1.56", "2015-01-31": "1.57", "2014-10-31": "1.51", "2014-07-31": "1.47", "2014-04-30": "1.63", "2014-01-31": "1.67", "2013-10-31": "1.55", "2013-07-31": "1.33", "2013-04-30": "1.22", "2013-01-31": "1.21", "2012-10-31": "1.17", "2012-07-31": "1.04", "2012-04-30": "1.00", "2012-01-31": "0.92", "2011-10-31": "0.81", "2011-07-31": "0.83", "2011-04-30": "1.08", "2011-01-31": "1.02", "2010-10-31": "0.99", "2010-07-31": "0.94", "2010-04-30": "1.10", "2010-01-31": "0.80", "2009-10-31": "0.77", "2009-07-31": "0.70", "2009-04-30": "0.58", "2009-01-31": "0.53", "2008-10-31": "0.59", "2008-07-31": "0.58", "2008-04-30": "0.77", "2008-01-31": "0.90", "2007-10-31": "1.04", "2007-07-31": "1.06", "2007-04-30": "0.96", "2007-01-31": "1.01", "2006-10-31": "0.87"}, "price book": {"current": "9.45", "2021-02-05": "9.47", "2020-10-31": "7.90", "2020-07-31": "7.22", "2020-04-30": "6.87", "2020-01-31": "9.26", "2019-10-31": "9.42", "2019-07-31": "9.01", "2019-04-30": "9.45", "2019-01-31": "8.83", "2018-10-31": "8.63", "2018-07-31": "9.42", "2018-04-30": "9.52", "2018-01-31": "11.56", "2017-10-31": "10.42", "2017-07-31": "11.10", "2017-04-30": "10.98", "2017-01-31": "11.74", "2016-10-31": "8.94", "2016-07-31": "8.21", "2016-04-30": "7.91", "2016-01-31": "8.27", "2015-10-31": "8.31", "2015-07-31": "7.49", "2015-04-30": "7.42", "2015-01-31": "8.06", "2014-10-31": "7.73", "2014-07-31": "7.34", "2014-04-30": "8.42", "2014-01-31": "9.54", "2013-10-31": "8.47", "2013-07-31": "6.74", "2013-04-30": "6.28", "2013-01-31": "7.33", "2012-10-31": "7.07", "2012-07-31": "5.85", "2012-04-30": "6.04", "2012-01-31": "5.84", "2011-10-31": "5.31", "2011-07-31": "4.46", "2011-04-30": "5.81", "2011-01-31": "6.23", "2010-10-31": "5.65", "2010-07-31": "5.23", "2010-04-30": "5.04", "2010-01-31": "3.48", "2009-10-31": "3.38", "2009-07-31": "2.78", "2009-04-30": "2.35", "2009-01-31": "2.47", "2008-10-31": "2.77", "2008-07-31": "2.46", "2008-04-30": "3.22", "2008-01-31": "4.36", "2007-10-31": "4.75", "2007-07-31": "3.91", "2007-04-30": "3.70", "2007-01-31": "4.43", "2006-10-31": "3.67", "2006-07-31": "3.23", "2006-04-30": "3.88", "2006-01-31": "3.95"}, "price fcf": {"2021-02-05": "", "2020-10-31": "$4.25", "2020-07-31": "$2.78", "2020-04-30": "$1.50", "2020-01-31": "$1.87", "2019-10-31": "$2.31", "2019-07-31": "$2.52", "2019-04-30": "$2.79", "2019-01-31": "$2.66", "2018-10-31": "$2.53", "2018-07-31": "$2.49", "2018-04-30": "$2.36", "2018-01-31": "$2.66", "2017-10-31": "$2.72", "2017-07-31": "$2.73", "2017-04-30": "$3.16", "2017-01-31": "$3.07", "2016-10-31": "$2.98", "2016-07-31": "$2.95", "2016-04-30": "$2.23", "2016-01-31": "$1.94", "2015-10-31": "$1.70", "2015-07-31": "$1.15", "2015-04-30": "$1.17", "2015-01-31": "$0.94", "2014-10-31": "$0.97", "2014-07-31": "$1.38", "2014-04-30": "$1.71", "2014-01-31": "$1.42", "2013-10-31": "$1.46", "2013-07-31": "$1.09", "2013-04-30": "$0.77", "2013-01-31": "$1.20", "2012-10-31": "$1.18", "2012-07-31": "$1.36", "2012-04-30": "$1.07", "2012-01-31": "$0.52", "2011-10-31": "$0.45", "2011-07-31": "$0.37", "2011-04-30": "$0.58", "2011-01-31": "$0.92", "2010-10-31": "$1.09", "2010-07-31": "$1.77", "2010-04-30": "$2.53", "2010-01-31": "$1.88", "2009-10-31": "$1.47", "2009-07-31": "$1.15", "2009-04-30": "$1.32", "2009-01-31": "$1.04", "2008-10-31": "$1.09", "2008-07-31": "$1.14", "2008-04-30": "$0.84", "2008-01-31": "$1.06", "2007-10-31": "$0.85", "2007-07-31": "$0.94", "2007-04-30": "$0.61", "2007-01-31": "$0.46", "2006-10-31": "$0.85"}, "net worth": {"value": "$10.61B"}, "current ratio": {"current": "1.67", "2020-10-31": "1.67", "2020-07-31": "1.74", "2020-04-30": "1.61", "2020-01-31": "1.48", "2019-10-31": "1.48", "2019-07-31": "1.49", "2019-04-30": "1.51", "2019-01-31": "1.65", "2018-10-31": "1.68", "2018-07-31": "1.71", "2018-04-30": "1.50", "2018-01-31": "1.57", "2017-10-31": "1.65", "2017-07-31": "1.74", "2017-04-30": "1.57", "2017-01-31": "1.51", "2016-10-31": "1.68", "2016-07-31": "1.65", "2016-04-30": "1.52", "2016-01-31": "1.39", "2015-10-31": "1.52", "2015-07-31": "1.55", "2015-04-30": "1.43", "2015-01-31": "1.44", "2014-10-31": "2.06", "2014-07-31": "1.65", "2014-04-30": "1.51", "2014-01-31": "1.54", "2013-10-31": "1.68", "2013-07-31": "1.74", "2013-04-30": "1.59", "2013-01-31": "1.56", "2012-10-31": "1.62", "2012-07-31": "1.63", "2012-04-30": "1.45", "2012-01-31": "1.48", "2011-10-31": "1.48", "2011-07-31": "1.58", "2011-04-30": "1.47", "2011-01-31": "1.49", "2010-10-31": "1.59", "2010-07-31": "1.59", "2010-04-30": "1.62", "2010-01-31": "1.86", "2009-10-31": "1.84", "2009-07-31": "2.05", "2009-04-30": "1.95", "2009-01-31": "1.96", "2008-10-31": "1.99", "2008-07-31": "2.02", "2008-04-30": "1.67", "2008-01-31": "1.72", "2007-10-31": "1.95", "2007-07-31": "2.25", "2007-04-30": "1.80", "2007-01-31": "1.42", "2006-10-31": "1.91", "2006-07-31": "1.96", "2006-04-30": "1.71", "2006-01-31": "1.80", "2005-10-31": "1.90", "2005-07-31": "1.83", "2005-04-30": "1.57", "2005-01-31": "1.72"}, "quick ratio": {"2020-10-31": "0.91", "2020-07-31": "0.91", "2020-04-30": "0.77", "2020-01-31": "0.58", "2019-10-31": "0.62", "2019-07-31": "0.67", "2019-04-30": "0.78", "2019-01-31": "0.92", "2018-10-31": "1.01", "2018-07-31": "0.99", "2018-04-30": "0.89", "2018-01-31": "0.81", "2017-10-31": "1.02", "2017-07-31": "1.10", "2017-04-30": "1.02", "2017-01-31": "0.73", "2016-10-31": "1.02", "2016-07-31": "1.01", "2016-04-30": "0.90", "2016-01-31": "0.63", "2015-10-31": "0.76", "2015-07-31": "0.84", "2015-04-30": "0.88", "2015-01-31": "0.73", "2014-10-31": "1.37", "2014-07-31": "1.01", "2014-04-30": "0.95", "2014-01-31": "0.85", "2013-10-31": "1.06", "2013-07-31": "1.11", "2013-04-30": "0.97", "2013-01-31": "0.77", "2012-10-31": "0.96", "2012-07-31": "1.05", "2012-04-30": "0.93", "2012-01-31": "0.81", "2011-10-31": "0.86", "2011-07-31": "1.00", "2011-04-30": "0.94", "2011-01-31": "0.88", "2010-10-31": "1.06", "2010-07-31": "1.10", "2010-04-30": "1.21", "2010-01-31": "1.26", "2009-10-31": "1.28", "2009-07-31": "1.53", "2009-04-30": "1.37", "2009-01-31": "1.24", "2008-10-31": "1.35", "2008-07-31": "1.41", "2008-04-30": "1.19", "2008-01-31": "1.03", "2007-10-31": "1.21", "2007-07-31": "1.55", "2007-04-30": "1.32", "2007-01-31": "0.85", "2006-10-31": "1.21", "2006-07-31": "1.29", "2006-04-30": "1.23", "2006-01-31": "1.05", "2005-10-31": "1.21", "2005-07-31": "1.24", "2005-04-30": "1.12", "2005-01-31": "1.00"}, "debt equity ratio": {"current": "0.62", "2020-10-31": "1.56", "2020-07-31": "1.67", "2020-04-30": "1.85", "2020-01-31": "1.73", "2019-10-31": "1.71", "2019-07-31": "1.74", "2019-04-30": "2.06", "2019-01-31": "1.34", "2018-10-31": "1.35", "2018-07-31": "1.36", "2018-04-30": "1.62", "2018-01-31": "1.61", "2017-10-31": "1.42", "2017-07-31": "1.38", "2017-04-30": "1.63", "2017-01-31": "1.74", "2016-10-31": "1.52", "2016-07-31": "1.53", "2016-04-30": "1.74", "2016-01-31": "2.02", "2015-10-31": "1.82", "2015-07-31": "1.92", "2015-04-30": "2.20", "2015-01-31": "2.20", "2014-10-31": "1.92", "2014-07-31": "1.73", "2014-04-30": "2.06", "2014-01-31": "2.05", "2013-10-31": "1.80", "2013-07-31": "1.72", "2013-04-30": "1.99", "2013-01-31": "2.15", "2012-10-31": "1.99", "2012-07-31": "1.92", "2012-04-30": "2.31", "2012-01-31": "2.25", "2011-10-31": "2.26", "2011-07-31": "1.96", "2011-04-30": "2.30", "2011-01-31": "2.37", "2010-10-31": "2.21", "2010-07-31": "2.24", "2010-04-30": "2.07", "2010-01-31": "1.72", "2009-10-31": "1.77", "2009-07-31": "1.49", "2009-04-30": "1.55", "2009-01-31": "1.57", "2008-10-31": "1.56", "2008-07-31": "1.47", "2008-04-30": "1.92", "2008-01-31": "1.91", "2007-10-31": "1.57", "2007-07-31": "1.23", "2007-04-30": "1.67", "2007-01-31": "1.68", "2006-10-31": "1.34", "2006-07-31": "1.30", "2006-04-30": "1.60", "2006-01-31": "1.47", "2005-10-31": "1.35", "2005-07-31": "1.41", "2005-04-30": "1.82", "2005-01-31": "1.63"}, "return on equity": {"2020-10-31": "32.37%", "2020-07-31": "30.96%", "2020-04-30": "29.66%", "2020-01-31": "33.32%", "2019-10-31": "34.34%", "2019-07-31": "36.65%", "2019-04-30": "41.73%", "2019-01-31": "46.89%", "2018-10-31": "43.12%", "2018-07-31": "43.22%", "2018-04-30": "41.27%", "2018-01-31": "39.74%", "2017-10-31": "44.54%", "2017-07-31": "45.13%", "2017-04-30": "44.64%", "2017-01-31": "43.01%", "2016-10-31": "42.96%", "2016-07-31": "43.63%", "2016-04-30": "45.54%", "2016-01-31": "45.41%", "2015-10-31": "44.79%", "2015-07-31": "43.18%", "2015-04-30": "43.79%", "2015-01-31": "44.14%", "2014-10-31": "44.93%", "2014-07-31": "44.83%", "2014-04-30": "43.14%", "2014-01-31": "41.05%", "2013-10-31": "43.26%", "2013-07-31": "43.28%", "2013-04-30": "44.91%", "2013-01-31": "44.27%", "2012-10-31": "41.60%", "2012-07-31": "44.81%", "2012-04-30": "43.25%", "2012-01-31": "39.97%", "2011-10-31": "39.73%", "2011-07-31": "38.75%", "2011-04-30": "39.89%", "2011-01-31": "34.86%", "2010-10-31": "31.13%", "2010-07-31": "28.85%", "2010-04-30": "22.84%", "2010-01-31": "19.06%", "2009-10-31": "17.44%", "2009-07-31": "17.12%", "2009-04-30": "21.47%", "2009-01-31": "28.00%", "2008-10-31": "31.31%", "2008-07-31": "33.03%", "2008-04-30": "32.53%", "2008-01-31": "34.65%", "2007-10-31": "33.75%", "2007-07-31": "32.61%", "2007-04-30": "32.87%", "2007-01-31": "31.81%", "2006-10-31": "30.75%", "2006-07-31": "31.51%", "2006-04-30": "30.47%", "2006-01-31": "29.12%", "2005-10-31": "29.06%"}, "return on assets": {"2020-10-31": "12.00%", "2020-07-31": "11.29%", "2020-04-30": "10.74%", "2020-01-31": "11.88%", "2019-10-31": "12.60%", "2019-07-31": "13.85%", "2019-04-30": "16.34%", "2019-01-31": "19.42%", "2018-10-31": "17.38%", "2018-07-31": "17.28%", "2018-04-30": "16.47%", "2018-01-31": "15.86%", "2017-10-31": "17.61%", "2017-07-31": "17.66%", "2017-04-30": "17.16%", "2017-01-31": "16.37%", "2016-10-31": "15.99%", "2016-07-31": "15.79%", "2016-04-30": "15.87%", "2016-01-31": "15.18%", "2015-10-31": "14.78%", "2015-07-31": "14.12%", "2015-04-30": "14.53%", "2015-01-31": "14.85%", "2014-10-31": "15.33%", "2014-07-31": "15.45%", "2014-04-30": "14.86%", "2014-01-31": "14.23%", "2013-10-31": "14.90%", "2013-07-31": "14.66%", "2013-04-30": "14.92%", "2013-01-31": "14.33%", "2012-10-31": "13.37%", "2012-07-31": "14.12%", "2012-04-30": "13.56%", "2012-01-31": "12.54%", "2011-10-31": "12.35%", "2011-07-31": "12.09%", "2011-04-30": "12.16%", "2011-01-31": "10.85%", "2010-10-31": "10.23%", "2010-07-31": "9.82%", "2010-04-30": "8.30%", "2010-01-31": "7.27%", "2009-10-31": "6.74%", "2009-07-31": "6.74%", "2009-04-30": "8.47%", "2009-01-31": "10.62%", "2008-10-31": "11.54%", "2008-07-31": "12.16%", "2008-04-30": "12.34%", "2008-01-31": "13.47%", "2007-10-31": "13.36%", "2007-07-31": "13.18%", "2007-04-30": "13.17%", "2007-01-31": "12.84%", "2006-10-31": "12.66%", "2006-07-31": "12.96%", "2006-04-30": "12.38%", "2006-01-31": "11.58%", "2005-10-31": "11.39%"}, "return on investments": {"2020-10-31": "24.59%", "2020-07-31": "22.77%", "2020-04-30": "21.43%", "2020-01-31": "23.13%", "2019-10-31": "23.73%", "2019-07-31": "26.11%", "2019-04-30": "30.73%", "2019-01-31": "38.82%", "2018-10-31": "39.79%", "2018-07-31": "40.85%", "2018-04-30": "40.24%", "2018-01-31": "39.08%", "2017-10-31": "39.01%", "2017-07-31": "39.15%", "2017-04-30": "39.14%", "2017-01-31": "38.94%", "2016-10-31": "38.47%", "2016-07-31": "38.35%", "2016-04-30": "38.98%", "2016-01-31": "37.77%", "2015-10-31": "36.76%", "2015-07-31": "35.32%", "2015-04-30": "36.58%", "2015-01-31": "38.40%", "2014-10-31": "41.14%", "2014-07-31": "42.12%", "2014-04-30": "40.54%", "2014-01-31": "38.36%", "2013-10-31": "39.71%", "2013-07-31": "39.81%", "2013-04-30": "40.90%", "2013-01-31": "40.24%", "2012-10-31": "38.45%", "2012-07-31": "40.21%", "2012-04-30": "39.23%", "2012-01-31": "36.40%", "2011-10-31": "35.42%", "2011-07-31": "34.72%", "2011-04-30": "35.49%", "2011-01-31": "31.30%", "2010-10-31": "29.09%", "2010-07-31": "27.97%", "2010-04-30": "24.23%", "2010-01-31": "21.16%", "2009-10-31": "19.76%", "2009-07-31": "18.83%", "2009-04-30": "22.34%", "2009-01-31": "29.36%", "2008-10-31": "32.42%", "2008-07-31": "33.97%", "2008-04-30": "33.66%", "2008-01-31": "35.71%", "2007-10-31": "36.45%", "2007-07-31": "37.08%", "2007-04-30": "37.61%", "2007-01-31": "36.24%", "2006-10-31": "34.50%", "2006-07-31": "34.70%", "2006-04-30": "33.83%", "2006-01-31": "32.77%", "2005-10-31": "32.26%"}, "return on tangible equity": {"2020-10-31": "156.29%", "2020-07-31": "167.38%", "2020-04-30": "169.26%", "2020-01-31": "193.22%", "2019-10-31": "146.47%", "2019-07-31": "116.95%", "2019-04-30": "105.19%", "2019-01-31": "94.64%", "2018-10-31": "89.55%", "2018-07-31": "90.13%", "2018-04-30": "84.00%", "2018-01-31": "79.74%", "2017-10-31": "92.23%", "2017-07-31": "95.90%", "2017-04-30": "98.62%", "2017-01-31": "97.33%", "2016-10-31": "100.22%", "2016-07-31": "109.36%", "2016-04-30": "126.86%", "2016-01-31": "142.37%", "2015-10-31": "152.17%", "2015-07-31": "111.83%", "2015-04-30": "90.40%", "2015-01-31": "75.69%", "2014-10-31": "64.62%", "2014-07-31": "65.69%", "2014-04-30": "64.10%", "2014-01-31": "61.38%", "2013-10-31": "65.53%", "2013-07-31": "67.04%", "2013-04-30": "71.34%", "2013-01-31": "73.06%", "2012-10-31": "69.89%", "2012-07-31": "77.70%", "2012-04-30": "75.66%", "2012-01-31": "69.46%", "2011-10-31": "70.06%", "2011-07-31": "66.19%", "2011-04-30": "68.69%", "2011-01-31": "58.49%", "2010-10-31": "49.34%", "2010-07-31": "44.89%", "2010-04-30": "33.89%", "2010-01-31": "27.40%", "2009-10-31": "24.66%", "2009-07-31": "23.77%", "2009-04-30": "29.50%", "2009-01-31": "38.23%", "2008-10-31": "42.82%", "2008-07-31": "44.92%", "2008-04-30": "42.99%", "2008-01-31": "44.90%", "2007-10-31": "43.00%", "2007-07-31": "41.00%", "2007-04-30": "41.55%", "2007-01-31": "40.24%", "2006-10-31": "38.82%", "2006-07-31": "39.79%", "2006-04-30": "38.64%", "2006-01-31": "37.17%", "2005-10-31": "37.16%"}, "dividend yield history": {"last payout": "$1.05", "last yield": "1.07%"}}