{"ticker": "TPR", "price": {"title": "Tapestry Historical Annual Stock Price Data", "value": 39.12, "historical": {"2020": {"Average Stock Price": "19.4041", "Year Open": "26.9300", "Year High": "31.4500", "Year Low": "10.5800", "Year Close": "31.0800", "Annual % Change": "15.24%"}, "2019": {"Average Stock Price": "29.5904", "Year Open": "34.4100", "Year High": "39.3100", "Year Low": "19.4500", "Year Close": "26.9700", "Annual % Change": "-20.09%"}, "2018": {"Average Stock Price": "46.6478", "Year Open": "45.2600", "Year High": "54.6400", "Year Low": "32.3000", "Year Close": "33.7500", "Annual % Change": "-23.69%"}, "2017": {"Average Stock Price": "41.7180", "Year Open": "35.5100", "Year High": "48.7400", "Year Low": "34.9900", "Year Close": "44.2300", "Annual % Change": "26.30%"}, "2016": {"Average Stock Price": "37.9595", "Year Open": "33.6400", "Year High": "43.4600", "Year Low": "30.3500", "Year Close": "35.0200", "Annual % Change": "7.00%"}, "2015": {"Average Stock Price": "34.9464", "Year Open": "37.3100", "Year High": "43.5600", "Year Low": "27.4400", "Year Close": "32.7300", "Annual % Change": "-12.86%"}, "2014": {"Average Stock Price": "40.8322", "Year Open": "55.9100", "Year High": "56.3800", "Year Low": "33.0000", "Year Close": "37.5600", "Annual % Change": "-33.08%"}, "2013": {"Average Stock Price": "54.2403", "Year Open": "55.1300", "Year High": "61.8000", "Year Low": "46.5000", "Year Close": "56.1300", "Annual % Change": "1.12%"}, "2012": {"Average Stock Price": "63.4578", "Year Open": "60.0400", "Year High": "79.0300", "Year Low": "49.3300", "Year Close": "55.5100", "Annual % Change": "-9.06%"}, "2011": {"Average Stock Price": "58.0578", "Year Open": "54.5600", "Year High": "67.6200", "Year Low": "45.9600", "Year Close": "61.0400", "Annual % Change": "10.36%"}, "2010": {"Average Stock Price": "42.0386", "Year Open": "36.3100", "Year High": "58.2300", "Year Low": "34.0400", "Year Close": "55.3100", "Annual % Change": "51.41%"}, "2009": {"Average Stock Price": "25.9353", "Year Open": "22.0200", "Year High": "37.1700", "Year Low": "11.7300", "Year Close": "36.5300", "Annual % Change": "75.88%"}, "2008": {"Average Stock Price": "27.4580", "Year Open": "30.5500", "Year High": "37.4500", "Year Low": "13.4500", "Year Close": "20.7700", "Annual % Change": "-32.08%"}, "2007": {"Average Stock Price": "45.0836", "Year Open": "43.8200", "Year High": "53.7900", "Year Low": "30.4100", "Year Close": "30.5800", "Annual % Change": "-28.82%"}, "2006": {"Average Stock Price": "34.2073", "Year Open": "33.3000", "Year High": "44.2800", "Year Low": "25.5800", "Year Close": "42.9600", "Annual % Change": "28.85%"}, "2005": {"Average Stock Price": "31.1377", "Year Open": "27.5500", "Year High": "36.6400", "Year Low": "25.2200", "Year Close": "33.3400", "Annual % Change": "18.23%"}, "2004": {"Average Stock Price": "21.5341", "Year Open": "18.4700", "Year High": "28.5300", "Year Low": "17.0750", "Year Close": "28.2000", "Annual % Change": "49.40%"}, "2003": {"Average Stock Price": "12.8509", "Year Open": "8.4325", "Year High": "19.9600", "Year Low": "7.2925", "Year Close": "18.8750", "Annual % Change": "129.34%"}, "2002": {"Average Stock Price": "6.6287", "Year Open": "4.7438", "Year High": "8.6175", "Year Low": "4.5325", "Year Close": "8.2300", "Annual % Change": "68.91%"}, "2001": {"Average Stock Price": "4.0119", "Year Open": "3.2663", "Year High": "5.2750", "Year Low": "2.7375", "Year Close": "4.8725", "Annual % Change": "35.58%"}, "2000": {"Average Stock Price": "2.7276", "Year Open": "2.4525", "Year High": "3.5938", "Year Low": "2.0938", "Year Close": "3.5938", "Annual % Change": "0.00%"}}}, "market cap": {"value": "$10.64B"}, "income statement": {"Revenue": {"2020-06-30": "4961.40000", "2019-06-30": "6027.10000", "2018-06-30": "5880.00000", "2017-06-30": "4488.30000", "2016-06-30": "4491.80000", "2015-06-30": "4191.60000", "2014-06-30": "4806.20000", "2013-06-30": "5075.40000", "2012-06-30": "4763.18000", "2011-06-30": "4158.50700", "2010-06-30": "3607.63600", "2009-06-30": "3230.46800", "2008-06-30": "3180.75700", "2007-06-30": "2612.45600", "2006-06-30": "2035.08500", "2005-06-30": "1651.70400"}, "Cost Of Goods Sold": {"2020-06-30": "1722.10000", "2019-06-30": "1973.40000", "2018-06-30": "2031.50000", "2017-06-30": "1407.20000", "2016-06-30": "1440.50000", "2015-06-30": "1283.00000", "2014-06-30": "1509.20000", "2013-06-30": "1377.30000", "2012-06-30": "1297.10200", "2011-06-30": "1134.96600", "2010-06-30": "973.94500", "2009-06-30": "907.85800", "2008-06-30": "773.65400", "2007-06-30": "589.47000", "2006-06-30": "453.51800", "2005-06-30": "384.15300"}, "Gross Profit": {"2020-06-30": "3239.30000", "2019-06-30": "4053.70000", "2018-06-30": "3848.50000", "2017-06-30": "3081.10000", "2016-06-30": "3051.30000", "2015-06-30": "2908.60000", "2014-06-30": "3297.00000", "2013-06-30": "3698.10000", "2012-06-30": "3466.07800", "2011-06-30": "3023.54100", "2010-06-30": "2633.69100", "2009-06-30": "2322.61000", "2008-06-30": "2407.10300", "2007-06-30": "2022.98600", "2006-06-30": "1581.56700", "2005-06-30": "1267.55100"}, "Research And Development Expenses": {"2020-06-30": "", "2019-06-30": "", "2018-06-30": "", "2017-06-30": "", "2016-06-30": "", "2015-06-30": "", "2014-06-30": "", "2013-06-30": "", "2012-06-30": "", "2011-06-30": "", "2010-06-30": "", "2009-06-30": "", "2008-06-30": "", "2007-06-30": "", "2006-06-30": "", "2005-06-30": ""}, "SG&A Expenses": {"2020-06-30": "3312.40000", "2019-06-30": "3234.00000", "2018-06-30": "3176.50000", "2017-06-30": "2293.70000", "2016-06-30": "2397.80000", "2015-06-30": "2290.60000", "2014-06-30": "2176.90000", "2013-06-30": "2173.60000", "2012-06-30": "1954.08900", "2011-06-30": "1718.61700", "2010-06-30": "1483.52000", "2009-06-30": "1350.69700", "2008-06-30": "1259.97400", "2007-06-30": "1029.58900", "2006-06-30": "866.86000", "2005-06-30": "731.89100"}, "Other Operating Income Or Expenses": {"2020-06-30": "", "2019-06-30": "", "2018-06-30": "", "2017-06-30": "", "2016-06-30": "", "2015-06-30": "", "2014-06-30": "", "2013-06-30": "", "2012-06-30": "", "2011-06-30": "", "2010-06-30": "", "2009-06-30": "", "2008-06-30": "", "2007-06-30": "", "2006-06-30": "", "2005-06-30": ""}, "Operating Expenses": {"2020-06-30": "5512.20000", "2019-06-30": "5207.40000", "2018-06-30": "5208.00000", "2017-06-30": "3700.90000", "2016-06-30": "3838.30000", "2015-06-30": "3573.60000", "2014-06-30": "3686.10000", "2013-06-30": "3550.90000", "2012-06-30": "3251.19100", "2011-06-30": "2853.58300", "2010-06-30": "2457.46500", "2009-06-30": "2258.55500", "2008-06-30": "2033.62800", "2007-06-30": "1619.05900", "2006-06-30": "1320.37800", "2005-06-30": "1116.04400"}, "Operating Income": {"2020-06-30": "-550.80030", "2019-06-30": "819.70020", "2018-06-30": "672.00000", "2017-06-30": "787.39990", "2016-06-30": "653.49980", "2015-06-30": "618.00000", "2014-06-30": "1120.10000", "2013-06-30": "1524.50000", "2012-06-30": "1511.98900", "2011-06-30": "1304.92400", "2010-06-30": "1150.17100", "2009-06-30": "971.91310", "2008-06-30": "1147.12900", "2007-06-30": "993.39710", "2006-06-30": "714.70700", "2005-06-30": "535.66000"}, "Total Non-Operating Income/Expense": {"2020-06-30": "-73.40000", "2019-06-30": "-53.50000", "2018-06-30": "-75.20000", "2017-06-30": "-28.40000", "2016-06-30": "-26.90000", "2015-06-30": "-6.40000", "2014-06-30": "2.20000", "2013-06-30": "-4.00000", "2012-06-30": "-6.32600", "2011-06-30": "-3.70500", "2010-06-30": "7.96100", "2009-06-30": "10.77900", "2008-06-30": "47.82000", "2007-06-30": "41.27300", "2006-06-30": "32.62300", "2005-06-30": "15.76000"}, "Pre-Tax Income": {"2020-06-30": "-624.20000", "2019-06-30": "766.20000", "2018-06-30": "596.80000", "2017-06-30": "759.00000", "2016-06-30": "626.60000", "2015-06-30": "611.60000", "2014-06-30": "1122.30000", "2013-06-30": "1520.50000", "2012-06-30": "1505.66300", "2011-06-30": "1301.21900", "2010-06-30": "1158.13200", "2009-06-30": "982.69200", "2008-06-30": "1194.94900", "2007-06-30": "1034.67000", "2006-06-30": "747.33000", "2005-06-30": "551.42000"}, "Income Taxes": {"2020-06-30": "27.90000", "2019-06-30": "122.80000", "2018-06-30": "199.30000", "2017-06-30": "168.00000", "2016-06-30": "166.10000", "2015-06-30": "209.20000", "2014-06-30": "341.00000", "2013-06-30": "486.10000", "2012-06-30": "466.75300", "2011-06-30": "420.41900", "2010-06-30": "423.19200", "2009-06-30": "359.32300", "2008-06-30": "411.91000", "2007-06-30": "398.14100", "2006-06-30": "283.49000", "2005-06-30": "201.13200"}, "Income After Taxes": {"2020-06-30": "-652.10000", "2019-06-30": "643.40000", "2018-06-30": "397.50000", "2017-06-30": "591.00000", "2016-06-30": "460.50000", "2015-06-30": "402.40000", "2014-06-30": "781.30000", "2013-06-30": "1034.40000", "2012-06-30": "1038.91000", "2011-06-30": "880.80000", "2010-06-30": "734.93990", "2009-06-30": "623.36900", "2008-06-30": "783.03890", "2007-06-30": "636.52910", "2006-06-30": "463.84000", "2005-06-30": "350.28800"}, "Other Income": {"2020-06-30": "", "2019-06-30": "", "2018-06-30": "", "2017-06-30": "", "2016-06-30": "", "2015-06-30": "", "2014-06-30": "", "2013-06-30": "", "2012-06-30": "", "2011-06-30": "", "2010-06-30": "", "2009-06-30": "", "2008-06-30": "", "2007-06-30": "", "2006-06-30": "", "2005-06-30": ""}, "Income From Continuous Operations": {"2020-06-30": "-652.10000", "2019-06-30": "643.40000", "2018-06-30": "397.50000", "2017-06-30": "591.00000", "2016-06-30": "460.50000", "2015-06-30": "402.40000", "2014-06-30": "781.30000", "2013-06-30": "1034.40000", "2012-06-30": "1038.91000", "2011-06-30": "880.80000", "2010-06-30": "734.93990", "2009-06-30": "623.36900", "2008-06-30": "783.03900", "2007-06-30": "636.52900", "2006-06-30": "463.84000", "2005-06-30": "336.64700"}, "Income From Discontinued Operations": {"2020-06-30": "", "2019-06-30": "", "2018-06-30": "", "2017-06-30": "", "2016-06-30": "", "2015-06-30": "", "2014-06-30": "", "2013-06-30": "", "2012-06-30": "", "2011-06-30": "", "2010-06-30": "", "2009-06-30": "", "2008-06-30": "0.01600", "2007-06-30": "27.13600", "2006-06-30": "30.43700", "2005-06-30": "21.96500"}, "Net Income": {"2020-06-30": "-652.10000", "2019-06-30": "643.40000", "2018-06-30": "397.50000", "2017-06-30": "591.00000", "2016-06-30": "460.50000", "2015-06-30": "402.40000", "2014-06-30": "781.30000", "2013-06-30": "1034.40000", "2012-06-30": "1038.91000", "2011-06-30": "880.80000", "2010-06-30": "734.94000", "2009-06-30": "623.36900", "2008-06-30": "783.05500", "2007-06-30": "663.66500", "2006-06-30": "494.27700", "2005-06-30": "358.61200"}, "EBITDA": {"2020-06-30": "-302.50030", "2019-06-30": "1087.90000", "2018-06-30": "932.30000", "2017-06-30": "1000.20000", "2016-06-30": "864.09970", "2015-06-30": "809.80000", "2014-06-30": "1309.50000", "2013-06-30": "1687.50000", "2012-06-30": "1644.89800", "2011-06-30": "1430.03000", "2010-06-30": "1276.91500", "2009-06-30": "1094.92700", "2008-06-30": "1247.83300", "2007-06-30": "1074.22900", "2006-06-30": "779.70100", "2005-06-30": "586.06010"}, "EBIT": {"2020-06-30": "-550.80030", "2019-06-30": "819.70020", "2018-06-30": "672.00000", "2017-06-30": "787.39990", "2016-06-30": "653.49980", "2015-06-30": "618.00000", "2014-06-30": "1120.10000", "2013-06-30": "1524.50000", "2012-06-30": "1511.98900", "2011-06-30": "1304.92400", "2010-06-30": "1150.17100", "2009-06-30": "971.91310", "2008-06-30": "1147.12900", "2007-06-30": "993.39710", "2006-06-30": "714.70700", "2005-06-30": "535.66000"}, "Basic Shares Outstanding": {"2020-06-30": "278.60000", "2019-06-30": "289.40000", "2018-06-30": "285.40000", "2017-06-30": "280.60000", "2016-06-30": "277.60000", "2015-06-30": "275.70000", "2014-06-30": "277.80000", "2013-06-30": "282.50000", "2012-06-30": "288.28400", "2011-06-30": "294.87700", "2010-06-30": "311.41300", "2009-06-30": "323.71400", "2008-06-30": "355.73100", "2007-06-30": "369.66100", "2006-06-30": "379.63500", "2005-06-30": "378.67000"}, "Shares Outstanding": {"2020-06-30": "278.60000", "2019-06-30": "290.80000", "2018-06-30": "288.60000", "2017-06-30": "282.80000", "2016-06-30": "279.30000", "2015-06-30": "277.20000", "2014-06-30": "280.40000", "2013-06-30": "286.30000", "2012-06-30": "294.12900", "2011-06-30": "301.55800", "2010-06-30": "315.84800", "2009-06-30": "325.62000", "2008-06-30": "360.33200", "2007-06-30": "377.35600", "2006-06-30": "388.49500", "2005-06-30": "390.19100"}, "Basic EPS": {"2020-06-30": "-2.34000", "2019-06-30": "2.22000", "2018-06-30": "1.39000", "2017-06-30": "2.11000", "2016-06-30": "1.66000", "2015-06-30": "1.46000", "2014-06-30": "2.81000", "2013-06-30": "3.66000", "2012-06-30": "3.60000", "2011-06-30": "2.99000", "2010-06-30": "2.36000", "2009-06-30": "1.93000", "2008-06-30": "2.20000", "2007-06-30": "1.80000", "2006-06-30": "1.30000", "2005-06-30": "0.95000"}, "EPS - Earnings Per Share": {"2020-06-30": "-2.34000", "2019-06-30": "2.21000", "2018-06-30": "1.38000", "2017-06-30": "2.09000", "2016-06-30": "1.65000", "2015-06-30": "1.45000", "2014-06-30": "2.79000", "2013-06-30": "3.61000", "2012-06-30": "3.53000", "2011-06-30": "2.92000", "2010-06-30": "2.33000", "2009-06-30": "1.91000", "2008-06-30": "2.17000", "2007-06-30": "1.76000", "2006-06-30": "1.27000", "2005-06-30": "0.92000"}}, "income statement, quarterly": {"Revenue": {"2020-12-31": "1685.40000", "2020-09-30": "1172.20000", "2020-06-30": "714.79990", "2020-03-31": "1072.70000", "2019-12-31": "1816.00000", "2019-09-30": "1357.90000", "2019-06-30": "1513.70000", "2019-03-31": "1331.40000", "2018-12-31": "1800.80000", "2018-09-30": "1381.20000", "2018-06-30": "1483.70000", "2018-03-31": "1322.40000", "2017-12-31": "1785.00000", "2017-09-30": "1288.90000", "2017-06-30": "1133.80000", "2017-03-31": "995.20000", "2016-12-31": "1321.70000", "2016-09-30": "1037.60000", "2016-06-30": "1154.60000", "2016-03-31": "1033.10000", "2015-12-31": "1273.80000", "2015-09-30": "1030.30000", "2015-06-30": "1004.10000", "2015-03-31": "929.30000", "2014-12-31": "1219.40000", "2014-09-30": "1038.80000", "2014-06-30": "1136.20000", "2014-03-31": "1099.60000", "2013-12-31": "1419.60000", "2013-09-30": "1150.80000", "2013-06-30": "1222.69800", "2013-03-31": "1187.57800", "2012-12-31": "1503.77400", "2012-09-30": "1161.35000", "2012-06-30": "1155.19100", "2012-03-31": "1108.98100", "2011-12-31": "1448.64900", "2011-09-30": "1050.35900", "2011-06-30": "1031.67500", "2011-03-31": "950.70600", "2010-12-31": "1264.45700", "2010-09-30": "911.66900", "2010-06-30": "950.52500", "2010-03-31": "830.66900", "2009-12-31": "1065.00500", "2009-09-30": "761.43700", "2009-06-30": "777.74410", "2009-03-31": "739.93900", "2008-12-31": "960.25600", "2008-09-30": "752.52900", "2008-06-30": "781.50000", "2008-03-31": "744.52200", "2007-12-31": "978.01700", "2007-09-30": "676.71800", "2007-06-30": "652.12900", "2007-03-31": "625.30300", "2006-12-31": "805.60300", "2006-09-30": "529.42100", "2006-06-30": "456.08000", "2006-03-31": "479.71800", "2005-12-31": "650.33600", "2005-09-30": "448.95100", "2005-06-30": "359.94100", "2005-03-31": "415.93900"}, "Cost Of Goods Sold": {"2020-12-31": "511.70000", "2020-09-30": "342.00000", "2020-06-30": "215.90000", "2020-03-31": "456.50000", "2019-12-31": "606.30000", "2019-09-30": "443.40000", "2019-06-30": "514.50000", "2019-03-31": "415.50000", "2018-12-31": "597.30000", "2018-09-30": "446.10000", "2018-06-30": "481.90000", "2018-03-31": "414.80000", "2017-12-31": "608.80000", "2017-09-30": "526.00000", "2017-06-30": "379.30000", "2017-03-31": "289.50000", "2016-12-31": "415.50000", "2016-09-30": "322.90000", "2016-06-30": "371.90000", "2016-03-31": "320.10000", "2015-12-31": "414.70000", "2015-09-30": "333.80000", "2015-06-30": "316.40010", "2015-03-31": "263.80000", "2014-12-31": "379.40000", "2014-09-30": "323.40000", "2014-06-30": "429.79990", "2014-03-31": "318.30000", "2013-12-31": "436.90000", "2013-09-30": "324.20000", "2013-06-30": "335.33610", "2013-03-31": "307.39000", "2012-12-31": "418.39200", "2012-09-30": "316.18200", "2012-06-30": "317.04410", "2012-03-31": "290.91400", "2011-12-31": "403.43800", "2011-09-30": "285.70600", "2011-06-30": "291.13590", "2011-03-31": "259.05100", "2010-12-31": "349.28100", "2010-09-30": "235.49800", "2010-06-30": "253.52600", "2010-03-31": "215.09400", "2009-12-31": "294.06600", "2009-09-30": "211.25900", "2009-06-30": "230.42590", "2009-03-31": "214.87600", "2008-12-31": "268.22000", "2008-09-30": "194.33600", "2008-06-30": "188.20800", "2008-03-31": "186.20400", "2007-12-31": "240.74500", "2007-09-30": "158.49700", "2007-06-30": "142.85300", "2007-03-31": "138.89300", "2006-12-31": "184.30800", "2006-09-30": "123.41600", "2006-06-30": "96.74900", "2006-03-31": "103.51900", "2005-12-31": "145.66000", "2005-09-30": "107.59000", "2005-06-30": "78.20500", "2005-03-31": "91.26600"}, "Gross Profit": {"2020-12-31": "1173.70000", "2020-09-30": "830.20000", "2020-06-30": "498.89990", "2020-03-31": "616.20000", "2019-12-31": "1209.70000", "2019-09-30": "914.50000", "2019-06-30": "999.20020", "2019-03-31": "915.90000", "2018-12-31": "1203.50000", "2018-09-30": "935.10000", "2018-06-30": "1001.80000", "2018-03-31": "907.60000", "2017-12-31": "1176.20000", "2017-09-30": "762.90000", "2017-06-30": "754.50000", "2017-03-31": "705.70000", "2016-12-31": "906.20000", "2016-09-30": "714.70000", "2016-06-30": "782.69960", "2016-03-31": "713.00000", "2015-12-31": "859.10000", "2015-09-30": "696.50010", "2015-06-30": "687.70000", "2015-03-31": "665.50000", "2014-12-31": "840.00000", "2014-09-30": "715.40000", "2014-06-30": "706.40010", "2014-03-31": "781.30000", "2013-12-31": "982.70000", "2013-09-30": "826.60000", "2013-06-30": "887.36180", "2013-03-31": "880.18800", "2012-12-31": "1085.38200", "2012-09-30": "845.16800", "2012-06-30": "838.14720", "2012-03-31": "818.06700", "2011-12-31": "1045.21100", "2011-09-30": "764.65300", "2011-06-30": "740.53890", "2011-03-31": "691.65500", "2010-12-31": "915.17600", "2010-09-30": "676.17100", "2010-06-30": "696.99900", "2010-03-31": "615.57500", "2009-12-31": "770.93900", "2009-09-30": "550.17800", "2009-06-30": "547.31810", "2009-03-31": "525.06300", "2008-12-31": "692.03600", "2008-09-30": "558.19300", "2008-06-30": "593.29200", "2008-03-31": "558.31800", "2007-12-31": "737.27200", "2007-09-30": "518.22100", "2007-06-30": "509.27610", "2007-03-31": "486.41000", "2006-12-31": "621.29500", "2006-09-30": "406.00500", "2006-06-30": "359.33090", "2006-03-31": "376.19900", "2005-12-31": "504.67600", "2005-09-30": "341.36100", "2005-06-30": "281.73600", "2005-03-31": "324.67300"}, "Research And Development Expenses": {"2020-12-31": "", "2020-09-30": "", "2020-06-30": "", "2020-03-31": "", "2019-12-31": "", "2019-09-30": "", "2019-06-30": "", "2019-03-31": "", "2018-12-31": "", "2018-09-30": "", "2018-06-30": "", "2018-03-31": "", "2017-12-31": "", "2017-09-30": "", "2017-06-30": "", "2017-03-31": "", "2016-12-31": "", "2016-09-30": "", "2016-06-30": "", "2016-03-31": "", "2015-12-31": "", "2015-09-30": "", "2015-06-30": "", "2015-03-31": "", "2014-12-31": "", "2014-09-30": "", "2014-06-30": "", "2014-03-31": "", "2013-12-31": "", "2013-09-30": "", "2013-06-30": "", "2013-03-31": "", "2012-12-31": "", "2012-09-30": "", "2012-06-30": "", "2012-03-31": "", "2011-12-31": "", "2011-09-30": "", "2011-06-30": "", "2011-03-31": "", "2010-12-31": "", "2010-09-30": "", "2010-06-30": "", "2010-03-31": "", "2009-12-31": "", "2009-09-30": "", "2009-06-30": "", "2009-03-31": "", "2008-12-31": "", "2008-09-30": "", "2008-06-30": "", "2008-03-31": "", "2007-12-31": "", "2007-09-30": "", "2007-06-30": "", "2007-03-31": "", "2006-12-31": "", "2006-09-30": "", "2006-06-30": "", "2006-03-31": "", "2005-12-31": "", "2005-09-30": "", "2005-06-30": "", "2005-03-31": ""}, "SG&A Expenses": {"2020-12-31": "784.30000", "2020-09-30": "628.00000", "2020-06-30": "301.20000", "2020-03-31": "1301.70000", "2019-12-31": "846.60000", "2019-09-30": "862.90000", "2019-06-30": "828.09990", "2019-03-31": "806.10000", "2018-12-31": "827.00000", "2018-09-30": "772.80000", "2018-06-30": "813.39980", "2018-03-31": "748.60000", "2017-12-31": "829.80000", "2017-09-30": "784.70000", "2017-06-30": "561.50010", "2017-03-31": "554.60000", "2016-12-31": "628.80000", "2016-09-30": "548.80000", "2016-06-30": "665.90010", "2016-03-31": "578.70000", "2015-12-31": "598.10000", "2015-09-30": "555.10000", "2015-06-30": "648.90010", "2015-03-31": "541.50000", "2014-12-31": "564.60000", "2014-09-30": "535.60000", "2014-06-30": "606.59990", "2014-03-31": "518.60000", "2013-12-31": "546.70000", "2013-09-30": "505.00000", "2013-06-30": "569.64910", "2013-03-31": "531.69500", "2012-12-31": "558.80500", "2012-09-30": "513.45100", "2012-06-30": "486.51690", "2012-03-31": "480.57500", "2011-12-31": "544.31000", "2011-09-30": "442.68700", "2011-06-30": "428.44700", "2011-03-31": "437.81800", "2010-12-31": "461.84100", "2010-09-30": "390.51100", "2010-06-30": "400.03400", "2010-03-31": "366.45300", "2009-12-31": "390.10200", "2009-09-30": "326.93100", "2009-06-30": "342.63100", "2009-03-31": "339.68600", "2008-12-31": "343.67300", "2008-09-30": "324.70700", "2008-06-30": "344.67600", "2008-03-31": "301.62600", "2007-12-31": "334.20900", "2007-09-30": "279.46300", "2007-06-30": "263.87510", "2007-03-31": "259.78300", "2006-12-31": "280.58000", "2006-09-30": "225.35100", "2006-06-30": "217.35100", "2006-03-31": "222.52300", "2005-12-31": "230.73400", "2005-09-30": "196.25200", "2005-06-30": "190.45900", "2005-03-31": "192.33700"}, "Other Operating Income Or Expenses": {"2020-12-31": "", "2020-09-30": "", "2020-06-30": "", "2020-03-31": "", "2019-12-31": "", "2019-09-30": "", "2019-06-30": "", "2019-03-31": "", "2018-12-31": "", "2018-09-30": "", "2018-06-30": "", "2018-03-31": "", "2017-12-31": "", "2017-09-30": "", "2017-06-30": "", "2017-03-31": "", "2016-12-31": "", "2016-09-30": "", "2016-06-30": "", "2016-03-31": "", "2015-12-31": "", "2015-09-30": "", "2015-06-30": "", "2015-03-31": "", "2014-12-31": "", "2014-09-30": "", "2014-06-30": "", "2014-03-31": "", "2013-12-31": "", "2013-09-30": "", "2013-06-30": "", "2013-03-31": "", "2012-12-31": "", "2012-09-30": "", "2012-06-30": "", "2012-03-31": "", "2011-12-31": "", "2011-09-30": "", "2011-06-30": "", "2011-03-31": "", "2010-12-31": "", "2010-09-30": "", "2010-06-30": "", "2010-03-31": "", "2009-12-31": "", "2009-09-30": "", "2009-06-30": "", "2009-03-31": "", "2008-12-31": "", "2008-09-30": "", "2008-06-30": "", "2008-03-31": "", "2007-12-31": "", "2007-09-30": "", "2007-06-30": "", "2007-03-31": "", "2006-12-31": "", "2006-09-30": "", "2006-06-30": "", "2006-03-31": "", "2005-12-31": "", "2005-09-30": "", "2005-06-30": "", "2005-03-31": ""}, "Operating Expenses": {"2020-12-31": "1296.00000", "2020-09-30": "970.00000", "2020-06-30": "994.80030", "2020-03-31": "1758.20000", "2019-12-31": "1452.90000", "2019-09-30": "1306.30000", "2019-06-30": "1342.60000", "2019-03-31": "1221.60000", "2018-12-31": "1424.30000", "2018-09-30": "1218.90000", "2018-06-30": "1295.30000", "2018-03-31": "1163.40000", "2017-12-31": "1438.60000", "2017-09-30": "1310.70000", "2017-06-30": "940.79980", "2017-03-31": "844.10000", "2016-12-31": "1044.30000", "2016-09-30": "871.70000", "2016-06-30": "1037.80000", "2016-03-31": "898.80000", "2015-12-31": "1012.80000", "2015-09-30": "888.90000", "2015-06-30": "965.30000", "2015-03-31": "805.30000", "2014-12-31": "944.00000", "2014-09-30": "859.00000", "2014-06-30": "1036.40000", "2014-03-31": "836.90000", "2013-12-31": "983.60000", "2013-09-30": "829.20000", "2013-06-30": "904.98520", "2013-03-31": "839.08500", "2012-12-31": "977.19700", "2012-09-30": "829.63300", "2012-06-30": "803.56090", "2012-03-31": "771.48900", "2011-12-31": "947.74800", "2011-09-30": "728.39300", "2011-06-30": "719.58280", "2011-03-31": "696.86900", "2010-12-31": "811.12200", "2010-09-30": "626.00900", "2010-06-30": "653.56010", "2010-03-31": "581.54700", "2009-12-31": "684.16800", "2009-09-30": "538.19000", "2009-06-30": "573.05690", "2009-03-31": "554.56200", "2008-12-31": "611.89300", "2008-09-30": "519.04300", "2008-06-30": "532.88390", "2008-03-31": "487.83000", "2007-12-31": "574.95400", "2007-09-30": "437.96000", "2007-06-30": "406.72790", "2007-03-31": "398.67600", "2006-12-31": "464.88800", "2006-09-30": "348.76700", "2006-06-30": "314.10000", "2006-03-31": "326.04200", "2005-12-31": "376.39400", "2005-09-30": "303.84200", "2005-06-30": "268.66390", "2005-03-31": "283.60300"}, "Operating Income": {"2020-12-31": "389.40000", "2020-09-30": "202.20000", "2020-06-30": "-280.00040", "2020-03-31": "-685.50000", "2019-12-31": "363.10010", "2019-09-30": "51.60000", "2019-06-30": "171.10050", "2019-03-31": "109.80000", "2018-12-31": "376.50000", "2018-09-30": "162.29990", "2018-06-30": "188.40000", "2018-03-31": "159.00010", "2017-12-31": "346.40000", "2017-09-30": "-21.79990", "2017-06-30": "193.00010", "2017-03-31": "151.10000", "2016-12-31": "277.39990", "2016-09-30": "165.90000", "2016-06-30": "116.79960", "2016-03-31": "134.29990", "2015-12-31": "261.00010", "2015-09-30": "141.40010", "2015-06-30": "38.79990", "2015-03-31": "124.00000", "2014-12-31": "275.40000", "2014-09-30": "179.80000", "2014-06-30": "99.80010", "2014-03-31": "262.70000", "2013-12-31": "436.00000", "2013-09-30": "321.60000", "2013-06-30": "317.71270", "2013-03-31": "348.49300", "2012-12-31": "526.57700", "2012-09-30": "331.71700", "2012-06-30": "351.63040", "2012-03-31": "337.49190", "2011-12-31": "500.90110", "2011-09-30": "321.96600", "2011-06-30": "312.09200", "2011-03-31": "253.83700", "2010-12-31": "453.33500", "2010-09-30": "285.66000", "2010-06-30": "296.96490", "2010-03-31": "249.12200", "2009-12-31": "380.83700", "2009-09-30": "223.24700", "2009-06-30": "204.68720", "2009-03-31": "185.37700", "2008-12-31": "348.36300", "2008-09-30": "233.48600", "2008-06-30": "248.61610", "2008-03-31": "256.69200", "2007-12-31": "403.06300", "2007-09-30": "238.75800", "2007-06-30": "245.40110", "2007-03-31": "226.62700", "2006-12-31": "340.71500", "2006-09-30": "180.65400", "2006-06-30": "141.98000", "2006-03-31": "153.67600", "2005-12-31": "273.94200", "2005-09-30": "145.10900", "2005-06-30": "91.27710", "2005-03-31": "132.33600"}, "Total Non-Operating Income/Expense": {"2020-12-31": "-15.10000", "2020-09-30": "-16.80000", "2020-06-30": "-20.80000", "2020-03-31": "-19.50000", "2019-12-31": "-8.10000", "2019-09-30": "-25.00000", "2019-06-30": "-12.20000", "2019-03-31": "-14.60000", "2018-12-31": "-9.00000", "2018-09-30": "-17.70000", "2018-06-30": "-15.60000", "2018-03-31": "-16.90000", "2017-12-31": "-22.20000", "2017-09-30": "-20.50000", "2017-06-30": "-13.60000", "2017-03-31": "-4.00000", "2016-12-31": "-5.10000", "2016-09-30": "-5.70000", "2016-06-30": "-7.40000", "2016-03-31": "-6.50000", "2015-12-31": "-6.30000", "2015-09-30": "-6.70000", "2015-06-30": "-6.30000", "2015-03-31": "-1.20000", "2014-12-31": "0.40000", "2014-09-30": "0.70000", "2014-06-30": "0.60000", "2014-03-31": "-2.00000", "2013-12-31": "1.90000", "2013-09-30": "1.70000", "2013-06-30": "0.01800", "2013-03-31": "-0.74300", "2012-12-31": "-1.23900", "2012-09-30": "-2.03600", "2012-06-30": "-1.52100", "2012-03-31": "-1.67200", "2011-12-31": "-1.77100", "2011-09-30": "-1.36200", "2011-06-30": "-1.40700", "2011-03-31": "-0.84200", "2010-12-31": "-0.89400", "2010-09-30": "-0.56200", "2010-06-30": "2.19600", "2010-03-31": "2.02600", "2009-12-31": "1.90400", "2009-09-30": "1.83500", "2009-06-30": "7.72200", "2009-03-31": "-0.12100", "2008-12-31": "0.53200", "2008-09-30": "2.64600", "2008-06-30": "12.70900", "2008-03-31": "9.54700", "2007-12-31": "10.56800", "2007-09-30": "14.99600", "2007-06-30": "13.80800", "2007-03-31": "12.98800", "2006-12-31": "7.88800", "2006-09-30": "6.58900", "2006-06-30": "9.62800", "2006-03-31": "10.11800", "2005-12-31": "6.99000", "2005-09-30": "5.88700", "2005-06-30": "4.83600", "2005-03-31": "4.94500"}, "Pre-Tax Income": {"2020-12-31": "374.30000", "2020-09-30": "185.40000", "2020-06-30": "-300.80000", "2020-03-31": "-705.00000", "2019-12-31": "355.00000", "2019-09-30": "26.60000", "2019-06-30": "158.90000", "2019-03-31": "95.20000", "2018-12-31": "367.50000", "2018-09-30": "144.60000", "2018-06-30": "172.80000", "2018-03-31": "142.10000", "2017-12-31": "324.20000", "2017-09-30": "-42.30000", "2017-06-30": "179.40000", "2017-03-31": "147.10000", "2016-12-31": "272.30000", "2016-09-30": "160.20000", "2016-06-30": "109.40000", "2016-03-31": "127.80000", "2015-12-31": "254.70000", "2015-09-30": "134.70000", "2015-06-30": "32.50000", "2015-03-31": "122.80000", "2014-12-31": "275.80000", "2014-09-30": "180.50000", "2014-06-30": "100.40010", "2014-03-31": "260.70000", "2013-12-31": "437.90000", "2013-09-30": "323.30000", "2013-06-30": "317.73100", "2013-03-31": "347.75000", "2012-12-31": "525.33800", "2012-09-30": "329.68100", "2012-06-30": "350.10900", "2012-03-31": "335.82000", "2011-12-31": "499.13000", "2011-09-30": "320.60400", "2011-06-30": "310.68500", "2011-03-31": "252.99500", "2010-12-31": "452.44100", "2010-09-30": "285.09800", "2010-06-30": "299.16090", "2010-03-31": "251.14800", "2009-12-31": "382.74100", "2009-09-30": "225.08200", "2009-06-30": "212.40900", "2009-03-31": "185.25600", "2008-12-31": "348.89500", "2008-09-30": "236.13200", "2008-06-30": "261.32500", "2008-03-31": "266.23900", "2007-12-31": "413.63100", "2007-09-30": "253.75400", "2007-06-30": "259.20900", "2007-03-31": "239.61500", "2006-12-31": "348.60300", "2006-09-30": "187.24300", "2006-06-30": "151.60800", "2006-03-31": "163.79400", "2005-12-31": "280.93200", "2005-09-30": "150.99600", "2005-06-30": "96.11300", "2005-03-31": "137.28100"}, "Income Taxes": {"2020-12-31": "63.30000", "2020-09-30": "-46.30000", "2020-06-30": "-7.00000", "2020-03-31": "-27.90000", "2019-12-31": "56.20000", "2019-09-30": "6.60000", "2019-06-30": "10.00000", "2019-03-31": "-22.20000", "2018-12-31": "112.70000", "2018-09-30": "22.30000", "2018-06-30": "-38.90000", "2018-03-31": "1.80000", "2017-12-31": "261.00000", "2017-09-30": "-24.60000", "2017-06-30": "27.70000", "2017-03-31": "24.90000", "2016-12-31": "72.60000", "2016-09-30": "42.80000", "2016-06-30": "27.90000", "2016-03-31": "15.30000", "2015-12-31": "84.60000", "2015-09-30": "38.30000", "2015-06-30": "20.80000", "2015-03-31": "34.70000", "2014-12-31": "92.30000", "2014-09-30": "61.40000", "2014-06-30": "25.10000", "2014-03-31": "70.00000", "2013-12-31": "140.50000", "2013-09-30": "105.40000", "2013-06-30": "96.40800", "2013-03-31": "108.81800", "2012-12-31": "172.57400", "2012-09-30": "108.30000", "2012-06-30": "98.67900", "2012-03-31": "110.81800", "2011-12-31": "151.63500", "2011-09-30": "105.62100", "2011-06-30": "108.20400", "2011-03-31": "66.98000", "2010-12-31": "149.01300", "2010-09-30": "96.22200", "2010-06-30": "103.63400", "2010-03-31": "93.51200", "2009-12-31": "141.79100", "2009-09-30": "84.25500", "2009-06-30": "66.61600", "2009-03-31": "70.39700", "2008-12-31": "131.98900", "2008-09-30": "90.32100", "2008-06-30": "47.80100", "2008-03-31": "103.82700", "2007-12-31": "161.31400", "2007-09-30": "98.96800", "2007-06-30": "99.80600", "2007-03-31": "92.22500", "2006-12-31": "134.10600", "2006-09-30": "72.00400", "2006-06-30": "57.22900", "2006-03-31": "62.12200", "2005-12-31": "106.75800", "2005-09-30": "57.38100", "2005-06-30": "28.11500", "2005-03-31": "52.16800"}, "Income After Taxes": {"2020-12-31": "311.00000", "2020-09-30": "231.70000", "2020-06-30": "-293.80000", "2020-03-31": "-677.10000", "2019-12-31": "298.80000", "2019-09-30": "20.00000", "2019-06-30": "148.90000", "2019-03-31": "117.40000", "2018-12-31": "254.80000", "2018-09-30": "122.30000", "2018-06-30": "211.70000", "2018-03-31": "140.30000", "2017-12-31": "63.20000", "2017-09-30": "-17.70000", "2017-06-30": "151.70000", "2017-03-31": "122.20000", "2016-12-31": "199.70000", "2016-09-30": "117.40000", "2016-06-30": "81.50000", "2016-03-31": "112.50000", "2015-12-31": "170.10000", "2015-09-30": "96.40000", "2015-06-30": "11.70000", "2015-03-31": "88.10000", "2014-12-31": "183.50000", "2014-09-30": "119.10000", "2014-06-30": "75.30010", "2014-03-31": "190.70000", "2013-12-31": "297.40000", "2013-09-30": "217.90000", "2013-06-30": "221.32300", "2013-03-31": "238.93200", "2012-12-31": "352.76400", "2012-09-30": "221.38100", "2012-06-30": "251.42990", "2012-03-31": "225.00200", "2011-12-31": "347.49500", "2011-09-30": "214.98300", "2011-06-30": "202.48100", "2011-03-31": "186.01500", "2010-12-31": "303.42800", "2010-09-30": "188.87600", "2010-06-30": "195.52690", "2010-03-31": "157.63600", "2009-12-31": "240.95000", "2009-09-30": "140.82700", "2009-06-30": "145.79300", "2009-03-31": "114.85900", "2008-12-31": "216.90600", "2008-09-30": "145.81100", "2008-06-30": "213.52390", "2008-03-31": "162.41200", "2007-12-31": "252.31700", "2007-09-30": "154.78600", "2007-06-30": "159.40300", "2007-03-31": "147.39000", "2006-12-31": "214.49700", "2006-09-30": "115.23900", "2006-06-30": "94.37900", "2006-03-31": "101.67200", "2005-12-31": "174.17400", "2005-09-30": "93.61500", "2005-06-30": "67.99800", "2005-03-31": "85.11300"}, "Other Income": {"2020-12-31": "", "2020-09-30": "", "2020-06-30": "", "2020-03-31": "", "2019-12-31": "", "2019-09-30": "", "2019-06-30": "", "2019-03-31": "", "2018-12-31": "", "2018-09-30": "", "2018-06-30": "", "2018-03-31": "", "2017-12-31": "", "2017-09-30": "", "2017-06-30": "", "2017-03-31": "", "2016-12-31": "", "2016-09-30": "", "2016-06-30": "", "2016-03-31": "", "2015-12-31": "", "2015-09-30": "", "2015-06-30": "", "2015-03-31": "", "2014-12-31": "", "2014-09-30": "", "2014-06-30": "", "2014-03-31": "", "2013-12-31": "", "2013-09-30": "", "2013-06-30": "", "2013-03-31": "", "2012-12-31": "", "2012-09-30": "", "2012-06-30": "", "2012-03-31": "", "2011-12-31": "", "2011-09-30": "", "2011-06-30": "", "2011-03-31": "", "2010-12-31": "", "2010-09-30": "", "2010-06-30": "", "2010-03-31": "", "2009-12-31": "", "2009-09-30": "", "2009-06-30": "", "2009-03-31": "", "2008-12-31": "", "2008-09-30": "", "2008-06-30": "", "2008-03-31": "", "2007-12-31": "", "2007-09-30": "", "2007-06-30": "", "2007-03-31": "", "2006-12-31": "", "2006-09-30": "", "2006-06-30": "", "2006-03-31": "", "2005-12-31": "", "2005-09-30": "", "2005-06-30": "", "2005-03-31": ""}, "Income From Continuous Operations": {"2020-12-31": "311.00000", "2020-09-30": "231.70000", "2020-06-30": "-293.80000", "2020-03-31": "-677.10000", "2019-12-31": "298.80000", "2019-09-30": "20.00000", "2019-06-30": "148.90000", "2019-03-31": "117.40000", "2018-12-31": "254.80000", "2018-09-30": "122.30000", "2018-06-30": "211.70000", "2018-03-31": "140.30000", "2017-12-31": "63.20000", "2017-09-30": "-17.70000", "2017-06-30": "151.70000", "2017-03-31": "122.20000", "2016-12-31": "199.70000", "2016-09-30": "117.40000", "2016-06-30": "81.50000", "2016-03-31": "112.50000", "2015-12-31": "170.10000", "2015-09-30": "96.40000", "2015-06-30": "11.70000", "2015-03-31": "88.10000", "2014-12-31": "183.50000", "2014-09-30": "119.10000", "2014-06-30": "75.30010", "2014-03-31": "190.70000", "2013-12-31": "297.40000", "2013-09-30": "217.90000", "2013-06-30": "221.32300", "2013-03-31": "238.93200", "2012-12-31": "352.76400", "2012-09-30": "221.38100", "2012-06-30": "251.42990", "2012-03-31": "225.00200", "2011-12-31": "347.49500", "2011-09-30": "214.98300", "2011-06-30": "202.48100", "2011-03-31": "186.01500", "2010-12-31": "303.42800", "2010-09-30": "188.87600", "2010-06-30": "195.52690", "2010-03-31": "157.63600", "2009-12-31": "240.95000", "2009-09-30": "140.82700", "2009-06-30": "145.79300", "2009-03-31": "114.85900", "2008-12-31": "216.90600", "2008-09-30": "145.81100", "2008-06-30": "213.52400", "2008-03-31": "162.41200", "2007-12-31": "252.31700", "2007-09-30": "154.78600", "2007-06-30": "159.40300", "2007-03-31": "147.39000", "2006-12-31": "214.49700", "2006-09-30": "115.23900", "2006-06-30": "94.37900", "2006-03-31": "101.67200", "2005-12-31": "174.17400", "2005-09-30": "93.61500", "2005-06-30": "67.89100", "2005-03-31": "80.87200"}, "Income From Discontinued Operations": {"2020-12-31": "", "2020-09-30": "", "2020-06-30": "", "2020-03-31": "", "2019-12-31": "", "2019-09-30": "", "2019-06-30": "", "2019-03-31": "", "2018-12-31": "", "2018-09-30": "", "2018-06-30": "", "2018-03-31": "", "2017-12-31": "", "2017-09-30": "", "2017-06-30": "", "2017-03-31": "", "2016-12-31": "", "2016-09-30": "", "2016-06-30": "", "2016-03-31": "", "2015-12-31": "", "2015-09-30": "", "2015-06-30": "", "2015-03-31": "", "2014-12-31": "", "2014-09-30": "", "2014-06-30": "", "2014-03-31": "", "2013-12-31": "", "2013-09-30": "", "2013-06-30": "", "2013-03-31": "", "2012-12-31": "", "2012-09-30": "", "2012-06-30": "", "2012-03-31": "", "2011-12-31": "", "2011-09-30": "", "2011-06-30": "", "2011-03-31": "", "2010-12-31": "", "2010-09-30": "", "2010-06-30": "", "2010-03-31": "", "2009-12-31": "", "2009-09-30": "", "2009-06-30": "", "2009-03-31": "", "2008-12-31": "", "2008-09-30": "", "2008-06-30": "0.00000", "2008-03-31": "-0.00400", "2007-12-31": "", "2007-09-30": "0.02000", "2007-06-30": "1.20900", "2007-03-31": "2.57400", "2006-12-31": "12.97600", "2006-09-30": "10.37700", "2006-06-30": "23.26300", "2006-03-31": "7.17400", "2005-12-31": "", "2005-09-30": "", "2005-06-30": "", "2005-03-31": ""}, "Net Income": {"2020-12-31": "311.00000", "2020-09-30": "231.70000", "2020-06-30": "-293.80000", "2020-03-31": "-677.10000", "2019-12-31": "298.80000", "2019-09-30": "20.00000", "2019-06-30": "148.90000", "2019-03-31": "117.40000", "2018-12-31": "254.80000", "2018-09-30": "122.30000", "2018-06-30": "211.70000", "2018-03-31": "140.30000", "2017-12-31": "63.20000", "2017-09-30": "-17.70000", "2017-06-30": "151.70000", "2017-03-31": "122.20000", "2016-12-31": "199.70000", "2016-09-30": "117.40000", "2016-06-30": "81.50000", "2016-03-31": "112.50000", "2015-12-31": "170.10000", "2015-09-30": "96.40000", "2015-06-30": "11.70000", "2015-03-31": "88.10000", "2014-12-31": "183.50000", "2014-09-30": "119.10000", "2014-06-30": "75.30000", "2014-03-31": "190.70000", "2013-12-31": "297.40000", "2013-09-30": "217.90000", "2013-06-30": "221.32300", "2013-03-31": "238.93200", "2012-12-31": "352.76400", "2012-09-30": "221.38100", "2012-06-30": "251.43000", "2012-03-31": "225.00200", "2011-12-31": "347.49500", "2011-09-30": "214.98300", "2011-06-30": "202.48100", "2011-03-31": "186.01500", "2010-12-31": "303.42800", "2010-09-30": "188.87600", "2010-06-30": "195.52700", "2010-03-31": "157.63600", "2009-12-31": "240.95000", "2009-09-30": "140.82700", "2009-06-30": "145.79300", "2009-03-31": "114.85900", "2008-12-31": "216.90600", "2008-09-30": "145.81100", "2008-06-30": "213.52400", "2008-03-31": "162.40800", "2007-12-31": "252.31700", "2007-09-30": "154.80600", "2007-06-30": "160.61200", "2007-03-31": "149.96400", "2006-12-31": "227.47300", "2006-09-30": "125.61600", "2006-06-30": "117.64200", "2006-03-31": "108.84600", "2005-12-31": "174.17400", "2005-09-30": "93.61500", "2005-06-30": "89.85600", "2005-03-31": "80.87200"}, "EBITDA": {"2020-12-31": "440.60000", "2020-09-30": "253.39990", "2020-06-30": "-226.60040", "2020-03-31": "-615.60000", "2019-12-31": "423.90010", "2019-09-30": "115.80000", "2019-06-30": "249.50050", "2019-03-31": "173.30000", "2018-12-31": "441.80000", "2018-09-30": "223.29990", "2018-06-30": "260.10000", "2018-03-31": "221.30010", "2017-12-31": "407.20000", "2017-09-30": "43.70010", "2017-06-30": "257.10010", "2017-03-31": "199.60000", "2016-12-31": "325.29990", "2016-09-30": "218.20000", "2016-06-30": "170.79960", "2016-03-31": "183.79990", "2015-12-31": "313.70010", "2015-09-30": "195.80010", "2015-06-30": "93.39990", "2015-03-31": "171.40000", "2014-12-31": "321.90000", "2014-09-30": "223.10010", "2014-06-30": "151.10000", "2014-03-31": "307.90000", "2013-12-31": "483.90000", "2013-09-30": "366.60000", "2013-06-30": "365.04670", "2013-03-31": "388.32700", "2012-12-31": "566.30500", "2012-09-30": "367.82100", "2012-06-30": "385.80640", "2012-03-31": "371.14290", "2011-12-31": "533.92910", "2011-09-30": "354.02000", "2011-06-30": "343.34900", "2011-03-31": "284.20700", "2010-12-31": "484.56300", "2010-09-30": "317.91100", "2010-06-30": "329.69790", "2010-03-31": "281.70000", "2009-12-31": "408.89000", "2009-09-30": "256.62700", "2009-06-30": "235.87820", "2009-03-31": "216.10800", "2008-12-31": "378.76400", "2008-09-30": "264.17700", "2008-06-30": "274.37220", "2008-03-31": "282.50090", "2007-12-31": "427.53910", "2007-09-30": "263.42100", "2007-06-30": "266.67810", "2007-03-31": "247.25200", "2006-12-31": "360.81300", "2006-09-30": "199.48600", "2006-06-30": "158.94000", "2006-03-31": "170.08500", "2005-12-31": "291.57800", "2005-09-30": "159.09800", "2005-06-30": "103.18010", "2005-03-31": "145.02700"}, "EBIT": {"2020-12-31": "389.40000", "2020-09-30": "202.20000", "2020-06-30": "-280.00040", "2020-03-31": "-685.50000", "2019-12-31": "363.10010", "2019-09-30": "51.60000", "2019-06-30": "171.10020", "2019-03-31": "109.80000", "2018-12-31": "376.50000", "2018-09-30": "162.29990", "2018-06-30": "188.39980", "2018-03-31": "159.00010", "2017-12-31": "346.40000", "2017-09-30": "-21.79990", "2017-06-30": "192.99990", "2017-03-31": "151.10000", "2016-12-31": "277.39990", "2016-09-30": "165.90000", "2016-06-30": "116.79970", "2016-03-31": "134.29990", "2015-12-31": "261.00010", "2015-09-30": "141.40010", "2015-06-30": "38.79990", "2015-03-31": "124.00000", "2014-12-31": "275.40000", "2014-09-30": "179.80000", "2014-06-30": "99.80030", "2014-03-31": "262.70000", "2013-12-31": "436.00000", "2013-09-30": "321.60000", "2013-06-30": "317.71280", "2013-03-31": "348.49300", "2012-12-31": "526.57700", "2012-09-30": "331.71700", "2012-06-30": "351.63020", "2012-03-31": "337.49190", "2011-12-31": "500.90110", "2011-09-30": "321.96600", "2011-06-30": "312.09190", "2011-03-31": "253.83700", "2010-12-31": "453.33500", "2010-09-30": "285.66000", "2010-06-30": "296.96480", "2010-03-31": "249.12200", "2009-12-31": "380.83700", "2009-09-30": "223.24700", "2009-06-30": "204.68710", "2009-03-31": "185.37700", "2008-12-31": "348.36300", "2008-09-30": "233.48600", "2008-06-30": "248.61610", "2008-03-31": "256.69200", "2007-12-31": "403.06300", "2007-09-30": "238.75800", "2007-06-30": "245.40110", "2007-03-31": "226.62700", "2006-12-31": "340.71500", "2006-09-30": "180.65400", "2006-06-30": "141.98000", "2006-03-31": "153.67600", "2005-12-31": "273.94200", "2005-09-30": "145.10900", "2005-06-30": "91.27700", "2005-03-31": "132.33600"}, "Basic Shares Outstanding": {"2020-12-31": "277.50000", "2020-09-30": "276.80000", "2020-06-30": "278.60000", "2020-03-31": "276.10000", "2019-12-31": "276.00000", "2019-09-30": "284.40000", "2019-06-30": "289.40000", "2019-03-31": "290.00000", "2018-12-31": "289.90000", "2018-09-30": "288.80000", "2018-06-30": "285.40000", "2018-03-31": "286.20000", "2017-12-31": "284.50000", "2017-09-30": "283.20000", "2017-06-30": "280.60000", "2017-03-31": "280.80000", "2016-12-31": "280.50000", "2016-09-30": "279.50000", "2016-06-30": "277.60000", "2016-03-31": "277.80000", "2015-12-31": "277.60000", "2015-09-30": "277.10000", "2015-06-30": "275.70000", "2015-03-31": "275.90000", "2014-12-31": "275.60000", "2014-09-30": "275.00000", "2014-06-30": "277.80000", "2014-03-31": "276.10000", "2013-12-31": "279.10000", "2013-09-30": "281.40000", "2013-06-30": "282.50000", "2013-03-31": "280.81800", "2012-12-31": "282.69300", "2012-09-30": "284.56900", "2012-06-30": "288.28400", "2012-03-31": "287.56900", "2011-12-31": "289.81200", "2011-09-30": "289.77800", "2011-06-30": "294.87700", "2011-03-31": "294.84100", "2010-12-31": "297.21400", "2010-09-30": "296.30400", "2010-06-30": "311.41300", "2010-03-31": "309.24900", "2009-12-31": "317.45800", "2009-09-30": "318.28600", "2009-06-30": "323.71400", "2009-03-31": "320.16300", "2008-12-31": "323.65500", "2008-09-30": "331.86500", "2008-06-30": "355.73100", "2008-03-31": "348.12500", "2007-12-31": "362.16700", "2007-09-30": "372.18600", "2007-06-30": "369.66100", "2007-03-31": "370.26400", "2006-12-31": "368.13800", "2006-09-30": "368.17100", "2006-06-30": "379.63500", "2006-03-31": "383.73900", "2005-12-31": "380.83700", "2005-09-30": "379.55100", "2005-06-30": "378.67000", "2005-03-31": "379.69500"}, "Shares Outstanding": {"2020-12-31": "281.00000", "2020-09-30": "277.90000", "2020-06-30": "278.60000", "2020-03-31": "276.60000", "2019-12-31": "276.70000", "2019-09-30": "285.70000", "2019-06-30": "290.80000", "2019-03-31": "290.90000", "2018-12-31": "291.00000", "2018-09-30": "292.00000", "2018-06-30": "288.60000", "2018-03-31": "290.10000", "2017-12-31": "286.40000", "2017-09-30": "286.70000", "2017-06-30": "282.80000", "2017-03-31": "282.90000", "2016-12-31": "281.80000", "2016-09-30": "281.90000", "2016-06-30": "279.30000", "2016-03-31": "279.50000", "2015-12-31": "278.40000", "2015-09-30": "278.30000", "2015-06-30": "277.20000", "2015-03-31": "277.40000", "2014-12-31": "276.50000", "2014-09-30": "276.40000", "2014-06-30": "280.40000", "2014-03-31": "278.80000", "2013-12-31": "281.50000", "2013-09-30": "284.50000", "2013-06-30": "286.30000", "2013-03-31": "284.62400", "2012-12-31": "286.22300", "2012-09-30": "288.49700", "2012-06-30": "294.12900", "2012-03-31": "293.49600", "2011-12-31": "295.50900", "2011-09-30": "296.06800", "2011-06-30": "301.55800", "2011-03-31": "301.62000", "2010-12-31": "304.65500", "2010-09-30": "301.24900", "2010-06-30": "315.84800", "2010-03-31": "313.96000", "2009-12-31": "321.38100", "2009-09-30": "321.11500", "2009-06-30": "325.62000", "2009-03-31": "321.35500", "2008-12-31": "325.16800", "2008-09-30": "334.02300", "2008-06-30": "360.33200", "2008-03-31": "351.59300", "2007-12-31": "366.56900", "2007-09-30": "379.28500", "2007-06-30": "377.35600", "2007-03-31": "379.28900", "2006-12-31": "375.49600", "2006-09-30": "373.67200", "2006-06-30": "388.49500", "2006-03-31": "391.45300", "2005-12-31": "390.62000", "2005-09-30": "389.97200", "2005-06-30": "390.19100", "2005-03-31": "391.60900"}, "Basic EPS": {"2020-12-31": "1.12000", "2020-09-30": "0.84000", "2020-06-30": "-1.04000", "2020-03-31": "-2.45000", "2019-12-31": "1.08000", "2019-09-30": "0.07000", "2019-06-30": "0.52000", "2019-03-31": "0.40000", "2018-12-31": "0.88000", "2018-09-30": "0.42000", "2018-06-30": "0.74000", "2018-03-31": "0.49000", "2017-12-31": "0.22000", "2017-09-30": "-0.06000", "2017-06-30": "0.54000", "2017-03-31": "0.44000", "2016-12-31": "0.71000", "2016-09-30": "0.42000", "2016-06-30": "0.30000", "2016-03-31": "0.40000", "2015-12-31": "0.61000", "2015-09-30": "0.35000", "2015-06-30": "0.04000", "2015-03-31": "0.32000", "2014-12-31": "0.67000", "2014-09-30": "0.43000", "2014-06-30": "0.28000", "2014-03-31": "0.69000", "2013-12-31": "1.07000", "2013-09-30": "0.77000", "2013-06-30": "0.78000", "2013-03-31": "0.85000", "2012-12-31": "1.25000", "2012-09-30": "0.78000", "2012-06-30": "0.88000", "2012-03-31": "0.78000", "2011-12-31": "1.20000", "2011-09-30": "0.74000", "2011-06-30": "0.70000", "2011-03-31": "0.63000", "2010-12-31": "1.02000", "2010-09-30": "0.64000", "2010-06-30": "0.65000", "2010-03-31": "0.51000", "2009-12-31": "0.76000", "2009-09-30": "0.44000", "2009-06-30": "0.46000", "2009-03-31": "0.36000", "2008-12-31": "0.67000", "2008-09-30": "0.44000", "2008-06-30": "0.61000", "2008-03-31": "0.47000", "2007-12-31": "0.70000", "2007-09-30": "0.42000", "2007-06-30": "0.43000", "2007-03-31": "0.41000", "2006-12-31": "0.62000", "2006-09-30": "0.34000", "2006-06-30": "0.31000", "2006-03-31": "0.28000", "2005-12-31": "0.46000", "2005-09-30": "0.25000", "2005-06-30": "0.25000", "2005-03-31": "0.21000"}, "EPS - Earnings Per Share": {"2020-12-31": "1.11000", "2020-09-30": "0.83000", "2020-06-30": "-1.04000", "2020-03-31": "-2.45000", "2019-12-31": "1.08000", "2019-09-30": "0.07000", "2019-06-30": "0.51000", "2019-03-31": "0.40000", "2018-12-31": "0.88000", "2018-09-30": "0.42000", "2018-06-30": "0.74000", "2018-03-31": "0.48000", "2017-12-31": "0.22000", "2017-09-30": "-0.06000", "2017-06-30": "0.53000", "2017-03-31": "0.43000", "2016-12-31": "0.71000", "2016-09-30": "0.42000", "2016-06-30": "0.29000", "2016-03-31": "0.40000", "2015-12-31": "0.61000", "2015-09-30": "0.35000", "2015-06-30": "0.04000", "2015-03-31": "0.32000", "2014-12-31": "0.66000", "2014-09-30": "0.43000", "2014-06-30": "0.28000", "2014-03-31": "0.68000", "2013-12-31": "1.06000", "2013-09-30": "0.77000", "2013-06-30": "0.77000", "2013-03-31": "0.84000", "2012-12-31": "1.23000", "2012-09-30": "0.77000", "2012-06-30": "0.85000", "2012-03-31": "0.77000", "2011-12-31": "1.18000", "2011-09-30": "0.73000", "2011-06-30": "0.67000", "2011-03-31": "0.62000", "2010-12-31": "1.00000", "2010-09-30": "0.63000", "2010-06-30": "0.64000", "2010-03-31": "0.50000", "2009-12-31": "0.75000", "2009-09-30": "0.44000", "2009-06-30": "0.44000", "2009-03-31": "0.36000", "2008-12-31": "0.67000", "2008-09-30": "0.44000", "2008-06-30": "0.61000", "2008-03-31": "0.46000", "2007-12-31": "0.69000", "2007-09-30": "0.41000", "2007-06-30": "0.41000", "2007-03-31": "0.40000", "2006-12-31": "0.61000", "2006-09-30": "0.34000", "2006-06-30": "0.30000", "2006-03-31": "0.28000", "2005-12-31": "0.45000", "2005-09-30": "0.24000", "2005-06-30": "0.23000", "2005-03-31": "0.21000"}}, "balance sheet": {"Cash On Hand": {"2020-06-30": "1434.40000", "2019-06-30": "1233.80000", "2018-06-30": "1250.00000", "2017-06-30": "3083.60000", "2016-06-30": "1319.40000", "2015-06-30": "1525.80000", "2014-06-30": "868.60000", "2013-06-30": "1134.89100", "2012-06-30": "917.21500", "2011-06-30": "702.03800", "2010-06-30": "696.39790", "2009-06-30": "800.36200", "2008-06-30": "698.90500", "2007-06-30": "1185.81600", "2006-06-30": "537.56500", "2005-06-30": "383.05100"}, "Receivables": {"2020-06-30": "239.30000", "2019-06-30": "353.90000", "2018-06-30": "339.90000", "2017-06-30": "309.50000", "2016-06-30": "258.80000", "2015-06-30": "219.50000", "2014-06-30": "198.60000", "2013-06-30": "175.47700", "2012-06-30": "174.46200", "2011-06-30": "142.89800", "2010-06-30": "109.06800", "2009-06-30": "108.70700", "2008-06-30": "106.73800", "2007-06-30": "107.81400", "2006-06-30": "84.36100", "2005-06-30": "65.39900"}, "Inventory": {"2020-06-30": "736.90000", "2019-06-30": "778.30000", "2018-06-30": "673.80000", "2017-06-30": "469.70000", "2016-06-30": "459.20000", "2015-06-30": "485.10000", "2014-06-30": "526.20000", "2013-06-30": "524.70600", "2012-06-30": "504.49000", "2011-06-30": "421.83100", "2010-06-30": "363.28500", "2009-06-30": "326.14800", "2008-06-30": "318.49000", "2007-06-30": "291.19200", "2006-06-30": "233.49400", "2005-06-30": "184.41900"}, "Pre-Paid Expenses": {"2020-06-30": "57.50000", "2019-06-30": "99.80000", "2018-06-30": "82.60000", "2017-06-30": "58.60000", "2016-06-30": "58.00000", "2015-06-30": "73.10000", "2014-06-30": "45.50000", "2013-06-30": "37.95600", "2012-06-30": "39.36500", "2011-06-30": "38.20300", "2010-06-30": "30.37500", "2009-06-30": "48.34200", "2008-06-30": "65.56900", "2007-06-30": "16.14000", "2006-06-30": "41.04300", "2005-06-30": "25.67100"}, "Other Current Assets": {"2020-06-30": "85.00000", "2019-06-30": "91.00000", "2018-06-30": "86.30000", "2017-06-30": "31.90000", "2016-06-30": "77.50000", "2015-06-30": "104.60000", "2014-06-30": "103.70000", "2013-06-30": "86.79900", "2012-06-30": "73.57700", "2011-06-30": "53.51600", "2010-06-30": "26.16000", "2009-06-30": "63.37400", "2008-06-30": "99.44700", "2007-06-30": "70.92900", "2006-06-30": "", "2005-06-30": ""}, "Total Current Assets": {"2020-06-30": "2553.10000", "2019-06-30": "2556.80000", "2018-06-30": "2432.60000", "2017-06-30": "3953.30000", "2016-06-30": "2172.90000", "2015-06-30": "2506.50000", "2014-06-30": "1855.20000", "2013-06-30": "2070.94700", "2012-06-30": "1804.52800", "2011-06-30": "1452.38800", "2010-06-30": "1302.64100", "2009-06-30": "1396.40900", "2008-06-30": "1359.21800", "2007-06-30": "1740.19600", "2006-06-30": "974.48200", "2005-06-30": "709.36000"}, "Property, Plant, And Equipment": {"2020-06-30": "775.20000", "2019-06-30": "938.80000", "2018-06-30": "885.40000", "2017-06-30": "691.40000", "2016-06-30": "919.50000", "2015-06-30": "732.60000", "2014-06-30": "713.90000", "2013-06-30": "694.77100", "2012-06-30": "644.44900", "2011-06-30": "582.34800", "2010-06-30": "548.47400", "2009-06-30": "592.98200", "2008-06-30": "464.22600", "2007-06-30": "368.46100", "2006-06-30": "298.53100", "2005-06-30": "203.86200"}, "Long-Term Investments": {"2020-06-30": "0.10000", "2019-06-30": "0.10000", "2018-06-30": "", "2017-06-30": "75.10000", "2016-06-30": "558.60000", "2015-06-30": "406.00000", "2014-06-30": "484.50000", "2013-06-30": "197.34000", "2012-06-30": "6.00000", "2011-06-30": "", "2010-06-30": "", "2009-06-30": "6.00000", "2008-06-30": "8.00000", "2007-06-30": "", "2006-06-30": "", "2005-06-30": "122.06500"}, "Goodwill And Intangible Assets": {"2020-06-30": "2680.50000", "2019-06-30": "3228.10000", "2018-06-30": "3217.20000", "2017-06-30": "821.30000", "2016-06-30": "849.20000", "2015-06-30": "794.10000", "2014-06-30": "371.20000", "2013-06-30": "354.82700", "2012-06-30": "385.82300", "2011-06-30": "340.79200", "2010-06-30": "315.64900", "2009-06-30": "293.17500", "2008-06-30": "258.90600", "2007-06-30": "225.65900", "2006-06-30": "239.81800", "2005-06-30": "250.79900"}, "Other Long-Term Assets": {"2020-06-30": "102.40000", "2019-06-30": "134.10000", "2018-06-30": "118.80000", "2017-06-30": "120.00000", "2016-06-30": "143.70000", "2015-06-30": "111.90000", "2014-06-30": "126.70000", "2013-06-30": "129.16700", "2012-06-30": "168.29800", "2011-06-30": "155.93100", "2010-06-30": "143.88600", "2009-06-30": "116.67800", "2008-06-30": "75.65700", "2007-06-30": "29.15000", "2006-06-30": "29.61200", "2005-06-30": "29.52600"}, "Total Long-Term Assets": {"2020-06-30": "5371.10000", "2019-06-30": "4320.50000", "2018-06-30": "4245.70000", "2017-06-30": "1878.30000", "2016-06-30": "2719.80000", "2015-06-30": "2160.40000", "2014-06-30": "1807.90000", "2013-06-30": "1460.95000", "2012-06-30": "1299.79300", "2011-06-30": "1182.72800", "2010-06-30": "1164.47400", "2009-06-30": "1167.92700", "2008-06-30": "888.13500", "2007-06-30": "709.31600", "2006-06-30": "652.03800", "2005-06-30": "660.79700"}, "Total Assets": {"2020-06-30": "7924.20000", "2019-06-30": "6877.30000", "2018-06-30": "6678.30000", "2017-06-30": "5831.60000", "2016-06-30": "4892.70000", "2015-06-30": "4666.90000", "2014-06-30": "3663.10000", "2013-06-30": "3531.89700", "2012-06-30": "3104.32100", "2011-06-30": "2635.11600", "2010-06-30": "2467.11500", "2009-06-30": "2564.33600", "2008-06-30": "2247.35300", "2007-06-30": "2449.51200", "2006-06-30": "1626.52000", "2005-06-30": "1370.15700"}, "Total Current Liabilities": {"2020-06-30": "1742.10000", "2019-06-30": "918.00000", "2018-06-30": "938.20000", "2017-06-30": "753.80000", "2016-06-30": "826.70000", "2015-06-30": "834.70000", "2014-06-30": "813.10000", "2013-06-30": "722.51000", "2012-06-30": "718.16000", "2011-06-30": "593.01700", "2010-06-30": "529.03600", "2009-06-30": "459.65200", "2008-06-30": "450.94100", "2007-06-30": "407.99600", "2006-06-30": "341.82400", "2005-06-30": "265.66100"}, "Long Term Debt": {"2020-06-30": "1587.90000", "2019-06-30": "1601.90000", "2018-06-30": "1599.90000", "2017-06-30": "1579.50000", "2016-06-30": "861.20000", "2015-06-30": "879.10000", "2014-06-30": "", "2013-06-30": "0.48500", "2012-06-30": "0.98500", "2011-06-30": "23.36000", "2010-06-30": "24.15900", "2009-06-30": "25.07200", "2008-06-30": "2.58000", "2007-06-30": "2.86500", "2006-06-30": "3.10000", "2005-06-30": "3.27000"}, "Other Non-Current Liabilities": {"2020-06-30": "362.90000", "2019-06-30": "609.90000", "2018-06-30": "689.40000", "2017-06-30": "433.10000", "2016-06-30": "521.90000", "2015-06-30": "463.20000", "2014-06-30": "429.40000", "2013-06-30": "399.74400", "2012-06-30": "392.24500", "2011-06-30": "406.17000", "2010-06-30": "408.62700", "2009-06-30": "383.57000", "2008-06-30": "278.08600", "2007-06-30": "91.84900", "2006-06-30": "61.20700", "2005-06-30": "40.79400"}, "Total Long Term Liabilities": {"2020-06-30": "3905.70000", "2019-06-30": "2445.90000", "2018-06-30": "2495.50000", "2017-06-30": "2075.90000", "2016-06-30": "1383.10000", "2015-06-30": "1342.30000", "2014-06-30": "429.40000", "2013-06-30": "400.22900", "2012-06-30": "393.23000", "2011-06-30": "429.53000", "2010-06-30": "432.78600", "2009-06-30": "408.64200", "2008-06-30": "306.03700", "2007-06-30": "131.16200", "2006-06-30": "95.96200", "2005-06-30": "48.57600"}, "Total Liabilities": {"2020-06-30": "5647.80000", "2019-06-30": "3363.90000", "2018-06-30": "3433.70000", "2017-06-30": "2829.70000", "2016-06-30": "2209.80000", "2015-06-30": "2177.00000", "2014-06-30": "1242.50000", "2013-06-30": "1122.73900", "2012-06-30": "1111.39000", "2011-06-30": "1022.54700", "2010-06-30": "961.82200", "2009-06-30": "868.29400", "2008-06-30": "756.97800", "2007-06-30": "539.15800", "2006-06-30": "437.78600", "2005-06-30": "314.23700"}, "Common Stock Net": {"2020-06-30": "2.80000", "2019-06-30": "2.90000", "2018-06-30": "2.90000", "2017-06-30": "2.80000", "2016-06-30": "2.80000", "2015-06-30": "2.80000", "2014-06-30": "2.70000", "2013-06-30": "2.81900", "2012-06-30": "2.85100", "2011-06-30": "2.88600", "2010-06-30": "2.96900", "2009-06-30": "3.18000", "2008-06-30": "3.36700", "2007-06-30": "3.72500", "2006-06-30": "3.69800", "2005-06-30": "3.78400"}, "Retained Earnings (Accumulated Deficit)": {"2020-06-30": "-992.70000", "2019-06-30": "291.60000", "2018-06-30": "119.00000", "2017-06-30": "107.70000", "2016-06-30": "-104.10000", "2015-06-30": "-189.60000", "2014-06-30": "-219.50000", "2013-06-30": "-101.88400", "2012-06-30": "-387.45000", "2011-06-30": "-445.65400", "2010-06-30": "-30.05300", "2009-06-30": "499.95100", "2008-06-30": "353.12200", "2007-06-30": "940.75700", "2006-06-30": "417.08700", "2005-06-30": "484.97100"}, "Comprehensive Income": {"2020-06-30": "-92.20000", "2019-06-30": "-83.20000", "2018-06-30": "-82.80000", "2017-06-30": "-86.90000", "2016-06-30": "-72.90000", "2015-06-30": "-77.70000", "2014-06-30": "-8.70000", "2013-06-30": "-12.24600", "2012-06-30": "50.47500", "2011-06-30": "54.91100", "2010-06-30": "29.39500", "2009-06-30": "3.85100", "2008-06-30": "18.84500", "2007-06-30": "-12.79200", "2006-06-30": "-7.26000", "2005-06-30": "0.90300"}, "Other Share Holders Equity": {"2020-06-30": "", "2019-06-30": "", "2018-06-30": "", "2017-06-30": "", "2016-06-30": "", "2015-06-30": "", "2014-06-30": "", "2013-06-30": "", "2012-06-30": "", "2011-06-30": "", "2010-06-30": "", "2009-06-30": "", "2008-06-30": "", "2007-06-30": "", "2006-06-30": "", "2005-06-30": ""}, "Share Holder Equity": {"2020-06-30": "2276.40000", "2019-06-30": "3513.40000", "2018-06-30": "3244.60000", "2017-06-30": "3001.90000", "2016-06-30": "2682.90000", "2015-06-30": "2489.90000", "2014-06-30": "2420.60000", "2013-06-30": "2409.15800", "2012-06-30": "1992.93100", "2011-06-30": "1612.56900", "2010-06-30": "1505.29300", "2009-06-30": "1696.04200", "2008-06-30": "1490.37500", "2007-06-30": "1910.35400", "2006-06-30": "1188.73400", "2005-06-30": "1055.92000"}, "Total Liabilities And Share Holders Equity": {"2020-06-30": "7924.20000", "2019-06-30": "6877.30000", "2018-06-30": "6678.30000", "2017-06-30": "5831.60000", "2016-06-30": "4892.70000", "2015-06-30": "4666.90000", "2014-06-30": "3663.10000", "2013-06-30": "3531.89700", "2012-06-30": "3104.32100", "2011-06-30": "2635.11600", "2010-06-30": "2467.11500", "2009-06-30": "2564.33600", "2008-06-30": "2247.35300", "2007-06-30": "2449.51200", "2006-06-30": "1626.52000", "2005-06-30": "1370.15700"}}, "balance sheet, quarterly": {"Cash On Hand": {"2020-12-31": "1651.80000", "2020-09-30": "1522.40000", "2020-06-30": "1434.40000", "2020-03-31": "898.20000", "2019-12-31": "1166.70000", "2019-09-30": "788.40000", "2019-06-30": "1233.80000", "2019-03-31": "1337.30000", "2018-12-31": "1495.20000", "2018-09-30": "1063.20000", "2018-06-30": "1250.00000", "2018-03-31": "1038.30000", "2017-12-31": "2091.80000", "2017-09-30": "1670.90000", "2017-06-30": "3083.60000", "2017-03-31": "1891.90000", "2016-12-31": "1835.90000", "2016-09-30": "1533.20000", "2016-06-30": "1319.40000", "2016-03-31": "1282.40000", "2015-12-31": "1337.10000", "2015-09-30": "1276.20000", "2015-06-30": "1525.80000", "2015-03-31": "2021.20000", "2014-12-31": "1064.90000", "2014-09-30": "907.50000", "2014-06-30": "868.60000", "2014-03-31": "774.90410", "2013-12-31": "798.83500", "2013-09-30": "854.74500", "2013-06-30": "1134.89100", "2013-03-31": "928.49500", "2012-12-31": "858.65700", "2012-09-30": "760.75500", "2012-06-30": "917.21500", "2012-03-31": "929.67000", "2011-12-31": "1085.59500", "2011-09-30": "847.97500", "2011-06-30": "702.03800", "2011-03-31": "886.15900", "2010-12-31": "939.83200", "2010-09-30": "711.96300", "2010-06-30": "696.39790", "2010-03-31": "907.65600", "2009-12-31": "1103.17700", "2009-09-30": "994.68000", "2009-06-30": "800.36200", "2009-03-31": "551.26700", "2008-12-31": "424.15300", "2008-09-30": "409.51000", "2008-06-30": "698.90500", "2008-03-31": "616.20200", "2007-12-31": "891.26100", "2007-09-30": "1235.35600", "2007-06-30": "1185.81600", "2007-03-31": "936.17400", "2006-12-31": "819.92300", "2006-09-30": "456.33300", "2006-06-30": "537.56500", "2006-03-31": "838.35700", "2005-12-31": "746.01200", "2005-09-30": "447.63000", "2005-06-30": "383.05100", "2005-03-31": "495.69100"}, "Receivables": {"2020-12-31": "436.30000", "2020-09-30": "366.40000", "2020-06-30": "239.30000", "2020-03-31": "225.50000", "2019-12-31": "406.80000", "2019-09-30": "365.70000", "2019-06-30": "353.90000", "2019-03-31": "326.60000", "2018-12-31": "418.60000", "2018-09-30": "375.90000", "2018-06-30": "339.90000", "2018-03-31": "391.90000", "2017-12-31": "393.40000", "2017-09-30": "367.70000", "2017-06-30": "309.50000", "2017-03-31": "261.40000", "2016-12-31": "315.10000", "2016-09-30": "245.10000", "2016-06-30": "258.80000", "2016-03-31": "263.20000", "2015-12-31": "303.60000", "2015-09-30": "246.90000", "2015-06-30": "219.50000", "2015-03-31": "196.90000", "2014-12-31": "228.50000", "2014-09-30": "209.00000", "2014-06-30": "198.60000", "2014-03-31": "197.74400", "2013-12-31": "228.63100", "2013-09-30": "177.97500", "2013-06-30": "175.47700", "2013-03-31": "177.13900", "2012-12-31": "223.04100", "2012-09-30": "178.30700", "2012-06-30": "174.46200", "2012-03-31": "169.46700", "2011-12-31": "212.04100", "2011-09-30": "153.06100", "2011-06-30": "142.89800", "2011-03-31": "131.73100", "2010-12-31": "180.58300", "2010-09-30": "133.17300", "2010-06-30": "109.06800", "2010-03-31": "118.14700", "2009-12-31": "178.84900", "2009-09-30": "105.12000", "2009-06-30": "108.70700", "2009-03-31": "127.14800", "2008-12-31": "192.02400", "2008-09-30": "156.47800", "2008-06-30": "106.73800", "2008-03-31": "148.07400", "2007-12-31": "142.09500", "2007-09-30": "148.94200", "2007-06-30": "107.81400", "2007-03-31": "124.85800", "2006-12-31": "125.09900", "2006-09-30": "118.08200", "2006-06-30": "84.36100", "2006-03-31": "110.41500", "2005-12-31": "123.04500", "2005-09-30": "104.90600", "2005-06-30": "65.39900", "2005-03-31": "83.63000"}, "Inventory": {"2020-12-31": "631.90000", "2020-09-30": "811.20000", "2020-06-30": "736.90000", "2020-03-31": "852.90000", "2019-12-31": "748.30000", "2019-09-30": "880.20000", "2019-06-30": "778.30000", "2019-03-31": "811.10000", "2018-12-31": "732.40000", "2018-09-30": "820.90000", "2018-06-30": "673.80000", "2018-03-31": "714.30000", "2017-12-31": "666.20000", "2017-09-30": "852.80000", "2017-06-30": "469.70000", "2017-03-31": "478.70000", "2016-12-31": "464.90000", "2016-09-30": "546.80000", "2016-06-30": "459.20000", "2016-03-31": "464.10000", "2015-12-31": "438.50000", "2015-09-30": "574.70000", "2015-06-30": "485.10000", "2015-03-31": "456.90000", "2014-12-31": "447.20000", "2014-09-30": "597.40000", "2014-06-30": "526.20000", "2014-03-31": "583.74300", "2013-12-31": "553.02600", "2013-09-30": "637.21400", "2013-06-30": "524.70600", "2013-03-31": "515.91500", "2012-12-31": "493.65900", "2012-09-30": "598.12800", "2012-06-30": "504.49000", "2012-03-31": "475.36400", "2011-12-31": "429.03100", "2011-09-30": "519.58600", "2011-06-30": "421.83100", "2011-03-31": "391.44200", "2010-12-31": "367.41000", "2010-09-30": "458.92000", "2010-06-30": "363.28500", "2010-03-31": "306.67300", "2009-12-31": "269.20000", "2009-09-30": "337.54500", "2009-06-30": "326.14800", "2009-03-31": "357.67000", "2008-12-31": "383.08100", "2008-09-30": "401.79700", "2008-06-30": "318.49000", "2008-03-31": "319.65500", "2007-12-31": "300.73000", "2007-09-30": "363.04900", "2007-06-30": "291.19200", "2007-03-31": "249.81800", "2006-12-31": "249.57700", "2006-09-30": "300.85500", "2006-06-30": "233.49400", "2006-03-31": "210.46500", "2005-12-31": "205.04200", "2005-09-30": "215.25100", "2005-06-30": "184.41900", "2005-03-31": "180.81400"}, "Pre-Paid Expenses": {"2020-12-31": "67.80000", "2020-09-30": "70.90000", "2020-06-30": "57.50000", "2020-03-31": "60.20000", "2019-12-31": "65.20000", "2019-09-30": "65.20000", "2019-06-30": "99.80000", "2019-03-31": "87.90000", "2018-12-31": "86.90000", "2018-09-30": "109.10000", "2018-06-30": "82.60000", "2018-03-31": "143.80000", "2017-12-31": "130.90000", "2017-09-30": "130.90000", "2017-06-30": "58.60000", "2017-03-31": "137.60000", "2016-12-31": "149.80000", "2016-09-30": "66.10000", "2016-06-30": "58.00000", "2016-03-31": "76.80000", "2015-12-31": "85.80000", "2015-09-30": "85.20000", "2015-06-30": "73.10000", "2015-03-31": "", "2014-12-31": "", "2014-09-30": "", "2014-06-30": "45.50000", "2014-03-31": "", "2013-12-31": "", "2013-09-30": "46.22700", "2013-06-30": "37.95600", "2013-03-31": "", "2012-12-31": "", "2012-09-30": "", "2012-06-30": "39.36500", "2012-03-31": "", "2011-12-31": "", "2011-09-30": "", "2011-06-30": "38.20300", "2011-03-31": "", "2010-12-31": "", "2010-09-30": "", "2010-06-30": "30.37500", "2010-03-31": "", "2009-12-31": "", "2009-09-30": "", "2009-06-30": "48.34200", "2009-03-31": "", "2008-12-31": "", "2008-09-30": "", "2008-06-30": "65.56900", "2008-03-31": "49.30000", "2007-12-31": "", "2007-09-30": "", "2007-06-30": "16.14000", "2007-03-31": "", "2006-12-31": "", "2006-09-30": "", "2006-06-30": "41.04300", "2006-03-31": "", "2005-12-31": "", "2005-09-30": "", "2005-06-30": "25.67100", "2005-03-31": ""}, "Other Current Assets": {"2020-12-31": "89.40000", "2020-09-30": "74.60000", "2020-06-30": "85.00000", "2020-03-31": "95.10000", "2019-12-31": "124.40000", "2019-09-30": "104.40000", "2019-06-30": "91.00000", "2019-03-31": "99.50000", "2018-12-31": "95.40000", "2018-09-30": "98.40000", "2018-06-30": "86.30000", "2018-03-31": "", "2017-12-31": "", "2017-09-30": "", "2017-06-30": "31.90000", "2017-03-31": "", "2016-12-31": "", "2016-09-30": "114.00000", "2016-06-30": "77.50000", "2016-03-31": "85.90000", "2015-12-31": "53.00000", "2015-09-30": "89.20000", "2015-06-30": "104.60000", "2015-03-31": "129.00000", "2014-12-31": "107.60000", "2014-09-30": "136.00000", "2014-06-30": "103.70000", "2014-03-31": "159.61300", "2013-12-31": "207.18400", "2013-09-30": "46.75700", "2013-06-30": "86.79900", "2013-03-31": "272.64200", "2012-12-31": "273.01000", "2012-09-30": "231.39700", "2012-06-30": "73.57700", "2012-03-31": "185.04700", "2011-12-31": "169.33900", "2011-09-30": "168.52600", "2011-06-30": "53.51600", "2011-03-31": "153.07000", "2010-12-31": "134.79900", "2010-09-30": "121.19400", "2010-06-30": "26.16000", "2010-03-31": "100.73800", "2009-12-31": "98.93600", "2009-09-30": "173.12800", "2009-06-30": "63.37400", "2009-03-31": "195.23000", "2008-12-31": "221.57900", "2008-09-30": "243.31300", "2008-06-30": "99.44700", "2008-03-31": "137.72200", "2007-12-31": "146.46200", "2007-09-30": "138.55000", "2007-06-30": "70.92900", "2007-03-31": "155.41400", "2006-12-31": "144.10800", "2006-09-30": "148.13700", "2006-06-30": "", "2006-03-31": "118.65200", "2005-12-31": "106.88300", "2005-09-30": "95.76100", "2005-06-30": "", "2005-03-31": "78.31500"}, "Total Current Assets": {"2020-12-31": "2877.20000", "2020-09-30": "2845.50000", "2020-06-30": "2553.10000", "2020-03-31": "2131.90000", "2019-12-31": "2511.40000", "2019-09-30": "2203.90000", "2019-06-30": "2556.80000", "2019-03-31": "2662.40000", "2018-12-31": "2828.50000", "2018-09-30": "2467.50000", "2018-06-30": "2432.60000", "2018-03-31": "2288.30000", "2017-12-31": "3282.30000", "2017-09-30": "3022.30000", "2017-06-30": "3953.30000", "2017-03-31": "2769.60000", "2016-12-31": "2765.70000", "2016-09-30": "2505.20000", "2016-06-30": "2172.90000", "2016-03-31": "2265.10000", "2015-12-31": "2301.60000", "2015-09-30": "2351.60000", "2015-06-30": "2506.50000", "2015-03-31": "2898.00000", "2014-12-31": "1947.40000", "2014-09-30": "1938.80000", "2014-06-30": "1855.20000", "2014-03-31": "1790.08900", "2013-12-31": "1787.67600", "2013-09-30": "1872.06500", "2013-06-30": "2070.94700", "2013-03-31": "1894.19100", "2012-12-31": "1848.36700", "2012-09-30": "1768.58700", "2012-06-30": "1804.52800", "2012-03-31": "1759.54800", "2011-12-31": "1896.00600", "2011-09-30": "1689.14800", "2011-06-30": "1452.38800", "2011-03-31": "1562.40200", "2010-12-31": "1622.62400", "2010-09-30": "1425.25000", "2010-06-30": "1302.64100", "2010-03-31": "1510.08400", "2009-12-31": "1716.39200", "2009-09-30": "1610.47300", "2009-06-30": "1396.40900", "2009-03-31": "1231.31500", "2008-12-31": "1220.83700", "2008-09-30": "1211.09800", "2008-06-30": "1359.21800", "2008-03-31": "1270.95300", "2007-12-31": "1480.54800", "2007-09-30": "1885.89700", "2007-06-30": "1740.19600", "2007-03-31": "1466.26400", "2006-12-31": "1338.70700", "2006-09-30": "1023.40700", "2006-06-30": "974.48200", "2006-03-31": "1277.88900", "2005-12-31": "1180.98200", "2005-09-30": "863.54800", "2005-06-30": "709.36000", "2005-03-31": "838.45000"}, "Property, Plant, And Equipment": {"2020-12-31": "730.20000", "2020-09-30": "753.00000", "2020-06-30": "775.20000", "2020-03-31": "818.70000", "2019-12-31": "886.30000", "2019-09-30": "889.30000", "2019-06-30": "938.80000", "2019-03-31": "921.60000", "2018-12-31": "896.00000", "2018-09-30": "888.30000", "2018-06-30": "885.40000", "2018-03-31": "889.40000", "2017-12-31": "877.00000", "2017-09-30": "860.80000", "2017-06-30": "691.40000", "2017-03-31": "661.20000", "2016-12-31": "641.20000", "2016-09-30": "774.60000", "2016-06-30": "919.50000", "2016-03-31": "823.20000", "2015-12-31": "784.40000", "2015-09-30": "727.40000", "2015-06-30": "732.60000", "2015-03-31": "668.40000", "2014-12-31": "684.00000", "2014-09-30": "701.20000", "2014-06-30": "713.90000", "2014-03-31": "742.02100", "2013-12-31": "748.33600", "2013-09-30": "720.89100", "2013-06-30": "694.77100", "2013-03-31": "686.59700", "2012-12-31": "701.27300", "2012-09-30": "687.47500", "2012-06-30": "644.44900", "2012-03-31": "602.68500", "2011-12-31": "595.82900", "2011-09-30": "586.91400", "2011-06-30": "582.34800", "2011-03-31": "552.84200", "2010-12-31": "541.47100", "2010-09-30": "546.24600", "2010-06-30": "548.47400", "2010-03-31": "544.36500", "2009-12-31": "564.48300", "2009-09-30": "582.23000", "2009-06-30": "592.98200", "2009-03-31": "587.10800", "2008-12-31": "600.43700", "2008-09-30": "464.88500", "2008-06-30": "464.22600", "2008-03-31": "420.94300", "2007-12-31": "407.62200", "2007-09-30": "400.80700", "2007-06-30": "368.46100", "2007-03-31": "344.65900", "2006-12-31": "329.32400", "2006-09-30": "320.99600", "2006-06-30": "298.53100", "2006-03-31": "269.56200", "2005-12-31": "229.61400", "2005-09-30": "214.17000", "2005-06-30": "203.86200", "2005-03-31": "189.77500"}, "Long-Term Investments": {"2020-12-31": "", "2020-09-30": "", "2020-06-30": "", "2020-03-31": "", "2019-12-31": "", "2019-09-30": "", "2019-06-30": "0.10000", "2019-03-31": "0.10000", "2018-12-31": "0.10000", "2018-09-30": "", "2018-06-30": "", "2018-03-31": "0.10000", "2017-12-31": "27.30000", "2017-09-30": "70.00000", "2017-06-30": "75.10000", "2017-03-31": "104.40000", "2016-12-31": "110.10000", "2016-09-30": "74.40000", "2016-06-30": "558.60000", "2016-03-31": "567.90000", "2015-12-31": "515.10000", "2015-09-30": "480.40000", "2015-06-30": "406.00000", "2015-03-31": "399.70000", "2014-12-31": "464.60000", "2014-09-30": "467.70000", "2014-06-30": "484.50000", "2014-03-31": "479.29500", "2013-12-31": "456.16900", "2013-09-30": "316.64200", "2013-06-30": "197.34000", "2013-03-31": "103.65500", "2012-12-31": "99.73200", "2012-09-30": "", "2012-06-30": "6.00000", "2012-03-31": "", "2011-12-31": "", "2011-09-30": "", "2011-06-30": "", "2011-03-31": "", "2010-12-31": "", "2010-09-30": "", "2010-06-30": "", "2010-03-31": "6.00000", "2009-12-31": "6.00000", "2009-09-30": "6.00000", "2009-06-30": "6.00000", "2009-03-31": "6.00000", "2008-12-31": "6.00000", "2008-09-30": "8.00000", "2008-06-30": "8.00000", "2008-03-31": "", "2007-12-31": "", "2007-09-30": "", "2007-06-30": "", "2007-03-31": "", "2006-12-31": "", "2006-09-30": "", "2006-06-30": "", "2006-03-31": "", "2005-12-31": "25.54600", "2005-09-30": "90.89000", "2005-06-30": "122.06500", "2005-03-31": "198.59100"}, "Goodwill And Intangible Assets": {"2020-12-31": "2693.40000", "2020-09-30": "2685.00000", "2020-06-30": "2680.50000", "2020-03-31": "2679.60000", "2019-12-31": "3161.10000", "2019-09-30": "3163.10000", "2019-06-30": "3228.10000", "2019-03-31": "3220.90000", "2018-12-31": "3225.30000", "2018-09-30": "3213.50000", "2018-06-30": "3217.20000", "2018-03-31": "3253.80000", "2017-12-31": "3147.70000", "2017-09-30": "3163.30000", "2017-06-30": "821.30000", "2017-03-31": "824.00000", "2016-12-31": "811.90000", "2016-09-30": "851.00000", "2016-06-30": "849.20000", "2016-03-31": "803.20000", "2015-12-31": "787.80000", "2015-09-30": "790.30000", "2015-06-30": "794.10000", "2015-03-31": "315.60000", "2014-12-31": "315.50000", "2014-09-30": "339.40000", "2014-06-30": "371.20000", "2014-03-31": "363.41700", "2013-12-31": "357.85300", "2013-09-30": "372.87600", "2013-06-30": "354.82700", "2013-03-31": "359.68000", "2012-12-31": "386.69900", "2012-09-30": "416.45500", "2012-06-30": "385.82300", "2012-03-31": "364.69100", "2011-12-31": "351.98800", "2011-09-30": "351.97800", "2011-06-30": "340.79200", "2011-03-31": "319.03500", "2010-12-31": "330.03200", "2010-09-30": "321.67100", "2010-06-30": "315.64900", "2010-03-31": "291.02900", "2009-12-31": "293.91100", "2009-09-30": "309.01900", "2009-06-30": "293.17500", "2009-03-31": "282.72900", "2008-12-31": "399.61800", "2008-09-30": "262.47900", "2008-06-30": "258.90600", "2008-03-31": "275.56600", "2007-12-31": "244.84900", "2007-09-30": "240.47800", "2007-06-30": "225.65900", "2007-03-31": "234.84800", "2006-12-31": "233.16500", "2006-09-30": "234.73400", "2006-06-30": "239.81800", "2006-03-31": "233.46200", "2005-12-31": "232.99900", "2005-09-30": "244.75400", "2005-06-30": "250.79900", "2005-03-31": "23.51700"}, "Other Long-Term Assets": {"2020-12-31": "113.60000", "2020-09-30": "100.00000", "2020-06-30": "102.50000", "2020-03-31": "105.99990", "2019-12-31": "108.70000", "2019-09-30": "108.00000", "2019-06-30": "134.10000", "2019-03-31": "138.90000", "2018-12-31": "137.60000", "2018-09-30": "111.20000", "2018-06-30": "118.80000", "2018-03-31": "124.40000", "2017-12-31": "120.70000", "2017-09-30": "133.90000", "2017-06-30": "120.00000", "2017-03-31": "125.40000", "2016-12-31": "121.50000", "2016-09-30": "130.60000", "2016-06-30": "143.70000", "2016-03-31": "217.10000", "2015-12-31": "214.80000", "2015-09-30": "204.70000", "2015-06-30": "111.90000", "2015-03-31": "231.00000", "2014-12-31": "205.70000", "2014-09-30": "223.90000", "2014-06-30": "126.70000", "2014-03-31": "205.80000", "2013-12-31": "132.07900", "2013-09-30": "204.91600", "2013-06-30": "129.16700", "2013-03-31": "227.99700", "2012-12-31": "243.35800", "2012-09-30": "278.86100", "2012-06-30": "168.29800", "2012-03-31": "257.94600", "2011-12-31": "257.06200", "2011-09-30": "250.03800", "2011-06-30": "155.93100", "2011-03-31": "287.58600", "2010-12-31": "300.54400", "2010-09-30": "316.66300", "2010-06-30": "143.88600", "2010-03-31": "290.50900", "2009-12-31": "288.34400", "2009-09-30": "125.61600", "2009-06-30": "116.67800", "2009-03-31": "98.59200", "2008-12-31": "", "2008-09-30": "164.45000", "2008-06-30": "75.65700", "2008-03-31": "188.77800", "2007-12-31": "177.70300", "2007-09-30": "151.84900", "2007-06-30": "29.15000", "2007-03-31": "97.42400", "2006-12-31": "99.70300", "2006-09-30": "97.36300", "2006-06-30": "29.61200", "2006-03-31": "93.51700", "2005-12-31": "90.02200", "2005-09-30": "88.41000", "2005-06-30": "29.52600", "2005-03-31": "26.43900"}, "Total Long-Term Assets": {"2020-12-31": "5273.20000", "2020-09-30": "5287.90000", "2020-06-30": "5371.10000", "2020-03-31": "5611.10000", "2019-12-31": "6188.70000", "2019-09-30": "6246.20000", "2019-06-30": "4320.50000", "2019-03-31": "4307.50000", "2018-12-31": "4290.80000", "2018-09-30": "4235.80000", "2018-06-30": "4245.70000", "2018-03-31": "4299.70000", "2017-12-31": "4198.90000", "2017-09-30": "4432.10000", "2017-06-30": "1878.30000", "2017-03-31": "1891.40000", "2016-12-31": "1913.00000", "2016-09-30": "2079.40000", "2016-06-30": "2719.80000", "2016-03-31": "2411.40000", "2015-12-31": "2302.10000", "2015-09-30": "2202.80000", "2015-06-30": "2160.40000", "2015-03-31": "1614.70000", "2014-12-31": "1669.80000", "2014-09-30": "1732.20000", "2014-06-30": "1807.90000", "2014-03-31": "1790.53300", "2013-12-31": "1756.14100", "2013-09-30": "1615.32500", "2013-06-30": "1460.95000", "2013-03-31": "1377.92900", "2012-12-31": "1431.06200", "2012-09-30": "1382.79100", "2012-06-30": "1299.79300", "2012-03-31": "1225.32200", "2011-12-31": "1204.87900", "2011-09-30": "1188.93000", "2011-06-30": "1182.72800", "2011-03-31": "1159.46300", "2010-12-31": "1172.04700", "2010-09-30": "1184.58000", "2010-06-30": "1164.47400", "2010-03-31": "1131.90300", "2009-12-31": "1152.73800", "2009-09-30": "1184.14300", "2009-06-30": "1167.92700", "2009-03-31": "1084.68600", "2008-12-31": "1117.12400", "2008-09-30": "899.81400", "2008-06-30": "888.13500", "2008-03-31": "885.28700", "2007-12-31": "830.17400", "2007-09-30": "793.13400", "2007-06-30": "709.31600", "2007-03-31": "676.93100", "2006-12-31": "662.19200", "2006-09-30": "653.09300", "2006-06-30": "652.03800", "2006-03-31": "596.54100", "2005-12-31": "578.18100", "2005-09-30": "638.22400", "2005-06-30": "660.79700", "2005-03-31": "438.32200"}, "Total Assets": {"2020-12-31": "8150.40000", "2020-09-30": "8133.40000", "2020-06-30": "7924.20000", "2020-03-31": "7743.00000", "2019-12-31": "8700.10000", "2019-09-30": "8450.10000", "2019-06-30": "6877.30000", "2019-03-31": "6969.90000", "2018-12-31": "7119.30000", "2018-09-30": "6703.30000", "2018-06-30": "6678.30000", "2018-03-31": "6588.00000", "2017-12-31": "7481.20000", "2017-09-30": "7454.40000", "2017-06-30": "5831.60000", "2017-03-31": "4661.00000", "2016-12-31": "4678.70000", "2016-09-30": "4584.60000", "2016-06-30": "4892.70000", "2016-03-31": "4676.50000", "2015-12-31": "4603.70000", "2015-09-30": "4554.40000", "2015-06-30": "4666.90000", "2015-03-31": "4512.70000", "2014-12-31": "3617.20000", "2014-09-30": "3671.00000", "2014-06-30": "3663.10000", "2014-03-31": "3580.62200", "2013-12-31": "3543.81700", "2013-09-30": "3487.39000", "2013-06-30": "3531.89700", "2013-03-31": "3272.12000", "2012-12-31": "3279.42900", "2012-09-30": "3151.37800", "2012-06-30": "3104.32100", "2012-03-31": "2984.87000", "2011-12-31": "3100.88500", "2011-09-30": "2878.07800", "2011-06-30": "2635.11600", "2011-03-31": "2721.86500", "2010-12-31": "2794.67100", "2010-09-30": "2609.83000", "2010-06-30": "2467.11500", "2010-03-31": "2641.98700", "2009-12-31": "2869.13000", "2009-09-30": "2794.61600", "2009-06-30": "2564.33600", "2009-03-31": "2316.00100", "2008-12-31": "2337.96100", "2008-09-30": "2110.91200", "2008-06-30": "2247.35300", "2008-03-31": "2156.24000", "2007-12-31": "2310.72200", "2007-09-30": "2679.03100", "2007-06-30": "2449.51200", "2007-03-31": "2143.19500", "2006-12-31": "2000.89900", "2006-09-30": "1676.50000", "2006-06-30": "1626.52000", "2006-03-31": "1874.43000", "2005-12-31": "1759.16300", "2005-09-30": "1501.77200", "2005-06-30": "1370.15700", "2005-03-31": "1276.77200"}, "Total Current Liabilities": {"2020-12-31": "1533.10000", "2020-09-30": "1819.00000", "2020-06-30": "1742.10000", "2020-03-31": "1138.90000", "2019-12-31": "1252.30000", "2019-09-30": "1212.00000", "2019-06-30": "918.00000", "2019-03-31": "996.60000", "2018-12-31": "1081.10000", "2018-09-30": "899.40000", "2018-06-30": "938.20000", "2018-03-31": "860.10000", "2017-12-31": "1731.40000", "2017-09-30": "1734.90000", "2017-06-30": "753.80000", "2017-03-31": "636.30000", "2016-12-31": "715.20000", "2016-09-30": "697.20000", "2016-06-30": "826.70000", "2016-03-31": "731.50000", "2015-12-31": "704.00000", "2015-09-30": "751.00000", "2015-06-30": "834.70000", "2015-03-31": "691.00000", "2014-12-31": "715.40000", "2014-09-30": "817.50000", "2014-06-30": "813.10000", "2014-03-31": "787.94600", "2013-12-31": "702.89500", "2013-09-30": "707.42800", "2013-06-30": "722.51000", "2013-03-31": "614.51300", "2012-12-31": "768.93600", "2012-09-30": "730.90300", "2012-06-30": "718.16000", "2012-03-31": "623.23300", "2011-12-31": "810.99600", "2011-09-30": "631.37300", "2011-06-30": "593.01700", "2011-03-31": "550.02900", "2010-12-31": "593.27400", "2010-09-30": "569.65100", "2010-06-30": "529.03600", "2010-03-31": "551.24000", "2009-12-31": "578.46100", "2009-09-30": "532.16100", "2009-06-30": "459.65200", "2009-03-31": "418.27300", "2008-12-31": "519.30900", "2008-09-30": "460.94000", "2008-06-30": "450.94100", "2008-03-31": "364.59400", "2007-12-31": "427.00500", "2007-09-30": "402.12400", "2007-06-30": "407.99600", "2007-03-31": "338.26400", "2006-12-31": "424.65700", "2006-09-30": "394.94300", "2006-06-30": "341.82400", "2006-03-31": "296.14700", "2005-12-31": "347.65300", "2005-09-30": "285.56100", "2005-06-30": "265.66100", "2005-03-31": "241.18800"}, "Long Term Debt": {"2020-12-31": "1589.30000", "2020-09-30": "1588.60000", "2020-06-30": "1587.90000", "2020-03-31": "1587.20000", "2019-12-31": "1598.00000", "2019-09-30": "1597.30000", "2019-06-30": "1601.90000", "2019-03-31": "1601.50000", "2018-12-31": "1601.00000", "2018-09-30": "1600.50000", "2018-06-30": "1599.90000", "2018-03-31": "1599.50000", "2017-12-31": "1887.50000", "2017-09-30": "1888.20000", "2017-06-30": "1579.50000", "2017-03-31": "591.80000", "2016-12-31": "591.60000", "2016-09-30": "591.40000", "2016-06-30": "861.20000", "2016-03-31": "868.50000", "2015-12-31": "872.00000", "2015-09-30": "875.60000", "2015-06-30": "879.10000", "2015-03-31": "889.20000", "2014-12-31": "", "2014-09-30": "", "2014-06-30": "", "2014-03-31": "", "2013-12-31": "", "2013-09-30": "0.48500", "2013-06-30": "0.48500", "2013-03-31": "0.48500", "2012-12-31": "0.48500", "2012-09-30": "0.98500", "2012-06-30": "0.98500", "2012-03-31": "22.60700", "2011-12-31": "23.16500", "2011-09-30": "23.26400", "2011-06-30": "23.36000", "2011-03-31": "23.45400", "2010-12-31": "23.55000", "2010-09-30": "24.06400", "2010-06-30": "24.15900", "2010-03-31": "24.24500", "2009-12-31": "24.33900", "2009-09-30": "24.42900", "2009-06-30": "25.07200", "2009-03-31": "24.98600", "2008-12-31": "25.07600", "2008-09-30": "2.24500", "2008-06-30": "2.58000", "2008-03-31": "2.58000", "2007-12-31": "2.58000", "2007-09-30": "2.58000", "2007-06-30": "2.86500", "2007-03-31": "2.86500", "2006-12-31": "2.86500", "2006-09-30": "2.86500", "2006-06-30": "3.10000", "2006-03-31": "3.10000", "2005-12-31": "3.10000", "2005-09-30": "3.10000", "2005-06-30": "3.27000", "2005-03-31": "3.27000"}, "Other Non-Current Liabilities": {"2020-12-31": "365.40000", "2020-09-30": "368.10000", "2020-06-30": "362.90000", "2020-03-31": "361.90000", "2019-12-31": "395.70000", "2019-09-30": "391.60000", "2019-06-30": "609.90000", "2019-03-31": "595.30000", "2018-12-31": "705.70000", "2018-09-30": "668.30000", "2018-06-30": "689.40000", "2018-03-31": "750.30000", "2017-12-31": "739.50000", "2017-09-30": "891.30000", "2017-06-30": "433.10000", "2017-03-31": "541.00000", "2016-12-31": "560.80000", "2016-09-30": "567.50000", "2016-06-30": "521.90000", "2016-03-31": "451.10000", "2015-12-31": "460.40000", "2015-09-30": "454.30000", "2015-06-30": "463.20000", "2015-03-31": "392.20000", "2014-12-31": "383.80000", "2014-09-30": "413.40000", "2014-06-30": "429.40000", "2014-03-31": "403.39700", "2013-12-31": "410.19500", "2013-09-30": "400.90600", "2013-06-30": "399.74400", "2013-03-31": "413.15700", "2012-12-31": "427.67600", "2012-09-30": "425.39700", "2012-06-30": "392.24500", "2012-03-31": "400.12800", "2011-12-31": "397.99800", "2011-09-30": "406.93800", "2011-06-30": "406.17000", "2011-03-31": "405.72400", "2010-12-31": "439.38900", "2010-09-30": "433.44200", "2010-06-30": "408.62700", "2010-03-31": "403.10900", "2009-12-31": "400.76400", "2009-09-30": "397.04500", "2009-06-30": "383.57000", "2009-03-31": "300.21900", "2008-12-31": "292.02900", "2008-09-30": "296.69100", "2008-06-30": "278.08600", "2008-03-31": "330.61300", "2007-12-31": "275.56900", "2007-09-30": "245.46400", "2007-06-30": "91.84900", "2007-03-31": "96.62000", "2006-12-31": "90.47900", "2006-09-30": "86.58000", "2006-06-30": "61.20700", "2006-03-31": "60.33700", "2005-12-31": "48.43400", "2005-09-30": "46.35900", "2005-06-30": "40.79400", "2005-03-31": "65.08000"}, "Total Long Term Liabilities": {"2020-12-31": "3726.60000", "2020-09-30": "3784.30000", "2020-06-30": "3905.70000", "2020-03-31": "4051.00000", "2019-12-31": "4125.40000", "2019-09-30": "4151.20000", "2019-06-30": "2445.90000", "2019-03-31": "2442.10000", "2018-12-31": "2549.80000", "2018-09-30": "2494.30000", "2018-06-30": "2495.50000", "2018-03-31": "2589.90000", "2017-12-31": "2800.40000", "2017-09-30": "2779.50000", "2017-06-30": "2075.90000", "2017-03-31": "1132.80000", "2016-12-31": "1152.40000", "2016-09-30": "1158.90000", "2016-06-30": "1383.10000", "2016-03-31": "1319.60000", "2015-12-31": "1332.40000", "2015-09-30": "1329.90000", "2015-06-30": "1342.30000", "2015-03-31": "1281.40000", "2014-12-31": "383.80000", "2014-09-30": "413.40000", "2014-06-30": "429.40000", "2014-03-31": "403.39700", "2013-12-31": "410.19500", "2013-09-30": "401.39100", "2013-06-30": "400.22900", "2013-03-31": "413.64200", "2012-12-31": "428.16100", "2012-09-30": "426.38200", "2012-06-30": "393.23000", "2012-03-31": "422.73500", "2011-12-31": "421.16300", "2011-09-30": "430.20200", "2011-06-30": "429.53000", "2011-03-31": "429.17800", "2010-12-31": "462.93900", "2010-09-30": "457.50600", "2010-06-30": "432.78600", "2010-03-31": "427.35400", "2009-12-31": "425.10300", "2009-09-30": "421.47400", "2009-06-30": "408.64200", "2009-03-31": "355.81400", "2008-12-31": "352.64100", "2008-09-30": "298.93600", "2008-06-30": "306.03700", "2008-03-31": "333.19300", "2007-12-31": "301.86400", "2007-09-30": "271.07400", "2007-06-30": "131.16200", "2007-03-31": "99.48500", "2006-12-31": "93.34400", "2006-09-30": "89.44500", "2006-06-30": "95.96200", "2006-03-31": "63.43700", "2005-12-31": "51.53400", "2005-09-30": "49.45900", "2005-06-30": "48.57600", "2005-03-31": "122.08200"}, "Total Liabilities": {"2020-12-31": "5259.70000", "2020-09-30": "5603.30000", "2020-06-30": "5647.80000", "2020-03-31": "5189.90000", "2019-12-31": "5377.70000", "2019-09-30": "5363.20000", "2019-06-30": "3363.90000", "2019-03-31": "3438.70000", "2018-12-31": "3630.90000", "2018-09-30": "3393.70000", "2018-06-30": "3433.70000", "2018-03-31": "3450.00000", "2017-12-31": "4531.80000", "2017-09-30": "4514.40000", "2017-06-30": "2829.70000", "2017-03-31": "1769.10000", "2016-12-31": "1867.60000", "2016-09-30": "1856.10000", "2016-06-30": "2209.80000", "2016-03-31": "2051.10000", "2015-12-31": "2036.40000", "2015-09-30": "2080.90000", "2015-06-30": "2177.00000", "2015-03-31": "1972.40000", "2014-12-31": "1099.20000", "2014-09-30": "1230.90000", "2014-06-30": "1242.50000", "2014-03-31": "1191.34300", "2013-12-31": "1113.09000", "2013-09-30": "1108.81900", "2013-06-30": "1122.73900", "2013-03-31": "1028.15500", "2012-12-31": "1197.09700", "2012-09-30": "1157.28500", "2012-06-30": "1111.39000", "2012-03-31": "1045.96800", "2011-12-31": "1232.15900", "2011-09-30": "1061.57500", "2011-06-30": "1022.54700", "2011-03-31": "979.20700", "2010-12-31": "1056.21300", "2010-09-30": "1027.15700", "2010-06-30": "961.82200", "2010-03-31": "978.59400", "2009-12-31": "1003.56400", "2009-09-30": "953.63500", "2009-06-30": "868.29400", "2009-03-31": "774.08700", "2008-12-31": "871.95000", "2008-09-30": "759.87600", "2008-06-30": "756.97800", "2008-03-31": "697.78700", "2007-12-31": "728.86900", "2007-09-30": "673.19800", "2007-06-30": "539.15800", "2007-03-31": "437.74900", "2006-12-31": "518.00100", "2006-09-30": "484.38800", "2006-06-30": "437.78600", "2006-03-31": "359.58400", "2005-12-31": "399.18700", "2005-09-30": "335.02000", "2005-06-30": "314.23700", "2005-03-31": "363.27000"}, "Common Stock Net": {"2020-12-31": "2.80000", "2020-09-30": "2.80000", "2020-06-30": "2.80000", "2020-03-31": "2.80000", "2019-12-31": "2.80000", "2019-09-30": "2.80000", "2019-06-30": "2.90000", "2019-03-31": "2.90000", "2018-12-31": "2.90000", "2018-09-30": "2.90000", "2018-06-30": "2.90000", "2018-03-31": "2.90000", "2017-12-31": "2.80000", "2017-09-30": "2.80000", "2017-06-30": "2.80000", "2017-03-31": "2.80000", "2016-12-31": "2.80000", "2016-09-30": "2.80000", "2016-06-30": "2.80000", "2016-03-31": "2.80000", "2015-12-31": "2.80000", "2015-09-30": "2.80000", "2015-06-30": "2.80000", "2015-03-31": "2.80000", "2014-12-31": "2.80000", "2014-09-30": "2.80000", "2014-06-30": "2.70000", "2014-03-31": "2.74200", "2013-12-31": "2.77600", "2013-09-30": "2.80400", "2013-06-30": "2.81900", "2013-03-31": "2.80900", "2012-12-31": "2.80600", "2012-09-30": "2.83600", "2012-06-30": "2.85100", "2012-03-31": "2.87400", "2011-12-31": "2.87500", "2011-09-30": "2.91400", "2011-06-30": "2.88600", "2011-03-31": "2.93300", "2010-12-31": "2.95800", "2010-09-30": "2.95700", "2010-06-30": "2.96900", "2010-03-31": "3.04200", "2009-12-31": "3.14000", "2009-09-30": "3.18600", "2009-06-30": "3.18000", "2009-03-31": "3.17500", "2008-12-31": "3.21000", "2008-09-30": "3.26900", "2008-06-30": "3.36700", "2008-03-31": "3.41200", "2007-12-31": "3.52300", "2007-09-30": "3.72500", "2007-06-30": "3.72500", "2007-03-31": "3.71100", "2006-12-31": "3.69100", "2006-09-30": "3.66800", "2006-06-30": "3.69800", "2006-03-31": "3.84900", "2005-12-31": "3.82700", "2005-09-30": "3.80500", "2005-06-30": "3.78400", "2005-03-31": "3.76600"}, "Retained Earnings (Accumulated Deficit)": {"2020-12-31": "-450.00000", "2020-09-30": "-761.00000", "2020-06-30": "-992.70000", "2020-03-31": "-699.00000", "2019-12-31": "71.30000", "2019-09-30": "-134.30000", "2019-06-30": "291.60000", "2019-03-31": "340.20000", "2018-12-31": "320.70000", "2018-09-30": "163.70000", "2018-06-30": "119.00000", "2018-03-31": "4.50000", "2017-12-31": "-38.80000", "2017-09-30": "-5.90000", "2017-06-30": "107.70000", "2017-03-31": "51.10000", "2016-12-31": "23.70000", "2016-09-30": "-81.30000", "2016-06-30": "-104.10000", "2016-03-31": "-91.70000", "2015-12-31": "-110.40000", "2015-09-30": "-186.80000", "2015-06-30": "-189.60000", "2015-03-31": "-107.90000", "2014-12-31": "-102.90000", "2014-09-30": "-193.30000", "2014-06-30": "-219.50000", "2014-03-31": "-202.14800", "2013-12-31": "-125.16000", "2013-09-30": "-153.75800", "2013-06-30": "-101.88400", "2013-03-31": "-228.23000", "2012-12-31": "-382.89100", "2012-09-30": "-426.17600", "2012-06-30": "-387.45000", "2012-03-31": "-384.13900", "2011-12-31": "-372.43500", "2011-09-30": "-354.97100", "2011-06-30": "-445.65400", "2011-03-31": "-202.38300", "2010-12-31": "-151.76000", "2010-09-30": "-22.93500", "2010-06-30": "-30.05300", "2010-03-31": "269.08300", "2009-12-31": "534.20300", "2009-09-30": "616.89600", "2009-06-30": "499.95100", "2009-03-31": "376.93100", "2008-12-31": "312.03500", "2008-09-30": "198.44700", "2008-06-30": "353.12200", "2008-03-31": "332.37600", "2007-12-31": "497.29900", "2007-09-30": "920.53300", "2007-06-30": "940.75700", "2007-03-31": "780.14500", "2006-12-31": "630.18100", "2006-09-30": "402.70800", "2006-06-30": "417.08700", "2006-03-31": "754.73500", "2005-12-31": "663.19100", "2005-09-30": "550.45500", "2005-06-30": "484.97100", "2005-03-31": "478.57600"}, "Comprehensive Income": {"2020-12-31": "-50.40000", "2020-09-30": "-76.50000", "2020-06-30": "-92.20000", "2020-03-31": "-96.70000", "2019-12-31": "-85.00000", "2019-09-30": "-96.00000", "2019-06-30": "-83.20000", "2019-03-31": "-90.50000", "2018-12-31": "-91.50000", "2018-09-30": "-88.10000", "2018-06-30": "-82.80000", "2018-03-31": "-46.40000", "2017-12-31": "-72.30000", "2017-09-30": "-81.30000", "2017-06-30": "-86.90000", "2017-03-31": "-93.80000", "2016-12-31": "-115.70000", "2016-09-30": "-67.60000", "2016-06-30": "-72.90000", "2016-03-31": "-92.10000", "2015-12-31": "-108.30000", "2015-09-30": "-103.10000", "2015-06-30": "-77.70000", "2015-03-31": "-74.30000", "2014-12-31": "-70.30000", "2014-09-30": "-35.60000", "2014-06-30": "-8.70000", "2014-03-31": "-16.30300", "2013-12-31": "-24.22700", "2013-09-30": "-6.76500", "2013-06-30": "-12.24600", "2013-03-31": "10.12600", "2012-12-31": "37.23400", "2012-09-30": "58.68400", "2012-06-30": "50.47500", "2012-03-31": "44.05700", "2011-12-31": "66.03800", "2011-09-30": "61.73000", "2011-06-30": "54.91100", "2011-03-31": "42.54700", "2010-12-31": "41.09700", "2010-09-30": "35.28700", "2010-06-30": "29.39500", "2010-03-31": "17.08700", "2009-12-31": "13.92200", "2009-09-30": "13.52500", "2009-06-30": "3.85100", "2009-03-31": "-5.73900", "2008-12-31": "0.29200", "2008-09-30": "19.43400", "2008-06-30": "18.84500", "2008-03-31": "33.94100", "2007-12-31": "9.98300", "2007-09-30": "0.83800", "2007-06-30": "-12.79200", "2007-03-31": "-7.01200", "2006-12-31": "-6.06800", "2006-09-30": "-7.37900", "2006-06-30": "-7.26000", "2006-03-31": "-6.39100", "2005-12-31": "-7.20800", "2005-09-30": "-2.30900", "2005-06-30": "0.90300", "2005-03-31": "4.29600"}, "Other Share Holders Equity": {"2020-12-31": "", "2020-09-30": "", "2020-06-30": "", "2020-03-31": "", "2019-12-31": "", "2019-09-30": "", "2019-06-30": "", "2019-03-31": "", "2018-12-31": "", "2018-09-30": "", "2018-06-30": "", "2018-03-31": "", "2017-12-31": "", "2017-09-30": "", "2017-06-30": "", "2017-03-31": "", "2016-12-31": "", "2016-09-30": "", "2016-06-30": "", "2016-03-31": "", "2015-12-31": "", "2015-09-30": "", "2015-06-30": "", "2015-03-31": "", "2014-12-31": "", "2014-09-30": "", "2014-06-30": "", "2014-03-31": "", "2013-12-31": "", "2013-09-30": "", "2013-06-30": "", "2013-03-31": "", "2012-12-31": "", "2012-09-30": "", "2012-06-30": "", "2012-03-31": "", "2011-12-31": "", "2011-09-30": "", "2011-06-30": "", "2011-03-31": "", "2010-12-31": "", "2010-09-30": "", "2010-06-30": "", "2010-03-31": "", "2009-12-31": "", "2009-09-30": "", "2009-06-30": "", "2009-03-31": "", "2008-12-31": "", "2008-09-30": "", "2008-06-30": "", "2008-03-31": "", "2007-12-31": "", "2007-09-30": "", "2007-06-30": "", "2007-03-31": "", "2006-12-31": "", "2006-09-30": "", "2006-06-30": "", "2006-03-31": "", "2005-12-31": "", "2005-09-30": "", "2005-06-30": "", "2005-03-31": ""}, "Share Holder Equity": {"2020-12-31": "2890.70000", "2020-09-30": "2530.10000", "2020-06-30": "2276.40000", "2020-03-31": "2553.10000", "2019-12-31": "3322.40000", "2019-09-30": "3086.90000", "2019-06-30": "3513.40000", "2019-03-31": "3531.20000", "2018-12-31": "3488.40000", "2018-09-30": "3309.60000", "2018-06-30": "3244.60000", "2018-03-31": "3138.00000", "2017-12-31": "2949.40000", "2017-09-30": "2940.00000", "2017-06-30": "3001.90000", "2017-03-31": "2891.90000", "2016-12-31": "2811.10000", "2016-09-30": "2728.50000", "2016-06-30": "2682.90000", "2016-03-31": "2625.40000", "2015-12-31": "2567.30000", "2015-09-30": "2473.50000", "2015-06-30": "2489.90000", "2015-03-31": "2540.30000", "2014-12-31": "2518.00000", "2014-09-30": "2440.10000", "2014-06-30": "2420.60000", "2014-03-31": "2389.27900", "2013-12-31": "2430.72700", "2013-09-30": "2378.57100", "2013-06-30": "2409.15800", "2013-03-31": "2243.96500", "2012-12-31": "2082.33200", "2012-09-30": "1994.09300", "2012-06-30": "1992.93100", "2012-03-31": "1938.90200", "2011-12-31": "1868.72600", "2011-09-30": "1816.50300", "2011-06-30": "1612.56900", "2011-03-31": "1742.65800", "2010-12-31": "1738.45800", "2010-09-30": "1582.67300", "2010-06-30": "1505.29300", "2010-03-31": "1663.39300", "2009-12-31": "1865.56600", "2009-09-30": "1840.98100", "2009-06-30": "1696.04200", "2009-03-31": "1541.91400", "2008-12-31": "1466.01100", "2008-09-30": "1351.03600", "2008-06-30": "1490.37500", "2008-03-31": "1458.45300", "2007-12-31": "1581.85300", "2007-09-30": "2005.83300", "2007-06-30": "1910.35400", "2007-03-31": "1705.44600", "2006-12-31": "1482.89800", "2006-09-30": "1192.11200", "2006-06-30": "1188.73400", "2006-03-31": "1514.84600", "2005-12-31": "1359.97600", "2005-09-30": "1166.75200", "2005-06-30": "1055.92000", "2005-03-31": "913.50200"}, "Total Liabilities And Share Holders Equity": {"2020-12-31": "8150.40000", "2020-09-30": "8133.40000", "2020-06-30": "7924.20000", "2020-03-31": "7743.00000", "2019-12-31": "8700.10000", "2019-09-30": "8450.10000", "2019-06-30": "6877.30000", "2019-03-31": "6969.90000", "2018-12-31": "7119.30000", "2018-09-30": "6703.30000", "2018-06-30": "6678.30000", "2018-03-31": "6588.00000", "2017-12-31": "7481.20000", "2017-09-30": "7454.40000", "2017-06-30": "5831.60000", "2017-03-31": "4661.00000", "2016-12-31": "4678.70000", "2016-09-30": "4584.60000", "2016-06-30": "4892.70000", "2016-03-31": "4676.50000", "2015-12-31": "4603.70000", "2015-09-30": "4554.40000", "2015-06-30": "4666.90000", "2015-03-31": "4512.70000", "2014-12-31": "3617.20000", "2014-09-30": "3671.00000", "2014-06-30": "3663.10000", "2014-03-31": "3580.62200", "2013-12-31": "3543.81700", "2013-09-30": "3487.39000", "2013-06-30": "3531.89700", "2013-03-31": "3272.12000", "2012-12-31": "3279.42900", "2012-09-30": "3151.37800", "2012-06-30": "3104.32100", "2012-03-31": "2984.87000", "2011-12-31": "3100.88500", "2011-09-30": "2878.07800", "2011-06-30": "2635.11600", "2011-03-31": "2721.86500", "2010-12-31": "2794.67100", "2010-09-30": "2609.83000", "2010-06-30": "2467.11500", "2010-03-31": "2641.98700", "2009-12-31": "2869.13000", "2009-09-30": "2794.61600", "2009-06-30": "2564.33600", "2009-03-31": "2316.00100", "2008-12-31": "2337.96100", "2008-09-30": "2110.91200", "2008-06-30": "2247.35300", "2008-03-31": "2156.24000", "2007-12-31": "2310.72200", "2007-09-30": "2679.03100", "2007-06-30": "2449.51200", "2007-03-31": "2143.19500", "2006-12-31": "2000.89900", "2006-09-30": "1676.50000", "2006-06-30": "1626.52000", "2006-03-31": "1874.43000", "2005-12-31": "1759.16300", "2005-09-30": "1501.77200", "2005-06-30": "1370.15700", "2005-03-31": "1276.77200"}}, "cash flow statement": {"Net Income/Loss": {"2020-06-30": "-652.10000", "2019-06-30": "643.40000", "2018-06-30": "397.50000", "2017-06-30": "591.00000", "2016-06-30": "460.50000", "2015-06-30": "402.40000", "2014-06-30": "781.30000", "2013-06-30": "1034.40000", "2012-06-30": "1038.91000", "2011-06-30": "880.80000", "2010-06-30": "734.94000", "2009-06-30": "623.36900", "2008-06-30": "783.05500", "2007-06-30": "663.66500", "2006-06-30": "494.27700", "2005-06-30": "358.61200"}, "Total Depreciation And Amortization - Cash Flow": {"2020-06-30": "248.30000", "2019-06-30": "268.20000", "2018-06-30": "260.30000", "2017-06-30": "212.80000", "2016-06-30": "210.60000", "2015-06-30": "191.80000", "2014-06-30": "189.40000", "2013-06-30": "163.00000", "2012-06-30": "132.90900", "2011-06-30": "125.10600", "2010-06-30": "126.74400", "2009-06-30": "123.01400", "2008-06-30": "100.70400", "2007-06-30": "80.83200", "2006-06-30": "64.99400", "2005-06-30": "50.40000"}, "Other Non-Cash Items": {"2020-06-30": "891.10000", "2019-06-30": "153.40000", "2018-06-30": "169.70000", "2017-06-30": "146.50000", "2016-06-30": "50.20000", "2015-06-30": "174.20000", "2014-06-30": "177.10000", "2013-06-30": "113.60000", "2012-06-30": "67.83400", "2011-06-30": "89.19400", "2010-06-30": "25.52800", "2009-06-30": "93.13300", "2008-06-30": "33.95000", "2007-06-30": "-1.27100", "2006-06-30": "-69.02800", "2005-06-30": "-58.64200"}, "Total Non-Cash Items": {"2020-06-30": "1139.40000", "2019-06-30": "421.60000", "2018-06-30": "430.00000", "2017-06-30": "359.30000", "2016-06-30": "260.80000", "2015-06-30": "366.00000", "2014-06-30": "366.50000", "2013-06-30": "276.60000", "2012-06-30": "200.74300", "2011-06-30": "214.30000", "2010-06-30": "152.27200", "2009-06-30": "216.14700", "2008-06-30": "134.65400", "2007-06-30": "79.56100", "2006-06-30": "-4.03400", "2005-06-30": "-8.24200"}, "Change In Accounts Receivable": {"2020-06-30": "61.90000", "2019-06-30": "25.70000", "2018-06-30": "-5.60000", "2017-06-30": "-29.40000", "2016-06-30": "-28.30000", "2015-06-30": "0.30000", "2014-06-30": "-23.70000", "2013-06-30": "-14.20000", "2012-06-30": "-26.56500", "2011-06-30": "-31.83100", "2010-06-30": "4.34400", "2009-06-30": "3.30900", "2008-06-30": "8.21300", "2007-06-30": "-28.06600", "2006-06-30": "-20.17300", "2005-06-30": "-9.71600"}, "Change In Inventories": {"2020-06-30": "-58.60000", "2019-06-30": "-104.70000", "2018-06-30": "30.40000", "2017-06-30": "-20.00000", "2016-06-30": "40.70000", "2015-06-30": "29.20000", "2014-06-30": "-64.10000", "2013-06-30": "-38.60000", "2012-06-30": "-71.68000", "2011-06-30": "-64.72000", "2010-06-30": "-33.87800", "2009-06-30": "4.07000", "2008-06-30": "-32.08000", "2007-06-30": "-63.93500", "2006-06-30": "-51.69300", "2005-06-30": "-22.50600"}, "Change In Accounts Payable": {"2020-06-30": "-91.70000", "2019-06-30": "-39.80000", "2018-06-30": "-77.30000", "2017-06-30": "8.40000", "2016-06-30": "-48.40000", "2015-06-30": "64.40000", "2014-06-30": "-30.20000", "2013-06-30": "30.40000", "2012-06-30": "36.49400", "2011-06-30": "9.74200", "2010-06-30": "1.01900", "2009-06-30": "-37.01700", "2008-06-30": "20.42300", "2007-06-30": "31.23000", "2006-06-30": "15.65800", "2005-06-30": "20.21400"}, "Change In Assets/Liabilities": {"2020-06-30": "0.50000", "2019-06-30": "-125.00000", "2018-06-30": "238.60000", "2017-06-30": "-5.40000", "2016-06-30": "43.20000", "2015-06-30": "11.90000", "2014-06-30": "-58.50000", "2013-06-30": "26.50000", "2012-06-30": "-40.39300", "2011-06-30": "-28.75300", "2010-06-30": "64.11700", "2009-06-30": "31.36600", "2008-06-30": "-66.00600", "2007-06-30": "0.52900", "2006-06-30": "12.91400", "2005-06-30": "8.93500"}, "Total Change In Assets/Liabilities": {"2020-06-30": "-80.30000", "2019-06-30": "-272.60000", "2018-06-30": "170.00000", "2017-06-30": "-96.50000", "2016-06-30": "37.30000", "2015-06-30": "169.00000", "2014-06-30": "-162.40000", "2013-06-30": "103.00000", "2012-06-30": "-17.96400", "2011-06-30": "-61.82900", "2010-06-30": "103.66500", "2009-06-30": "-30.36400", "2008-06-30": "5.65200", "2007-06-30": "37.94300", "2006-06-30": "106.12600", "2005-06-30": "125.22600"}, "Cash Flow From Operating Activities": {"2020-06-30": "407.00000", "2019-06-30": "792.40000", "2018-06-30": "997.50000", "2017-06-30": "853.80000", "2016-06-30": "758.60000", "2015-06-30": "937.40000", "2014-06-30": "985.40000", "2013-06-30": "1414.00000", "2012-06-30": "1221.68900", "2011-06-30": "1033.27100", "2010-06-30": "990.87700", "2009-06-30": "809.15200", "2008-06-30": "923.36100", "2007-06-30": "781.16900", "2006-06-30": "596.36900", "2005-06-30": "475.59600"}, "Net Change In Property, Plant, And Equipment": {"2020-06-30": "-205.40000", "2019-06-30": "-274.20000", "2018-06-30": "-267.40000", "2017-06-30": "-157.10000", "2016-06-30": "-396.40000", "2015-06-30": "-199.30000", "2014-06-30": "-219.60000", "2013-06-30": "-241.40000", "2012-06-30": "-184.30900", "2011-06-30": "-147.74400", "2010-06-30": "-81.11600", "2009-06-30": "-240.32900", "2008-06-30": "-174.72000", "2007-06-30": "-140.56700", "2006-06-30": "-133.42100", "2005-06-30": "-94.57400"}, "Net Change In Intangible Assets": {"2020-06-30": "", "2019-06-30": "", "2018-06-30": "", "2017-06-30": "1.80000", "2016-06-30": "-8.90000", "2015-06-30": "-10.50000", "2014-06-30": "", "2013-06-30": "", "2012-06-30": "", "2011-06-30": "", "2010-06-30": "", "2009-06-30": "", "2008-06-30": "", "2007-06-30": "", "2006-06-30": "", "2005-06-30": ""}, "Net Acquisitions/Divestitures": {"2020-06-30": "", "2019-06-30": "-43.50000", "2018-06-30": "-2375.80000", "2017-06-30": "", "2016-06-30": "-165.90000", "2015-06-30": "-658.70000", "2014-06-30": "-91.00000", "2013-06-30": "-147.20000", "2012-06-30": "-53.23500", "2011-06-30": "-9.55900", "2010-06-30": "-1.20000", "2009-06-30": "-24.40000", "2008-06-30": "", "2007-06-30": "", "2006-06-30": "", "2005-06-30": "-228.43100"}, "Net Change In Short-term Investments": {"2020-06-30": "", "2019-06-30": "", "2018-06-30": "", "2017-06-30": "", "2016-06-30": "", "2015-06-30": "", "2014-06-30": "", "2013-06-30": "", "2012-06-30": "", "2011-06-30": "", "2010-06-30": "", "2009-06-30": "", "2008-06-30": "", "2007-06-30": "", "2006-06-30": "", "2005-06-30": ""}, "Net Change In Long-Term Investments": {"2020-06-30": "249.70000", "2019-06-30": "-256.50000", "2018-06-30": "478.40000", "2017-06-30": "748.30000", "2016-06-30": "-238.80000", "2015-06-30": "255.60000", "2014-06-30": "-397.10000", "2013-06-30": "-181.90000", "2012-06-30": "-21.88200", "2011-06-30": "97.67200", "2010-06-30": "-99.92800", "2009-06-30": "", "2008-06-30": "620.16000", "2007-06-30": "-235.21000", "2006-06-30": "-47.31590", "2005-06-30": "-48.82700"}, "Net Change In Investments - Total": {"2020-06-30": "249.70000", "2019-06-30": "-256.50000", "2018-06-30": "478.40000", "2017-06-30": "748.30000", "2016-06-30": "-238.80000", "2015-06-30": "255.60000", "2014-06-30": "-397.10000", "2013-06-30": "-181.90000", "2012-06-30": "-21.88200", "2011-06-30": "97.67200", "2010-06-30": "-99.92800", "2009-06-30": "", "2008-06-30": "620.16000", "2007-06-30": "-235.21000", "2006-06-30": "-47.31590", "2005-06-30": "-48.82700"}, "Investing Activities - Other": {"2020-06-30": "", "2019-06-30": "", "2018-06-30": "", "2017-06-30": "", "2016-06-30": "", "2015-06-30": "", "2014-06-30": "", "2013-06-30": "", "2012-06-30": "", "2011-06-30": "", "2010-06-30": "", "2009-06-30": "", "2008-06-30": "", "2007-06-30": "", "2006-06-30": "", "2005-06-30": ""}, "Cash Flow From Investing Activities": {"2020-06-30": "44.30000", "2019-06-30": "-574.20000", "2018-06-30": "-2164.80000", "2017-06-30": "593.00000", "2016-06-30": "-810.00000", "2015-06-30": "-612.90000", "2014-06-30": "-707.70000", "2013-06-30": "-570.50000", "2012-06-30": "-259.42600", "2011-06-30": "-59.63100", "2010-06-30": "-182.24400", "2009-06-30": "-264.72900", "2008-06-30": "445.44000", "2007-06-30": "-375.77700", "2006-06-30": "-180.73700", "2005-06-30": "-371.83200"}, "Net Long-Term Debt": {"2020-06-30": "699.20000", "2019-06-30": "-0.70000", "2018-06-30": "-0.80000", "2017-06-30": "712.20000", "2016-06-30": "-15.00000", "2015-06-30": "896.20000", "2014-06-30": "-0.50000", "2013-06-30": "-22.30000", "2012-06-30": "-0.79500", "2011-06-30": "-0.74600", "2010-06-30": "-0.67900", "2009-06-30": "7.21100", "2008-06-30": "-0.23500", "2007-06-30": "-0.17000", "2006-06-30": "-0.15000", "2005-06-30": "-0.11500"}, "Net Current Debt": {"2020-06-30": "", "2019-06-30": "", "2018-06-30": "", "2017-06-30": "", "2016-06-30": "", "2015-06-30": "-140.00000", "2014-06-30": "140.00000", "2013-06-30": "", "2012-06-30": "", "2011-06-30": "", "2010-06-30": "-7.49600", "2009-06-30": "", "2008-06-30": "", "2007-06-30": "", "2006-06-30": "-11.71700", "2005-06-30": "10.59300"}, "Debt Issuance/Retirement Net - Total": {"2020-06-30": "699.20000", "2019-06-30": "-0.70000", "2018-06-30": "-0.80000", "2017-06-30": "712.20000", "2016-06-30": "-15.00000", "2015-06-30": "756.20000", "2014-06-30": "139.50000", "2013-06-30": "-22.30000", "2012-06-30": "-0.79500", "2011-06-30": "-0.74600", "2010-06-30": "-8.17500", "2009-06-30": "7.21100", "2008-06-30": "-0.23500", "2007-06-30": "-0.17000", "2006-06-30": "-11.86700", "2005-06-30": "10.47800"}, "Net Common Equity Issued/Repurchased": {"2020-06-30": "-295.70000", "2019-06-30": "-64.70000", "2018-06-30": "165.70000", "2017-06-30": "70.40000", "2016-06-30": "29.10000", "2015-06-30": "36.50000", "2014-06-30": "-476.30000", "2013-06-30": "-319.60000", "2012-06-30": "-514.92900", "2011-06-30": "-735.84300", "2010-06-30": "-936.70200", "2009-06-30": "-446.42300", "2008-06-30": "-1253.27900", "2007-06-30": "-37.88000", "2006-06-30": "-513.72100", "2005-06-30": "-218.13600"}, "Net Total Equity Issued/Repurchased": {"2020-06-30": "-295.70000", "2019-06-30": "-64.70000", "2018-06-30": "165.70000", "2017-06-30": "70.40000", "2016-06-30": "29.10000", "2015-06-30": "36.50000", "2014-06-30": "-476.30000", "2013-06-30": "-319.60000", "2012-06-30": "-514.92900", "2011-06-30": "-735.84300", "2010-06-30": "-936.70200", "2009-06-30": "-446.42300", "2008-06-30": "-1253.27900", "2007-06-30": "-37.88000", "2006-06-30": "-513.72100", "2005-06-30": "-218.13600"}, "Total Common And Preferred Stock Dividends Paid": {"2020-06-30": "-380.30000", "2019-06-30": "-390.70000", "2018-06-30": "-384.10000", "2017-06-30": "-378.00000", "2016-06-30": "-374.50000", "2015-06-30": "-371.80000", "2014-06-30": "-376.50000", "2013-06-30": "-339.70000", "2012-06-30": "-260.27600", "2011-06-30": "-178.11500", "2010-06-30": "-94.32400", "2009-06-30": "", "2008-06-30": "", "2007-06-30": "", "2006-06-30": "", "2005-06-30": ""}, "Financial Activities - Other": {"2020-06-30": "-17.30000", "2019-06-30": "-29.50000", "2018-06-30": "-31.50000", "2017-06-30": "-35.10000", "2016-06-30": "-24.50000", "2015-06-30": "-31.60000", "2014-06-30": "-34.80000", "2013-06-30": "-7.50000", "2012-06-30": "34.11900", "2011-06-30": "39.57800", "2010-06-30": "19.30200", "2009-06-30": "-0.87100", "2008-06-30": "23.25300", "2007-06-30": "48.44200", "2006-06-30": "99.33700", "2005-06-30": "-4.26000"}, "Cash Flow From Financial Activities": {"2020-06-30": "5.90000", "2019-06-30": "-485.60000", "2018-06-30": "-250.70000", "2017-06-30": "369.50000", "2016-06-30": "-384.90000", "2015-06-30": "389.30000", "2014-06-30": "-748.10000", "2013-06-30": "-689.10000", "2012-06-30": "-741.88100", "2011-06-30": "-875.12600", "2010-06-30": "-1019.89900", "2009-06-30": "-440.08300", "2008-06-30": "-1230.26100", "2007-06-30": "10.39200", "2006-06-30": "-426.25100", "2005-06-30": "-211.91800"}, "Net Cash Flow": {"2020-06-30": "457.10000", "2019-06-30": "-274.20000", "2018-06-30": "-1429.50000", "2017-06-30": "1813.90000", "2016-06-30": "-432.80000", "2015-06-30": "699.90000", "2014-06-30": "-470.90000", "2013-06-30": "145.60000", "2012-06-30": "217.43300", "2011-06-30": "103.31200", "2010-06-30": "-203.89200", "2009-06-30": "101.45700", "2008-06-30": "141.94900", "2007-06-30": "413.56800", "2006-06-30": "-11.17800", "2005-06-30": "-108.15400"}, "Stock-Based Compensation": {"2020-06-30": "53.10000", "2019-06-30": "84.80000", "2018-06-30": "81.30000", "2017-06-30": "73.60000", "2016-06-30": "86.80000", "2015-06-30": "88.90000", "2014-06-30": "95.10000", "2013-06-30": "120.50000", "2012-06-30": "107.51100", "2011-06-30": "95.83000", "2010-06-30": "81.42000", "2009-06-30": "67.54200", "2008-06-30": "66.97900", "2007-06-30": "56.72600", "2006-06-30": "69.19000", "2005-06-30": "55.88000"}, "Common Stock Dividends Paid": {"2020-06-30": "-380.30000", "2019-06-30": "-390.70000", "2018-06-30": "-384.10000", "2017-06-30": "-378.00000", "2016-06-30": "-374.50000", "2015-06-30": "-371.80000", "2014-06-30": "-376.50000", "2013-06-30": "-339.70000", "2012-06-30": "-260.27600", "2011-06-30": "-178.11500", "2010-06-30": "-94.32400", "2009-06-30": "0.00000", "2008-06-30": "", "2007-06-30": "", "2006-06-30": "", "2005-06-30": ""}}, "cash flow statement, quarterly": {"Net Income/Loss": {"2020-12-31": 311, "2020-09-30": "231.70000", "2020-06-30": -293.8, "2020-03-31": -677.1, "2019-12-31": 298.8, "2019-09-30": "20.00000", "2019-06-30": 148.9, "2019-03-31": 117.4, "2018-12-31": 254.8, "2018-09-30": "122.30000", "2018-06-30": 211.7, "2018-03-31": 140.3, "2017-12-31": 63.2, "2017-09-30": "-17.70000", "2017-06-30": 151.7, "2017-03-31": 122.2, "2016-12-31": 199.7, "2016-09-30": "117.40000", "2016-06-30": 81.5, "2016-03-31": 112.5, "2015-12-31": 170.1, "2015-09-30": "96.40000", "2015-06-30": 11.7, "2015-03-31": 88.1, "2014-12-31": 183.5, "2014-09-30": "119.10000", "2014-06-30": 75.2, "2014-03-31": 190.8, "2013-12-31": 297.4, "2013-09-30": "217.90000", "2013-06-30": 221.323, "2013-03-31": 238.932, "2012-12-31": 352.764, "2012-09-30": "221.38100", "2012-06-30": 251.43, "2012-03-31": 225.002, "2011-12-31": 347.495, "2011-09-30": "214.98300", "2011-06-30": 202.481, "2011-03-31": 186.015, "2010-12-31": 303.428, "2010-09-30": "188.87600", "2010-06-30": 195.527, "2010-03-31": 157.636, "2009-12-31": 240.95, "2009-09-30": "140.82700", "2009-06-30": 145.793, "2009-03-31": 114.859, "2008-12-31": 216.906, "2008-09-30": "145.81100", "2008-06-30": 213.524, "2008-03-31": 162.408, "2007-12-31": 252.317, "2007-09-30": "154.80600", "2007-06-30": 160.612, "2007-03-31": 149.964, "2006-12-31": 227.473, "2006-09-30": "125.61600", "2006-06-30": 117.642, "2006-03-31": 108.846, "2005-12-31": 174.174, "2005-09-30": "93.61500", "2005-06-30": 89.856, "2005-03-31": 268.756}, "Total Depreciation And Amortization - Cash Flow": {"2020-12-31": 51.2, "2020-09-30": "51.20000", "2020-06-30": 53.4, "2020-03-31": 69.9, "2019-12-31": 60.8, "2019-09-30": "64.20000", "2019-06-30": 78.4, "2019-03-31": 63.5, "2018-12-31": 65.3, "2018-09-30": "61.00000", "2018-06-30": 71.7, "2018-03-31": 62.3, "2017-12-31": 60.8, "2017-09-30": "65.50000", "2017-06-30": 64.1, "2017-03-31": 48.5, "2016-12-31": 47.9, "2016-09-30": "52.30000", "2016-06-30": 54, "2016-03-31": 49.5, "2015-12-31": 52.7, "2015-09-30": "54.40000", "2015-06-30": 54.6, "2015-03-31": 47.4, "2014-12-31": 46.5, "2014-09-30": "43.30000", "2014-06-30": 51.3, "2014-03-31": 45.2, "2013-12-31": 47.9, "2013-09-30": "45.00000", "2013-06-30": 47.334, "2013-03-31": 39.834, "2012-12-31": 39.728, "2012-09-30": "36.10400", "2012-06-30": 34.176, "2012-03-31": 33.651, "2011-12-31": 33.028, "2011-09-30": "32.05400", "2011-06-30": 31.257, "2011-03-31": 30.37, "2010-12-31": 31.228, "2010-09-30": "32.25100", "2010-06-30": 32.733, "2010-03-31": 32.578, "2009-12-31": 28.053, "2009-09-30": "33.38000", "2009-06-30": 31.191, "2009-03-31": 30.731, "2008-12-31": 30.401, "2008-09-30": "30.69100", "2008-06-30": 25.756, "2008-03-31": 25.809, "2007-12-31": 24.476, "2007-09-30": "24.66300", "2007-06-30": 21.277, "2007-03-31": 20.625, "2006-12-31": 20.098, "2006-09-30": "18.83200", "2006-06-30": 16.96, "2006-03-31": 16.409, "2005-12-31": 17.636, "2005-09-30": "13.98900", "2005-06-30": 11.903, "2005-03-31": 38.497}, "Other Non-Cash Items": {"2020-12-31": -6.7, "2020-09-30": "-111.70000", "2020-06-30": 117, "2020-03-31": 639.3, "2019-12-31": 54.7, "2019-09-30": "80.10000", "2019-06-30": 32.6, "2019-03-31": 41.1, "2018-12-31": 30.9, "2018-09-30": "48.80000", "2018-06-30": 22, "2018-03-31": 89.7, "2017-12-31": -30.1, "2017-09-30": "88.10000", "2017-06-30": 3.9, "2017-03-31": 75.3, "2016-12-31": 40.5, "2016-09-30": "26.80000", "2016-06-30": -49, "2016-03-31": 32.3, "2015-12-31": 15.1, "2015-09-30": "51.80000", "2015-06-30": 51.8, "2015-03-31": 37.7, "2014-12-31": 25.2, "2014-09-30": "59.50000", "2014-06-30": 76.4, "2014-03-31": 39.5, "2013-12-31": 31, "2013-09-30": "30.20000", "2013-06-30": 25.738, "2013-03-31": 35.002, "2012-12-31": 23.494, "2012-09-30": "29.36600", "2012-06-30": 38.437, "2012-03-31": -29.335, "2011-12-31": 11.723, "2011-09-30": "47.00900", "2011-06-30": 42.793, "2011-03-31": 18.59, "2010-12-31": -3.855, "2010-09-30": "31.66600", "2010-06-30": 14.89, "2010-03-31": 3.754, "2009-12-31": -3.52, "2009-09-30": "10.40400", "2009-06-30": 41.989, "2009-03-31": 32.264, "2008-12-31": 16.901, "2008-09-30": "1.97900", "2008-06-30": 40.855, "2008-03-31": 7.185, "2007-12-31": -12.926, "2007-09-30": "-1.16400", "2007-06-30": 5.702, "2007-03-31": -7.67, "2006-12-31": 1.641, "2006-09-30": "-0.94400", "2006-06-30": -26.222, "2006-03-31": -0.993, "2005-12-31": -27.926, "2005-09-30": "-13.88700", "2005-06-30": -58.669, "2005-03-31": 0.027}, "Total Non-Cash Items": {"2020-12-31": 44.5, "2020-09-30": "-60.50000", "2020-06-30": 170.4001, "2020-03-31": 709.1999, "2019-12-31": 115.5, "2019-09-30": "144.30000", "2019-06-30": 111, "2019-03-31": 104.6, "2018-12-31": 96.2, "2018-09-30": "109.80000", "2018-06-30": 93.7, "2018-03-31": 152, "2017-12-31": 30.7, "2017-09-30": "153.60000", "2017-06-30": 68, "2017-03-31": 123.8, "2016-12-31": 88.4, "2016-09-30": "79.10000", "2016-06-30": 5, "2016-03-31": 81.8, "2015-12-31": 67.8, "2015-09-30": "106.20000", "2015-06-30": 106.4, "2015-03-31": 85.1, "2014-12-31": 71.7, "2014-09-30": "102.80000", "2014-06-30": 127.7, "2014-03-31": 84.7, "2013-12-31": 78.9, "2013-09-30": "75.20000", "2013-06-30": 73.072, "2013-03-31": 74.836, "2012-12-31": 63.222, "2012-09-30": "65.47000", "2012-06-30": 72.613, "2012-03-31": 4.316, "2011-12-31": 44.751, "2011-09-30": "79.06300", "2011-06-30": 74.05, "2011-03-31": 48.96, "2010-12-31": 27.373, "2010-09-30": "63.91700", "2010-06-30": 47.623, "2010-03-31": 36.332, "2009-12-31": 24.533, "2009-09-30": "43.78400", "2009-06-30": 73.18, "2009-03-31": 62.995, "2008-12-31": 47.302, "2008-09-30": "32.67000", "2008-06-30": 66.611, "2008-03-31": 32.994, "2007-12-31": 11.55, "2007-09-30": "23.49900", "2007-06-30": 26.979, "2007-03-31": 12.955, "2006-12-31": 21.739, "2006-09-30": "17.88800", "2006-06-30": -9.262, "2006-03-31": 15.416, "2005-12-31": -10.29, "2005-09-30": "0.10200", "2005-06-30": -46.766, "2005-03-31": 38.524}, "Change In Accounts Receivable": {"2020-12-31": -113.8, "2020-09-30": "-29.40000", "2020-06-30": -13.3, "2020-03-31": 153.9, "2019-12-31": -40.6, "2019-09-30": "-38.10000", "2019-06-30": -25.2, "2019-03-31": 85.1, "2018-12-31": -59.7, "2018-09-30": "25.50000", "2018-06-30": -84.2, "2018-03-31": 64.6, "2017-12-31": -17.6, "2017-09-30": "31.60000", "2017-06-30": -65.3, "2017-03-31": 71, "2016-12-31": -35.7, "2016-09-30": "0.60000", "2016-06-30": 18.9, "2016-03-31": 40.7, "2015-12-31": -58.6, "2015-09-30": "-29.30000", "2015-06-30": 10.3, "2015-03-31": 32.1, "2014-12-31": -28, "2014-09-30": "-14.10000", "2014-06-30": 0.2, "2014-03-31": 31.4, "2013-12-31": -54.7, "2013-09-30": "-0.60000", "2013-06-30": -3.658, "2013-03-31": 42.631, "2012-12-31": -48.896, "2012-09-30": "-4.27700", "2012-06-30": -0.321, "2012-03-31": 44.575, "2011-12-31": -60.003, "2011-09-30": "-10.81600", "2011-06-30": -7.756, "2011-03-31": 45.953, "2010-12-31": -46.279, "2010-09-30": "-23.74900", "2010-06-30": 13.309, "2010-03-31": 60.625, "2009-12-31": -74.828, "2009-09-30": "5.23800", "2009-06-30": 21.118, "2009-03-31": 59.769, "2008-12-31": -26.55, "2008-09-30": "-51.02800", "2008-06-30": 37.671, "2008-03-31": 1.183, "2007-12-31": 9.727, "2007-09-30": "-40.36800", "2007-06-30": 15.828, "2007-03-31": 1.149, "2006-12-31": -9.567, "2006-09-30": "-35.47600", "2006-06-30": 26.583, "2006-03-31": 10.89, "2005-12-31": -18.139, "2005-09-30": "-39.50700", "2005-06-30": 18.19, "2005-03-31": -27.906}, "Change In Inventories": {"2020-12-31": 201.8, "2020-09-30": "-57.50000", "2020-06-30": 113, "2020-03-31": -191.1, "2019-12-31": 136.2, "2019-09-30": "-116.70000", "2019-06-30": 18.4, "2019-03-31": -81, "2018-12-31": 108.6, "2018-09-30": "-150.70000", "2018-06-30": 18.4, "2018-03-31": -0.5, "2017-12-31": 168.5, "2017-09-30": "-156.00000", "2017-06-30": 11.1, "2017-03-31": -4.2, "2016-12-31": 59.2, "2016-09-30": "-86.10000", "2016-06-30": 19.6, "2016-03-31": -17.8, "2015-12-31": 134.4, "2015-09-30": "-95.50000", "2015-06-30": -2.2, "2015-03-31": -17.3, "2014-12-31": 141.4, "2014-09-30": "-92.70000", "2014-06-30": -8.6, "2014-03-31": -34.5, "2013-12-31": 83.8, "2013-09-30": "-104.80000", "2013-06-30": -29.233, "2013-03-31": -35.642, "2012-12-31": 97.798, "2012-09-30": "-71.52300", "2012-06-30": -7.405, "2012-03-31": -48.23, "2011-12-31": 85.972, "2011-09-30": "-102.01700", "2011-06-30": -32.827, "2011-03-31": -31.21, "2010-12-31": 96.998, "2010-09-30": "-97.68100", "2010-06-30": -55.601, "2010-03-31": -37.821, "2009-12-31": 65.875, "2009-09-30": "-6.33100", "2009-06-30": 37.685, "2009-03-31": 20.643, "2008-12-31": 24.162, "2008-09-30": "-78.42000", "2008-06-30": -38.31, "2008-03-31": 4.643, "2007-12-31": 65.952, "2007-09-30": "-64.36500", "2007-06-30": -45.096, "2007-03-31": 0.615, "2006-12-31": 47.907, "2006-09-30": "-67.36100", "2006-06-30": -25.647, "2006-03-31": -5.423, "2005-12-31": 10.209, "2005-09-30": "-30.83200", "2005-06-30": -3.605, "2005-03-31": -18.901}, "Change In Accounts Payable": {"2020-12-31": 118.7, "2020-09-30": "135.10000", "2020-06-30": -73.2, "2020-03-31": -37.8, "2019-12-31": -17.8, "2019-09-30": "37.10000", "2019-06-30": 3.7, "2019-03-31": -56.1, "2018-12-31": -10.8, "2018-09-30": "23.40000", "2018-06-30": 59.4, "2018-03-31": -44.7, "2017-12-31": -68.2, "2017-09-30": "-23.80000", "2017-06-30": 60.3, "2017-03-31": -24.3, "2016-12-31": -19.6, "2016-09-30": "-8.00000", "2016-06-30": 0.6, "2016-03-31": 26.6, "2015-12-31": -68.6, "2015-09-30": "-7.00000", "2015-06-30": 49.5, "2015-03-31": 4.2, "2014-12-31": -10.9, "2014-09-30": "21.60000", "2014-06-30": 43.6, "2014-03-31": -25.8, "2013-12-31": -28.1, "2013-09-30": "-19.90000", "2013-06-30": 45.027, "2013-03-31": -13.904, "2012-12-31": 22.241, "2012-09-30": "-22.96400", "2012-06-30": 47.171, "2012-03-31": -27.698, "2011-12-31": -7.625, "2011-09-30": "24.64600", "2011-06-30": 25.043, "2011-03-31": -10.583, "2010-12-31": -2.783, "2010-09-30": "-1.93500", "2010-06-30": -7.622, "2010-03-31": -8.79, "2009-12-31": 28.337, "2009-09-30": "-10.90600", "2009-06-30": 33.563, "2009-03-31": -54.546, "2008-12-31": -4.973, "2008-09-30": "-11.06100", "2008-06-30": 74.201, "2008-03-31": -18.932, "2007-12-31": -18.85, "2007-09-30": "-15.99600", "2007-06-30": 48.243, "2007-03-31": -20.164, "2006-12-31": -3.203, "2006-09-30": "6.35400", "2006-06-30": 25.802, "2006-03-31": -32.891, "2005-12-31": 17.482, "2005-09-30": "5.26500", "2005-06-30": 15.021, "2005-03-31": 5.193}, "Change In Assets/Liabilities": {"2020-12-31": -21.5, "2020-09-30": "-68.20000", "2020-06-30": 19, "2020-03-31": 21.8, "2019-12-31": -13.5, "2019-09-30": "-26.80000", "2019-06-30": -9.3, "2019-03-31": -100.1, "2018-12-31": 68.1, "2018-09-30": "-83.70000", "2018-06-30": 88.1, "2018-03-31": -111.3, "2017-12-31": 307.6, "2017-09-30": "-45.80000", "2017-06-30": 46.4, "2017-03-31": -34.2, "2016-12-31": 9.2, "2016-09-30": "-26.80000", "2016-06-30": 55.4, "2016-03-31": -55.7, "2015-12-31": 41.3, "2015-09-30": "2.20000", "2015-06-30": -29.9, "2015-03-31": -18.6, "2014-12-31": 30.4, "2014-09-30": "30.00000", "2014-06-30": -15.6, "2014-03-31": -11.8, "2013-12-31": -8.2, "2013-09-30": "-22.90000", "2013-06-30": 9.084, "2013-03-31": 13.664, "2012-12-31": 11.567, "2012-09-30": "-7.81500", "2012-06-30": -72.114, "2012-03-31": 12.331, "2011-12-31": 1.517, "2011-09-30": "17.87300", "2011-06-30": -41.357, "2011-03-31": -27.684, "2010-12-31": 7.353, "2010-09-30": "32.93500", "2010-06-30": 38.181, "2010-03-31": 8.88, "2009-12-31": 18.76, "2009-09-30": "-1.70400", "2009-06-30": 14.708, "2009-03-31": 10.108, "2008-12-31": 5.716, "2008-09-30": "0.83400", "2008-06-30": -45.464, "2008-03-31": -45.38, "2007-12-31": 26.177, "2007-09-30": "-1.33900", "2007-06-30": 11.359, "2007-03-31": -7.197, "2006-12-31": 9.197, "2006-09-30": "-12.83000", "2006-06-30": 25.789, "2006-03-31": -4.384, "2005-12-31": 5.667, "2005-09-30": "-14.15800", "2005-06-30": 28.793, "2005-03-31": -19.858}, "Total Change In Assets/Liabilities": {"2020-12-31": 300.8, "2020-09-30": "-81.20000", "2020-06-30": 84.3, "2020-03-31": -147.7, "2019-12-31": 141.7, "2019-09-30": "-158.60000", "2019-06-30": -70.3, "2019-03-31": -218.5, "2018-12-31": 267.4, "2018-09-30": "-251.20000", "2018-06-30": 105.6, "2018-03-31": -136.8, "2017-12-31": 440.9, "2017-09-30": "-239.70000", "2017-06-30": 104.1, "2017-03-31": -44.1, "2016-12-31": 78.1, "2016-09-30": "-234.60000", "2016-06-30": 162.9, "2016-03-31": 4.9, "2015-12-31": 64.1, "2015-09-30": "-194.60000", "2015-06-30": 68.5, "2015-03-31": -6, "2014-12-31": 189.5, "2014-09-30": "-83.00000", "2014-06-30": 113.2, "2014-03-31": -170.7, "2013-12-31": 24.1, "2013-09-30": "-129.00000", "2013-06-30": 80.198, "2013-03-31": -104.373, "2012-12-31": 211.852, "2012-09-30": "-84.67700", "2012-06-30": -41.221, "2012-03-31": -126.521, "2011-12-31": 218.858, "2011-09-30": "-69.08000", "2011-06-30": -55.885, "2011-03-31": -7.566, "2010-12-31": 76.959, "2010-09-30": "-75.33700", "2010-06-30": -61.625, "2010-03-31": 11.148, "2009-12-31": 98.214, "2009-09-30": "55.92800", "2009-06-30": 51.223, "2009-03-31": 29.088, "2008-12-31": -8.676, "2008-09-30": "-101.99900", "2008-06-30": 42.905, "2008-03-31": -109.984, "2007-12-31": 129.294, "2007-09-30": "-56.56300", "2007-06-30": 70.834, "2007-03-31": -65.736, "2006-12-31": 95.604, "2006-09-30": "-62.75900", "2006-06-30": 86.632, "2006-03-31": -26.553, "2005-12-31": 85.13, "2005-09-30": "-39.08300", "2005-06-30": 88.704, "2005-03-31": 36.522}, "Cash Flow From Operating Activities": {"2020-12-31": 656.3, "2020-09-30": "90.00000", "2020-06-30": -39.1, "2020-03-31": -115.6, "2019-12-31": 556, "2019-09-30": "5.70000", "2019-06-30": 189.6, "2019-03-31": 3.5, "2018-12-31": 618.4, "2018-09-30": "-19.10000", "2018-06-30": 411, "2018-03-31": 155.5, "2017-12-31": 534.8, "2017-09-30": "-103.80000", "2017-06-30": 323.8, "2017-03-31": 201.9, "2016-12-31": 366.2, "2016-09-30": "-38.10000", "2016-06-30": 249.4, "2016-03-31": 199.2, "2015-12-31": 302, "2015-09-30": "8.00000", "2015-06-30": 186.6, "2015-03-31": 167.2, "2014-12-31": 444.7, "2014-09-30": "138.90000", "2014-06-30": 316.1, "2014-03-31": 104.8, "2013-12-31": 400.4, "2013-09-30": "164.10000", "2013-06-30": 374.593, "2013-03-31": 209.395, "2012-12-31": 627.838, "2012-09-30": "202.17400", "2012-06-30": 282.822, "2012-03-31": 102.797, "2011-12-31": 611.104, "2011-09-30": "224.96600", "2011-06-30": 220.646, "2011-03-31": 227.409, "2010-12-31": 407.76, "2010-09-30": "177.45600", "2010-06-30": 181.525, "2010-03-31": 205.116, "2009-12-31": 363.697, "2009-09-30": "240.53900", "2009-06-30": 270.196, "2009-03-31": 206.942, "2008-12-31": 255.532, "2008-09-30": "76.48200", "2008-06-30": 323.04, "2008-03-31": 85.418, "2007-12-31": 393.161, "2007-09-30": "121.74200", "2007-06-30": 258.425, "2007-03-31": 97.183, "2006-12-31": 344.816, "2006-09-30": "80.74500", "2006-06-30": 195.012, "2006-03-31": 97.709, "2005-12-31": 249.014, "2005-09-30": "54.63400", "2005-06-30": 131.794, "2005-03-31": 343.802}, "Net Change In Property, Plant, And Equipment": {"2020-12-31": -23.7, "2020-09-30": "-2.10000", "2020-06-30": -32.5, "2020-03-31": -50.7, "2019-12-31": -50.3, "2019-09-30": "-71.90000", "2019-06-30": -90, "2019-03-31": -67.8, "2018-12-31": -61.2, "2018-09-30": "-55.20000", "2018-06-30": -80.8, "2018-03-31": -60.1, "2017-12-31": -77.6, "2017-09-30": "-48.90000", "2017-06-30": -91, "2017-03-31": -70.4, "2016-12-31": 71.9, "2016-09-30": "-67.60000", "2016-06-30": -120, "2016-03-31": -100.9, "2015-12-31": -106, "2015-09-30": "-69.50000", "2015-06-30": -74.8, "2015-03-31": -44.9, "2014-12-31": -39.2, "2014-09-30": "-40.40000", "2014-06-30": -62, "2014-03-31": -50.9, "2013-12-31": -60.8, "2013-09-30": "-45.90000", "2013-06-30": -81.469, "2013-03-31": -42.832, "2012-12-31": -60.809, "2012-09-30": "-56.29000", "2012-06-30": -72.733, "2012-03-31": -41.391, "2011-12-31": -39.29, "2011-09-30": "-30.89500", "2011-06-30": -56.766, "2011-03-31": -41.78, "2010-12-31": -26.118, "2010-09-30": "-23.08000", "2010-06-30": -29.496, "2010-03-31": -14.721, "2009-12-31": -16.865, "2009-09-30": "-20.03400", "2009-06-30": -25.569, "2009-03-31": -26.571, "2008-12-31": -129.838, "2008-09-30": "-58.35100", "2008-06-30": -54.943, "2008-03-31": -33.278, "2007-12-31": -47.845, "2007-09-30": "-38.65400", "2007-06-30": -42.209, "2007-03-31": -24.633, "2006-12-31": -37.58, "2006-09-30": "-36.14500", "2006-06-30": -33.858, "2006-03-31": -48.741, "2005-12-31": -28.937, "2005-09-30": "-21.88500", "2005-06-30": -30.853, "2005-03-31": -63.721}, "Net Change In Intangible Assets": {"2020-12-31": 0, "2020-09-30": "", "2020-06-30": 0, "2020-03-31": 0, "2019-12-31": 0, "2019-09-30": "", "2019-06-30": 0, "2019-03-31": 0, "2018-12-31": 0, "2018-09-30": "", "2018-06-30": 0, "2018-03-31": 0, "2017-12-31": 0, "2017-09-30": "", "2017-06-30": 6.3, "2017-03-31": -0.3, "2016-12-31": 2.6, "2016-09-30": "-6.80000", "2016-06-30": -0.6, "2016-03-31": -8.3, "2015-12-31": 0, "2015-09-30": "", "2015-06-30": 1.1, "2015-03-31": -11.6, "2014-12-31": 0, "2014-09-30": "", "2014-06-30": 0, "2014-03-31": 0, "2013-12-31": 0, "2013-09-30": "", "2013-06-30": 0, "2013-03-31": 0, "2012-12-31": 0, "2012-09-30": "", "2012-06-30": 0, "2012-03-31": 0, "2011-12-31": 0, "2011-09-30": "", "2011-06-30": 0, "2011-03-31": 0, "2010-12-31": 0, "2010-09-30": "", "2010-06-30": 0, "2010-03-31": 0, "2009-12-31": 0, "2009-09-30": "", "2009-06-30": 0, "2009-03-31": 0, "2008-12-31": 0, "2008-09-30": "", "2008-06-30": 0, "2008-03-31": 0, "2007-12-31": 0, "2007-09-30": "", "2007-06-30": 0, "2007-03-31": 0, "2006-12-31": 0, "2006-09-30": "", "2006-06-30": 0, "2006-03-31": 0, "2005-12-31": 0, "2005-09-30": "", "2005-06-30": 0, "2005-03-31": 0}, "Net Acquisitions/Divestitures": {"2020-12-31": 0, "2020-09-30": "", "2020-06-30": 0, "2020-03-31": 0, "2019-12-31": 0, "2019-09-30": "", "2019-06-30": -4.1, "2019-03-31": -1.7, "2018-12-31": -22, "2018-09-30": "-15.70000", "2018-06-30": -2.6, "2018-03-31": -53, "2017-12-31": 0, "2017-09-30": "-2320.20000", "2017-06-30": 0, "2017-03-31": 0, "2016-12-31": 0, "2016-09-30": "", "2016-06-30": -47.8, "2016-03-31": -31.5, "2015-12-31": -35.2, "2015-09-30": "-51.40000", "2015-06-30": -561.3, "2015-03-31": -32.6, "2014-12-31": -35.9, "2014-09-30": "-28.90000", "2014-06-30": -26.1, "2014-03-31": -21.6, "2013-12-31": -23.1, "2013-09-30": "-20.20000", "2013-06-30": -93.863, "2013-03-31": -7.893, "2012-12-31": 0, "2012-09-30": "-45.44400", "2012-06-30": 0, "2012-03-31": -45.64, "2011-12-31": 0, "2011-09-30": "-7.59500", "2011-06-30": -1.629, "2011-03-31": -4.002, "2010-12-31": -3.152, "2010-09-30": "-0.77600", "2010-06-30": 0, "2010-03-31": 0, "2009-12-31": -1.2, "2009-09-30": "", "2009-06-30": -9.893, "2009-03-31": 0, "2008-12-31": -5.981, "2008-09-30": "-8.52600", "2008-06-30": 0, "2008-03-31": 0, "2007-12-31": 0, "2007-09-30": "", "2007-06-30": 0, "2007-03-31": 0, "2006-12-31": 0, "2006-09-30": "", "2006-06-30": 0, "2006-03-31": 0, "2005-12-31": 0, "2005-09-30": "", "2005-06-30": -228.431, "2005-03-31": 0}, "Net Change In Short-term Investments": {"2020-12-31": 0, "2020-09-30": "", "2020-06-30": 0, "2020-03-31": 0, "2019-12-31": 0, "2019-09-30": "", "2019-06-30": 0, "2019-03-31": 0, "2018-12-31": 0, "2018-09-30": "", "2018-06-30": 0, "2018-03-31": 0, "2017-12-31": 0, "2017-09-30": "", "2017-06-30": 0, "2017-03-31": 0, "2016-12-31": 0, "2016-09-30": "", "2016-06-30": 0, "2016-03-31": 0, "2015-12-31": 0, "2015-09-30": "", "2015-06-30": 0, "2015-03-31": 0, "2014-12-31": 0, "2014-09-30": "", "2014-06-30": 0, "2014-03-31": 0, "2013-12-31": 0, "2013-09-30": "", "2013-06-30": 0, "2013-03-31": 0, "2012-12-31": 0, "2012-09-30": "", "2012-06-30": 0, "2012-03-31": 0, "2011-12-31": 0, "2011-09-30": "", "2011-06-30": 0, "2011-03-31": 0, "2010-12-31": 0, "2010-09-30": "", "2010-06-30": 0, "2010-03-31": 0, "2009-12-31": 0, "2009-09-30": "", "2009-06-30": 0, "2009-03-31": 0, "2008-12-31": 0, "2008-09-30": "", "2008-06-30": 0, "2008-03-31": 0, "2007-12-31": 0, "2007-09-30": "", "2007-06-30": 0, "2007-03-31": 0, "2006-12-31": 0, "2006-09-30": "", "2006-06-30": 0, "2006-03-31": 0, "2005-12-31": 0, "2005-09-30": "", "2005-06-30": 0, "2005-03-31": 0}, "Net Change In Long-Term Investments": {"2020-12-31": -0.1, "2020-09-30": "0.10000", "2020-06-30": 146, "2020-03-31": 109.4, "2019-12-31": -4, "2019-09-30": "-1.70000", "2019-06-30": -2.4, "2019-03-31": -2.7, "2018-12-31": -99.3, "2018-09-30": "-152.10000", "2018-06-30": -0.3, "2018-03-31": 20.5, "2017-12-31": 310.7, "2017-09-30": "147.50000", "2017-06-30": 115.2, "2017-03-31": 33.4, "2016-12-31": -30.3, "2016-09-30": "630.00000", "2016-06-30": 33.3, "2016-03-31": 11.5, "2015-12-31": -184.1, "2015-09-30": "-99.50000", "2015-06-30": 40.3, "2015-03-31": 84, "2014-12-31": 56, "2014-09-30": "75.30000", "2014-06-30": 54.3, "2014-03-31": -78.4, "2013-12-31": -207.7, "2013-09-30": "-165.30000", "2013-06-30": -20.618, "2013-03-31": -55.37, "2012-12-31": -105.912, "2012-09-30": "", "2012-06-30": -13.901, "2012-03-31": -3.418, "2011-12-31": -4.563, "2011-09-30": "", "2011-06-30": 71.162, "2011-03-31": 82.182, "2010-12-31": -65.008, "2010-09-30": "9.33600", "2010-06-30": 104.95, "2010-03-31": -204.878, "2009-12-31": 0, "2009-09-30": "", "2009-06-30": 0, "2009-03-31": 0, "2008-12-31": 0, "2008-09-30": "", "2008-06-30": 0, "2008-03-31": 12.5, "2007-12-31": 427.6, "2007-09-30": "180.06000", "2007-06-30": 84.997, "2007-03-31": -159.33, "2006-12-31": -193.963, "2006-09-30": "33.08600", "2006-06-30": 259.2651, "2006-03-31": -68.419, "2005-12-31": -158.483, "2005-09-30": "-79.67900", "2005-06-30": 126.827, "2005-03-31": -175.654}, "Net Change In Investments - Total": {"2020-12-31": -0.1, "2020-09-30": "0.10000", "2020-06-30": 146, "2020-03-31": 109.4, "2019-12-31": -4, "2019-09-30": "-1.70000", "2019-06-30": -2.4, "2019-03-31": -2.7, "2018-12-31": -99.3, "2018-09-30": "-152.10000", "2018-06-30": -0.3, "2018-03-31": 20.5, "2017-12-31": 310.7, "2017-09-30": "147.50000", "2017-06-30": 115.2, "2017-03-31": 33.4, "2016-12-31": -30.3, "2016-09-30": "630.00000", "2016-06-30": 33.3, "2016-03-31": 11.5, "2015-12-31": -184.1, "2015-09-30": "-99.50000", "2015-06-30": 40.3, "2015-03-31": 84, "2014-12-31": 56, "2014-09-30": "75.30000", "2014-06-30": 54.3, "2014-03-31": -78.4, "2013-12-31": -207.7, "2013-09-30": "-165.30000", "2013-06-30": -20.618, "2013-03-31": -55.37, "2012-12-31": -105.912, "2012-09-30": "", "2012-06-30": -13.901, "2012-03-31": -3.418, "2011-12-31": -4.563, "2011-09-30": "", "2011-06-30": 71.162, "2011-03-31": 82.182, "2010-12-31": -65.008, "2010-09-30": "9.33600", "2010-06-30": 104.95, "2010-03-31": -204.878, "2009-12-31": 0, "2009-09-30": "", "2009-06-30": 0, "2009-03-31": 0, "2008-12-31": 0, "2008-09-30": "", "2008-06-30": 0, "2008-03-31": 12.5, "2007-12-31": 427.6, "2007-09-30": "180.06000", "2007-06-30": 84.997, "2007-03-31": -159.33, "2006-12-31": -193.963, "2006-09-30": "33.08600", "2006-06-30": 259.2651, "2006-03-31": -68.419, "2005-12-31": -158.483, "2005-09-30": "-79.67900", "2005-06-30": 126.827, "2005-03-31": -175.654}, "Investing Activities - Other": {"2020-12-31": 0, "2020-09-30": "", "2020-06-30": 0, "2020-03-31": 0, "2019-12-31": 0, "2019-09-30": "", "2019-06-30": 0, "2019-03-31": 0, "2018-12-31": 0, "2018-09-30": "", "2018-06-30": 0, "2018-03-31": 0, "2017-12-31": 0, "2017-09-30": "", "2017-06-30": 0, "2017-03-31": 0, "2016-12-31": 0, "2016-09-30": "", "2016-06-30": 0, "2016-03-31": 0, "2015-12-31": 0, "2015-09-30": "", "2015-06-30": 0, "2015-03-31": 0, "2014-12-31": 0, "2014-09-30": "", "2014-06-30": 0, "2014-03-31": 0, "2013-12-31": 0, "2013-09-30": "", "2013-06-30": 0, "2013-03-31": 0, "2012-12-31": 0, "2012-09-30": "", "2012-06-30": 0, "2012-03-31": 0, "2011-12-31": 0, "2011-09-30": "", "2011-06-30": 0, "2011-03-31": 0, "2010-12-31": 0, "2010-09-30": "", "2010-06-30": 0, "2010-03-31": 0, "2009-12-31": 0, "2009-09-30": "", "2009-06-30": 0, "2009-03-31": 0, "2008-12-31": 0, "2008-09-30": "", "2008-06-30": 0, "2008-03-31": 0, "2007-12-31": 0, "2007-09-30": "", "2007-06-30": 0, "2007-03-31": 0, "2006-12-31": 0, "2006-09-30": "", "2006-06-30": 0, "2006-03-31": 0, "2005-12-31": 0, "2005-09-30": "", "2005-06-30": 0, "2005-03-31": 0}, "Cash Flow From Investing Activities": {"2020-12-31": -23.8, "2020-09-30": "-2.00000", "2020-06-30": 113.5, "2020-03-31": 58.7, "2019-12-31": -54.3, "2019-09-30": "-73.60000", "2019-06-30": -96.5, "2019-03-31": -72.2, "2018-12-31": -182.5, "2018-09-30": "-223.00000", "2018-06-30": -83.7, "2018-03-31": -92.6, "2017-12-31": 233.1, "2017-09-30": "-2221.60000", "2017-06-30": 30.5, "2017-03-31": -37.3, "2016-12-31": 44.2, "2016-09-30": "555.60000", "2016-06-30": -135.1, "2016-03-31": -129.2, "2015-12-31": -325.3, "2015-09-30": "-220.40000", "2015-06-30": -594.7, "2015-03-31": -5.1, "2014-12-31": -19.1, "2014-09-30": "6.00000", "2014-06-30": -33.8, "2014-03-31": -150.9, "2013-12-31": -291.6, "2013-09-30": "-231.40000", "2013-06-30": -195.95, "2013-03-31": -106.095, "2012-12-31": -166.721, "2012-09-30": "-101.73400", "2012-06-30": -86.634, "2012-03-31": -90.449, "2011-12-31": -43.853, "2011-09-30": "-38.49000", "2011-06-30": 12.767, "2011-03-31": 36.4, "2010-12-31": -94.278, "2010-09-30": "-14.52000", "2010-06-30": 75.454, "2010-03-31": -219.599, "2009-12-31": -18.065, "2009-09-30": "-20.03400", "2009-06-30": -35.462, "2009-03-31": -26.571, "2008-12-31": -135.819, "2008-09-30": "-66.87700", "2008-06-30": -54.943, "2008-03-31": -20.778, "2007-12-31": 379.755, "2007-09-30": "141.40600", "2007-06-30": 42.788, "2007-03-31": -183.963, "2006-12-31": -231.543, "2006-09-30": "-3.05900", "2006-06-30": 225.407, "2006-03-31": -117.16, "2005-12-31": -187.42, "2005-09-30": "-101.56400", "2005-06-30": -132.457, "2005-03-31": -239.375}, "Net Long-Term Debt": {"2020-12-31": -0.2, "2020-09-30": "-0.20000", "2020-06-30": 699.8, "2020-03-31": -0.2, "2019-12-31": -0.2, "2019-09-30": "-0.20000", "2019-06-30": -0.1, "2019-03-31": -0.3, "2018-12-31": -0.1, "2018-09-30": "-0.20000", "2018-06-30": -0.8, "2018-03-31": -1100, "2017-12-31": 0, "2017-09-30": "1100.00000", "2017-06-30": 997.2, "2017-03-31": 0, "2016-12-31": 0, "2016-09-30": "-285.00000", "2016-06-30": -7.5, "2016-03-31": -3.8, "2015-12-31": -3.7, "2015-09-30": "", "2015-06-30": 0, "2015-03-31": 896.7, "2014-12-31": 0, "2014-09-30": "-0.50000", "2014-06-30": 0, "2014-03-31": 0, "2013-12-31": -0.5, "2013-09-30": "", "2013-06-30": -21.547, "2013-03-31": -0.103, "2012-12-31": -0.554, "2012-09-30": "-0.09600", "2012-06-30": -0.094, "2012-03-31": -0.516, "2011-12-31": -0.094, "2011-09-30": "-0.09100", "2011-06-30": -0.09, "2011-03-31": -0.094, "2010-12-31": -0.476, "2010-09-30": "-0.08600", "2010-06-30": -0.085, "2010-03-31": -0.09, "2009-12-31": -0.057, "2009-09-30": "-0.44700", "2009-06-30": 7.496, "2009-03-31": 0, "2008-12-31": 0, "2008-09-30": "-0.28500", "2008-06-30": 0, "2008-03-31": 0, "2007-12-31": 0, "2007-09-30": "-0.23500", "2007-06-30": 0, "2007-03-31": 0, "2006-12-31": 0, "2006-09-30": "-0.17000", "2006-06-30": 0, "2006-03-31": 0, "2005-12-31": 0, "2005-09-30": "-0.15000", "2005-06-30": 0, "2005-03-31": -0.115}, "Net Current Debt": {"2020-12-31": -511.5, "2020-09-30": "", "2020-06-30": 0, "2020-03-31": 0, "2019-12-31": 0, "2019-09-30": "", "2019-06-30": 0, "2019-03-31": 0, "2018-12-31": 0, "2018-09-30": "", "2018-06-30": 0, "2018-03-31": 0, "2017-12-31": 0, "2017-09-30": "", "2017-06-30": 0, "2017-03-31": 0, "2016-12-31": 0, "2016-09-30": "", "2016-06-30": 0, "2016-03-31": 0, "2015-12-31": 0, "2015-09-30": "", "2015-06-30": 0, "2015-03-31": -20, "2014-12-31": -150, "2014-09-30": "30.00000", "2014-06-30": -70, "2014-03-31": 210, "2013-12-31": 0, "2013-09-30": "", "2013-06-30": 0, "2013-03-31": 0, "2012-12-31": 0, "2012-09-30": "", "2012-06-30": 0, "2012-03-31": 0, "2011-12-31": 0, "2011-09-30": "", "2011-06-30": 0, "2011-03-31": -27.119, "2010-12-31": 27.119, "2010-09-30": "", "2010-06-30": 0, "2010-03-31": 0, "2009-12-31": 0, "2009-09-30": "-7.49600", "2009-06-30": -1.896, "2009-03-31": 0, "2008-12-31": 1.896, "2008-09-30": "", "2008-06-30": -9.563, "2008-03-31": -3.999, "2007-12-31": 13.562, "2007-09-30": "", "2007-06-30": 0, "2007-03-31": -14.58, "2006-12-31": 7.2, "2006-09-30": "7.38000", "2006-06-30": -1.261, "2006-03-31": -11.401, "2005-12-31": 8.37, "2005-09-30": "-7.42500", "2005-06-30": -9.023, "2005-03-31": 19.616}, "Debt Issuance/Retirement Net - Total": {"2020-12-31": -511.7, "2020-09-30": "-0.20000", "2020-06-30": 699.8, "2020-03-31": -0.2, "2019-12-31": -0.2, "2019-09-30": "-0.20000", "2019-06-30": -0.1, "2019-03-31": -0.3, "2018-12-31": -0.1, "2018-09-30": "-0.20000", "2018-06-30": -0.8, "2018-03-31": -1100, "2017-12-31": 0, "2017-09-30": "1100.00000", "2017-06-30": 997.2, "2017-03-31": 0, "2016-12-31": 0, "2016-09-30": "-285.00000", "2016-06-30": -7.5, "2016-03-31": -3.8, "2015-12-31": -3.7, "2015-09-30": "", "2015-06-30": 0, "2015-03-31": 876.7, "2014-12-31": -150, "2014-09-30": "29.50000", "2014-06-30": -70, "2014-03-31": 210, "2013-12-31": -0.5, "2013-09-30": "", "2013-06-30": -21.547, "2013-03-31": -0.103, "2012-12-31": -0.554, "2012-09-30": "-0.09600", "2012-06-30": -0.094, "2012-03-31": -0.516, "2011-12-31": -0.094, "2011-09-30": "-0.09100", "2011-06-30": -0.09, "2011-03-31": -27.213, "2010-12-31": 26.643, "2010-09-30": "-0.08600", "2010-06-30": -0.085, "2010-03-31": -0.09, "2009-12-31": -0.057, "2009-09-30": "-7.94300", "2009-06-30": 5.6, "2009-03-31": 0, "2008-12-31": 1.896, "2008-09-30": "-0.28500", "2008-06-30": -9.563, "2008-03-31": -3.999, "2007-12-31": 13.562, "2007-09-30": "-0.23500", "2007-06-30": 0, "2007-03-31": -14.58, "2006-12-31": 7.2, "2006-09-30": "7.21000", "2006-06-30": -1.261, "2006-03-31": -11.401, "2005-12-31": 8.37, "2005-09-30": "-7.57500", "2005-06-30": -9.023, "2005-03-31": 19.501}, "Net Common Equity Issued/Repurchased": {"2020-12-31": 6.2, "2020-09-30": "", "2020-06-30": 2.6, "2020-03-31": 0, "2019-12-31": -31.4, "2019-09-30": "-266.90000", "2019-06-30": -96.3, "2019-03-31": 0.8, "2018-12-31": 4.6, "2018-09-30": "26.20000", "2018-06-30": 5.8, "2018-03-31": 99.6, "2017-12-31": 16.8, "2017-09-30": "43.50000", "2017-06-30": 29.7, "2017-03-31": 14, "2016-12-31": 6, "2016-09-30": "20.70000", "2016-06-30": 30.6, "2016-03-31": -6.2, "2015-12-31": 1.8, "2015-09-30": "2.90000", "2015-06-30": 19.5, "2015-03-31": 4.6, "2014-12-31": 3.4, "2014-09-30": "9.00000", "2014-06-30": 3.1, "2014-03-31": -171.5, "2013-12-31": -157.4, "2013-09-30": "-150.50000", "2013-06-30": 20.868, "2013-03-31": 5.006, "2012-12-31": -193.777, "2012-09-30": "-151.69700", "2012-06-30": -160.833, "2012-03-31": -119.107, "2011-12-31": -267.208, "2011-09-30": "32.21900", "2011-06-30": -303.439, "2011-03-31": -165.342, "2010-12-31": -169.039, "2010-09-30": "-98.02300", "2010-06-30": -343.667, "2010-03-31": -360.439, "2009-12-31": -231.586, "2009-09-30": "-1.01000", "2009-06-30": 4.503, "2009-03-31": -50.609, "2008-12-31": -99.881, "2008-09-30": "-300.43600", "2008-06-30": -167.663, "2008-03-31": -346.729, "2007-12-31": -681.222, "2007-09-30": "-57.66500", "2007-06-30": 15.198, "2007-03-31": 13.537, "2006-12-31": 57.005, "2006-09-30": "-123.62000", "2006-06-30": -478.568, "2006-03-31": -50.253, "2005-12-31": 6.871, "2005-09-30": "8.22900", "2005-06-30": 6.167, "2005-03-31": -224.303}, "Net Total Equity Issued/Repurchased": {"2020-12-31": 6.2, "2020-09-30": "", "2020-06-30": 2.6, "2020-03-31": 0, "2019-12-31": -31.4, "2019-09-30": "-266.90000", "2019-06-30": -96.3, "2019-03-31": 0.8, "2018-12-31": 4.6, "2018-09-30": "26.20000", "2018-06-30": 5.8, "2018-03-31": 99.6, "2017-12-31": 16.8, "2017-09-30": "43.50000", "2017-06-30": 29.7, "2017-03-31": 14, "2016-12-31": 6, "2016-09-30": "20.70000", "2016-06-30": 30.6, "2016-03-31": -6.2, "2015-12-31": 1.8, "2015-09-30": "2.90000", "2015-06-30": 19.5, "2015-03-31": 4.6, "2014-12-31": 3.4, "2014-09-30": "9.00000", "2014-06-30": 3.1, "2014-03-31": -171.5, "2013-12-31": -157.4, "2013-09-30": "-150.50000", "2013-06-30": 20.868, "2013-03-31": 5.006, "2012-12-31": -193.777, "2012-09-30": "-151.69700", "2012-06-30": -160.833, "2012-03-31": -119.107, "2011-12-31": -267.208, "2011-09-30": "32.21900", "2011-06-30": -303.439, "2011-03-31": -165.342, "2010-12-31": -169.039, "2010-09-30": "-98.02300", "2010-06-30": -343.667, "2010-03-31": -360.439, "2009-12-31": -231.586, "2009-09-30": "-1.01000", "2009-06-30": 4.503, "2009-03-31": -50.609, "2008-12-31": -99.881, "2008-09-30": "-300.43600", "2008-06-30": -167.663, "2008-03-31": -346.729, "2007-12-31": -681.222, "2007-09-30": "-57.66500", "2007-06-30": 15.198, "2007-03-31": 13.537, "2006-12-31": 57.005, "2006-09-30": "-123.62000", "2006-06-30": -478.568, "2006-03-31": -50.253, "2005-12-31": 6.871, "2005-09-30": "8.22900", "2005-06-30": 6.167, "2005-03-31": -224.303}, "Total Common And Preferred Stock Dividends Paid": {"2020-12-31": 0, "2020-09-30": "", "2020-06-30": -93.2, "2020-03-31": -93.1, "2019-12-31": -97.2, "2019-09-30": "-96.80000", "2019-06-30": -97.9, "2019-03-31": -97.9, "2018-12-31": -97.7, "2018-09-30": "-97.20000", "2018-06-30": -97, "2018-03-31": -96.1, "2017-12-31": -95.9, "2017-09-30": "-95.10000", "2017-06-30": -94.8, "2017-03-31": -94.7, "2016-12-31": -94.5, "2016-09-30": "-94.00000", "2016-06-30": -93.8, "2016-03-31": -93.7, "2015-12-31": -93.7, "2015-09-30": "-93.30000", "2015-06-30": -93.2, "2015-03-31": -93, "2014-12-31": -93, "2014-09-30": "-92.60000", "2014-06-30": -92.8, "2014-03-31": -93.9, "2013-12-31": -94.8, "2013-09-30": "-95.00000", "2013-06-30": 0.024, "2013-03-31": -84.271, "2012-12-31": -169.687, "2012-09-30": "-85.76600", "2012-06-30": -64.698, "2012-03-31": -65.014, "2011-12-31": -65.311, "2011-09-30": "-65.25300", "2011-06-30": -44.229, "2011-03-31": -44.829, "2010-12-31": -44.283, "2010-09-30": "-44.77400", "2010-06-30": -22.869, "2010-03-31": -23.729, "2009-12-31": -23.883, "2009-09-30": "-23.84300", "2009-06-30": 0, "2009-03-31": 0, "2008-12-31": 0, "2008-09-30": "", "2008-06-30": 0, "2008-03-31": 0, "2007-12-31": 0, "2007-09-30": "", "2007-06-30": 0, "2007-03-31": 0, "2006-12-31": 0, "2006-09-30": "", "2006-06-30": 0, "2006-03-31": 0, "2005-12-31": 0, "2005-09-30": "", "2005-06-30": 0, "2005-03-31": 0}, "Financial Activities - Other": {"2020-12-31": -5, "2020-09-30": "-8.20000", "2020-06-30": -0.2, "2020-03-31": -3.3, "2019-12-31": -0.3, "2019-09-30": "-13.50000", "2019-06-30": -3.4, "2019-03-31": -2.4, "2018-12-31": -0.6, "2018-09-30": "-23.10000", "2018-06-30": -0.3, "2018-03-31": -1.9, "2017-12-31": -3.3, "2017-09-30": "-26.00000", "2017-06-30": -12.4, "2017-03-31": -2.5, "2016-12-31": -1.1, "2016-09-30": "-19.10000", "2016-06-30": -9.6, "2016-03-31": 8, "2015-12-31": -2.6, "2015-09-30": "-20.30000", "2015-06-30": -6.3, "2015-03-31": -4.3, "2014-12-31": -3.6, "2014-09-30": "-17.40000", "2014-06-30": 4.8, "2014-03-31": -1.7, "2013-12-31": -1.9, "2013-09-30": "-36.00000", "2013-06-30": 9.007, "2013-03-31": -1.109, "2012-12-31": 4.728, "2012-09-30": "-20.12600", "2012-06-30": 14.355, "2012-03-31": 23.497, "2011-12-31": 5.649, "2011-09-30": "-9.38200", "2011-06-30": -0.699, "2011-03-31": 2.262, "2010-12-31": 35.428, "2010-09-30": "2.58700", "2010-06-30": 0.028, "2010-03-31": 0.28, "2009-12-31": 18.632, "2009-09-30": "0.36200", "2009-06-30": -0.871, "2009-03-31": 0, "2008-12-31": -1.643, "2008-09-30": "1.64300", "2008-06-30": 1.716, "2008-03-31": 21.537, "2007-12-31": -20.923, "2007-09-30": "20.92300", "2007-06-30": 20.201, "2007-03-31": 44.899, "2006-12-31": -7.546, "2006-09-30": "-9.11200", "2006-06-30": 18.945, "2006-03-31": 80.392, "2005-12-31": 0, "2005-09-30": "", "2005-06-30": -58.82, "2005-03-31": 54.56}, "Cash Flow From Financial Activities": {"2020-12-31": -510.5, "2020-09-30": "-8.40000", "2020-06-30": 609, "2020-03-31": -96.6, "2019-12-31": -129.1, "2019-09-30": "-377.40000", "2019-06-30": -197.7, "2019-03-31": -99.8, "2018-12-31": -93.8, "2018-09-30": "-94.30000", "2018-06-30": -92.3, "2018-03-31": -1098.4, "2017-12-31": -82.4, "2017-09-30": "1022.40000", "2017-06-30": 919.7, "2017-03-31": -83.2, "2016-12-31": -89.6, "2016-09-30": "-377.40000", "2016-06-30": -80.3, "2016-03-31": -95.7, "2015-12-31": -98.2, "2015-09-30": "-110.70000", "2015-06-30": -80, "2015-03-31": 784, "2014-12-31": -243.2, "2014-09-30": "-71.50000", "2014-06-30": -154.9, "2014-03-31": -57.1, "2013-12-31": -254.6, "2013-09-30": "-281.50000", "2013-06-30": 8.352, "2013-03-31": -80.477, "2012-12-31": -359.29, "2012-09-30": "-257.68500", "2012-06-30": -211.27, "2012-03-31": -161.14, "2011-12-31": -326.964, "2011-09-30": "-42.50700", "2011-06-30": -348.457, "2011-03-31": -235.122, "2010-12-31": -151.251, "2010-09-30": "-140.29600", "2010-06-30": -366.593, "2010-03-31": -383.978, "2009-12-31": -236.894, "2009-09-30": "-32.43400", "2009-06-30": 9.232, "2009-03-31": -50.609, "2008-12-31": -99.628, "2008-09-30": "-299.07800", "2008-06-30": -175.51, "2008-03-31": -329.191, "2007-12-31": -688.583, "2007-09-30": "-36.97700", "2007-06-30": 35.399, "2007-03-31": 43.856, "2006-12-31": 56.659, "2006-09-30": "-125.52200", "2006-06-30": -460.884, "2006-03-31": 18.738, "2005-12-31": 15.241, "2005-09-30": "0.65400", "2005-06-30": -61.676, "2005-03-31": -150.242}, "Net Cash Flow": {"2020-12-31": 128.7, "2020-09-30": "87.60000", "2020-06-30": 683.7, "2020-03-31": -154.3, "2019-12-31": 374.8, "2019-09-30": "-447.10000", "2019-06-30": -106.1, "2019-03-31": -161.7, "2018-12-31": 332.3, "2018-09-30": "-338.70000", "2018-06-30": 211.7, "2018-03-31": -1033.3, "2017-12-31": 691.7, "2017-09-30": "-1299.60000", "2017-06-30": 1278.4, "2017-03-31": 84.8, "2016-12-31": 309.7, "2016-09-30": "141.00000", "2016-06-30": 37.4, "2016-03-31": -22.2, "2015-12-31": -122.2, "2015-09-30": "-325.80000", "2015-06-30": -490.2, "2015-03-31": 945.7, "2014-12-31": 175.4, "2014-09-30": "69.00000", "2014-06-30": 128.4, "2014-03-31": -104.7, "2013-12-31": -146.4, "2013-09-30": "-348.20000", "2013-06-30": 186.456, "2013-03-31": 17.702, "2012-12-31": 97.902, "2012-09-30": "-156.46000", "2012-06-30": -12.455, "2012-03-31": -155.925, "2011-12-31": 239.876, "2011-09-30": "145.93700", "2011-06-30": -112.958, "2011-03-31": 28.508, "2010-12-31": 162.861, "2010-09-30": "24.90100", "2010-06-30": -106.308, "2010-03-31": -400.399, "2009-12-31": 108.497, "2009-09-30": "194.31800", "2009-06-30": 249.095, "2009-03-31": 127.114, "2008-12-31": 14.643, "2008-09-30": "-289.39500", "2008-06-30": 90.705, "2008-03-31": -262.05, "2007-12-31": 83.694, "2007-09-30": "229.60000", "2007-06-30": 334.64, "2007-03-31": -43.019, "2006-12-31": 169.783, "2006-09-30": "-47.83600", "2006-06-30": -41.024, "2006-03-31": -0.713, "2005-12-31": 76.835, "2005-09-30": "-46.27600", "2005-06-30": -62.339, "2005-03-31": -45.815}, "Stock-Based Compensation": {"2020-12-31": 14.9, "2020-09-30": "14.00000", "2020-06-30": 6.1, "2020-03-31": 13.2, "2019-12-31": 16.7, "2019-09-30": "17.10000", "2019-06-30": 19.4, "2019-03-31": 22.3, "2018-12-31": 21.1, "2018-09-30": "22.00000", "2018-06-30": 20.4, "2018-03-31": 22.4, "2017-12-31": 18.5, "2017-09-30": "20.00000", "2017-06-30": 18.5, "2017-03-31": 18.9, "2016-12-31": 20.2, "2016-09-30": "16.00000", "2016-06-30": 21.1, "2016-03-31": 21.2, "2015-12-31": 21.6, "2015-09-30": "22.90000", "2015-06-30": 21.9, "2015-03-31": 22.7, "2014-12-31": 22.4, "2014-09-30": "21.90000", "2014-06-30": 26.3, "2014-03-31": 25.8, "2013-12-31": 25.5, "2013-09-30": "17.50000", "2013-06-30": 31.291, "2013-03-31": 30.183, "2012-12-31": 30.493, "2012-09-30": "28.53300", "2012-06-30": 28.425, "2012-03-31": 27.494, "2011-12-31": 26.986, "2011-09-30": "24.60600", "2011-06-30": 24.463, "2011-03-31": 24.044, "2010-12-31": 24.981, "2010-09-30": "22.34200", "2010-06-30": 22.478, "2010-03-31": 20.054, "2009-12-31": 19.92, "2009-09-30": "18.96800", "2009-06-30": 17.886, "2009-03-31": 17.684, "2008-12-31": 18.735, "2008-09-30": "13.23700", "2008-06-30": 16.506, "2008-03-31": 16.32, "2007-12-31": 17.747, "2007-09-30": "16.40600", "2007-06-30": 15.173, "2007-03-31": 15.467, "2006-12-31": 13.384, "2006-09-30": "12.70200", "2006-06-30": 17.904, "2006-03-31": 21.206, "2005-12-31": 17.079, "2005-09-30": "13.00100", "2005-06-30": 15.189, "2005-03-31": 40.691}, "Common Stock Dividends Paid": {"2020-12-31": 0, "2020-09-30": "0.00000", "2020-06-30": -93.2, "2020-03-31": -93.1, "2019-12-31": -97.2, "2019-09-30": "-96.80000", "2019-06-30": -97.9, "2019-03-31": -97.9, "2018-12-31": -97.7, "2018-09-30": "-97.20000", "2018-06-30": -97, "2018-03-31": -96.1, "2017-12-31": -95.9, "2017-09-30": "-95.10000", "2017-06-30": -94.8, "2017-03-31": -94.7, "2016-12-31": -94.5, "2016-09-30": "-94.00000", "2016-06-30": -93.8, "2016-03-31": -93.7, "2015-12-31": -93.7, "2015-09-30": "-93.30000", "2015-06-30": -93.2, "2015-03-31": -93, "2014-12-31": -93, "2014-09-30": "-92.60000", "2014-06-30": -92.8, "2014-03-31": -93.9, "2013-12-31": -94.8, "2013-09-30": "-95.00000", "2013-06-30": 0.024, "2013-03-31": -84.271, "2012-12-31": -169.687, "2012-09-30": "-85.76600", "2012-06-30": -64.698, "2012-03-31": -65.014, "2011-12-31": -65.311, "2011-09-30": "-65.25300", "2011-06-30": -44.229, "2011-03-31": -44.829, "2010-12-31": -44.283, "2010-09-30": "-44.77400", "2010-06-30": -22.869, "2010-03-31": -23.729, "2009-12-31": -23.883, "2009-09-30": "-23.84300", "2009-06-30": 0, "2009-03-31": 0, "2008-12-31": 0, "2008-09-30": "", "2008-06-30": 0, "2008-03-31": 0, "2007-12-31": 0, "2007-09-30": "", "2007-06-30": 0, "2007-03-31": 0, "2006-12-31": 0, "2006-09-30": "", "2006-06-30": 0, "2006-03-31": 0, "2005-12-31": 0, "2005-09-30": "", "2005-06-30": 0, "2005-03-31": 0}}, "financial ratios": {"Current Ratio": {"2020-06-30": "1.46550", "2019-06-30": "2.78520", "2018-06-30": "2.59280", "2017-06-30": "5.24450", "2016-06-30": "2.62840", "2015-06-30": "3.00290", "2014-06-30": "2.28160", "2013-06-30": "2.86630", "2012-06-30": "2.51270", "2011-06-30": "2.44920", "2010-06-30": "2.46230", "2009-06-30": "3.03800", "2008-06-30": "3.01420", "2007-06-30": "4.26520", "2006-06-30": "2.85080", "2005-06-30": "2.67020"}, "Long-term Debt / Capital": {"2020-06-30": "0.41090", "2019-06-30": "0.31320", "2018-06-30": "0.33030", "2017-06-30": "0.34480", "2016-06-30": "0.24300", "2015-06-30": "0.26090", "2014-06-30": "", "2013-06-30": "0.00020", "2012-06-30": "0.00050", "2011-06-30": "0.01430", "2010-06-30": "0.01580", "2009-06-30": "0.01460", "2008-06-30": "0.00170", "2007-06-30": "0.00150", "2006-06-30": "0.00260", "2005-06-30": "0.00310"}, "Debt/Equity Ratio": {"2020-06-30": "1.01010", "2019-06-30": "0.45620", "2018-06-30": "0.49330", "2017-06-30": "0.52620", "2016-06-30": "0.32660", "2015-06-30": "0.35760", "2014-06-30": "0.05800", "2013-06-30": "0.00040", "2012-06-30": "0.01170", "2011-06-30": "0.01500", "2010-06-30": "0.01650", "2009-06-30": "0.01950", "2008-06-30": "0.00190", "2007-06-30": "0.00160", "2006-06-30": "0.00280", "2005-06-30": "0.01490"}, "Gross Margin": {"2020-06-30": "65.29000", "2019-06-30": "67.25790", "2018-06-30": "65.45070", "2017-06-30": "68.64740", "2016-06-30": "67.93050", "2015-06-30": "69.39120", "2014-06-30": "68.59890", "2013-06-30": "72.86320", "2012-06-30": "72.76810", "2011-06-30": "72.70740", "2010-06-30": "73.00320", "2009-06-30": "71.89700", "2008-06-30": "75.67710", "2007-06-30": "77.43620", "2006-06-30": "77.71500", "2005-06-30": "76.74200"}, "Operating Margin": {"2020-06-30": "-11.10170", "2019-06-30": "13.60020", "2018-06-30": "11.42860", "2017-06-30": "17.54340", "2016-06-30": "14.54870", "2015-06-30": "14.74380", "2014-06-30": "23.30530", "2013-06-30": "30.03700", "2012-06-30": "31.74330", "2011-06-30": "31.37960", "2010-06-30": "31.88160", "2009-06-30": "30.08580", "2008-06-30": "36.06470", "2007-06-30": "38.02540", "2006-06-30": "35.11930", "2005-06-30": "32.43080"}, "EBIT Margin": {"2020-06-30": "-11.10170", "2019-06-30": "13.60020", "2018-06-30": "11.42860", "2017-06-30": "17.54340", "2016-06-30": "14.54870", "2015-06-30": "14.74380", "2014-06-30": "23.30530", "2013-06-30": "30.03700", "2012-06-30": "31.74330", "2011-06-30": "31.37960", "2010-06-30": "31.88160", "2009-06-30": "30.08580", "2008-06-30": "36.06470", "2007-06-30": "38.02540", "2006-06-30": "35.11930", "2005-06-30": "32.43080"}, "EBITDA Margin": {"2020-06-30": "-6.09710", "2019-06-30": "18.05010", "2018-06-30": "15.85540", "2017-06-30": "22.28460", "2016-06-30": "19.23730", "2015-06-30": "19.31960", "2014-06-30": "27.24610", "2013-06-30": "33.24860", "2012-06-30": "34.53360", "2011-06-30": "34.38810", "2010-06-30": "35.39480", "2009-06-30": "33.89380", "2008-06-30": "39.23070", "2007-06-30": "41.11950", "2006-06-30": "38.31300", "2005-06-30": "35.48220"}, "Pre-Tax Profit Margin": {"2020-06-30": "-12.58110", "2019-06-30": "12.71260", "2018-06-30": "10.14970", "2017-06-30": "16.91060", "2016-06-30": "13.94990", "2015-06-30": "14.59110", "2014-06-30": "23.35110", "2013-06-30": "29.95820", "2012-06-30": "31.61050", "2011-06-30": "31.29050", "2010-06-30": "32.10220", "2009-06-30": "30.41950", "2008-06-30": "37.56810", "2007-06-30": "39.60530", "2006-06-30": "36.72230", "2005-06-30": "33.38490"}, "Net Profit Margin": {"2020-06-30": "-13.14350", "2019-06-30": "10.67510", "2018-06-30": "6.76020", "2017-06-30": "13.16760", "2016-06-30": "10.25200", "2015-06-30": "9.60020", "2014-06-30": "16.25610", "2013-06-30": "20.38070", "2012-06-30": "21.81130", "2011-06-30": "21.18070", "2010-06-30": "20.37180", "2009-06-30": "19.29660", "2008-06-30": "24.61850", "2007-06-30": "25.40390", "2006-06-30": "24.28780", "2005-06-30": "21.71160"}, "Asset Turnover": {"2020-06-30": "0.62610", "2019-06-30": "0.87640", "2018-06-30": "0.88050", "2017-06-30": "0.76970", "2016-06-30": "0.91810", "2015-06-30": "0.89820", "2014-06-30": "1.31210", "2013-06-30": "1.43700", "2012-06-30": "1.53440", "2011-06-30": "1.57810", "2010-06-30": "1.46230", "2009-06-30": "1.25980", "2008-06-30": "1.41530", "2007-06-30": "1.06650", "2006-06-30": "1.25120", "2005-06-30": "1.20550"}, "Inventory Turnover Ratio": {"2020-06-30": "2.33700", "2019-06-30": "2.53550", "2018-06-30": "3.01500", "2017-06-30": "2.99600", "2016-06-30": "3.13700", "2015-06-30": "2.64480", "2014-06-30": "2.86810", "2013-06-30": "2.62490", "2012-06-30": "2.57110", "2011-06-30": "2.69060", "2010-06-30": "2.68090", "2009-06-30": "2.78360", "2008-06-30": "2.42910", "2007-06-30": "2.02430", "2006-06-30": "1.94230", "2005-06-30": "2.08300"}, "Receiveable Turnover": {"2020-06-30": "20.73300", "2019-06-30": "17.03050", "2018-06-30": "17.29920", "2017-06-30": "14.50180", "2016-06-30": "17.35630", "2015-06-30": "19.09610", "2014-06-30": "24.20040", "2013-06-30": "28.92350", "2012-06-30": "27.30210", "2011-06-30": "29.10120", "2010-06-30": "33.07690", "2009-06-30": "29.71720", "2008-06-30": "29.79970", "2007-06-30": "24.23110", "2006-06-30": "24.12350", "2005-06-30": "25.25580"}, "Days Sales In Receivables": {"2020-06-30": "17.60480", "2019-06-30": "21.43210", "2018-06-30": "21.09920", "2017-06-30": "25.16930", "2016-06-30": "21.02990", "2015-06-30": "19.11380", "2014-06-30": "15.08240", "2013-06-30": "12.61950", "2012-06-30": "13.36890", "2011-06-30": "12.54240", "2010-06-30": "11.03490", "2009-06-30": "12.28250", "2008-06-30": "12.24850", "2007-06-30": "15.06330", "2006-06-30": "15.13050", "2005-06-30": "14.45210"}, "ROE - Return On Equity": {"2020-06-30": "-28.64610", "2019-06-30": "18.31270", "2018-06-30": "12.25110", "2017-06-30": "19.68750", "2016-06-30": "17.16430", "2015-06-30": "16.16130", "2014-06-30": "32.27710", "2013-06-30": "42.93620", "2012-06-30": "52.12980", "2011-06-30": "54.62090", "2010-06-30": "48.82370", "2009-06-30": "36.75430", "2008-06-30": "52.53970", "2007-06-30": "33.32000", "2006-06-30": "39.01970", "2005-06-30": "31.88190"}, "Return On Tangible Equity": {"2020-06-30": "161.37110", "2019-06-30": "225.51720", "2018-06-30": "1450.74800", "2017-06-30": "27.10260", "2016-06-30": "25.11320", "2015-06-30": "23.72920", "2014-06-30": "38.12340", "2013-06-30": "50.35220", "2012-06-30": "64.64470", "2011-06-30": "69.25740", "2010-06-30": "61.77810", "2009-06-30": "44.43540", "2008-06-30": "63.58580", "2007-06-30": "37.78300", "2006-06-30": "48.88100", "2005-06-30": "41.81320"}, "ROA - Return On Assets": {"2020-06-30": "-8.22920", "2019-06-30": "9.35540", "2018-06-30": "5.95210", "2017-06-30": "10.13440", "2016-06-30": "9.41200", "2015-06-30": "8.62240", "2014-06-30": "21.32890", "2013-06-30": "29.28740", "2012-06-30": "33.46660", "2011-06-30": "33.42550", "2010-06-30": "29.78950", "2009-06-30": "24.30920", "2008-06-30": "34.84270", "2007-06-30": "25.98600", "2006-06-30": "28.51730", "2005-06-30": "24.57000"}, "ROI - Return On Investment": {"2020-06-30": "-16.87500", "2019-06-30": "12.57800", "2018-06-30": "8.20520", "2017-06-30": "12.90000", "2016-06-30": "12.99340", "2015-06-30": "11.94420", "2014-06-30": "32.27710", "2013-06-30": "42.92750", "2012-06-30": "52.10400", "2011-06-30": "53.84100", "2010-06-30": "48.05250", "2009-06-30": "36.21890", "2008-06-30": "52.44890", "2007-06-30": "33.27010", "2006-06-30": "38.91820", "2005-06-30": "31.78340"}, "Book Value Per Share": {"2020-06-30": "8.24190", "2019-06-30": "12.25040", "2018-06-30": "11.26600", "2017-06-30": "10.64880", "2016-06-30": "9.63340", "2015-06-30": "9.00180", "2014-06-30": "8.82140", "2013-06-30": "8.54610", "2012-06-30": "6.98980", "2011-06-30": "5.58920", "2010-06-30": "5.07060", "2009-06-30": "5.33340", "2008-06-30": "4.42600", "2007-06-30": "5.12820", "2006-06-30": "3.21430", "2005-06-30": "2.79030"}, "Operating Cash Flow Per Share": {"2020-06-30": -1.264, "2019-06-30": -0.7314, "2018-06-30": 0.4372, "2017-06-30": 0.303, "2016-06-30": -0.6656, "2015-06-30": -0.1326, "2014-06-30": -1.4246, "2013-06-30": 0.7853, "2012-06-30": 0.7272, "2011-06-30": 0.2892, "2010-06-30": 0.6522, "2009-06-30": -0.0775, "2008-06-30": 0.4924, "2007-06-30": 0.535, "2006-06-30": 0.3162, "2005-06-30": 1.2189}, "Free Cash Flow Per Share": {"2020-06-30": -1.0584, "2019-06-30": -0.7478, "2018-06-30": 0.0662, "2017-06-30": 1.1668, "2016-06-30": -1.3659, "2015-06-30": -0.0684, "2014-06-30": -1.3646, "2013-06-30": 0.5687, "2012-06-30": 0.5905, "2011-06-30": 0.0561, "2010-06-30": 1.1335, "2009-06-30": -0.3307, "2008-06-30": 0.38, "2007-06-30": 0.506, "2006-06-30": 0.2151, "2005-06-30": 0.9765}}, "financial ratios, quarterly": {"Current Ratio": {"2020-12-31": "1.87670", "2020-09-30": "1.56430", "2020-06-30": "1.46550", "2020-03-31": "1.87190", "2019-12-31": "2.00540", "2019-09-30": "1.81840", "2019-06-30": "2.78520", "2019-03-31": "2.67150", "2018-12-31": "2.61630", "2018-09-30": "2.74350", "2018-06-30": "2.59280", "2018-03-31": "2.66050", "2017-12-31": "1.89570", "2017-09-30": "1.74210", "2017-06-30": "5.24450", "2017-03-31": "4.35270", "2016-12-31": "3.86700", "2016-09-30": "3.59320", "2016-06-30": "2.62840", "2016-03-31": "3.09650", "2015-12-31": "3.26930", "2015-09-30": "3.13130", "2015-06-30": "3.00290", "2015-03-31": "4.19390", "2014-12-31": "2.72210", "2014-09-30": "2.37160", "2014-06-30": "2.28160", "2014-03-31": "2.27180", "2013-12-31": "2.54330", "2013-09-30": "2.64630", "2013-06-30": "2.86630", "2013-03-31": "3.08240", "2012-12-31": "2.40380", "2012-09-30": "2.41970", "2012-06-30": "2.51270", "2012-03-31": "2.82330", "2011-12-31": "2.33790", "2011-09-30": "2.67540", "2011-06-30": "2.44920", "2011-03-31": "2.84060", "2010-12-31": "2.73500", "2010-09-30": "2.50200", "2010-06-30": "2.46230", "2010-03-31": "2.73940", "2009-12-31": "2.96720", "2009-09-30": "3.02630", "2009-06-30": "3.03800", "2009-03-31": "2.94380", "2008-12-31": "2.35090", "2008-09-30": "2.62750", "2008-06-30": "3.01420", "2008-03-31": "3.48590", "2007-12-31": "3.46730", "2007-09-30": "4.68980", "2007-06-30": "4.26520", "2007-03-31": "4.33470", "2006-12-31": "3.15240", "2006-09-30": "2.59130", "2006-06-30": "2.85080", "2006-03-31": "4.31510", "2005-12-31": "3.39700", "2005-09-30": "3.02400", "2005-06-30": "2.67020", "2005-03-31": "3.47630"}, "Long-term Debt / Capital": {"2020-12-31": "0.35480", "2020-09-30": "0.38570", "2020-06-30": "0.41090", "2020-03-31": "0.38340", "2019-12-31": "0.32480", "2019-09-30": "0.34100", "2019-06-30": "0.31320", "2019-03-31": "0.31200", "2018-12-31": "0.31460", "2018-09-30": "0.32600", "2018-06-30": "0.33030", "2018-03-31": "0.33760", "2017-12-31": "0.39020", "2017-09-30": "0.39110", "2017-06-30": "0.34480", "2017-03-31": "0.16990", "2016-12-31": "0.17390", "2016-09-30": "0.17810", "2016-06-30": "0.24300", "2016-03-31": "0.24860", "2015-12-31": "0.25350", "2015-09-30": "0.26140", "2015-06-30": "0.26090", "2015-03-31": "0.25930", "2014-12-31": "", "2014-09-30": "", "2014-06-30": "", "2014-03-31": "", "2013-12-31": "", "2013-09-30": "0.00020", "2013-06-30": "0.00020", "2013-03-31": "0.00020", "2012-12-31": "0.00020", "2012-09-30": "0.00050", "2012-06-30": "0.00050", "2012-03-31": "0.01150", "2011-12-31": "0.01220", "2011-09-30": "0.01260", "2011-06-30": "0.01430", "2011-03-31": "0.01330", "2010-12-31": "0.01340", "2010-09-30": "0.01500", "2010-06-30": "0.01580", "2010-03-31": "0.01440", "2009-12-31": "0.01290", "2009-09-30": "0.01310", "2009-06-30": "0.01460", "2009-03-31": "0.01590", "2008-12-31": "0.01680", "2008-09-30": "0.00170", "2008-06-30": "0.00170", "2008-03-31": "0.00180", "2007-12-31": "0.00160", "2007-09-30": "0.00130", "2007-06-30": "0.00150", "2007-03-31": "0.00170", "2006-12-31": "0.00190", "2006-09-30": "0.00240", "2006-06-30": "0.00260", "2006-03-31": "0.00200", "2005-12-31": "0.00230", "2005-09-30": "0.00260", "2005-06-30": "0.00310", "2005-03-31": "0.00360"}, "Debt/Equity Ratio": {"2020-12-31": "0.61900", "2020-09-30": "0.90910", "2020-06-30": "1.01010", "2020-03-31": "0.62620", "2019-12-31": "0.48100", "2019-09-30": "0.51740", "2019-06-30": "0.45620", "2019-03-31": "0.45370", "2018-12-31": "0.45920", "2018-09-30": "0.48380", "2018-06-30": "0.49330", "2018-03-31": "0.50990", "2017-12-31": "0.91140", "2017-09-30": "0.91460", "2017-06-30": "0.52620", "2017-03-31": "0.20460", "2016-12-31": "0.21050", "2016-09-30": "0.21670", "2016-06-30": "0.32660", "2016-03-31": "0.33650", "2015-12-31": "0.34550", "2015-09-30": "0.36010", "2015-06-30": "0.35760", "2015-03-31": "0.35300", "2014-12-31": "0.00790", "2014-09-30": "0.06970", "2014-06-30": "0.05800", "2014-03-31": "0.08810", "2013-12-31": "0.00020", "2013-09-30": "0.00040", "2013-06-30": "0.00040", "2013-03-31": "0.01010", "2012-12-31": "0.01090", "2012-09-30": "0.01170", "2012-06-30": "0.01170", "2012-03-31": "0.01210", "2011-12-31": "0.01280", "2011-09-30": "0.01320", "2011-06-30": "0.01500", "2011-03-31": "0.01390", "2010-12-31": "0.02960", "2010-09-30": "0.01570", "2010-06-30": "0.01650", "2010-03-31": "0.01500", "2009-12-31": "0.01340", "2009-09-30": "0.01370", "2009-06-30": "0.01950", "2009-03-31": "0.01780", "2008-12-31": "0.01870", "2008-09-30": "0.00190", "2008-06-30": "0.00190", "2008-03-31": "0.00960", "2007-12-31": "0.01080", "2007-09-30": "0.00140", "2007-06-30": "0.00160", "2007-03-31": "0.00180", "2006-12-31": "0.01170", "2006-09-30": "0.00880", "2006-06-30": "0.00280", "2006-03-31": "0.00340", "2005-12-31": "0.01210", "2005-09-30": "0.00700", "2005-06-30": "0.01490", "2005-03-31": "0.02710"}, "Gross Margin": {"2020-12-31": "69.63930", "2020-09-30": "70.82410", "2020-06-30": "69.79580", "2020-03-31": "57.44380", "2019-12-31": "66.61340", "2019-09-30": "67.34660", "2019-06-30": "66.01040", "2019-03-31": "68.79230", "2018-12-31": "66.83140", "2018-09-30": "67.70200", "2018-06-30": "67.52040", "2018-03-31": "68.63280", "2017-12-31": "65.89360", "2017-09-30": "59.19000", "2017-06-30": "66.54620", "2017-03-31": "70.91040", "2016-12-31": "68.56320", "2016-09-30": "68.88010", "2016-06-30": "67.78970", "2016-03-31": "69.01560", "2015-12-31": "67.44390", "2015-09-30": "67.60170", "2015-06-30": "68.48920", "2015-03-31": "71.61300", "2014-12-31": "68.88630", "2014-09-30": "68.86790", "2014-06-30": "62.17220", "2014-03-31": "71.05310", "2013-12-31": "69.22370", "2013-09-30": "71.82830", "2013-06-30": "72.57410", "2013-03-31": "74.11620", "2012-12-31": "72.17720", "2012-09-30": "72.77460", "2012-06-30": "72.55480", "2012-03-31": "73.76750", "2011-12-31": "72.15070", "2011-09-30": "72.79920", "2011-06-30": "71.78030", "2011-03-31": "72.75170", "2010-12-31": "72.37700", "2010-09-30": "74.16850", "2010-06-30": "73.32780", "2010-03-31": "74.10590", "2009-12-31": "72.38830", "2009-09-30": "72.25520", "2009-06-30": "70.37250", "2009-03-31": "70.96030", "2008-12-31": "72.06790", "2008-09-30": "74.17560", "2008-06-30": "75.91710", "2008-03-31": "74.99010", "2007-12-31": "75.38440", "2007-09-30": "76.57860", "2007-06-30": "78.09440", "2007-03-31": "77.78790", "2006-12-31": "77.12170", "2006-09-30": "76.68850", "2006-06-30": "78.78690", "2006-03-31": "78.42090", "2005-12-31": "77.60240", "2005-09-30": "76.03530", "2005-06-30": "78.27280", "2005-03-31": "78.05790"}, "Operating Margin": {"2020-12-31": "23.10430", "2020-09-30": "17.24960", "2020-06-30": "-39.17190", "2020-03-31": "-63.90420", "2019-12-31": "19.99450", "2019-09-30": "3.80000", "2019-06-30": "11.30350", "2019-03-31": "8.24700", "2018-12-31": "20.90740", "2018-09-30": "11.75070", "2018-06-30": "12.69800", "2018-03-31": "12.02360", "2017-12-31": "19.40620", "2017-09-30": "-1.69140", "2017-06-30": "17.02240", "2017-03-31": "15.18290", "2016-12-31": "20.98810", "2016-09-30": "15.98880", "2016-06-30": "10.11600", "2016-03-31": "12.99970", "2015-12-31": "20.48990", "2015-09-30": "13.72420", "2015-06-30": "3.86420", "2015-03-31": "13.34340", "2014-12-31": "22.58490", "2014-09-30": "17.30840", "2014-06-30": "8.78370", "2014-03-31": "23.89050", "2013-12-31": "30.71290", "2013-09-30": "27.94580", "2013-06-30": "25.98460", "2013-03-31": "29.34490", "2012-12-31": "35.01700", "2012-09-30": "28.56310", "2012-06-30": "30.43920", "2012-03-31": "30.43260", "2011-12-31": "34.57710", "2011-09-30": "30.65300", "2011-06-30": "30.25100", "2011-03-31": "26.69980", "2010-12-31": "35.85220", "2010-09-30": "31.33370", "2010-06-30": "31.24220", "2010-03-31": "29.99050", "2009-12-31": "35.75920", "2009-09-30": "29.31920", "2009-06-30": "26.31810", "2009-03-31": "25.05300", "2008-12-31": "36.27810", "2008-09-30": "31.02690", "2008-06-30": "31.81270", "2008-03-31": "34.47740", "2007-12-31": "41.21230", "2007-09-30": "35.28180", "2007-06-30": "37.63080", "2007-03-31": "36.24280", "2006-12-31": "42.29320", "2006-09-30": "34.12290", "2006-06-30": "31.13050", "2006-03-31": "32.03470", "2005-12-31": "42.12320", "2005-09-30": "32.32180", "2005-06-30": "25.35890", "2005-03-31": "31.81620"}, "EBIT Margin": {"2020-12-31": "23.10430", "2020-09-30": "17.24960", "2020-06-30": "-39.17190", "2020-03-31": "-63.90420", "2019-12-31": "19.99450", "2019-09-30": "3.80000", "2019-06-30": "11.30340", "2019-03-31": "8.24700", "2018-12-31": "20.90740", "2018-09-30": "11.75070", "2018-06-30": "12.69800", "2018-03-31": "12.02360", "2017-12-31": "19.40620", "2017-09-30": "-1.69140", "2017-06-30": "17.02240", "2017-03-31": "15.18290", "2016-12-31": "20.98810", "2016-09-30": "15.98880", "2016-06-30": "10.11600", "2016-03-31": "12.99970", "2015-12-31": "20.48990", "2015-09-30": "13.72420", "2015-06-30": "3.86420", "2015-03-31": "13.34340", "2014-12-31": "22.58490", "2014-09-30": "17.30840", "2014-06-30": "8.78370", "2014-03-31": "23.89050", "2013-12-31": "30.71290", "2013-09-30": "27.94580", "2013-06-30": "25.98460", "2013-03-31": "29.34490", "2012-12-31": "35.01700", "2012-09-30": "28.56310", "2012-06-30": "30.43910", "2012-03-31": "30.43260", "2011-12-31": "34.57710", "2011-09-30": "30.65300", "2011-06-30": "30.25100", "2011-03-31": "26.69980", "2010-12-31": "35.85220", "2010-09-30": "31.33370", "2010-06-30": "31.24220", "2010-03-31": "29.99050", "2009-12-31": "35.75920", "2009-09-30": "29.31920", "2009-06-30": "26.31810", "2009-03-31": "25.05300", "2008-12-31": "36.27810", "2008-09-30": "31.02690", "2008-06-30": "31.81270", "2008-03-31": "34.47740", "2007-12-31": "41.21230", "2007-09-30": "35.28180", "2007-06-30": "37.63080", "2007-03-31": "36.24280", "2006-12-31": "42.29320", "2006-09-30": "34.12290", "2006-06-30": "31.13050", "2006-03-31": "32.03470", "2005-12-31": "42.12320", "2005-09-30": "32.32180", "2005-06-30": "25.35890", "2005-03-31": "31.81620"}, "EBITDA Margin": {"2020-12-31": "", "2020-09-30": "", "2020-06-30": "", "2020-03-31": "", "2019-12-31": "", "2019-09-30": "", "2019-06-30": "", "2019-03-31": "", "2018-12-31": "", "2018-09-30": "", "2018-06-30": "", "2018-03-31": "", "2017-12-31": "", "2017-09-30": "", "2017-06-30": "", "2017-03-31": "", "2016-12-31": "", "2016-09-30": "", "2016-06-30": "", "2016-03-31": "", "2015-12-31": "", "2015-09-30": "", "2015-06-30": "", "2015-03-31": "", "2014-12-31": "", "2014-09-30": "", "2014-06-30": "", "2014-03-31": "", "2013-12-31": "", "2013-09-30": "", "2013-06-30": "", "2013-03-31": "", "2012-12-31": "", "2012-09-30": "", "2012-06-30": "", "2012-03-31": "", "2011-12-31": "", "2011-09-30": "", "2011-06-30": "", "2011-03-31": "", "2010-12-31": "", "2010-09-30": "", "2010-06-30": "", "2010-03-31": "", "2009-12-31": "", "2009-09-30": "", "2009-06-30": "", "2009-03-31": "", "2008-12-31": "", "2008-09-30": "", "2008-06-30": "", "2008-03-31": "", "2007-12-31": "", "2007-09-30": "", "2007-06-30": "", "2007-03-31": "", "2006-12-31": "", "2006-09-30": "", "2006-06-30": "", "2006-03-31": "", "2005-12-31": "", "2005-09-30": "", "2005-06-30": "", "2005-03-31": ""}, "Pre-Tax Profit Margin": {"2020-12-31": "22.20840", "2020-09-30": "15.81640", "2020-06-30": "-42.08170", "2020-03-31": "-65.72200", "2019-12-31": "19.54850", "2019-09-30": "1.95890", "2019-06-30": "10.49750", "2019-03-31": "7.15040", "2018-12-31": "20.40760", "2018-09-30": "10.46920", "2018-06-30": "11.64660", "2018-03-31": "10.74560", "2017-12-31": "18.16250", "2017-09-30": "-3.28190", "2017-06-30": "15.82290", "2017-03-31": "14.78100", "2016-12-31": "20.60230", "2016-09-30": "15.43950", "2016-06-30": "9.47510", "2016-03-31": "12.37050", "2015-12-31": "19.99530", "2015-09-30": "13.07390", "2015-06-30": "3.23670", "2015-03-31": "13.21430", "2014-12-31": "22.61770", "2014-09-30": "17.37580", "2014-06-30": "8.83650", "2014-03-31": "23.70860", "2013-12-31": "30.84670", "2013-09-30": "28.09350", "2013-06-30": "25.98610", "2013-03-31": "29.28230", "2012-12-31": "34.93460", "2012-09-30": "28.38770", "2012-06-30": "30.30750", "2012-03-31": "30.28190", "2011-12-31": "34.45490", "2011-09-30": "30.52330", "2011-06-30": "30.11460", "2011-03-31": "26.61130", "2010-12-31": "35.78140", "2010-09-30": "31.27210", "2010-06-30": "31.47320", "2010-03-31": "30.23440", "2009-12-31": "35.93800", "2009-09-30": "29.56020", "2009-06-30": "27.31090", "2009-03-31": "25.03670", "2008-12-31": "36.33350", "2008-09-30": "31.37850", "2008-06-30": "33.43890", "2008-03-31": "35.75970", "2007-12-31": "42.29280", "2007-09-30": "37.49780", "2007-06-30": "39.74810", "2007-03-31": "38.31980", "2006-12-31": "43.27230", "2006-09-30": "35.36750", "2006-06-30": "33.24150", "2006-03-31": "34.14380", "2005-12-31": "43.19800", "2005-09-30": "33.63310", "2005-06-30": "26.70240", "2005-03-31": "33.00510"}, "Net Profit Margin": {"2020-12-31": "18.45260", "2020-09-30": "19.76630", "2020-06-30": "-41.10240", "2020-03-31": "-63.12110", "2019-12-31": "16.45370", "2019-09-30": "1.47290", "2019-06-30": "9.83680", "2019-03-31": "8.81780", "2018-12-31": "14.14930", "2018-09-30": "8.85460", "2018-06-30": "14.26840", "2018-03-31": "10.60950", "2017-12-31": "3.54060", "2017-09-30": "-1.37330", "2017-06-30": "13.37980", "2017-03-31": "12.27890", "2016-12-31": "15.10930", "2016-09-30": "11.31460", "2016-06-30": "7.05870", "2016-03-31": "10.88960", "2015-12-31": "13.35370", "2015-09-30": "9.35650", "2015-06-30": "1.16520", "2015-03-31": "9.48030", "2014-12-31": "15.04840", "2014-09-30": "11.46520", "2014-06-30": "6.62740", "2014-03-31": "17.34270", "2013-12-31": "20.94960", "2013-09-30": "18.93470", "2013-06-30": "18.10120", "2013-03-31": "20.11930", "2012-12-31": "23.45860", "2012-09-30": "19.06240", "2012-06-30": "21.76520", "2012-03-31": "20.28910", "2011-12-31": "23.98750", "2011-09-30": "20.46760", "2011-06-30": "19.62640", "2011-03-31": "19.56600", "2010-12-31": "23.99670", "2010-09-30": "20.71760", "2010-06-30": "20.57040", "2010-03-31": "18.97700", "2009-12-31": "22.62430", "2009-09-30": "18.49490", "2009-06-30": "18.74560", "2009-03-31": "15.52280", "2008-12-31": "22.58840", "2008-09-30": "19.37610", "2008-06-30": "27.32230", "2008-03-31": "21.81370", "2007-12-31": "25.79880", "2007-09-30": "22.87600", "2007-06-30": "24.62890", "2007-03-31": "23.98260", "2006-12-31": "28.23640", "2006-09-30": "23.72710", "2006-06-30": "25.79420", "2006-03-31": "22.68960", "2005-12-31": "26.78220", "2005-09-30": "20.85190", "2005-06-30": "24.96410", "2005-03-31": "19.44320"}, "Asset Turnover": {"2020-12-31": "0.20680", "2020-09-30": "0.14410", "2020-06-30": "0.09020", "2020-03-31": "0.13850", "2019-12-31": "0.20870", "2019-09-30": "0.16070", "2019-06-30": "0.22010", "2019-03-31": "0.19100", "2018-12-31": "0.25290", "2018-09-30": "0.20600", "2018-06-30": "0.22220", "2018-03-31": "0.20070", "2017-12-31": "0.23860", "2017-09-30": "0.17290", "2017-06-30": "0.19440", "2017-03-31": "0.21350", "2016-12-31": "0.28250", "2016-09-30": "0.22630", "2016-06-30": "0.23600", "2016-03-31": "0.22090", "2015-12-31": "0.27670", "2015-09-30": "0.22620", "2015-06-30": "0.21520", "2015-03-31": "0.20590", "2014-12-31": "0.33710", "2014-09-30": "0.28300", "2014-06-30": "0.31020", "2014-03-31": "0.30710", "2013-12-31": "0.40060", "2013-09-30": "0.33000", "2013-06-30": "0.34620", "2013-03-31": "0.36290", "2012-12-31": "0.45850", "2012-09-30": "0.36850", "2012-06-30": "0.37210", "2012-03-31": "0.37150", "2011-12-31": "0.46720", "2011-09-30": "0.36500", "2011-06-30": "0.39150", "2011-03-31": "0.34930", "2010-12-31": "0.45250", "2010-09-30": "0.34930", "2010-06-30": "0.38530", "2010-03-31": "0.31440", "2009-12-31": "0.37120", "2009-09-30": "0.27250", "2009-06-30": "0.30330", "2009-03-31": "0.31950", "2008-12-31": "0.41070", "2008-09-30": "0.35650", "2008-06-30": "0.34770", "2008-03-31": "0.34530", "2007-12-31": "0.42330", "2007-09-30": "0.25260", "2007-06-30": "0.26620", "2007-03-31": "0.29180", "2006-12-31": "0.40260", "2006-09-30": "0.31580", "2006-06-30": "0.28040", "2006-03-31": "0.25590", "2005-12-31": "0.36970", "2005-09-30": "0.29890", "2005-06-30": "0.26270", "2005-03-31": "0.32580"}, "Inventory Turnover Ratio": {"2020-12-31": "0.80980", "2020-09-30": "0.42160", "2020-06-30": "0.29300", "2020-03-31": "0.53520", "2019-12-31": "0.81020", "2019-09-30": "0.50370", "2019-06-30": "0.66110", "2019-03-31": "0.51230", "2018-12-31": "0.81550", "2018-09-30": "0.54340", "2018-06-30": "0.71520", "2018-03-31": "0.58070", "2017-12-31": "0.91380", "2017-09-30": "0.61680", "2017-06-30": "0.80750", "2017-03-31": "0.60480", "2016-12-31": "0.89370", "2016-09-30": "0.59050", "2016-06-30": "0.80990", "2016-03-31": "0.68970", "2015-12-31": "0.94570", "2015-09-30": "0.58080", "2015-06-30": "0.65220", "2015-03-31": "0.57740", "2014-12-31": "0.84840", "2014-09-30": "0.54130", "2014-06-30": "0.81680", "2014-03-31": "0.54530", "2013-12-31": "0.79000", "2013-09-30": "0.50880", "2013-06-30": "0.63910", "2013-03-31": "0.59580", "2012-12-31": "0.84750", "2012-09-30": "0.52860", "2012-06-30": "0.62840", "2012-03-31": "0.61200", "2011-12-31": "0.94030", "2011-09-30": "0.54990", "2011-06-30": "0.69020", "2011-03-31": "0.66180", "2010-12-31": "0.95070", "2010-09-30": "0.51320", "2010-06-30": "0.69790", "2010-03-31": "0.70140", "2009-12-31": "1.09240", "2009-09-30": "0.62590", "2009-06-30": "0.70650", "2009-03-31": "0.60080", "2008-12-31": "0.70020", "2008-09-30": "0.48370", "2008-06-30": "0.59090", "2008-03-31": "0.58250", "2007-12-31": "0.80050", "2007-09-30": "0.43660", "2007-06-30": "0.49060", "2007-03-31": "0.55600", "2006-12-31": "0.73850", "2006-09-30": "0.41020", "2006-06-30": "0.41440", "2006-03-31": "0.49190", "2005-12-31": "0.71040", "2005-09-30": "0.49980", "2005-06-30": "0.42410", "2005-03-31": "0.50480"}, "Receiveable Turnover": {"2020-12-31": "3.86290", "2020-09-30": "3.19920", "2020-06-30": "2.98700", "2020-03-31": "4.75700", "2019-12-31": "4.46410", "2019-09-30": "3.71320", "2019-06-30": "4.27720", "2019-03-31": "4.07650", "2018-12-31": "4.30200", "2018-09-30": "3.67440", "2018-06-30": "4.36510", "2018-03-31": "3.37430", "2017-12-31": "4.53740", "2017-09-30": "3.50530", "2017-06-30": "3.66330", "2017-03-31": "3.80720", "2016-12-31": "4.19450", "2016-09-30": "4.23340", "2016-06-30": "4.46140", "2016-03-31": "3.92520", "2015-12-31": "4.19570", "2015-09-30": "4.17290", "2015-06-30": "4.57450", "2015-03-31": "4.71970", "2014-12-31": "5.33650", "2014-09-30": "4.97030", "2014-06-30": "5.72100", "2014-03-31": "5.56070", "2013-12-31": "6.20910", "2013-09-30": "6.46610", "2013-06-30": "6.96790", "2013-03-31": "6.70420", "2012-12-31": "6.74210", "2012-09-30": "6.51320", "2012-06-30": "6.62140", "2012-03-31": "6.54390", "2011-12-31": "6.83190", "2011-09-30": "6.86240", "2011-06-30": "7.21970", "2011-03-31": "7.21700", "2010-12-31": "7.00210", "2010-09-30": "6.84570", "2010-06-30": "8.71500", "2010-03-31": "7.03080", "2009-12-31": "5.95480", "2009-09-30": "7.24350", "2009-06-30": "7.15450", "2009-03-31": "5.81950", "2008-12-31": "5.00070", "2008-09-30": "4.80920", "2008-06-30": "7.32170", "2008-03-31": "5.02800", "2007-12-31": "6.88280", "2007-09-30": "4.54350", "2007-06-30": "6.04860", "2007-03-31": "5.00810", "2006-12-31": "6.43970", "2006-09-30": "4.48350", "2006-06-30": "5.40630", "2006-03-31": "4.34470", "2005-12-31": "5.28540", "2005-09-30": "4.27960", "2005-06-30": "5.50380", "2005-03-31": "4.97360"}, "Days Sales In Receivables": {"2020-12-31": "23.29830", "2020-09-30": "28.13170", "2020-06-30": "30.13010", "2020-03-31": "18.91960", "2019-12-31": "20.16080", "2019-09-30": "24.23820", "2019-06-30": "21.04180", "2019-03-31": "22.07750", "2018-12-31": "20.92070", "2018-09-30": "24.49390", "2018-06-30": "20.61810", "2018-03-31": "26.67200", "2017-12-31": "19.83530", "2017-09-30": "25.67540", "2017-06-30": "24.56780", "2017-03-31": "23.63950", "2016-12-31": "21.45650", "2016-09-30": "21.25960", "2016-06-30": "20.17320", "2016-03-31": "22.92910", "2015-12-31": "21.45080", "2015-09-30": "21.56750", "2015-06-30": "19.67430", "2015-03-31": "19.06920", "2014-12-31": "16.86490", "2014-09-30": "18.10740", "2014-06-30": "15.73140", "2014-03-31": "16.18490", "2013-12-31": "14.49480", "2013-09-30": "13.91880", "2013-06-30": "12.91650", "2013-03-31": "13.42440", "2012-12-31": "13.34890", "2012-09-30": "13.81810", "2012-06-30": "13.59220", "2012-03-31": "13.75320", "2011-12-31": "13.17340", "2011-09-30": "13.11500", "2011-06-30": "12.46600", "2011-03-31": "12.47050", "2010-12-31": "12.85330", "2010-09-30": "13.14680", "2010-06-30": "10.32710", "2010-03-31": "12.80080", "2009-12-31": "15.11390", "2009-09-30": "12.42490", "2009-06-30": "12.57950", "2009-03-31": "15.46520", "2008-12-31": "17.99750", "2008-09-30": "18.71430", "2008-06-30": "12.29230", "2008-03-31": "17.89960", "2007-12-31": "13.07600", "2007-09-30": "19.80850", "2007-06-30": "14.87940", "2007-03-31": "17.97080", "2006-12-31": "13.97580", "2006-09-30": "20.07360", "2006-06-30": "16.64730", "2006-03-31": "20.71500", "2005-12-31": "17.02820", "2005-09-30": "21.03020", "2005-06-30": "16.35240", "2005-03-31": "18.09570"}, "ROE - Return On Equity": {"2020-12-31": "10.75860", "2020-09-30": "9.15770", "2020-06-30": "-12.90630", "2020-03-31": "-26.52070", "2019-12-31": "8.99350", "2019-09-30": "0.64790", "2019-06-30": "4.23810", "2019-03-31": "3.32460", "2018-12-31": "7.30420", "2018-09-30": "3.69530", "2018-06-30": "6.52470", "2018-03-31": "4.47100", "2017-12-31": "2.14280", "2017-09-30": "-0.60200", "2017-06-30": "5.05350", "2017-03-31": "4.22560", "2016-12-31": "7.10400", "2016-09-30": "4.30270", "2016-06-30": "3.03780", "2016-03-31": "4.28510", "2015-12-31": "6.62560", "2015-09-30": "3.89730", "2015-06-30": "0.46990", "2015-03-31": "3.46810", "2014-12-31": "7.28750", "2014-09-30": "4.88090", "2014-06-30": "3.11080", "2014-03-31": "7.98150", "2013-12-31": "12.23500", "2013-09-30": "9.16100", "2013-06-30": "9.18670", "2013-03-31": "10.64780", "2012-12-31": "16.94080", "2012-09-30": "11.10180", "2012-06-30": "12.61610", "2012-03-31": "11.60460", "2011-12-31": "18.59530", "2011-09-30": "11.83500", "2011-06-30": "12.55640", "2011-03-31": "10.67420", "2010-12-31": "17.45390", "2010-09-30": "11.93400", "2010-06-30": "12.98930", "2010-03-31": "9.47680", "2009-12-31": "12.91570", "2009-09-30": "7.64960", "2009-06-30": "8.59610", "2009-03-31": "7.44910", "2008-12-31": "14.79570", "2008-09-30": "10.79250", "2008-06-30": "14.32690", "2008-03-31": "11.13590", "2007-12-31": "15.95070", "2007-09-30": "7.71680", "2007-06-30": "8.34420", "2007-03-31": "8.64230", "2006-12-31": "14.46470", "2006-09-30": "9.66680", "2006-06-30": "7.93950", "2006-03-31": "6.71170", "2005-12-31": "12.80710", "2005-09-30": "8.02360", "2005-06-30": "6.42960", "2005-03-31": "8.85300"}, "Return On Tangible Equity": {"2020-12-31": "157.62810", "2020-09-30": "-149.58050", "2020-06-30": "72.70490", "2020-03-31": "535.25690", "2019-12-31": "185.24570", "2019-09-30": "-26.24650", "2019-06-30": "52.19070", "2019-03-31": "37.83440", "2018-12-31": "96.84540", "2018-09-30": "127.26350", "2018-06-30": "772.63740", "2018-03-31": "-121.15710", "2017-12-31": "-31.87090", "2017-09-30": "7.92660", "2017-06-30": "6.95680", "2017-03-31": "5.90940", "2016-12-31": "9.98900", "2016-09-30": "6.25300", "2016-06-30": "4.44460", "2016-03-31": "6.17390", "2015-12-31": "9.55890", "2015-09-30": "5.72720", "2015-06-30": "0.68990", "2015-03-31": "3.96010", "2014-12-31": "8.33140", "2014-09-30": "5.66950", "2014-06-30": "3.67420", "2014-03-31": "9.41330", "2013-12-31": "14.34720", "2013-09-30": "10.86410", "2013-06-30": "10.77350", "2013-03-31": "12.68030", "2012-12-31": "20.80430", "2012-09-30": "14.03240", "2012-06-30": "15.64490", "2012-03-31": "14.29300", "2011-12-31": "22.91070", "2011-09-30": "14.67940", "2011-06-30": "15.92110", "2011-03-31": "13.06630", "2010-12-31": "21.54380", "2010-09-30": "14.97830", "2010-06-30": "16.43580", "2010-03-31": "11.48650", "2009-12-31": "15.33100", "2009-09-30": "9.19260", "2009-06-30": "10.39250", "2009-03-31": "9.12170", "2008-12-31": "20.34020", "2008-09-30": "13.39490", "2008-06-30": "17.33900", "2008-03-31": "13.73010", "2007-12-31": "18.87180", "2007-09-30": "8.76800", "2007-06-30": "9.46180", "2007-03-31": "10.02250", "2006-12-31": "17.16340", "2006-09-30": "12.03690", "2006-06-30": "9.94600", "2006-03-31": "7.93450", "2005-12-31": "15.45500", "2005-09-30": "10.15350", "2005-06-30": "8.43240", "2005-03-31": "9.08690"}, "ROA - Return On Assets": {"2020-12-31": "3.81580", "2020-09-30": "2.84870", "2020-06-30": "-3.70760", "2020-03-31": "-8.74470", "2019-12-31": "3.43440", "2019-09-30": "0.23670", "2019-06-30": "2.16510", "2019-03-31": "1.68440", "2018-12-31": "3.57900", "2018-09-30": "1.82450", "2018-06-30": "3.17000", "2018-03-31": "2.12960", "2017-12-31": "0.84480", "2017-09-30": "-0.23740", "2017-06-30": "2.60130", "2017-03-31": "2.62180", "2016-12-31": "4.26830", "2016-09-30": "2.56070", "2016-06-30": "1.66570", "2016-03-31": "2.40560", "2015-12-31": "3.69490", "2015-09-30": "2.11660", "2015-06-30": "0.25070", "2015-03-31": "1.95230", "2014-12-31": "5.07300", "2014-09-30": "3.24430", "2014-06-30": "2.05560", "2014-03-31": "5.32590", "2013-12-31": "8.39210", "2013-09-30": "6.24820", "2013-06-30": "6.26640", "2013-03-31": "7.30210", "2012-12-31": "10.75690", "2012-09-30": "7.02490", "2012-06-30": "8.09940", "2012-03-31": "7.53810", "2011-12-31": "11.20630", "2011-09-30": "7.46970", "2011-06-30": "7.68400", "2011-03-31": "6.83410", "2010-12-31": "10.85740", "2010-09-30": "7.23710", "2010-06-30": "7.92530", "2010-03-31": "5.96660", "2009-12-31": "8.39800", "2009-09-30": "5.03920", "2009-06-30": "5.68540", "2009-03-31": "4.95940", "2008-12-31": "9.27760", "2008-09-30": "6.90750", "2008-06-30": "9.50110", "2008-03-31": "7.53220", "2007-12-31": "10.91940", "2007-09-30": "5.77770", "2007-06-30": "6.50750", "2007-03-31": "6.87710", "2006-12-31": "10.72000", "2006-09-30": "6.87380", "2006-06-30": "5.80250", "2006-03-31": "5.42420", "2005-12-31": "9.90100", "2005-09-30": "6.23360", "2005-06-30": "4.95500", "2005-03-31": "6.33410"}, "ROI - Return On Investment": {"2020-12-31": "6.94200", "2020-09-30": "5.62560", "2020-06-30": "-7.60290", "2020-03-31": "-16.35390", "2019-12-31": "6.07270", "2019-09-30": "0.42700", "2019-06-30": "2.91090", "2019-03-31": "2.28730", "2018-12-31": "5.00650", "2018-09-30": "2.49080", "2018-06-30": "4.36990", "2018-03-31": "2.96150", "2017-12-31": "1.30660", "2017-09-30": "-0.36660", "2017-06-30": "3.31120", "2017-03-31": "3.50780", "2016-12-31": "5.86890", "2016-09-30": "3.53630", "2016-06-30": "2.29960", "2016-03-31": "3.21990", "2015-12-31": "4.94580", "2015-09-30": "2.87840", "2015-06-30": "0.34730", "2015-03-31": "2.56890", "2014-12-31": "7.28750", "2014-09-30": "4.88090", "2014-06-30": "3.11080", "2014-03-31": "7.98150", "2013-12-31": "12.23500", "2013-09-30": "9.15910", "2013-06-30": "9.18490", "2013-03-31": "10.64550", "2012-12-31": "16.93690", "2012-09-30": "11.09640", "2012-06-30": "12.60990", "2012-03-31": "11.47090", "2011-12-31": "18.36760", "2011-09-30": "11.68530", "2011-06-30": "12.37710", "2011-03-31": "10.53250", "2010-12-31": "17.22060", "2010-09-30": "11.75530", "2010-06-30": "12.78410", "2010-03-31": "9.34060", "2009-12-31": "12.74930", "2009-09-30": "7.54940", "2009-06-30": "8.47090", "2009-03-31": "7.33030", "2008-12-31": "14.54680", "2008-09-30": "10.77460", "2008-06-30": "14.30210", "2008-03-31": "11.11620", "2007-12-31": "15.92480", "2007-09-30": "7.70690", "2007-06-30": "8.33170", "2007-03-31": "8.62780", "2006-12-31": "14.43680", "2006-09-30": "9.64360", "2006-06-30": "7.91880", "2006-03-31": "6.69800", "2005-12-31": "12.77800", "2005-09-30": "8.00230", "2005-06-30": "6.40970", "2005-03-31": "8.82140"}, "Book Value Per Share": {"2020-12-31": "10.40570", "2020-09-30": "9.12080", "2020-06-30": "8.24190", "2020-03-31": "9.24700", "2019-12-31": "12.03770", "2019-09-30": "11.18850", "2019-06-30": "12.25040", "2019-03-31": "12.17240", "2018-12-31": "12.02900", "2018-09-30": "11.42030", "2018-06-30": "11.26600", "2018-03-31": "10.90340", "2017-12-31": "10.35600", "2017-09-30": "10.34480", "2017-06-30": "10.64880", "2017-03-31": "10.28780", "2016-12-31": "10.01820", "2016-09-30": "9.73420", "2016-06-30": "9.63340", "2016-03-31": "9.44730", "2015-12-31": "9.24490", "2015-09-30": "8.91350", "2015-06-30": "9.00180", "2015-03-31": "9.20070", "2014-12-31": "9.13310", "2014-09-30": "8.85380", "2014-06-30": "8.82140", "2014-03-31": "8.71520", "2013-12-31": "8.75770", "2013-09-30": "8.48210", "2013-06-30": "8.54610", "2013-03-31": "7.98750", "2012-12-31": "7.42020", "2012-09-30": "7.03030", "2012-06-30": "6.98980", "2012-03-31": "6.74730", "2011-12-31": "6.49960", "2011-09-30": "6.23560", "2011-06-30": "5.58920", "2011-03-31": "5.94240", "2010-12-31": "5.87800", "2010-09-30": "5.35270", "2010-06-30": "5.07060", "2010-03-31": "5.46860", "2009-12-31": "5.94160", "2009-09-30": "5.77740", "2009-06-30": "5.33340", "2009-03-31": "4.85590", "2008-12-31": "4.56690", "2008-09-30": "4.13270", "2008-06-30": "4.42600", "2008-03-31": "4.27460", "2007-12-31": "4.48990", "2007-09-30": "5.38440", "2007-06-30": "5.12820", "2007-03-31": "4.59620", "2006-12-31": "4.01780", "2006-09-30": "3.24990", "2006-06-30": "3.21430", "2006-03-31": "3.93600", "2005-12-31": "3.55400", "2005-09-30": "3.06600", "2005-06-30": "2.79030", "2005-03-31": "2.42520"}, "Operating Cash Flow Per Share": {"2020-12-31": 2.332, "2020-09-30": "0.32390", "2020-06-30": -0.1519, "2020-03-31": -0.4172, "2019-12-31": 2.01, "2019-09-30": "0.02000", "2019-06-30": 0.6527, "2019-03-31": 0.0127, "2018-12-31": 2.1249, "2018-09-30": "-0.06540", "2018-06-30": 1.4346, "2018-03-31": 0.5168, "2017-12-31": 1.867, "2017-09-30": "-0.36210", "2017-06-30": 1.1456, "2017-03-31": 0.7092, "2016-12-31": 1.2995, "2016-09-30": "-0.13520", "2016-06-30": 0.8943, "2016-03-31": 0.7083, "2015-12-31": 1.0848, "2015-09-30": "0.02870", "2015-06-30": 0.6751, "2015-03-31": 0.5959, "2014-12-31": 1.6082, "2014-09-30": "0.50250", "2014-06-30": 1.1137, "2014-03-31": 0.3953, "2013-12-31": 1.4285, "2013-09-30": "0.57680", "2013-06-30": 1.287, "2013-03-31": 0.752, "2012-12-31": 2.1991, "2012-09-30": "0.70080", "2012-06-30": 0.9547, "2012-03-31": 0.3696, "2011-12-31": 2.0695, "2011-09-30": "0.75980", "2011-06-30": 0.7322, "2011-03-31": 0.7733, "2010-12-31": 1.3318, "2010-09-30": "0.58910", "2010-06-30": 0.5593, "2010-03-31": 0.6978, "2009-12-31": 1.131, "2009-09-30": "0.74910", "2009-06-30": 0.8079, "2009-03-31": 0.656, "2008-12-31": 0.7921, "2008-09-30": "0.22900", "2008-06-30": 0.8551, "2008-03-31": 0.3027, "2007-12-31": 1.0837, "2007-09-30": "0.32100", "2007-06-30": 0.6919, "2007-03-31": 0.2449, "2006-12-31": 0.9172, "2006-09-30": "0.21610", "2006-06-30": 0.5098, "2006-03-31": 0.248, "2005-12-31": 0.6372, "2005-09-30": "0.14010", "2005-06-30": 0.341, "2005-03-31": 0.8779}, "Free Cash Flow Per Share": {"2020-12-31": 2.2478, "2020-09-30": "0.31630", "2020-06-30": -0.2641, "2020-03-31": -0.6007, "2019-12-31": 1.8201, "2019-09-30": "-0.23170", "2019-06-30": 0.343, "2019-03-31": -0.2205, "2018-12-31": 1.914, "2018-09-30": "-0.25450", "2018-06-30": 1.1513, "2018-03-31": 0.3153, "2017-12-31": 1.5958, "2017-09-30": "-0.53260", "2017-06-30": 0.8238, "2017-03-31": 0.4602, "2016-12-31": 1.5546, "2016-09-30": "-0.37500", "2016-06-30": 0.4639, "2016-03-31": 0.3498, "2015-12-31": 0.7041, "2015-09-30": "-0.22100", "2015-06-30": 0.4049, "2015-03-31": 0.435, "2014-12-31": 1.4664, "2014-09-30": "0.35640", "2014-06-30": 0.8957, "2014-03-31": 0.2091, "2013-12-31": 1.2108, "2013-09-30": "0.41550", "2013-06-30": 1.0057, "2013-03-31": 0.5992, "2012-12-31": 1.9851, "2012-09-30": "0.50570", "2012-06-30": 0.7083, "2012-03-31": 0.227, "2011-12-31": 1.9362, "2011-09-30": "0.65550", "2011-06-30": 0.5439, "2011-03-31": 0.6332, "2010-12-31": 1.2469, "2010-09-30": "0.51250", "2010-06-30": 0.4669, "2010-03-31": 0.6482, "2009-12-31": 1.0786, "2009-09-30": "0.68670", "2009-06-30": 0.7381, "2009-03-31": 0.5665, "2008-12-31": 0.388, "2008-09-30": "0.05430", "2008-06-30": 0.7108, "2008-03-31": 0.1981, "2007-12-31": 0.9496, "2007-09-30": "0.21910", "2007-06-30": 0.5787, "2007-03-31": 0.1819, "2006-12-31": 0.8176, "2006-09-30": "0.11940", "2006-06-30": 0.4206, "2006-03-31": 0.1238, "2005-12-31": 0.5632, "2005-09-30": "0.08400", "2005-06-30": 0.2613, "2005-03-31": 0.7152}}, "revenue": {"Tapestry Annual Revenue (Millions of US $)": {"2020": "$4,961", "2019": "$6,027", "2018": "$5,880", "2017": "$4,488", "2016": "$4,492", "2015": "$4,192", "2014": "$4,806", "2013": "$5,075", "2012": "$4,763", "2011": "$4,159", "2010": "$3,608", "2009": "$3,230", "2008": "$3,181", "2007": "$2,612", "2006": "$2,035", "2005": "$1,652"}, "Tapestry Quarterly Revenue (Millions of US $)": {"2020-12-31": "$1,685", "2020-09-30": "$1,172", "2020-06-30": "$715", "2020-03-31": "$1,073", "2019-12-31": "$1,816", "2019-09-30": "$1,358", "2019-06-30": "$1,514", "2019-03-31": "$1,331", "2018-12-31": "$1,801", "2018-09-30": "$1,381", "2018-06-30": "$1,484", "2018-03-31": "$1,322", "2017-12-31": "$1,785", "2017-09-30": "$1,289", "2017-06-30": "$1,134", "2017-03-31": "$995", "2016-12-31": "$1,322", "2016-09-30": "$1,038", "2016-06-30": "$1,155", "2016-03-31": "$1,033", "2015-12-31": "$1,274", "2015-09-30": "$1,030", "2015-06-30": "$1,004", "2015-03-31": "$929", "2014-12-31": "$1,219", "2014-09-30": "$1,039", "2014-06-30": "$1,136", "2014-03-31": "$1,100", "2013-12-31": "$1,420", "2013-09-30": "$1,151", "2013-06-30": "$1,223", "2013-03-31": "$1,188", "2012-12-31": "$1,504", "2012-09-30": "$1,161", "2012-06-30": "$1,155", "2012-03-31": "$1,109", "2011-12-31": "$1,449", "2011-09-30": "$1,050", "2011-06-30": "$1,032", "2011-03-31": "$951", "2010-12-31": "$1,264", "2010-09-30": "$912", "2010-06-30": "$951", "2010-03-31": "$831", "2009-12-31": "$1,065", "2009-09-30": "$761", "2009-06-30": "$778", "2009-03-31": "$740", "2008-12-31": "$960", "2008-09-30": "$753", "2008-06-30": "$782", "2008-03-31": "$745", "2007-12-31": "$978", "2007-09-30": "$677", "2007-06-30": "$652", "2007-03-31": "$625", "2006-12-31": "$806", "2006-09-30": "$529", "2006-06-30": "$456", "2006-03-31": "$480", "2005-12-31": "$650", "2005-09-30": "$449", "2005-06-30": "$360", "2005-03-31": "$416"}}, "gross-profit": {"Tapestry Annual Gross Profit (Millions of US $)": {"2020": "$3,239", "2019": "$4,054", "2018": "$3,849", "2017": "$3,081", "2016": "$3,051", "2015": "$2,909", "2014": "$3,297", "2013": "$3,698", "2012": "$3,466", "2011": "$3,024", "2010": "$2,634", "2009": "$2,323", "2008": "$2,407", "2007": "$2,023", "2006": "$1,582", "2005": "$1,268"}, "Tapestry Quarterly Gross Profit (Millions of US $)": {"2020-12-31": "$1,174", "2020-09-30": "$830", "2020-06-30": "$499", "2020-03-31": "$616", "2019-12-31": "$1,210", "2019-09-30": "$915", "2019-06-30": "$999", "2019-03-31": "$916", "2018-12-31": "$1,204", "2018-09-30": "$935", "2018-06-30": "$1,002", "2018-03-31": "$908", "2017-12-31": "$1,176", "2017-09-30": "$763", "2017-06-30": "$755", "2017-03-31": "$706", "2016-12-31": "$906", "2016-09-30": "$715", "2016-06-30": "$783", "2016-03-31": "$713", "2015-12-31": "$859", "2015-09-30": "$697", "2015-06-30": "$688", "2015-03-31": "$666", "2014-12-31": "$840", "2014-09-30": "$715", "2014-06-30": "$706", "2014-03-31": "$781", "2013-12-31": "$983", "2013-09-30": "$827", "2013-06-30": "$887", "2013-03-31": "$880", "2012-12-31": "$1,085", "2012-09-30": "$845", "2012-06-30": "$838", "2012-03-31": "$818", "2011-12-31": "$1,045", "2011-09-30": "$765", "2011-06-30": "$741", "2011-03-31": "$692", "2010-12-31": "$915", "2010-09-30": "$676", "2010-06-30": "$697", "2010-03-31": "$616", "2009-12-31": "$771", "2009-09-30": "$550", "2009-06-30": "$547", "2009-03-31": "$525", "2008-12-31": "$692", "2008-09-30": "$558", "2008-06-30": "$593", "2008-03-31": "$558", "2007-12-31": "$737", "2007-09-30": "$518", "2007-06-30": "$509", "2007-03-31": "$486", "2006-12-31": "$621", "2006-09-30": "$406", "2006-06-30": "$359", "2006-03-31": "$376", "2005-12-31": "$505", "2005-09-30": "$341", "2005-06-30": "$282", "2005-03-31": "$325"}}, "operating-income": {"Tapestry Annual Operating Income (Millions of US $)": {"2020": "$-551", "2019": "$820", "2018": "$672", "2017": "$787", "2016": "$654", "2015": "$618", "2014": "$1,120", "2013": "$1,525", "2012": "$1,512", "2011": "$1,305", "2010": "$1,150", "2009": "$972", "2008": "$1,147", "2007": "$993", "2006": "$715", "2005": "$536"}, "Tapestry Quarterly Operating Income (Millions of US $)": {"2020-12-31": "$389", "2020-09-30": "$202", "2020-06-30": "$-280", "2020-03-31": "$-686", "2019-12-31": "$363", "2019-09-30": "$52", "2019-06-30": "$171", "2019-03-31": "$110", "2018-12-31": "$377", "2018-09-30": "$162", "2018-06-30": "$188", "2018-03-31": "$159", "2017-12-31": "$346", "2017-09-30": "$-22", "2017-06-30": "$193", "2017-03-31": "$151", "2016-12-31": "$277", "2016-09-30": "$166", "2016-06-30": "$117", "2016-03-31": "$134", "2015-12-31": "$261", "2015-09-30": "$141", "2015-06-30": "$39", "2015-03-31": "$124", "2014-12-31": "$275", "2014-09-30": "$180", "2014-06-30": "$100", "2014-03-31": "$263", "2013-12-31": "$436", "2013-09-30": "$322", "2013-06-30": "$318", "2013-03-31": "$348", "2012-12-31": "$527", "2012-09-30": "$332", "2012-06-30": "$352", "2012-03-31": "$337", "2011-12-31": "$501", "2011-09-30": "$322", "2011-06-30": "$312", "2011-03-31": "$254", "2010-12-31": "$453", "2010-09-30": "$286", "2010-06-30": "$297", "2010-03-31": "$249", "2009-12-31": "$381", "2009-09-30": "$223", "2009-06-30": "$205", "2009-03-31": "$185", "2008-12-31": "$348", "2008-09-30": "$233", "2008-06-30": "$249", "2008-03-31": "$257", "2007-12-31": "$403", "2007-09-30": "$239", "2007-06-30": "$245", "2007-03-31": "$227", "2006-12-31": "$341", "2006-09-30": "$181", "2006-06-30": "$142", "2006-03-31": "$154", "2005-12-31": "$274", "2005-09-30": "$145", "2005-06-30": "$91", "2005-03-31": "$132"}}, "ebitda": {"Tapestry Annual EBITDA (Millions of US $)": {"2020": "$-303", "2019": "$1,088", "2018": "$932", "2017": "$1,000", "2016": "$864", "2015": "$810", "2014": "$1,310", "2013": "$1,688", "2012": "$1,645", "2011": "$1,430", "2010": "$1,277", "2009": "$1,095", "2008": "$1,248", "2007": "$1,074", "2006": "$780", "2005": "$586"}, "Tapestry Quarterly EBITDA (Millions of US $)": {"2020-12-31": "$441", "2020-09-30": "$253", "2020-06-30": "$-227", "2020-03-31": "$-616", "2019-12-31": "$424", "2019-09-30": "$116", "2019-06-30": "$250", "2019-03-31": "$173", "2018-12-31": "$442", "2018-09-30": "$223", "2018-06-30": "$260", "2018-03-31": "$221", "2017-12-31": "$407", "2017-09-30": "$44", "2017-06-30": "$257", "2017-03-31": "$200", "2016-12-31": "$325", "2016-09-30": "$218", "2016-06-30": "$171", "2016-03-31": "$184", "2015-12-31": "$314", "2015-09-30": "$196", "2015-06-30": "$93", "2015-03-31": "$171", "2014-12-31": "$322", "2014-09-30": "$223", "2014-06-30": "$151", "2014-03-31": "$308", "2013-12-31": "$484", "2013-09-30": "$367", "2013-06-30": "$365", "2013-03-31": "$388", "2012-12-31": "$566", "2012-09-30": "$368", "2012-06-30": "$386", "2012-03-31": "$371", "2011-12-31": "$534", "2011-09-30": "$354", "2011-06-30": "$343", "2011-03-31": "$284", "2010-12-31": "$485", "2010-09-30": "$318", "2010-06-30": "$330", "2010-03-31": "$282", "2009-12-31": "$409", "2009-09-30": "$257", "2009-06-30": "$236", "2009-03-31": "$216", "2008-12-31": "$379", "2008-09-30": "$264", "2008-06-30": "$274", "2008-03-31": "$283", "2007-12-31": "$428", "2007-09-30": "$263", "2007-06-30": "$267", "2007-03-31": "$247", "2006-12-31": "$361", "2006-09-30": "$199", "2006-06-30": "$159", "2006-03-31": "$170", "2005-12-31": "$292", "2005-09-30": "$159", "2005-06-30": "$103", "2005-03-31": "$145"}}, "net-income": {"Tapestry Annual Net Income (Millions of US $)": {"2020": "$-652", "2019": "$643", "2018": "$398", "2017": "$591", "2016": "$461", "2015": "$402", "2014": "$781", "2013": "$1,034", "2012": "$1,039", "2011": "$881", "2010": "$735", "2009": "$623", "2008": "$783", "2007": "$664", "2006": "$494", "2005": "$359"}, "Tapestry Quarterly Net Income (Millions of US $)": {"2020-12-31": "$311", "2020-09-30": "$232", "2020-06-30": "$-294", "2020-03-31": "$-677", "2019-12-31": "$299", "2019-09-30": "$20", "2019-06-30": "$149", "2019-03-31": "$117", "2018-12-31": "$255", "2018-09-30": "$122", "2018-06-30": "$212", "2018-03-31": "$140", "2017-12-31": "$63", "2017-09-30": "$-18", "2017-06-30": "$152", "2017-03-31": "$122", "2016-12-31": "$200", "2016-09-30": "$117", "2016-06-30": "$82", "2016-03-31": "$113", "2015-12-31": "$170", "2015-09-30": "$96", "2015-06-30": "$12", "2015-03-31": "$88", "2014-12-31": "$184", "2014-09-30": "$119", "2014-06-30": "$75", "2014-03-31": "$191", "2013-12-31": "$297", "2013-09-30": "$218", "2013-06-30": "$221", "2013-03-31": "$239", "2012-12-31": "$353", "2012-09-30": "$221", "2012-06-30": "$251", "2012-03-31": "$225", "2011-12-31": "$347", "2011-09-30": "$215", "2011-06-30": "$202", "2011-03-31": "$186", "2010-12-31": "$303", "2010-09-30": "$189", "2010-06-30": "$196", "2010-03-31": "$158", "2009-12-31": "$241", "2009-09-30": "$141", "2009-06-30": "$146", "2009-03-31": "$115", "2008-12-31": "$217", "2008-09-30": "$146", "2008-06-30": "$214", "2008-03-31": "$162", "2007-12-31": "$252", "2007-09-30": "$155", "2007-06-30": "$161", "2007-03-31": "$150", "2006-12-31": "$227", "2006-09-30": "$126", "2006-06-30": "$118", "2006-03-31": "$109", "2005-12-31": "$174", "2005-09-30": "$94", "2005-06-30": "$90", "2005-03-31": "$81"}}, "eps-earnings-per-share-diluted": {"Tapestry Annual EPS": {"2020": "$-2.34", "2019": "$2.21", "2018": "$1.38", "2017": "$2.09", "2016": "$1.65", "2015": "$1.45", "2014": "$2.79", "2013": "$3.61", "2012": "$3.53", "2011": "$2.92", "2010": "$2.33", "2009": "$1.91", "2008": "$2.17", "2007": "$1.76", "2006": "$1.27", "2005": "$0.92"}, "Tapestry Quarterly EPS": {"2020-12-31": "$1.11", "2020-09-30": "$0.83", "2020-06-30": "$-1.04", "2020-03-31": "$-2.45", "2019-12-31": "$1.08", "2019-09-30": "$0.07", "2019-06-30": "$0.51", "2019-03-31": "$0.40", "2018-12-31": "$0.88", "2018-09-30": "$0.42", "2018-06-30": "$0.74", "2018-03-31": "$0.48", "2017-12-31": "$0.22", "2017-09-30": "$-0.06", "2017-06-30": "$0.53", "2017-03-31": "$0.43", "2016-12-31": "$0.71", "2016-09-30": "$0.42", "2016-06-30": "$0.29", "2016-03-31": "$0.40", "2015-12-31": "$0.61", "2015-09-30": "$0.35", "2015-06-30": "$0.04", "2015-03-31": "$0.32", "2014-12-31": "$0.66", "2014-09-30": "$0.43", "2014-06-30": "$0.28", "2014-03-31": "$0.68", "2013-12-31": "$1.06", "2013-09-30": "$0.77", "2013-06-30": "$0.77", "2013-03-31": "$0.84", "2012-12-31": "$1.23", "2012-09-30": "$0.77", "2012-06-30": "$0.85", "2012-03-31": "$0.77", "2011-12-31": "$1.18", "2011-09-30": "$0.73", "2011-06-30": "$0.67", "2011-03-31": "$0.62", "2010-12-31": "$1.00", "2010-09-30": "$0.63", "2010-06-30": "$0.64", "2010-03-31": "$0.50", "2009-12-31": "$0.75", "2009-09-30": "$0.44", "2009-06-30": "$0.44", "2009-03-31": "$0.36", "2008-12-31": "$0.67", "2008-09-30": "$0.44", "2008-06-30": "$0.61", "2008-03-31": "$0.46", "2007-12-31": "$0.69", "2007-09-30": "$0.41", "2007-06-30": "$0.41", "2007-03-31": "$0.40", "2006-12-31": "$0.61", "2006-09-30": "$0.34", "2006-06-30": "$0.30", "2006-03-31": "$0.28", "2005-12-31": "$0.45", "2005-09-30": "$0.24", "2005-06-30": "$0.23", "2005-03-31": "$0.21"}}, "shares-outstanding": {"Tapestry Annual Shares Outstanding (Millions of Shares)": {"2020": "279", "2019": "291", "2018": "289", "2017": "283", "2016": "279", "2015": "277", "2014": "280", "2013": "286", "2012": "294", "2011": "302", "2010": "316", "2009": "326", "2008": "360", "2007": "377", "2006": "388", "2005": "390"}, "Tapestry Quarterly Shares Outstanding (Millions of Shares)": {"2020-12-31": "281", "2020-09-30": "278", "2020-06-30": "279", "2020-03-31": "277", "2019-12-31": "277", "2019-09-30": "286", "2019-06-30": "291", "2019-03-31": "291", "2018-12-31": "291", "2018-09-30": "292", "2018-06-30": "289", "2018-03-31": "290", "2017-12-31": "286", "2017-09-30": "287", "2017-06-30": "283", "2017-03-31": "283", "2016-12-31": "282", "2016-09-30": "282", "2016-06-30": "279", "2016-03-31": "280", "2015-12-31": "278", "2015-09-30": "278", "2015-06-30": "277", "2015-03-31": "277", "2014-12-31": "277", "2014-09-30": "276", "2014-06-30": "280", "2014-03-31": "279", "2013-12-31": "282", "2013-09-30": "285", "2013-06-30": "286", "2013-03-31": "285", "2012-12-31": "286", "2012-09-30": "288", "2012-06-30": "294", "2012-03-31": "293", "2011-12-31": "296", "2011-09-30": "296", "2011-06-30": "302", "2011-03-31": "302", "2010-12-31": "305", "2010-09-30": "301", "2010-06-30": "316", "2010-03-31": "314", "2009-12-31": "321", "2009-09-30": "321", "2009-06-30": "326", "2009-03-31": "321", "2008-12-31": "325", "2008-09-30": "334", "2008-06-30": "360", "2008-03-31": "352", "2007-12-31": "367", "2007-09-30": "379", "2007-06-30": "377", "2007-03-31": "379", "2006-12-31": "375", "2006-09-30": "374", "2006-06-30": "388", "2006-03-31": "391", "2005-12-31": "391", "2005-09-30": "390", "2005-06-30": "390", "2005-03-31": "392"}}, "total-assets": {"Tapestry Annual Total Assets (Millions of US $)": {"2020": "$7,924", "2019": "$6,877", "2018": "$6,678", "2017": "$5,832", "2016": "$4,893", "2015": "$4,667", "2014": "$3,663", "2013": "$3,532", "2012": "$3,104", "2011": "$2,635", "2010": "$2,467", "2009": "$2,564", "2008": "$2,247", "2007": "$2,450", "2006": "$1,627", "2005": "$1,370"}, "Tapestry Quarterly Total Assets (Millions of US $)": {"2020-12-31": "$8,150", "2020-09-30": "$8,133", "2020-06-30": "$7,924", "2020-03-31": "$7,743", "2019-12-31": "$8,700", "2019-09-30": "$8,450", "2019-06-30": "$6,877", "2019-03-31": "$6,970", "2018-12-31": "$7,119", "2018-09-30": "$6,703", "2018-06-30": "$6,678", "2018-03-31": "$6,588", "2017-12-31": "$7,481", "2017-09-30": "$7,454", "2017-06-30": "$5,832", "2017-03-31": "$4,661", "2016-12-31": "$4,679", "2016-09-30": "$4,585", "2016-06-30": "$4,893", "2016-03-31": "$4,677", "2015-12-31": "$4,604", "2015-09-30": "$4,554", "2015-06-30": "$4,667", "2015-03-31": "$4,513", "2014-12-31": "$3,617", "2014-09-30": "$3,671", "2014-06-30": "$3,663", "2014-03-31": "$3,581", "2013-12-31": "$3,544", "2013-09-30": "$3,487", "2013-06-30": "$3,532", "2013-03-31": "$3,272", "2012-12-31": "$3,279", "2012-09-30": "$3,151", "2012-06-30": "$3,104", "2012-03-31": "$2,985", "2011-12-31": "$3,101", "2011-09-30": "$2,878", "2011-06-30": "$2,635", "2011-03-31": "$2,722", "2010-12-31": "$2,795", "2010-09-30": "$2,610", "2010-06-30": "$2,467", "2010-03-31": "$2,642", "2009-12-31": "$2,869", "2009-09-30": "$2,795", "2009-06-30": "$2,564", "2009-03-31": "$2,316", "2008-12-31": "$2,338", "2008-09-30": "$2,111", "2008-06-30": "$2,247", "2008-03-31": "$2,156", "2007-12-31": "$2,311", "2007-09-30": "$2,679", "2007-06-30": "$2,450", "2007-03-31": "$2,143", "2006-12-31": "$2,001", "2006-09-30": "$1,677", "2006-06-30": "$1,627", "2006-03-31": "$1,874", "2005-12-31": "$1,759", "2005-09-30": "$1,502", "2005-06-30": "$1,370", "2005-03-31": "$1,277"}}, "cash-on-hand": {"Tapestry Annual Cash on Hand (Millions of US $)": {"2020": "$1,434", "2019": "$1,234", "2018": "$1,250", "2017": "$3,084", "2016": "$1,319", "2015": "$1,526", "2014": "$869", "2013": "$1,135", "2012": "$917", "2011": "$702", "2010": "$696", "2009": "$800", "2008": "$699", "2007": "$1,186", "2006": "$538", "2005": "$383"}, "Tapestry Quarterly Cash on Hand (Millions of US $)": {"2020-12-31": "$1,652", "2020-09-30": "$1,522", "2020-06-30": "$1,434", "2020-03-31": "$898", "2019-12-31": "$1,167", "2019-09-30": "$788", "2019-06-30": "$1,234", "2019-03-31": "$1,337", "2018-12-31": "$1,495", "2018-09-30": "$1,063", "2018-06-30": "$1,250", "2018-03-31": "$1,038", "2017-12-31": "$2,092", "2017-09-30": "$1,671", "2017-06-30": "$3,084", "2017-03-31": "$1,892", "2016-12-31": "$1,836", "2016-09-30": "$1,533", "2016-06-30": "$1,319", "2016-03-31": "$1,282", "2015-12-31": "$1,337", "2015-09-30": "$1,276", "2015-06-30": "$1,526", "2015-03-31": "$2,021", "2014-12-31": "$1,065", "2014-09-30": "$908", "2014-06-30": "$869", "2014-03-31": "$775", "2013-12-31": "$799", "2013-09-30": "$855", "2013-06-30": "$1,135", "2013-03-31": "$928", "2012-12-31": "$859", "2012-09-30": "$761", "2012-06-30": "$917", "2012-03-31": "$930", "2011-12-31": "$1,086", "2011-09-30": "$848", "2011-06-30": "$702", "2011-03-31": "$886", "2010-12-31": "$940", "2010-09-30": "$712", "2010-06-30": "$696", "2010-03-31": "$908", "2009-12-31": "$1,103", "2009-09-30": "$995", "2009-06-30": "$800", "2009-03-31": "$551", "2008-12-31": "$424", "2008-09-30": "$410", "2008-06-30": "$699", "2008-03-31": "$616", "2007-12-31": "$891", "2007-09-30": "$1,235", "2007-06-30": "$1,186", "2007-03-31": "$936", "2006-12-31": "$820", "2006-09-30": "$456", "2006-06-30": "$538", "2006-03-31": "$838", "2005-12-31": "$746", "2005-09-30": "$448", "2005-06-30": "$383", "2005-03-31": "$496"}}, "long-term-debt": {"Tapestry Annual Long Term Debt (Millions of US $)": {"2020": "$1,588", "2019": "$1,602", "2018": "$1,600", "2017": "$1,580", "2016": "$861", "2015": "$879", "2014": "$", "2013": "$0", "2012": "$1", "2011": "$23", "2010": "$24", "2009": "$25", "2008": "$3", "2007": "$3", "2006": "$3", "2005": "$3"}, "Tapestry Quarterly Long Term Debt (Millions of US $)": {"2020-12-31": "$1,589", "2020-09-30": "$1,589", "2020-06-30": "$1,588", "2020-03-31": "$1,587", "2019-12-31": "$1,598", "2019-09-30": "$1,597", "2019-06-30": "$1,602", "2019-03-31": "$1,602", "2018-12-31": "$1,601", "2018-09-30": "$1,601", "2018-06-30": "$1,600", "2018-03-31": "$1,600", "2017-12-31": "$1,888", "2017-09-30": "$1,888", "2017-06-30": "$1,580", "2017-03-31": "$592", "2016-12-31": "$592", "2016-09-30": "$591", "2016-06-30": "$861", "2016-03-31": "$869", "2015-12-31": "$872", "2015-09-30": "$876", "2015-06-30": "$879", "2015-03-31": "$889", "2014-12-31": "", "2014-09-30": "", "2014-06-30": "", "2014-03-31": "", "2013-12-31": "", "2013-09-30": "$0", "2013-06-30": "$0", "2013-03-31": "$0", "2012-12-31": "$0", "2012-09-30": "$1", "2012-06-30": "$1", "2012-03-31": "$23", "2011-12-31": "$23", "2011-09-30": "$23", "2011-06-30": "$23", "2011-03-31": "$23", "2010-12-31": "$24", "2010-09-30": "$24", "2010-06-30": "$24", "2010-03-31": "$24", "2009-12-31": "$24", "2009-09-30": "$24", "2009-06-30": "$25", "2009-03-31": "$25", "2008-12-31": "$25", "2008-09-30": "$2", "2008-06-30": "$3", "2008-03-31": "$3", "2007-12-31": "$3", "2007-09-30": "$3", "2007-06-30": "$3", "2007-03-31": "$3", "2006-12-31": "$3", "2006-09-30": "$3", "2006-06-30": "$3", "2006-03-31": "$3", "2005-12-31": "$3", "2005-09-30": "$3", "2005-06-30": "$3", "2005-03-31": "$3"}}, "total-liabilities": {"Tapestry Annual Total Liabilities (Millions of US $)": {"2020": "$5,648", "2019": "$3,364", "2018": "$3,434", "2017": "$2,830", "2016": "$2,210", "2015": "$2,177", "2014": "$1,243", "2013": "$1,123", "2012": "$1,111", "2011": "$1,023", "2010": "$962", "2009": "$868", "2008": "$757", "2007": "$539", "2006": "$438", "2005": "$314"}, "Tapestry Quarterly Total Liabilities (Millions of US $)": {"2020-12-31": "$5,260", "2020-09-30": "$5,603", "2020-06-30": "$5,648", "2020-03-31": "$5,190", "2019-12-31": "$5,378", "2019-09-30": "$5,363", "2019-06-30": "$3,364", "2019-03-31": "$3,439", "2018-12-31": "$3,631", "2018-09-30": "$3,394", "2018-06-30": "$3,434", "2018-03-31": "$3,450", "2017-12-31": "$4,532", "2017-09-30": "$4,514", "2017-06-30": "$2,830", "2017-03-31": "$1,769", "2016-12-31": "$1,868", "2016-09-30": "$1,856", "2016-06-30": "$2,210", "2016-03-31": "$2,051", "2015-12-31": "$2,036", "2015-09-30": "$2,081", "2015-06-30": "$2,177", "2015-03-31": "$1,972", "2014-12-31": "$1,099", "2014-09-30": "$1,231", "2014-06-30": "$1,243", "2014-03-31": "$1,191", "2013-12-31": "$1,113", "2013-09-30": "$1,109", "2013-06-30": "$1,123", "2013-03-31": "$1,028", "2012-12-31": "$1,197", "2012-09-30": "$1,157", "2012-06-30": "$1,111", "2012-03-31": "$1,046", "2011-12-31": "$1,232", "2011-09-30": "$1,062", "2011-06-30": "$1,023", "2011-03-31": "$979", "2010-12-31": "$1,056", "2010-09-30": "$1,027", "2010-06-30": "$962", "2010-03-31": "$979", "2009-12-31": "$1,004", "2009-09-30": "$954", "2009-06-30": "$868", "2009-03-31": "$774", "2008-12-31": "$872", "2008-09-30": "$760", "2008-06-30": "$757", "2008-03-31": "$698", "2007-12-31": "$729", "2007-09-30": "$673", "2007-06-30": "$539", "2007-03-31": "$438", "2006-12-31": "$518", "2006-09-30": "$484", "2006-06-30": "$438", "2006-03-31": "$360", "2005-12-31": "$399", "2005-09-30": "$335", "2005-06-30": "$314", "2005-03-31": "$363"}}, "total-share-holder-equity": {"Tapestry Annual Share Holder Equity (Millions of US $)": {"2020": "$2,276", "2019": "$3,513", "2018": "$3,245", "2017": "$3,002", "2016": "$2,683", "2015": "$2,490", "2014": "$2,421", "2013": "$2,409", "2012": "$1,993", "2011": "$1,613", "2010": "$1,505", "2009": "$1,696", "2008": "$1,490", "2007": "$1,910", "2006": "$1,189", "2005": "$1,056"}, "Tapestry Quarterly Share Holder Equity (Millions of US $)": {"2020-12-31": "$2,891", "2020-09-30": "$2,530", "2020-06-30": "$2,276", "2020-03-31": "$2,553", "2019-12-31": "$3,322", "2019-09-30": "$3,087", "2019-06-30": "$3,513", "2019-03-31": "$3,531", "2018-12-31": "$3,488", "2018-09-30": "$3,310", "2018-06-30": "$3,245", "2018-03-31": "$3,138", "2017-12-31": "$2,949", "2017-09-30": "$2,940", "2017-06-30": "$3,002", "2017-03-31": "$2,892", "2016-12-31": "$2,811", "2016-09-30": "$2,729", "2016-06-30": "$2,683", "2016-03-31": "$2,625", "2015-12-31": "$2,567", "2015-09-30": "$2,474", "2015-06-30": "$2,490", "2015-03-31": "$2,540", "2014-12-31": "$2,518", "2014-09-30": "$2,440", "2014-06-30": "$2,421", "2014-03-31": "$2,389", "2013-12-31": "$2,431", "2013-09-30": "$2,379", "2013-06-30": "$2,409", "2013-03-31": "$2,244", "2012-12-31": "$2,082", "2012-09-30": "$1,994", "2012-06-30": "$1,993", "2012-03-31": "$1,939", "2011-12-31": "$1,869", "2011-09-30": "$1,817", "2011-06-30": "$1,613", "2011-03-31": "$1,743", "2010-12-31": "$1,738", "2010-09-30": "$1,583", "2010-06-30": "$1,505", "2010-03-31": "$1,663", "2009-12-31": "$1,866", "2009-09-30": "$1,841", "2009-06-30": "$1,696", "2009-03-31": "$1,542", "2008-12-31": "$1,466", "2008-09-30": "$1,351", "2008-06-30": "$1,490", "2008-03-31": "$1,458", "2007-12-31": "$1,582", "2007-09-30": "$2,006", "2007-06-30": "$1,910", "2007-03-31": "$1,705", "2006-12-31": "$1,483", "2006-09-30": "$1,192", "2006-06-30": "$1,189", "2006-03-31": "$1,515", "2005-12-31": "$1,360", "2005-09-30": "$1,167", "2005-06-30": "$1,056", "2005-03-31": "$914"}}, "profit-margins": {"current": "-9.22%"}, "gross margin": {"2020-12-31": "67.15%", "2020-09-30": "66.06%", "2020-06-30": "65.30%", "2020-03-31": "64.92%", "2019-12-31": "67.12%", "2019-09-30": "67.19%", "2019-06-30": "67.26%", "2019-03-31": "67.65%", "2018-12-31": "67.62%", "2018-09-30": "67.33%", "2018-06-30": "65.46%", "2018-03-31": "65.14%", "2017-12-31": "65.35%", "2017-09-30": "66.03%", "2017-06-30": "68.66%", "2017-03-31": "68.96%", "2016-12-31": "68.54%", "2016-09-30": "68.22%", "2016-06-30": "67.94%", "2016-03-31": "68.12%", "2015-12-31": "68.68%", "2015-09-30": "69.13%", "2015-06-30": "69.41%", "2015-03-31": "67.71%", "2014-12-31": "67.69%", "2014-09-30": "67.84%", "2014-06-30": "68.59%", "2014-03-31": "71.07%", "2013-12-31": "71.80%", "2013-09-30": "72.62%", "2013-06-30": "72.83%", "2013-03-31": "72.84%", "2012-12-31": "72.75%", "2012-09-30": "72.75%", "2012-06-30": "72.77%", "2012-03-31": "72.61%", "2011-12-31": "72.36%", "2011-09-30": "72.45%", "2011-06-30": "72.71%", "2011-03-31": "73.08%", "2010-12-31": "73.37%", "2010-09-30": "73.42%", "2010-06-30": "73.00%", "2010-03-31": "72.31%", "2009-12-31": "71.56%", "2009-09-30": "71.44%", "2009-06-30": "71.87%", "2009-03-31": "73.20%", "2008-12-31": "74.10%", "2008-09-30": "75.08%", "2008-06-30": "75.61%", "2008-03-31": "76.08%", "2007-12-31": "76.74%", "2007-09-30": "77.32%", "2007-06-30": "77.41%", "2007-03-31": "77.48%", "2006-12-31": "77.59%", "2006-09-30": "77.83%", "2006-06-30": "77.69%", "2006-03-31": "77.57%", "2005-12-31": "77.49%"}, "operating margin": {"2020-12-31": "-8.07%", "2020-09-30": "-8.40%", "2020-06-30": "-11.10%", "2020-03-31": "-1.74%", "2019-12-31": "11.56%", "2019-09-30": "11.83%", "2019-06-30": "13.61%", "2019-03-31": "13.96%", "2018-12-31": "14.80%", "2018-09-30": "14.32%", "2018-06-30": "11.41%", "2018-03-31": "12.22%", "2017-12-31": "12.84%", "2017-09-30": "12.64%", "2017-06-30": "17.53%", "2017-03-31": "15.76%", "2016-12-31": "15.26%", "2016-09-30": "15.07%", "2016-06-30": "14.54%", "2016-03-31": "13.25%", "2015-12-31": "13.33%", "2015-09-30": "13.85%", "2015-06-30": "14.75%", "2015-03-31": "15.71%", "2014-12-31": "18.20%", "2014-09-30": "20.85%", "2014-06-30": "23.32%", "2014-03-31": "27.36%", "2013-12-31": "28.58%", "2013-09-30": "29.91%", "2013-06-30": "30.04%", "2013-03-31": "31.13%", "2012-12-31": "31.41%", "2012-09-30": "31.23%", "2012-06-30": "31.74%", "2012-03-31": "31.72%", "2011-12-31": "30.99%", "2011-09-30": "31.21%", "2011-06-30": "31.38%", "2011-03-31": "31.63%", "2010-12-31": "32.47%", "2010-09-30": "32.27%", "2010-06-30": "31.87%", "2010-03-31": "30.80%", "2009-12-31": "29.72%", "2009-09-30": "29.67%", "2009-06-30": "30.05%", "2009-03-31": "31.38%", "2008-12-31": "33.55%", "2008-09-30": "35.05%", "2008-06-30": "36.08%", "2008-03-31": "37.48%", "2007-12-31": "37.99%", "2007-09-30": "38.12%", "2007-06-30": "38.06%", "2007-03-31": "36.88%", "2006-12-31": "36.02%", "2006-09-30": "35.51%", "2006-06-30": "35.14%", "2006-03-31": "34.24%", "2005-12-31": "34.24%"}, "ebitda margin": {"2020-12-31": "-3.21%", "2020-09-30": "-3.48%", "2020-06-30": "-6.11%", "2020-03-31": "3.02%", "2019-12-31": "16.00%", "2019-09-30": "16.34%", "2019-06-30": "18.05%", "2019-03-31": "18.31%", "2018-12-31": "19.14%", "2018-09-30": "18.60%", "2018-06-30": "15.85%", "2018-03-31": "16.80%", "2017-12-31": "17.45%", "2017-09-30": "17.43%", "2017-06-30": "22.28%", "2017-03-31": "20.27%", "2016-12-31": "19.74%", "2016-09-30": "19.71%", "2016-06-30": "19.26%", "2016-03-31": "18.13%", "2015-12-31": "18.27%", "2015-09-30": "18.70%", "2015-06-30": "19.30%", "2015-03-31": "20.06%", "2014-12-31": "22.34%", "2014-09-30": "24.83%", "2014-06-30": "27.25%", "2014-03-31": "31.14%", "2013-12-31": "32.20%", "2013-09-30": "33.28%", "2013-06-30": "33.23%", "2013-03-31": "34.11%", "2012-12-31": "34.31%", "2012-09-30": "34.04%", "2012-06-30": "34.54%", "2012-03-31": "34.53%", "2011-12-31": "33.80%", "2011-09-30": "34.12%", "2011-06-30": "34.38%", "2011-03-31": "34.75%", "2010-12-31": "35.75%", "2010-09-30": "35.62%", "2010-06-30": "35.42%", "2010-03-31": "34.47%", "2009-12-31": "33.43%", "2009-09-30": "33.59%", "2009-06-30": "33.89%", "2009-03-31": "35.02%", "2008-12-31": "37.04%", "2008-09-30": "38.34%", "2008-06-30": "39.22%", "2008-03-31": "40.66%", "2007-12-31": "41.10%", "2007-09-30": "41.23%", "2007-06-30": "41.12%", "2007-03-31": "39.98%", "2006-12-31": "39.15%", "2006-09-30": "38.77%", "2006-06-30": "38.33%", "2006-03-31": "37.34%", "2005-12-31": "37.28%"}, "pre tax profit margin": {"2020-12-31": "-9.62%", "2020-09-30": "-9.76%", "2020-06-30": "-12.58%", "2020-03-31": "-2.85%", "2019-12-31": "10.57%", "2019-09-30": "10.81%", "2019-06-30": "12.73%", "2019-03-31": "13.02%", "2018-12-31": "13.83%", "2018-09-30": "13.13%", "2018-06-30": "10.15%", "2018-03-31": "10.90%", "2017-12-31": "11.69%", "2017-09-30": "11.73%", "2017-06-30": "16.89%", "2017-03-31": "15.25%", "2016-12-31": "14.71%", "2016-09-30": "14.49%", "2016-06-30": "13.96%", "2016-03-31": "12.69%", "2015-12-31": "12.89%", "2015-09-30": "13.56%", "2015-06-30": "14.63%", "2015-03-31": "15.73%", "2014-12-31": "18.20%", "2014-09-30": "20.87%", "2014-06-30": "23.34%", "2014-03-31": "27.38%", "2013-12-31": "28.64%", "2013-09-30": "29.89%", "2013-06-30": "29.96%", "2013-03-31": "31.01%", "2012-12-31": "31.26%", "2012-09-30": "31.08%", "2012-06-30": "31.62%", "2012-03-31": "31.62%", "2011-12-31": "30.88%", "2011-09-30": "31.11%", "2011-06-30": "31.28%", "2011-03-31": "31.61%", "2010-12-31": "32.52%", "2010-09-30": "32.40%", "2010-06-30": "32.10%", "2010-03-31": "31.18%", "2009-12-31": "30.05%", "2009-09-30": "29.98%", "2009-06-30": "30.39%", "2009-03-31": "31.87%", "2008-12-31": "34.32%", "2008-09-30": "36.13%", "2008-06-30": "37.55%", "2008-03-31": "39.09%", "2007-12-31": "39.80%", "2007-09-30": "39.93%", "2007-06-30": "39.62%", "2007-03-31": "38.41%", "2006-12-31": "37.52%", "2006-09-30": "37.07%", "2006-06-30": "36.76%", "2006-03-31": "35.69%", "2005-12-31": "35.47%"}, "net profit margin": {"2020-12-31": "-9.21%", "2020-09-30": "-9.21%", "2020-06-30": "-13.14%", "2020-03-31": "-3.63%", "2019-12-31": "9.72%", "2019-09-30": "9.01%", "2019-06-30": "10.67%", "2019-03-31": "11.77%", "2018-12-31": "12.17%", "2018-09-30": "8.99%", "2018-06-30": "6.75%", "2018-03-31": "6.09%", "2017-12-31": "6.13%", "2017-09-30": "9.62%", "2017-06-30": "13.17%", "2017-03-31": "11.55%", "2016-12-31": "11.26%", "2016-09-30": "10.71%", "2016-06-30": "10.26%", "2016-03-31": "9.01%", "2015-12-31": "8.64%", "2015-09-30": "9.09%", "2015-06-30": "9.62%", "2015-03-31": "10.78%", "2014-12-31": "12.66%", "2014-09-30": "14.53%", "2014-06-30": "16.25%", "2014-03-31": "18.94%", "2013-12-31": "19.57%", "2013-09-30": "20.35%", "2013-06-30": "20.37%", "2013-03-31": "21.25%", "2012-12-31": "21.30%", "2012-09-30": "21.42%", "2012-06-30": "21.79%", "2012-03-31": "21.31%", "2011-12-31": "21.20%", "2011-09-30": "21.08%", "2011-06-30": "21.16%", "2011-03-31": "21.43%", "2010-12-31": "21.37%", "2010-09-30": "20.86%", "2010-06-30": "20.40%", "2010-03-31": "19.97%", "2009-12-31": "19.23%", "2009-09-30": "19.11%", "2009-06-30": "19.31%", "2009-03-31": "21.39%", "2008-12-31": "22.81%", "2008-09-30": "23.76%", "2008-06-30": "24.61%", "2008-03-31": "23.92%", "2007-12-31": "24.49%", "2007-09-30": "25.11%", "2007-06-30": "25.42%", "2007-03-31": "25.70%", "2006-12-31": "25.54%", "2006-09-30": "24.92%", "2006-06-30": "24.32%", "2006-03-31": "24.08%", "2005-12-31": "23.41%"}, "pe ratio": {"current": "31.69", "2021-02-11": "0.00", "2020-12-31": "0.00", "2020-09-30": "0.00", "2020-06-30": "0.00", "2020-03-31": "0.00", "2019-12-31": "12.90", "2019-09-30": "13.62", "2019-06-30": "13.76", "2019-03-31": "12.66", "2018-12-31": "12.61", "2018-09-30": "25.26", "2018-06-30": "31.48", "2018-03-31": "41.22", "2017-12-31": "35.97", "2017-09-30": "22.60", "2017-06-30": "20.30", "2017-03-31": "19.87", "2016-12-31": "16.97", "2016-09-30": "18.58", "2016-06-30": "21.39", "2016-03-31": "24.60", "2015-12-31": "21.11", "2015-09-30": "17.79", "2015-06-30": "19.88", "2015-03-31": "20.35", "2014-12-31": "15.07", "2014-09-30": "11.83", "2014-06-30": "9.88", "2014-03-31": "12.02", "2013-12-31": "12.87", "2013-09-30": "11.85", "2013-06-30": "12.32", "2013-03-31": "10.50", "2012-12-31": "11.81", "2012-09-30": "12.02", "2012-06-30": "12.63", "2012-03-31": "17.50", "2011-12-31": "14.43", "2011-09-30": "12.93", "2011-06-30": "16.43", "2011-03-31": "13.51", "2010-12-31": "14.94", "2010-09-30": "12.72", "2010-06-30": "11.66", "2010-03-31": "13.68", "2009-12-31": "13.50", "2009-09-30": "12.64", "2009-06-30": "10.30", "2009-03-31": "5.86", "2008-12-31": "6.96", "2008-09-30": "8.31", "2008-06-30": "9.72", "2008-03-31": "11.17", "2007-12-31": "11.68", "2007-09-30": "18.84", "2007-06-30": "19.64", "2007-03-31": "22.12", "2006-12-31": "20.46"}, "price sales": {"2021-02-11": "2.35", "2020-12-31": "1.87", "2020-09-30": "0.91", "2020-06-30": "0.75", "2020-03-31": "0.63", "2019-12-31": "1.26", "2019-09-30": "1.22", "2019-06-30": "1.47", "2019-03-31": "1.49", "2018-12-31": "1.54", "2018-09-30": "2.26", "2018-06-30": "2.11", "2018-03-31": "2.50", "2017-12-31": "2.21", "2017-09-30": "2.18", "2017-06-30": "2.67", "2017-03-31": "2.29", "2016-12-31": "1.91", "2016-09-30": "1.99", "2016-06-30": "2.19", "2016-03-31": "2.21", "2015-12-31": "1.83", "2015-09-30": "1.62", "2015-06-30": "1.90", "2015-03-31": "2.20", "2014-12-31": "1.90", "2014-09-30": "1.72", "2014-06-30": "1.61", "2014-03-31": "2.29", "2013-12-31": "2.53", "2013-09-30": "2.42", "2013-06-30": "2.52", "2013-03-31": "2.23", "2012-12-31": "2.52", "2012-09-30": "2.59", "2012-06-30": "2.77", "2012-03-31": "3.76", "2011-12-31": "3.08", "2011-09-30": "2.75", "2011-06-30": "3.50", "2011-03-31": "2.93", "2010-12-31": "3.22", "2010-09-30": "2.67", "2010-06-30": "2.40", "2010-03-31": "2.73", "2009-12-31": "2.60", "2009-09-30": "2.42", "2009-06-30": "2.00", "2009-03-31": "1.27", "2008-12-31": "1.60", "2008-09-30": "1.99", "2008-06-30": "2.42", "2008-03-31": "2.67", "2007-12-31": "2.87", "2007-09-30": "4.75", "2007-06-30": "5.01", "2007-03-31": "5.75", "2006-12-31": "5.29"}, "price book": {"current": "3.68", "2021-02-11": "3.76", "2020-12-31": "2.99", "2020-09-30": "1.71", "2020-06-30": "1.61", "2020-03-31": "1.40", "2019-12-31": "2.21", "2019-09-30": "2.26", "2019-06-30": "2.48", "2019-03-31": "2.53", "2018-12-31": "2.63", "2018-09-30": "4.09", "2018-06-30": "3.83", "2018-03-31": "4.42", "2017-12-31": "3.89", "2017-09-30": "3.52", "2017-06-30": "3.98", "2017-03-31": "3.57", "2016-12-31": "3.08", "2016-09-30": "3.28", "2016-06-30": "3.66", "2016-03-31": "3.65", "2015-12-31": "3.01", "2015-09-30": "2.73", "2015-06-30": "3.20", "2015-03-31": "3.72", "2014-12-31": "3.37", "2014-09-30": "3.26", "2014-06-30": "3.11", "2014-03-31": "4.54", "2013-12-31": "5.07", "2013-09-30": "5.06", "2013-06-30": "5.22", "2013-03-31": "4.86", "2012-12-31": "5.78", "2012-09-30": "6.12", "2012-06-30": "6.40", "2012-03-31": "8.72", "2011-12-31": "7.13", "2011-09-30": "6.28", "2011-06-30": "8.61", "2011-03-31": "6.57", "2010-12-31": "7.04", "2010-09-30": "5.99", "2010-06-30": "5.36", "2010-03-31": "5.35", "2009-12-31": "4.54", "2009-09-30": "4.20", "2009-06-30": "3.71", "2009-03-31": "2.52", "2008-12-31": "3.34", "2008-09-30": "4.44", "2008-06-30": "4.79", "2008-03-31": "5.17", "2007-12-31": "5.00", "2007-09-30": "6.44", "2007-06-30": "6.78", "2007-03-31": "7.99", "2006-12-31": "7.84", "2006-09-30": "7.76", "2006-06-30": "6.82", "2006-03-31": "6.44"}, "price fcf": {"2021-02-11": "", "2020-12-31": "$1.70", "2020-09-30": "$1.27", "2020-06-30": "$0.72", "2020-03-31": "$1.33", "2019-12-31": "$1.71", "2019-09-30": "$1.80", "2019-06-30": "$1.78", "2019-03-31": "$2.59", "2018-12-31": "$3.13", "2018-09-30": "$2.81", "2018-06-30": "$2.53", "2018-03-31": "$2.20", "2017-12-31": "$2.35", "2017-09-30": "$2.31", "2017-06-30": "$2.46", "2017-03-31": "$2.10", "2016-12-31": "$1.99", "2016-09-30": "$1.14", "2016-06-30": "$1.30", "2016-03-31": "$1.24", "2015-12-31": "$1.32", "2015-09-30": "$2.09", "2015-06-30": "$2.66", "2015-03-31": "$3.15", "2014-12-31": "$2.93", "2014-09-30": "$2.67", "2014-06-30": "$2.73", "2014-03-31": "$2.84", "2013-12-31": "$3.23", "2013-09-30": "$4.01", "2013-06-30": "$4.10", "2013-03-31": "$3.80", "2012-12-31": "$3.43", "2012-09-30": "$3.38", "2012-06-30": "$3.53", "2012-03-31": "$3.36", "2011-12-31": "$3.77", "2011-09-30": "$3.08", "2011-06-30": "$2.94", "2011-03-31": "$2.86", "2010-12-31": "$2.87", "2010-09-30": "$2.71", "2010-06-30": "$2.88", "2010-03-31": "$3.15", "2009-12-31": "$3.07", "2009-09-30": "$2.38", "2009-06-30": "$1.75", "2009-03-31": "$1.72", "2008-12-31": "$1.35", "2008-09-30": "$1.91", "2008-06-30": "$2.08", "2008-03-31": "$1.95", "2007-12-31": "$1.93", "2007-09-30": "$1.80", "2007-06-30": "$1.70", "2007-03-31": "$1.54", "2006-12-31": "$2.13"}, "net worth": {"value": "$10.64B"}, "current ratio": {"current": "1.88", "2020-12-31": "1.88", "2020-09-30": "1.56", "2020-06-30": "1.47", "2020-03-31": "1.87", "2019-12-31": "2.01", "2019-09-30": "1.82", "2019-06-30": "2.79", "2019-03-31": "2.67", "2018-12-31": "2.62", "2018-09-30": "2.74", "2018-06-30": "2.59", "2018-03-31": "2.66", "2017-12-31": "1.90", "2017-09-30": "1.74", "2017-06-30": "5.24", "2017-03-31": "4.35", "2016-12-31": "3.87", "2016-09-30": "3.59", "2016-06-30": "2.63", "2016-03-31": "3.10", "2015-12-31": "3.27", "2015-09-30": "3.13", "2015-06-30": "3.00", "2015-03-31": "4.19", "2014-12-31": "2.72", "2014-09-30": "2.37", "2014-06-30": "2.28", "2014-03-31": "2.27", "2013-12-31": "2.54", "2013-09-30": "2.65", "2013-06-30": "2.87", "2013-03-31": "3.08", "2012-12-31": "2.40", "2012-09-30": "2.42", "2012-06-30": "2.51", "2012-03-31": "2.82", "2011-12-31": "2.34", "2011-09-30": "2.68", "2011-06-30": "2.45", "2011-03-31": "2.84", "2010-12-31": "2.74", "2010-09-30": "2.50", "2010-06-30": "2.46", "2010-03-31": "2.74", "2009-12-31": "2.97", "2009-09-30": "3.03", "2009-06-30": "3.04", "2009-03-31": "2.94", "2008-12-31": "2.35", "2008-09-30": "2.63", "2008-06-30": "3.01", "2008-03-31": "3.49", "2007-12-31": "3.47", "2007-09-30": "4.69", "2007-06-30": "4.27", "2007-03-31": "4.34", "2006-12-31": "3.15", "2006-09-30": "2.59", "2006-06-30": "2.85", "2006-03-31": "4.32", "2005-12-31": "3.40", "2005-09-30": "3.02", "2005-06-30": "2.67", "2005-03-31": "3.48"}, "quick ratio": {"2020-12-31": "1.47", "2020-09-30": "1.12", "2020-06-30": "1.04", "2020-03-31": "1.12", "2019-12-31": "1.41", "2019-09-30": "1.09", "2019-06-30": "1.94", "2019-03-31": "1.86", "2018-12-31": "1.94", "2018-09-30": "1.83", "2018-06-30": "1.88", "2018-03-31": "1.83", "2017-12-31": "1.51", "2017-09-30": "1.25", "2017-06-30": "4.62", "2017-03-31": "3.60", "2016-12-31": "3.22", "2016-09-30": "2.81", "2016-06-30": "2.07", "2016-03-31": "2.46", "2015-12-31": "2.65", "2015-09-30": "2.37", "2015-06-30": "2.42", "2015-03-31": "3.53", "2014-12-31": "2.10", "2014-09-30": "1.64", "2014-06-30": "1.63", "2014-03-31": "1.53", "2013-12-31": "1.76", "2013-09-30": "1.75", "2013-06-30": "2.14", "2013-03-31": "2.24", "2012-12-31": "1.76", "2012-09-30": "1.60", "2012-06-30": "1.81", "2012-03-31": "2.06", "2011-12-31": "1.81", "2011-09-30": "1.85", "2011-06-30": "1.74", "2011-03-31": "2.13", "2010-12-31": "2.12", "2010-09-30": "1.70", "2010-06-30": "1.78", "2010-03-31": "2.18", "2009-12-31": "2.50", "2009-09-30": "2.39", "2009-06-30": "2.33", "2009-03-31": "2.09", "2008-12-31": "1.61", "2008-09-30": "1.76", "2008-06-30": "2.31", "2008-03-31": "2.61", "2007-12-31": "2.76", "2007-09-30": "3.79", "2007-06-30": "3.55", "2007-03-31": "3.60", "2006-12-31": "2.57", "2006-09-30": "1.83", "2006-06-30": "2.17", "2006-03-31": "3.60", "2005-12-31": "2.81", "2005-09-30": "2.27", "2005-06-30": "1.98", "2005-03-31": "2.73"}, "debt equity ratio": {"current": "0.55", "2020-12-31": "1.82", "2020-09-30": "2.22", "2020-06-30": "2.48", "2020-03-31": "2.03", "2019-12-31": "1.62", "2019-09-30": "1.74", "2019-06-30": "0.96", "2019-03-31": "0.97", "2018-12-31": "1.04", "2018-09-30": "1.03", "2018-06-30": "1.06", "2018-03-31": "1.10", "2017-12-31": "1.54", "2017-09-30": "1.54", "2017-06-30": "0.94", "2017-03-31": "0.61", "2016-12-31": "0.66", "2016-09-30": "0.68", "2016-06-30": "0.82", "2016-03-31": "0.78", "2015-12-31": "0.79", "2015-09-30": "0.84", "2015-06-30": "0.87", "2015-03-31": "0.78", "2014-12-31": "0.44", "2014-09-30": "0.50", "2014-06-30": "0.51", "2014-03-31": "0.50", "2013-12-31": "0.46", "2013-09-30": "0.47", "2013-06-30": "0.47", "2013-03-31": "0.46", "2012-12-31": "0.58", "2012-09-30": "0.58", "2012-06-30": "0.56", "2012-03-31": "0.54", "2011-12-31": "0.66", "2011-09-30": "0.58", "2011-06-30": "0.63", "2011-03-31": "0.56", "2010-12-31": "0.61", "2010-09-30": "0.65", "2010-06-30": "0.64", "2010-03-31": "0.59", "2009-12-31": "0.54", "2009-09-30": "0.52", "2009-06-30": "0.51", "2009-03-31": "0.50", "2008-12-31": "0.60", "2008-09-30": "0.56", "2008-06-30": "0.51", "2008-03-31": "0.48", "2007-12-31": "0.46", "2007-09-30": "0.34", "2007-06-30": "0.28", "2007-03-31": "0.26", "2006-12-31": "0.35", "2006-09-30": "0.41", "2006-06-30": "0.37", "2006-03-31": "0.24", "2005-12-31": "0.29", "2005-09-30": "0.29", "2005-06-30": "0.30", "2005-03-31": "0.40"}, "return on equity": {"2020-12-31": "-16.70%", "2020-09-30": "-16.48%", "2020-06-30": "-23.21%", "2020-03-31": "-6.70%", "2019-12-31": "17.39%", "2019-09-30": "15.89%", "2019-06-30": "18.58%", "2019-03-31": "20.80%", "2018-12-31": "22.12%", "2018-09-30": "16.99%", "2018-06-30": "12.94%", "2018-03-31": "11.21%", "2017-12-31": "10.83%", "2017-09-30": "15.66%", "2017-06-30": "20.68%", "2017-03-31": "18.75%", "2016-12-31": "18.88%", "2016-09-30": "18.18%", "2016-06-30": "17.82%", "2016-03-31": "15.40%", "2015-12-31": "14.54%", "2015-09-30": "15.17%", "2015-06-30": "16.14%", "2015-03-31": "18.79%", "2014-12-31": "23.30%", "2014-09-30": "28.18%", "2014-06-30": "32.47%", "2014-03-31": "38.59%", "2013-12-31": "41.21%", "2013-09-30": "45.25%", "2013-06-30": "47.38%", "2013-03-31": "51.20%", "2012-12-31": "52.45%", "2012-09-30": "53.57%", "2012-06-30": "54.50%", "2012-03-31": "54.66%", "2011-12-31": "53.96%", "2011-09-30": "52.44%", "2011-06-30": "52.72%", "2011-03-31": "53.22%", "2010-12-31": "52.15%", "2010-09-30": "47.39%", "2010-06-30": "42.82%", "2010-03-31": "38.83%", "2009-12-31": "37.03%", "2009-09-30": "37.83%", "2009-06-30": "41.22%", "2009-03-31": "47.32%", "2008-12-31": "51.27%", "2008-09-30": "52.64%", "2008-06-30": "47.92%", "2008-03-31": "41.98%", "2007-12-31": "39.87%", "2007-09-30": "39.02%", "2007-06-30": "42.23%", "2007-03-31": "44.60%", "2006-12-31": "43.13%", "2006-09-30": "40.11%", "2006-06-30": "37.85%", "2006-03-31": "36.64%", "2005-12-31": "39.05%"}, "return on assets": {"2020-12-31": "-5.36%", "2020-09-30": "-5.42%", "2020-06-30": "-7.95%", "2020-03-31": "-2.63%", "2019-12-31": "7.55%", "2019-09-30": "7.36%", "2019-06-30": "9.30%", "2019-03-31": "10.28%", "2018-12-31": "10.76%", "2018-09-30": "7.83%", "2018-06-30": "5.63%", "2018-03-31": "4.93%", "2017-12-31": "5.02%", "2017-09-30": "8.06%", "2017-06-30": "11.97%", "2017-03-31": "11.07%", "2016-12-31": "10.87%", "2016-09-30": "10.28%", "2016-06-30": "9.85%", "2016-03-31": "8.45%", "2015-12-31": "7.98%", "2015-09-30": "8.76%", "2015-06-30": "9.79%", "2015-03-31": "12.05%", "2014-12-31": "15.66%", "2014-09-30": "18.87%", "2014-06-30": "21.88%", "2014-03-31": "26.22%", "2013-12-31": "28.19%", "2013-09-30": "30.39%", "2013-06-30": "31.25%", "2013-03-31": "33.23%", "2012-12-31": "33.55%", "2012-09-30": "33.84%", "2012-06-30": "34.41%", "2012-03-31": "34.11%", "2011-12-31": "33.52%", "2011-09-30": "32.86%", "2011-06-30": "32.71%", "2011-03-31": "33.00%", "2010-12-31": "32.19%", "2010-09-30": "29.62%", "2010-06-30": "27.33%", "2010-03-31": "25.24%", "2009-12-31": "24.39%", "2009-09-30": "24.73%", "2009-06-30": "26.76%", "2009-03-31": "30.71%", "2008-12-31": "33.39%", "2008-09-30": "35.08%", "2008-06-30": "33.34%", "2008-03-31": "30.43%", "2007-12-31": "29.97%", "2007-09-30": "29.89%", "2007-06-30": "32.11%", "2007-03-31": "33.35%", "2006-12-31": "32.32%", "2006-09-30": "30.39%", "2006-06-30": "29.28%", "2006-03-31": "28.72%", "2005-12-31": "29.72%"}, "return on investments": {"2020-12-31": "-9.03%", "2020-09-30": "-9.41%", "2020-06-30": "-12.52%", "2020-03-31": "-2.12%", "2019-12-31": "14.02%", "2019-09-30": "14.19%", "2019-06-30": "16.20%", "2019-03-31": "16.76%", "2018-12-31": "18.10%", "2018-09-30": "17.69%", "2018-06-30": "13.94%", "2018-03-31": "14.24%", "2017-12-31": "15.07%", "2017-09-30": "14.70%", "2017-06-30": "21.29%", "2017-03-31": "20.68%", "2016-12-31": "20.17%", "2016-09-30": "19.66%", "2016-06-30": "18.89%", "2016-03-31": "16.85%", "2015-12-31": "16.63%", "2015-09-30": "22.82%", "2015-06-30": "36.36%", "2015-03-31": "79.18%", "2014-12-31": "inf%", "2014-09-30": "inf%", "2014-06-30": "188.48%", "2014-03-31": "111.84%", "2013-12-31": "80.99%", "2013-09-30": "66.48%", "2013-06-30": "69.86%", "2013-03-31": "74.99%", "2012-12-31": "77.07%", "2012-09-30": "77.62%", "2012-06-30": "78.67%", "2012-03-31": "80.33%", "2011-12-31": "77.88%", "2011-09-30": "76.58%", "2011-06-30": "77.09%", "2011-03-31": "77.43%", "2010-12-31": "78.04%", "2010-09-30": "72.27%", "2010-06-30": "65.98%", "2010-03-31": "59.07%", "2009-12-31": "56.45%", "2009-09-30": "57.86%", "2009-06-30": "63.34%", "2009-03-31": "68.77%", "2008-12-31": "74.99%", "2008-09-30": "77.54%", "2008-06-30": "70.15%", "2008-03-31": "65.69%", "2007-12-31": "61.78%", "2007-09-30": "59.14%", "2007-06-30": "63.09%", "2007-03-31": "63.86%", "2006-12-31": "60.69%", "2006-09-30": "57.02%", "2006-06-30": "54.55%", "2006-03-31": "51.98%", "2005-12-31": "56.95%"}, "return on tangible equity": {"2020-12-31": "350.10%", "2020-09-30": "335.24%", "2020-06-30": "584.75%", "2020-03-31": "-344.03%", "2019-12-31": "344.12%", "2019-09-30": "276.73%", "2019-06-30": "269.60%", "2019-03-31": "405.75%", "2018-12-31": "1080.00%", "2018-09-30": "-1124.61%", "2018-06-30": "-311.37%", "2018-03-31": "82.00%", "2017-12-31": "33.33%", "2017-09-30": "30.27%", "2017-06-30": "29.09%", "2017-03-31": "26.79%", "2016-12-31": "27.19%", "2016-09-30": "26.36%", "2016-06-30": "25.90%", "2016-03-31": "22.40%", "2015-12-31": "19.83%", "2015-09-30": "19.47%", "2015-06-30": "19.60%", "2015-03-31": "21.73%", "2014-12-31": "27.16%", "2014-09-30": "33.07%", "2014-06-30": "38.31%", "2014-03-31": "45.45%", "2013-12-31": "48.65%", "2013-09-30": "53.98%", "2013-06-30": "57.35%", "2013-03-31": "62.91%", "2012-12-31": "65.07%", "2012-09-30": "66.54%", "2012-06-30": "67.37%", "2012-03-31": "67.88%", "2011-12-31": "66.92%", "2011-09-30": "65.07%", "2011-06-30": "65.61%", "2011-03-31": "66.17%", "2010-12-31": "64.69%", "2010-09-30": "58.13%", "2010-06-30": "51.96%", "2010-03-31": "46.67%", "2009-12-31": "44.61%", "2009-09-30": "47.07%", "2009-06-30": "51.82%", "2009-03-31": "59.59%", "2008-12-31": "64.70%", "2008-09-30": "63.97%", "2008-06-30": "56.78%", "2008-03-31": "48.91%", "2007-12-31": "45.89%", "2007-09-30": "44.92%", "2007-06-30": "49.52%", "2007-03-31": "53.68%", "2006-12-31": "52.29%", "2006-09-30": "48.86%", "2006-06-30": "46.27%", "2006-03-31": "45.18%", "2005-12-31": "46.90%"}, "dividend yield history": {"last payout": "$0.00", "last yield": "0.00%"}}