{"ticker": "TRU", "price": {"title": "TransUnion Historical Annual Stock Price Data", "value": 93.59, "historical": {"2020": {"Average Stock Price": "86.0415", "Year Open": "87.8100", "Year High": "100.9700", "Year Low": "54.9800", "Year Close": "99.2200", "Annual % Change": "15.90%"}, "2019": {"Average Stock Price": "73.6597", "Year Open": "56.0000", "Year High": "87.0000", "Year Low": "54.1500", "Year Close": "85.6100", "Annual % Change": "50.72%"}, "2018": {"Average Stock Price": "65.7252", "Year Open": "54.8500", "Year High": "76.6400", "Year Low": "52.6100", "Year Close": "56.8000", "Annual % Change": "3.35%"}, "2017": {"Average Stock Price": "43.9194", "Year Open": "30.9600", "Year High": "56.2100", "Year Low": "30.9600", "Year Close": "54.9600", "Annual % Change": "77.69%"}, "2016": {"Average Stock Price": "30.3012", "Year Open": "27.5100", "Year High": "35.4300", "Year Low": "20.9800", "Year Close": "30.9300", "Annual % Change": "12.19%"}, "2015": {"Average Stock Price": "25.5070", "Year Open": "25.4000", "Year High": "27.9800", "Year Low": "23.1900", "Year Close": "27.5700", "Annual % Change": "0.00%"}}}, "market cap": {"value": "$17.81B"}, "income statement": {"Revenue": {"2019-12-31": "2656.10000", "2018-12-31": "2317.20000", "2017-12-31": "1933.80000", "2016-12-31": "1704.90000", "2015-12-31": "1506.80000", "2014-12-31": "1304.70000", "2013-12-31": "1183.20000", "2012-12-31": "767.00000", "2011-12-31": "1024.00000", "2010-12-31": "956.50000"}, "Cost Of Goods Sold": {"2019-12-31": "874.10000", "2018-12-31": "790.10000", "2017-12-31": "645.70000", "2016-12-31": "579.10000", "2015-12-31": "531.60000", "2014-12-31": "500.20000", "2013-12-31": "473.90000", "2012-12-31": "298.20000", "2011-12-31": "421.50000", "2010-12-31": "395.80000"}, "Gross Profit": {"2019-12-31": "1782.00000", "2018-12-31": "1527.10000", "2017-12-31": "1288.10000", "2016-12-31": "1125.80000", "2015-12-31": "975.20010", "2014-12-31": "804.49990", "2013-12-31": "709.29990", "2012-12-31": "468.80000", "2011-12-31": "602.50000", "2010-12-31": "560.70000"}, "Research And Development Expenses": {"2019-12-31": "", "2018-12-31": "", "2017-12-31": "", "2016-12-31": "", "2015-12-31": "", "2014-12-31": "", "2013-12-31": "", "2012-12-31": "", "2011-12-31": "0.00000", "2010-12-31": "0.00000"}, "SG&A Expenses": {"2019-12-31": "812.10000", "2018-12-31": "707.70000", "2017-12-31": "585.40000", "2016-12-31": "560.10000", "2015-12-31": "499.70000", "2014-12-31": "434.90000", "2013-12-31": "353.30000", "2012-12-31": "212.60000", "2011-12-31": "264.50000", "2010-12-31": "263.00000"}, "Other Operating Income Or Expenses": {"2019-12-31": "", "2018-12-31": "", "2017-12-31": "", "2016-12-31": "", "2015-12-31": "", "2014-12-31": "", "2013-12-31": "", "2012-12-31": "", "2011-12-31": "", "2010-12-31": ""}, "Operating Expenses": {"2019-12-31": "2048.30000", "2018-12-31": "1804.70000", "2017-12-31": "1469.10000", "2016-12-31": "1404.40000", "2015-12-31": "1309.70000", "2014-12-31": "1176.30000", "2013-12-31": "1014.00000", "2012-12-31": "625.80000", "2011-12-31": "771.30000", "2010-12-31": "740.40000"}, "Operating Income": {"2019-12-31": "607.80030", "2018-12-31": "512.50000", "2017-12-31": "464.70000", "2016-12-31": "300.50010", "2015-12-31": "197.10010", "2014-12-31": "128.39990", "2013-12-31": "169.20000", "2012-12-31": "141.20000", "2011-12-31": "252.70000", "2010-12-31": "216.10000"}, "Total Non-Operating Income/Expense": {"2019-12-31": "-167.30000", "2018-12-31": "-169.00000", "2017-12-31": "-92.20000", "2016-12-31": "-95.10000", "2015-12-31": "-170.50000", "2014-12-31": "-130.20000", "2013-12-31": "-195.10000", "2012-12-31": "-138.50000", "2011-12-31": "-185.60000", "2010-12-31": "-133.10000"}, "Pre-Tax Income": {"2019-12-31": "440.50000", "2018-12-31": "343.50000", "2017-12-31": "372.50000", "2016-12-31": "205.40000", "2015-12-31": "26.60000", "2014-12-31": "-1.80000", "2013-12-31": "-25.90000", "2012-12-31": "2.70000", "2011-12-31": "67.10000", "2010-12-31": "83.00000"}, "Income Taxes": {"2019-12-31": "83.90000", "2018-12-31": "54.50000", "2017-12-31": "-79.10000", "2016-12-31": "74.00000", "2015-12-31": "11.30000", "2014-12-31": "2.60000", "2013-12-31": "2.30000", "2012-12-31": "6.60000", "2011-12-31": "-17.80000", "2010-12-31": "-46.30000"}, "Income After Taxes": {"2019-12-31": "356.60000", "2018-12-31": "289.00000", "2017-12-31": "451.60000", "2016-12-31": "131.40000", "2015-12-31": "15.30000", "2014-12-31": "-4.40000", "2013-12-31": "-28.20000", "2012-12-31": "-3.90000", "2011-12-31": "84.90000", "2010-12-31": "129.30000"}, "Other Income": {"2019-12-31": "", "2018-12-31": "", "2017-12-31": "", "2016-12-31": "", "2015-12-31": "", "2014-12-31": "", "2013-12-31": "", "2012-12-31": "", "2011-12-31": "0.00000", "2010-12-31": "0.00000"}, "Income From Continuous Operations": {"2019-12-31": "356.60000", "2018-12-31": "289.00000", "2017-12-31": "451.60000", "2016-12-31": "131.40000", "2015-12-31": "15.30000", "2014-12-31": "-4.40000", "2013-12-31": "-28.20000", "2012-12-31": "-3.90000", "2011-12-31": "76.90000", "2010-12-31": "121.00000"}, "Income From Discontinued Operations": {"2019-12-31": "-4.60000", "2018-12-31": "-1.50000", "2017-12-31": "", "2016-12-31": "0.00000", "2015-12-31": "", "2014-12-31": "", "2013-12-31": "", "2012-12-31": "", "2011-12-31": "0.00000", "2010-12-31": "0.00000"}, "Net Income": {"2019-12-31": "346.90000", "2018-12-31": "276.60000", "2017-12-31": "441.20000", "2016-12-31": "120.60000", "2015-12-31": "5.90000", "2014-12-31": "-12.50000", "2013-12-31": "-35.10000", "2012-12-31": "-8.80000", "2011-12-31": "40.80000", "2010-12-31": "36.60000"}, "EBITDA": {"2019-12-31": "975.90030", "2018-12-31": "824.20000", "2017-12-31": "705.40000", "2016-12-31": "569.80020", "2015-12-31": "482.80010", "2014-12-31": "371.69990", "2013-12-31": "347.10000", "2012-12-31": "247.50000", "2011-12-31": "252.70000", "2010-12-31": "216.10000"}, "EBIT": {"2019-12-31": "607.80030", "2018-12-31": "512.50000", "2017-12-31": "464.70000", "2016-12-31": "300.50010", "2015-12-31": "197.10010", "2014-12-31": "128.39990", "2013-12-31": "169.20000", "2012-12-31": "141.20000", "2011-12-31": "252.70000", "2010-12-31": "216.10000"}, "Basic Shares Outstanding": {"2019-12-31": "187.80000", "2018-12-31": "184.60000", "2017-12-31": "182.40000", "2016-12-31": "182.60000", "2015-12-31": "165.30000", "2014-12-31": "147.30000", "2013-12-31": "146.40000", "2012-12-31": "109.70000", "2011-12-31": "", "2010-12-31": ""}, "Shares Outstanding": {"2019-12-31": "191.80000", "2018-12-31": "190.90000", "2017-12-31": "189.90000", "2016-12-31": "184.60000", "2015-12-31": "166.80000", "2014-12-31": "147.30000", "2013-12-31": "146.40000", "2012-12-31": "109.70000", "2011-12-31": "", "2010-12-31": ""}, "Basic EPS": {"2019-12-31": "1.85000", "2018-12-31": "1.50000", "2017-12-31": "2.42000", "2016-12-31": "0.66000", "2015-12-31": "0.04000", "2014-12-31": "-0.09000", "2013-12-31": "-0.24000", "2012-12-31": "-0.08000", "2011-12-31": "", "2010-12-31": ""}, "EPS - Earnings Per Share": {"2019-12-31": "1.81000", "2018-12-31": "1.45000", "2017-12-31": "2.32000", "2016-12-31": "0.65000", "2015-12-31": "0.04000", "2014-12-31": "-0.09000", "2013-12-31": "-0.24000", "2012-12-31": "-0.08000", "2011-12-31": "0.00000", "2010-12-31": "0.00000"}}, "income statement, quarterly": {"Revenue": {"2020-09-30": "695.90000", "2020-06-30": "634.40000", "2020-03-31": "687.60000", "2019-12-31": "685.60000", "2019-09-30": "689.30000", "2019-06-30": "661.90000", "2019-03-31": "619.30000", "2018-12-31": "613.10000", "2018-09-30": "603.60000", "2018-06-30": "563.10000", "2018-03-31": "537.40000", "2017-12-31": "506.00010", "2017-09-30": "498.00000", "2017-06-30": "474.80000", "2017-03-31": "455.00000", "2016-12-31": "435.90000", "2016-09-30": "437.60000", "2016-06-30": "425.70000", "2016-03-31": "405.70000", "2015-12-31": "386.10010", "2015-09-30": "389.10000", "2015-06-30": "378.50000", "2015-03-31": "353.10000", "2014-12-31": "335.59990", "2014-09-30": "338.20000", "2014-06-30": "327.50000", "2014-03-31": "303.40000", "2013-12-31": "292.40000", "2013-09-30": "299.50000", "2013-06-30": "300.80000", "2013-03-31": "290.50000", "2012-12-31": "284.40000", "2012-09-30": "291.70000", "2012-06-30": "190.90000", "2012-03-31": "", "2011-12-31": "", "2010-12-31": ""}, "Cost Of Goods Sold": {"2020-09-30": "222.40000", "2020-06-30": "218.60000", "2020-03-31": "225.10000", "2019-12-31": "229.00000", "2019-09-30": "220.80000", "2019-06-30": "216.20000", "2019-03-31": "208.10000", "2018-12-31": "211.20000", "2018-09-30": "207.50000", "2018-06-30": "189.10000", "2018-03-31": "182.30000", "2017-12-31": "173.30000", "2017-09-30": "169.30000", "2017-06-30": "151.90000", "2017-03-31": "151.20000", "2016-12-31": "144.70000", "2016-09-30": "141.50000", "2016-06-30": "143.80000", "2016-03-31": "149.10000", "2015-12-31": "139.40000", "2015-09-30": "135.10000", "2015-06-30": "131.50000", "2015-03-31": "125.60000", "2014-12-31": "121.40000", "2014-09-30": "125.00000", "2014-06-30": "132.90000", "2014-03-31": "120.90000", "2013-12-31": "119.00000", "2013-09-30": "115.90000", "2013-06-30": "121.30000", "2013-03-31": "117.70000", "2012-12-31": "112.10000", "2012-09-30": "111.50000", "2012-06-30": "74.60000", "2012-03-31": "", "2011-12-31": "", "2010-12-31": ""}, "Gross Profit": {"2020-09-30": "473.50000", "2020-06-30": "415.80000", "2020-03-31": "462.50000", "2019-12-31": "456.60010", "2019-09-30": "468.50000", "2019-06-30": "445.70000", "2019-03-31": "411.20000", "2018-12-31": "401.90000", "2018-09-30": "396.10000", "2018-06-30": "374.00000", "2018-03-31": "355.10000", "2017-12-31": "332.70000", "2017-09-30": "328.70000", "2017-06-30": "322.90000", "2017-03-31": "303.80000", "2016-12-31": "291.20000", "2016-09-30": "296.10000", "2016-06-30": "281.90000", "2016-03-31": "256.60000", "2015-12-31": "246.70010", "2015-09-30": "254.00000", "2015-06-30": "247.00000", "2015-03-31": "227.50000", "2014-12-31": "214.19990", "2014-09-30": "213.20000", "2014-06-30": "194.60000", "2014-03-31": "182.50000", "2013-12-31": "173.40000", "2013-09-30": "183.60000", "2013-06-30": "179.50000", "2013-03-31": "172.80000", "2012-12-31": "172.30000", "2012-09-30": "180.20000", "2012-06-30": "116.30000", "2012-03-31": "", "2011-12-31": "", "2010-12-31": ""}, "Research And Development Expenses": {"2020-09-30": "", "2020-06-30": "", "2020-03-31": "", "2019-12-31": "", "2019-09-30": "", "2019-06-30": "", "2019-03-31": "", "2018-12-31": "", "2018-09-30": "", "2018-06-30": "", "2018-03-31": "", "2017-12-31": "", "2017-09-30": "", "2017-06-30": "", "2017-03-31": "", "2016-12-31": "", "2016-09-30": "", "2016-06-30": "", "2016-03-31": "", "2015-12-31": "", "2015-09-30": "", "2015-06-30": "", "2015-03-31": "", "2014-12-31": "", "2014-09-30": "", "2014-06-30": "", "2014-03-31": "", "2013-12-31": "", "2013-09-30": "", "2013-06-30": "", "2013-03-31": "", "2012-12-31": "", "2012-09-30": "", "2012-06-30": "", "2012-03-31": "", "2011-12-31": "", "2010-12-31": ""}, "SG&A Expenses": {"2020-09-30": "219.00000", "2020-06-30": "201.10000", "2020-03-31": "235.40000", "2019-12-31": "211.29990", "2019-09-30": "208.40000", "2019-06-30": "196.70000", "2019-03-31": "195.70000", "2018-12-31": "183.00000", "2018-09-30": "189.80000", "2018-06-30": "171.60000", "2018-03-31": "163.30000", "2017-12-31": "149.30000", "2017-09-30": "142.20000", "2017-06-30": "149.20000", "2017-03-31": "144.70000", "2016-12-31": "146.40000", "2016-09-30": "137.10000", "2016-06-30": "144.40000", "2016-03-31": "132.20000", "2015-12-31": "128.60000", "2015-09-30": "122.20000", "2015-06-30": "127.00000", "2015-03-31": "121.90000", "2014-12-31": "126.70000", "2014-09-30": "105.10000", "2014-06-30": "106.90000", "2014-03-31": "96.20000", "2013-12-31": "88.90000", "2013-09-30": "86.30000", "2013-06-30": "94.80000", "2013-03-31": "83.30000", "2012-12-31": "86.00000", "2012-09-30": "75.80000", "2012-06-30": "50.80000", "2012-03-31": "", "2011-12-31": "", "2010-12-31": ""}, "Other Operating Income Or Expenses": {"2020-09-30": "", "2020-06-30": "", "2020-03-31": "", "2019-12-31": "", "2019-09-30": "", "2019-06-30": "", "2019-03-31": "", "2018-12-31": "", "2018-09-30": "", "2018-06-30": "", "2018-03-31": "", "2017-12-31": "", "2017-09-30": "", "2017-06-30": "", "2017-03-31": "", "2016-12-31": "", "2016-09-30": "", "2016-06-30": "", "2016-03-31": "", "2015-12-31": "", "2015-09-30": "", "2015-06-30": "", "2015-03-31": "", "2014-12-31": "", "2014-09-30": "", "2014-06-30": "", "2014-03-31": "", "2013-12-31": "", "2013-09-30": "", "2013-06-30": "", "2013-03-31": "", "2012-12-31": "", "2012-09-30": "", "2012-06-30": "", "2012-03-31": "", "2011-12-31": "", "2010-12-31": ""}, "Operating Expenses": {"2020-09-30": "533.60000", "2020-06-30": "510.50000", "2020-03-31": "550.80000", "2019-12-31": "530.99980", "2019-09-30": "517.90000", "2019-06-30": "502.10000", "2019-03-31": "497.30000", "2018-12-31": "482.29990", "2018-09-30": "481.50000", "2018-06-30": "428.70000", "2018-03-31": "412.20000", "2017-12-31": "384.50010", "2017-09-30": "371.40000", "2017-06-30": "359.30000", "2017-03-31": "353.90000", "2016-12-31": "346.59990", "2016-09-30": "341.80000", "2016-06-30": "362.20000", "2016-03-31": "353.80000", "2015-12-31": "337.19990", "2015-09-30": "328.80000", "2015-06-30": "327.10000", "2015-03-31": "316.60000", "2014-12-31": "315.20010", "2014-09-30": "297.40000", "2014-06-30": "295.10000", "2014-03-31": "268.60000", "2013-12-31": "256.20000", "2013-09-30": "250.20000", "2013-06-30": "261.30000", "2013-03-31": "246.30000", "2012-12-31": "241.00000", "2012-09-30": "230.40000", "2012-06-30": "154.40000", "2012-03-31": "", "2011-12-31": "", "2010-12-31": ""}, "Operating Income": {"2020-09-30": "162.30000", "2020-06-30": "123.90000", "2020-03-31": "136.79990", "2019-12-31": "154.60020", "2019-09-30": "171.40000", "2019-06-30": "159.80000", "2019-03-31": "122.00000", "2018-12-31": "130.80000", "2018-09-30": "122.10000", "2018-06-30": "134.40000", "2018-03-31": "125.20000", "2017-12-31": "121.50000", "2017-09-30": "126.60000", "2017-06-30": "115.50000", "2017-03-31": "101.10000", "2016-12-31": "89.30020", "2016-09-30": "95.80000", "2016-06-30": "63.50000", "2016-03-31": "51.90000", "2015-12-31": "48.90020", "2015-09-30": "60.30000", "2015-06-30": "51.40000", "2015-03-31": "36.50000", "2014-12-31": "20.39990", "2014-09-30": "40.80000", "2014-06-30": "32.40000", "2014-03-31": "34.80000", "2013-12-31": "36.20000", "2013-09-30": "49.30000", "2013-06-30": "39.50000", "2013-03-31": "44.20000", "2012-12-31": "43.40000", "2012-09-30": "61.30000", "2012-06-30": "36.50000", "2012-03-31": "0.00000", "2011-12-31": "", "2010-12-31": ""}, "Total Non-Operating Income/Expense": {"2020-09-30": "-23.50000", "2020-06-30": "-31.00000", "2020-03-31": "-40.20000", "2019-12-31": "-48.60000", "2019-09-30": "-58.80000", "2019-06-30": "-13.40000", "2019-03-31": "-46.50000", "2018-12-31": "-42.80000", "2018-09-30": "-42.70000", "2018-06-30": "-61.30000", "2018-03-31": "-22.20000", "2017-12-31": "-21.30000", "2017-09-30": "-22.40000", "2017-06-30": "-23.40000", "2017-03-31": "-25.10000", "2016-12-31": "-22.20000", "2016-09-30": "-20.10000", "2016-06-30": "-27.50000", "2016-03-31": "-25.30000", "2015-12-31": "-20.70000", "2015-09-30": "-59.20000", "2015-06-30": "-46.70000", "2015-03-31": "-43.90000", "2014-12-31": "-42.90000", "2014-09-30": "-40.70000", "2014-06-30": "1.80000", "2014-03-31": "-48.40000", "2013-12-31": "-50.70000", "2013-09-30": "-46.80000", "2013-06-30": "-47.50000", "2013-03-31": "-50.10000", "2012-12-31": "-46.40000", "2012-09-30": "-42.60000", "2012-06-30": "-41.00000", "2012-03-31": "-8.50000", "2011-12-31": "", "2010-12-31": ""}, "Pre-Tax Income": {"2020-09-30": "138.70000", "2020-06-30": "93.00000", "2020-03-31": "96.60000", "2019-12-31": "106.20000", "2019-09-30": "112.50000", "2019-06-30": "146.30000", "2019-03-31": "75.50000", "2018-12-31": "88.00000", "2018-09-30": "79.40000", "2018-06-30": "73.10000", "2018-03-31": "103.00000", "2017-12-31": "100.20000", "2017-09-30": "104.20000", "2017-06-30": "92.10000", "2017-03-31": "76.00000", "2016-12-31": "67.10000", "2016-09-30": "75.70000", "2016-06-30": "36.00000", "2016-03-31": "26.60000", "2015-12-31": "28.20000", "2015-09-30": "1.10000", "2015-06-30": "4.70000", "2015-03-31": "-7.40000", "2014-12-31": "-22.50000", "2014-09-30": "0.10000", "2014-06-30": "34.20000", "2014-03-31": "-13.60000", "2013-12-31": "-14.50000", "2013-09-30": "2.50000", "2013-06-30": "-8.00000", "2013-03-31": "-5.90000", "2012-12-31": "-3.00000", "2012-09-30": "18.70000", "2012-06-30": "-4.50000", "2012-03-31": "-8.50000", "2011-12-31": "", "2010-12-31": ""}, "Income Taxes": {"2020-09-30": "32.10000", "2020-06-30": "23.00000", "2020-03-31": "22.30000", "2019-12-31": "19.70000", "2019-09-30": "24.20000", "2019-06-30": "39.40000", "2019-03-31": "0.60000", "2018-12-31": "-17.50000", "2018-09-30": "28.60000", "2018-06-30": "15.80000", "2018-03-31": "27.60000", "2017-12-31": "-147.70000", "2017-09-30": "32.30000", "2017-06-30": "24.80000", "2017-03-31": "11.50000", "2016-12-31": "14.50000", "2016-09-30": "31.20000", "2016-06-30": "16.30000", "2016-03-31": "12.00000", "2015-12-31": "7.10000", "2015-09-30": "2.10000", "2015-06-30": "5.10000", "2015-03-31": "-3.00000", "2014-12-31": "-11.80000", "2014-09-30": "0.20000", "2014-06-30": "14.30000", "2014-03-31": "-0.10000", "2013-12-31": "1.20000", "2013-09-30": "3.90000", "2013-06-30": "-1.90000", "2013-03-31": "-0.90000", "2012-12-31": "3.60000", "2012-09-30": "5.20000", "2012-06-30": "-2.20000", "2012-03-31": "0.00000", "2011-12-31": "", "2010-12-31": ""}, "Income After Taxes": {"2020-09-30": "106.60000", "2020-06-30": "70.00000", "2020-03-31": "74.30000", "2019-12-31": "86.50000", "2019-09-30": "88.30000", "2019-06-30": "106.90000", "2019-03-31": "74.90000", "2018-12-31": "105.50000", "2018-09-30": "50.80000", "2018-06-30": "57.30000", "2018-03-31": "75.40000", "2017-12-31": "247.90000", "2017-09-30": "71.90000", "2017-06-30": "67.30000", "2017-03-31": "64.50000", "2016-12-31": "52.60000", "2016-09-30": "44.50000", "2016-06-30": "19.70000", "2016-03-31": "14.60000", "2015-12-31": "21.10000", "2015-09-30": "-1.00000", "2015-06-30": "-0.40000", "2015-03-31": "-4.40000", "2014-12-31": "-10.70000", "2014-09-30": "-0.10000", "2014-06-30": "19.90000", "2014-03-31": "-13.50000", "2013-12-31": "-15.70000", "2013-09-30": "-1.40000", "2013-06-30": "-6.10000", "2013-03-31": "-5.00000", "2012-12-31": "-6.60000", "2012-09-30": "13.50000", "2012-06-30": "-2.30000", "2012-03-31": "-8.50000", "2011-12-31": "", "2010-12-31": ""}, "Other Income": {"2020-09-30": "", "2020-06-30": "", "2020-03-31": "", "2019-12-31": "", "2019-09-30": "", "2019-06-30": "", "2019-03-31": "", "2018-12-31": "", "2018-09-30": "", "2018-06-30": "", "2018-03-31": "", "2017-12-31": "", "2017-09-30": "", "2017-06-30": "", "2017-03-31": "", "2016-12-31": "", "2016-09-30": "", "2016-06-30": "", "2016-03-31": "", "2015-12-31": "", "2015-09-30": "", "2015-06-30": "", "2015-03-31": "", "2014-12-31": "", "2014-09-30": "", "2014-06-30": "", "2014-03-31": "", "2013-12-31": "", "2013-09-30": "", "2013-06-30": "", "2013-03-31": "", "2012-12-31": "", "2012-09-30": "", "2012-06-30": "", "2012-03-31": "", "2011-12-31": "", "2010-12-31": ""}, "Income From Continuous Operations": {"2020-09-30": "106.70000", "2020-06-30": "70.00000", "2020-03-31": "74.30000", "2019-12-31": "86.40000", "2019-09-30": "88.30000", "2019-06-30": "107.00000", "2019-03-31": "74.90000", "2018-12-31": "105.50000", "2018-09-30": "50.80000", "2018-06-30": "57.30000", "2018-03-31": "75.40000", "2017-12-31": "247.90000", "2017-09-30": "71.90000", "2017-06-30": "67.30000", "2017-03-31": "64.50000", "2016-12-31": "52.60000", "2016-09-30": "44.50000", "2016-06-30": "19.70000", "2016-03-31": "14.60000", "2015-12-31": "21.10000", "2015-09-30": "-1.00000", "2015-06-30": "-0.40000", "2015-03-31": "-4.40000", "2014-12-31": "-10.70000", "2014-09-30": "-0.10000", "2014-06-30": "19.90000", "2014-03-31": "-13.50000", "2013-12-31": "-15.70000", "2013-09-30": "-1.40000", "2013-06-30": "-6.10000", "2013-03-31": "-5.00000", "2012-12-31": "-6.60000", "2012-09-30": "13.50000", "2012-06-30": "-2.30000", "2012-03-31": "-8.50000", "2011-12-31": "", "2010-12-31": ""}, "Income From Discontinued Operations": {"2020-09-30": "0.00000", "2020-06-30": "0.00000", "2020-03-31": "0.00000", "2019-12-31": "0.00000", "2019-09-30": "0.00000", "2019-06-30": "-3.00000", "2019-03-31": "-1.60000", "2018-12-31": "-0.10000", "2018-09-30": "-1.40000", "2018-06-30": "0.00000", "2018-03-31": "0.00000", "2017-12-31": "", "2017-09-30": "0.00000", "2017-06-30": "0.00000", "2017-03-31": "", "2016-12-31": "", "2016-09-30": "", "2016-06-30": "", "2016-03-31": "", "2015-12-31": "", "2015-09-30": "", "2015-06-30": "", "2015-03-31": "", "2014-12-31": "", "2014-09-30": "", "2014-06-30": "", "2014-03-31": "", "2013-12-31": "", "2013-09-30": "", "2013-06-30": "", "2013-03-31": "", "2012-12-31": "", "2012-09-30": "", "2012-06-30": "", "2012-03-31": "", "2011-12-31": "", "2010-12-31": ""}, "Net Income": {"2020-09-30": "102.80000", "2020-06-30": "68.50000", "2020-03-31": "70.20000", "2019-12-31": "82.80000", "2019-09-30": "91.70000", "2019-06-30": "101.50000", "2019-03-31": "70.90000", "2018-12-31": "102.20000", "2018-09-30": "46.30000", "2018-06-30": "55.00000", "2018-03-31": "73.10000", "2017-12-31": "245.20000", "2017-09-30": "68.80000", "2017-06-30": "64.90000", "2017-03-31": "62.30000", "2016-12-31": "49.50000", "2016-09-30": "41.20000", "2016-06-30": "17.30000", "2016-03-31": "12.60000", "2015-12-31": "19.10000", "2015-09-30": "-4.00000", "2015-06-30": "-2.60000", "2015-03-31": "-6.60000", "2014-12-31": "-13.10000", "2014-09-30": "-2.60000", "2014-06-30": "17.90000", "2014-03-31": "-14.70000", "2013-12-31": "-17.60000", "2013-09-30": "-3.40000", "2013-06-30": "-7.80000", "2013-03-31": "-6.30000", "2012-12-31": "-8.10000", "2012-09-30": "11.30000", "2012-06-30": "-3.50000", "2012-03-31": "-8.50000", "2011-12-31": "", "2010-12-31": ""}, "EBITDA": {"2020-09-30": "255.50000", "2020-06-30": "215.70000", "2020-03-31": "228.09990", "2019-12-31": "246.60020", "2019-09-30": "261.60000", "2019-06-30": "250.60000", "2019-03-31": "217.10000", "2018-12-31": "221.20000", "2018-09-30": "207.90000", "2018-06-30": "203.30000", "2018-03-31": "191.80000", "2017-12-31": "183.50000", "2017-09-30": "187.40000", "2017-06-30": "174.70000", "2017-03-31": "159.80000", "2016-12-31": "145.40020", "2016-09-30": "159.80000", "2016-06-30": "138.70000", "2016-03-31": "125.90000", "2015-12-31": "118.50010", "2015-09-30": "133.30000", "2015-06-30": "122.10000", "2015-03-31": "108.90000", "2014-12-31": "90.49990", "2014-09-30": "109.20000", "2014-06-30": "88.40000", "2014-03-31": "83.60000", "2013-12-31": "81.60000", "2013-09-30": "94.50000", "2013-06-30": "81.90000", "2013-03-31": "89.10000", "2012-12-31": "83.20000", "2012-09-30": "100.90000", "2012-06-30": "63.30000", "2012-03-31": "0.10000", "2011-12-31": "", "2010-12-31": ""}, "EBIT": {"2020-09-30": "162.30000", "2020-06-30": "123.90000", "2020-03-31": "136.79990", "2019-12-31": "154.60030", "2019-09-30": "171.40000", "2019-06-30": "159.80000", "2019-03-31": "122.00000", "2018-12-31": "130.80000", "2018-09-30": "122.10000", "2018-06-30": "134.40000", "2018-03-31": "125.20000", "2017-12-31": "121.50000", "2017-09-30": "126.60000", "2017-06-30": "115.50000", "2017-03-31": "101.10000", "2016-12-31": "89.30010", "2016-09-30": "95.80000", "2016-06-30": "63.50000", "2016-03-31": "51.90000", "2015-12-31": "48.90010", "2015-09-30": "60.30000", "2015-06-30": "51.40000", "2015-03-31": "36.50000", "2014-12-31": "20.39990", "2014-09-30": "40.80000", "2014-06-30": "32.40000", "2014-03-31": "34.80000", "2013-12-31": "36.20000", "2013-09-30": "49.30000", "2013-06-30": "39.50000", "2013-03-31": "44.20000", "2012-12-31": "43.40000", "2012-09-30": "61.30000", "2012-06-30": "36.50000", "2012-03-31": "", "2011-12-31": "", "2010-12-31": ""}, "Basic Shares Outstanding": {"2020-09-30": "190.20000", "2020-06-30": "189.90000", "2020-03-31": "189.20000", "2019-12-31": "187.80000", "2019-09-30": "188.20000", "2019-06-30": "187.50000", "2019-03-31": "186.60000", "2018-12-31": "184.60000", "2018-09-30": "185.10000", "2018-06-30": "184.30000", "2018-03-31": "183.70000", "2017-12-31": "182.40000", "2017-09-30": "182.20000", "2017-06-30": "181.90000", "2017-03-31": "182.70000", "2016-12-31": "182.60000", "2016-09-30": "182.70000", "2016-06-30": "182.50000", "2016-03-31": "182.40000", "2015-12-31": "165.30000", "2015-09-30": "182.10000", "2015-06-30": "148.50000", "2015-03-31": "147.90000", "2014-12-31": "147.30000", "2014-09-30": "147.20000", "2014-06-30": "147.10000", "2014-03-31": "110.30000", "2013-12-31": "", "2013-09-30": "", "2013-06-30": "", "2013-03-31": "", "2012-12-31": "", "2012-09-30": "", "2012-06-30": "", "2012-03-31": "", "2011-12-31": "", "2010-12-31": ""}, "Shares Outstanding": {"2020-09-30": "192.30000", "2020-06-30": "192.00000", "2020-03-31": "192.20000", "2019-12-31": "191.80000", "2019-09-30": "192.00000", "2019-06-30": "191.30000", "2019-03-31": "191.00000", "2018-12-31": "190.90000", "2018-09-30": "191.20000", "2018-06-30": "190.80000", "2018-03-31": "190.10000", "2017-12-31": "189.90000", "2017-09-30": "189.20000", "2017-06-30": "189.30000", "2017-03-31": "190.30000", "2016-12-31": "184.60000", "2016-09-30": "184.80000", "2016-06-30": "184.40000", "2016-03-31": "184.00000", "2015-12-31": "166.80000", "2015-09-30": "182.10000", "2015-06-30": "148.50000", "2015-03-31": "147.90000", "2014-12-31": "147.30000", "2014-09-30": "147.20000", "2014-06-30": "147.90000", "2014-03-31": "110.30000", "2013-12-31": "", "2013-09-30": "", "2013-06-30": "", "2013-03-31": "", "2012-12-31": "", "2012-09-30": "", "2012-06-30": "", "2012-03-31": "", "2011-12-31": "", "2010-12-31": ""}, "Basic EPS": {"2020-09-30": "0.54000", "2020-06-30": "0.36000", "2020-03-31": "0.37000", "2019-12-31": "0.44000", "2019-09-30": "0.49000", "2019-06-30": "0.54000", "2019-03-31": "0.38000", "2018-12-31": "0.55000", "2018-09-30": "0.25000", "2018-06-30": "0.30000", "2018-03-31": "0.40000", "2017-12-31": "1.34000", "2017-09-30": "0.38000", "2017-06-30": "0.36000", "2017-03-31": "0.34000", "2016-12-31": "0.27000", "2016-09-30": "0.23000", "2016-06-30": "0.09000", "2016-03-31": "0.07000", "2015-12-31": "0.12000", "2015-09-30": "-0.02000", "2015-06-30": "-0.02000", "2015-03-31": "-0.04000", "2014-12-31": "-0.06000", "2014-09-30": "-0.02000", "2014-06-30": "0.12000", "2014-03-31": "-0.13000", "2013-12-31": "", "2013-09-30": "", "2013-06-30": "", "2013-03-31": "", "2012-12-31": "", "2012-09-30": "", "2012-06-30": "", "2012-03-31": "", "2011-12-31": "", "2010-12-31": ""}, "EPS - Earnings Per Share": {"2020-09-30": "0.53000", "2020-06-30": "0.36000", "2020-03-31": "0.37000", "2019-12-31": "0.43000", "2019-09-30": "0.48000", "2019-06-30": "0.53000", "2019-03-31": "0.37000", "2018-12-31": "0.54000", "2018-09-30": "0.24000", "2018-06-30": "0.29000", "2018-03-31": "0.38000", "2017-12-31": "1.29000", "2017-09-30": "0.36000", "2017-06-30": "0.34000", "2017-03-31": "0.33000", "2016-12-31": "0.27000", "2016-09-30": "0.22000", "2016-06-30": "0.09000", "2016-03-31": "0.07000", "2015-12-31": "0.12000", "2015-09-30": "-0.02000", "2015-06-30": "-0.02000", "2015-03-31": "-0.04000", "2014-12-31": "-0.06000", "2014-09-30": "-0.02000", "2014-06-30": "0.12000", "2014-03-31": "-0.13000", "2013-12-31": "0.00000", "2013-09-30": "0.00000", "2013-06-30": "0.00000", "2013-03-31": "0.00000", "2012-12-31": "0.00000", "2012-09-30": "0.00000", "2012-06-30": "0.00000", "2012-03-31": "0.00000", "2011-12-31": "0.00000", "2010-12-31": "0.00000"}}, "balance sheet": {"Cash On Hand": {"2019-12-31": "274.10000", "2018-12-31": "187.40000", "2017-12-31": "115.80000", "2016-12-31": "182.20000", "2015-12-31": "133.20000", "2014-12-31": "77.90000", "2013-12-31": "111.20000", "2012-12-31": "154.30000", "2011-12-31": "107.80000", "2010-12-31": ""}, "Receivables": {"2019-12-31": "443.90000", "2018-12-31": "456.80000", "2017-12-31": "326.70000", "2016-12-31": "277.90000", "2015-12-31": "228.30000", "2014-12-31": "200.40000", "2013-12-31": "165.00000", "2012-12-31": "163.60000", "2011-12-31": "139.40000", "2010-12-31": ""}, "Inventory": {"2019-12-31": "", "2018-12-31": "", "2017-12-31": "", "2016-12-31": "", "2015-12-31": "", "2014-12-31": "", "2013-12-31": "", "2012-12-31": "", "2011-12-31": "", "2010-12-31": ""}, "Pre-Paid Expenses": {"2019-12-31": "", "2018-12-31": "", "2017-12-31": "", "2016-12-31": "", "2015-12-31": "", "2014-12-31": "", "2013-12-31": "", "2012-12-31": "", "2011-12-31": "", "2010-12-31": ""}, "Other Current Assets": {"2019-12-31": "170.20000", "2018-12-31": "136.50000", "2017-12-31": "146.20000", "2016-12-31": "89.90000", "2015-12-31": "65.30000", "2014-12-31": "122.70000", "2013-12-31": "73.50000", "2012-12-31": "82.70000", "2011-12-31": "55.40000", "2010-12-31": ""}, "Total Current Assets": {"2019-12-31": "888.20000", "2018-12-31": "841.50000", "2017-12-31": "588.70000", "2016-12-31": "550.00000", "2015-12-31": "426.80000", "2014-12-31": "401.00000", "2013-12-31": "349.70000", "2012-12-31": "400.60000", "2011-12-31": "302.70000", "2010-12-31": ""}, "Property, Plant, And Equipment": {"2019-12-31": "219.00000", "2018-12-31": "220.30000", "2017-12-31": "198.60000", "2016-12-31": "197.50000", "2015-12-31": "183.00000", "2014-12-31": "181.40000", "2013-12-31": "150.40000", "2012-12-31": "121.20000", "2011-12-31": "109.00000", "2010-12-31": ""}, "Long-Term Investments": {"2019-12-31": "", "2018-12-31": "", "2017-12-31": "", "2016-12-31": "", "2015-12-31": "", "2014-12-31": "", "2013-12-31": "", "2012-12-31": "11.40000", "2011-12-31": "10.30000", "2010-12-31": ""}, "Goodwill And Intangible Assets": {"2019-12-31": "5769.70000", "2018-12-31": "5841.70000", "2017-12-31": "4194.60000", "2016-12-31": "3936.20000", "2015-12-31": "3753.50000", "2014-12-31": "3963.50000", "2013-12-31": "3843.70000", "2012-12-31": "3715.80000", "2011-12-31": "506.00000", "2010-12-31": "0.00000"}, "Other Long-Term Assets": {"2019-12-31": "236.30000", "2018-12-31": "136.30000", "2017-12-31": "136.60000", "2016-12-31": "97.50000", "2015-12-31": "79.50000", "2014-12-31": "119.90000", "2013-12-31": "148.50000", "2012-12-31": "129.80000", "2011-12-31": "77.80000", "2010-12-31": ""}, "Total Long-Term Assets": {"2019-12-31": "6225.00000", "2018-12-31": "6198.30000", "2017-12-31": "4529.80000", "2016-12-31": "4231.20000", "2015-12-31": "4016.00000", "2014-12-31": "4264.80000", "2013-12-31": "4142.60000", "2012-12-31": "3978.20000", "2011-12-31": "703.10000", "2010-12-31": ""}, "Total Assets": {"2019-12-31": "7113.20000", "2018-12-31": "7039.80000", "2017-12-31": "5118.50000", "2016-12-31": "4781.20000", "2015-12-31": "4442.80000", "2014-12-31": "4665.80000", "2013-12-31": "4492.30000", "2012-12-31": "4378.80000", "2011-12-31": "1005.80000", "2010-12-31": "0.00000"}, "Total Current Liabilities": {"2019-12-31": "571.40000", "2018-12-31": "548.50000", "2017-12-31": "458.40000", "2016-12-31": "373.30000", "2015-12-31": "296.00000", "2014-12-31": "329.90000", "2013-12-31": "247.60000", "2012-12-31": "218.30000", "2011-12-31": "197.50000", "2010-12-31": ""}, "Long Term Debt": {"2019-12-31": "3598.30000", "2018-12-31": "3976.40000", "2017-12-31": "2345.30000", "2016-12-31": "2325.20000", "2015-12-31": "2160.70000", "2014-12-31": "2865.90000", "2013-12-31": "2853.10000", "2012-12-31": "2670.30000", "2011-12-31": "1579.40000", "2010-12-31": ""}, "Other Non-Current Liabilities": {"2019-12-31": "165.00000", "2018-12-31": "54.70000", "2017-12-31": "70.80000", "2016-12-31": "30.70000", "2015-12-31": "27.80000", "2014-12-31": "22.10000", "2013-12-31": "22.60000", "2012-12-31": "21.90000", "2011-12-31": "53.30000", "2010-12-31": ""}, "Total Long Term Liabilities": {"2019-12-31": "4202.40000", "2018-12-31": "4509.10000", "2017-12-31": "2835.50000", "2016-12-31": "2934.90000", "2015-12-31": "2779.80000", "2014-12-31": "3588.20000", "2013-12-31": "3530.20000", "2012-12-31": "3364.40000", "2011-12-31": "1632.70000", "2010-12-31": ""}, "Total Liabilities": {"2019-12-31": "4773.80000", "2018-12-31": "5057.60000", "2017-12-31": "3293.90000", "2016-12-31": "3308.20000", "2015-12-31": "3075.80000", "2014-12-31": "3918.10000", "2013-12-31": "3777.80000", "2012-12-31": "3582.70000", "2011-12-31": "1830.20000", "2010-12-31": "0.00000"}, "Common Stock Net": {"2019-12-31": "1.90000", "2018-12-31": "1.90000", "2017-12-31": "1.90000", "2016-12-31": "1.80000", "2015-12-31": "1.80000", "2014-12-31": "1.50000", "2013-12-31": "1.10000", "2012-12-31": "1.10000", "2011-12-31": "0.30000", "2010-12-31": "0.00000"}, "Retained Earnings (Accumulated Deficit)": {"2019-12-31": "652.00000", "2018-12-31": "363.10000", "2017-12-31": "137.40000", "2016-12-31": "-303.80000", "2015-12-31": "-424.30000", "2014-12-31": "-430.20000", "2013-12-31": "-417.70000", "2012-12-31": "-382.60000", "2011-12-31": "-1739.00000", "2010-12-31": ""}, "Comprehensive Income": {"2019-12-31": "-251.60000", "2018-12-31": "-282.70000", "2017-12-31": "-135.30000", "2016-12-31": "-174.80000", "2015-12-31": "-191.80000", "2014-12-31": "-117.50000", "2013-12-31": "-73.20000", "2012-12-31": "-24.40000", "2011-12-31": "", "2010-12-31": ""}, "Other Share Holders Equity": {"2019-12-31": "", "2018-12-31": "", "2017-12-31": "", "2016-12-31": "", "2015-12-31": "", "2014-12-31": "", "2013-12-31": "", "2012-12-31": "", "2011-12-31": "20.60000", "2010-12-31": "0.00000"}, "Share Holder Equity": {"2019-12-31": "2339.40000", "2018-12-31": "1982.20000", "2017-12-31": "1824.60000", "2016-12-31": "1473.00000", "2015-12-31": "1367.00000", "2014-12-31": "747.70000", "2013-12-31": "714.50000", "2012-12-31": "796.10000", "2011-12-31": "-824.40000", "2010-12-31": "0.00000"}, "Total Liabilities And Share Holders Equity": {"2019-12-31": "7113.20000", "2018-12-31": "7039.80000", "2017-12-31": "5118.50000", "2016-12-31": "4781.20000", "2015-12-31": "4442.80000", "2014-12-31": "4665.80000", "2013-12-31": "4492.30000", "2012-12-31": "4378.80000", "2011-12-31": "1005.80000", "2010-12-31": "0.00000"}}, "balance sheet, quarterly": {"Cash On Hand": {"2020-09-30": "554.00000", "2020-06-30": "432.20000", "2020-03-31": "305.70000", "2019-12-31": "274.10000", "2019-09-30": "235.90000", "2019-06-30": "194.70000", "2019-03-31": "200.90000", "2018-12-31": "187.40000", "2018-09-30": "226.60000", "2018-06-30": "192.30000", "2018-03-31": "154.30000", "2017-12-31": "115.80000", "2017-09-30": "253.30000", "2017-06-30": "142.00000", "2017-03-31": "131.20000", "2016-12-31": "182.20000", "2016-09-30": "137.90000", "2016-06-30": "141.30000", "2016-03-31": "150.30000", "2015-12-31": "133.20000", "2015-09-30": "128.70000", "2015-06-30": "758.00000", "2015-03-31": "87.00000", "2014-12-31": "77.90000", "2014-09-30": "103.10000", "2014-06-30": "93.20000", "2014-03-31": "59.40000", "2013-12-31": "111.20000", "2013-09-30": "117.50000", "2013-06-30": "130.20000", "2013-03-31": "117.40000", "2012-12-31": "154.30000", "2012-09-30": "127.20000", "2012-06-30": "", "2012-03-31": "", "2011-12-31": "107.80000", "2010-12-31": ""}, "Receivables": {"2020-09-30": "468.00000", "2020-06-30": "433.10000", "2020-03-31": "468.00000", "2019-12-31": "443.90000", "2019-09-30": "458.20000", "2019-06-30": "489.20000", "2019-03-31": "470.00000", "2018-12-31": "456.80000", "2018-09-30": "426.10000", "2018-06-30": "422.20000", "2018-03-31": "344.00000", "2017-12-31": "326.70000", "2017-09-30": "318.90000", "2017-06-30": "290.70000", "2017-03-31": "289.90000", "2016-12-31": "277.90000", "2016-09-30": "272.70000", "2016-06-30": "256.50000", "2016-03-31": "263.20000", "2015-12-31": "228.30000", "2015-09-30": "230.00000", "2015-06-30": "228.80000", "2015-03-31": "211.70000", "2014-12-31": "200.40000", "2014-09-30": "196.30000", "2014-06-30": "193.00000", "2014-03-31": "182.10000", "2013-12-31": "165.00000", "2013-09-30": "183.70000", "2013-06-30": "179.40000", "2013-03-31": "180.80000", "2012-12-31": "163.60000", "2012-09-30": "177.70000", "2012-06-30": "", "2012-03-31": "", "2011-12-31": "139.40000", "2010-12-31": ""}, "Inventory": {"2020-09-30": "", "2020-06-30": "", "2020-03-31": "", "2019-12-31": "", "2019-09-30": "", "2019-06-30": "", "2019-03-31": "", "2018-12-31": "", "2018-09-30": "", "2018-06-30": "", "2018-03-31": "", "2017-12-31": "", "2017-09-30": "", "2017-06-30": "", "2017-03-31": "", "2016-12-31": "", "2016-09-30": "", "2016-06-30": "", "2016-03-31": "", "2015-12-31": "", "2015-09-30": "", "2015-06-30": "", "2015-03-31": "", "2014-12-31": "", "2014-09-30": "", "2014-06-30": "", "2014-03-31": "", "2013-12-31": "", "2013-09-30": "", "2013-06-30": "", "2013-03-31": "", "2012-12-31": "", "2012-09-30": "", "2012-06-30": "", "2012-03-31": "", "2011-12-31": "", "2010-12-31": ""}, "Pre-Paid Expenses": {"2020-09-30": "", "2020-06-30": "", "2020-03-31": "", "2019-12-31": "", "2019-09-30": "", "2019-06-30": "", "2019-03-31": "", "2018-12-31": "", "2018-09-30": "", "2018-06-30": "", "2018-03-31": "", "2017-12-31": "", "2017-09-30": "", "2017-06-30": "", "2017-03-31": "", "2016-12-31": "", "2016-09-30": "", "2016-06-30": "", "2016-03-31": "", "2015-12-31": "", "2015-09-30": "", "2015-06-30": "", "2015-03-31": "", "2014-12-31": "", "2014-09-30": "", "2014-06-30": "", "2014-03-31": "", "2013-12-31": "", "2013-09-30": "", "2013-06-30": "", "2013-03-31": "", "2012-12-31": "", "2012-09-30": "", "2012-06-30": "", "2012-03-31": "", "2011-12-31": "", "2010-12-31": ""}, "Other Current Assets": {"2020-09-30": "194.60000", "2020-06-30": "199.40000", "2020-03-31": "151.10000", "2019-12-31": "170.20000", "2019-09-30": "198.00000", "2019-06-30": "185.70000", "2019-03-31": "166.50000", "2018-12-31": "136.50000", "2018-09-30": "160.60000", "2018-06-30": "168.70000", "2018-03-31": "148.20000", "2017-12-31": "146.20000", "2017-09-30": "116.80000", "2017-06-30": "117.60000", "2017-03-31": "92.60000", "2016-12-31": "89.90000", "2016-09-30": "82.10000", "2016-06-30": "100.30000", "2016-03-31": "80.30000", "2015-12-31": "65.30000", "2015-09-30": "95.00000", "2015-06-30": "117.20000", "2015-03-31": "129.60000", "2014-12-31": "122.70000", "2014-09-30": "66.10000", "2014-06-30": "71.70000", "2014-03-31": "62.00000", "2013-12-31": "73.50000", "2013-09-30": "63.90000", "2013-06-30": "76.50000", "2013-03-31": "75.80000", "2012-12-31": "82.70000", "2012-09-30": "77.80000", "2012-06-30": "", "2012-03-31": "", "2011-12-31": "55.40000", "2010-12-31": ""}, "Total Current Assets": {"2020-09-30": "1216.60000", "2020-06-30": "1064.70000", "2020-03-31": "924.80000", "2019-12-31": "888.20000", "2019-09-30": "892.10000", "2019-06-30": "869.60000", "2019-03-31": "893.20000", "2018-12-31": "841.50000", "2018-09-30": "886.00000", "2018-06-30": "853.60000", "2018-03-31": "646.50000", "2017-12-31": "588.70000", "2017-09-30": "689.00000", "2017-06-30": "550.30000", "2017-03-31": "513.70000", "2016-12-31": "550.00000", "2016-09-30": "492.70000", "2016-06-30": "498.10000", "2016-03-31": "493.80000", "2015-12-31": "426.80000", "2015-09-30": "453.70000", "2015-06-30": "1104.00000", "2015-03-31": "428.30000", "2014-12-31": "401.00000", "2014-09-30": "365.50000", "2014-06-30": "357.90000", "2014-03-31": "303.50000", "2013-12-31": "349.70000", "2013-09-30": "365.10000", "2013-06-30": "386.10000", "2013-03-31": "374.00000", "2012-12-31": "400.60000", "2012-09-30": "382.70000", "2012-06-30": "", "2012-03-31": "", "2011-12-31": "302.70000", "2010-12-31": ""}, "Property, Plant, And Equipment": {"2020-09-30": "202.80000", "2020-06-30": "203.30000", "2020-03-31": "210.00000", "2019-12-31": "219.00000", "2019-09-30": "201.80000", "2019-06-30": "215.10000", "2019-03-31": "214.50000", "2018-12-31": "220.30000", "2018-09-30": "198.20000", "2018-06-30": "202.90000", "2018-03-31": "189.30000", "2017-12-31": "198.60000", "2017-09-30": "182.60000", "2017-06-30": "185.40000", "2017-03-31": "192.00000", "2016-12-31": "197.50000", "2016-09-30": "190.40000", "2016-06-30": "192.60000", "2016-03-31": "201.30000", "2015-12-31": "183.00000", "2015-09-30": "177.70000", "2015-06-30": "183.90000", "2015-03-31": "176.10000", "2014-12-31": "181.40000", "2014-09-30": "170.00000", "2014-06-30": "165.40000", "2014-03-31": "149.30000", "2013-12-31": "150.40000", "2013-09-30": "125.20000", "2013-06-30": "108.90000", "2013-03-31": "116.30000", "2012-12-31": "121.20000", "2012-09-30": "113.20000", "2012-06-30": "", "2012-03-31": "", "2011-12-31": "451.30000", "2010-12-31": ""}, "Long-Term Investments": {"2020-09-30": "", "2020-06-30": "", "2020-03-31": "", "2019-12-31": "", "2019-09-30": "", "2019-06-30": "", "2019-03-31": "", "2018-12-31": "", "2018-09-30": "", "2018-06-30": "", "2018-03-31": "", "2017-12-31": "", "2017-09-30": "", "2017-06-30": "", "2017-03-31": "", "2016-12-31": "", "2016-09-30": "", "2016-06-30": "", "2016-03-31": "", "2015-12-31": "", "2015-09-30": "", "2015-06-30": "", "2015-03-31": "", "2014-12-31": "", "2014-09-30": "", "2014-06-30": "13.90000", "2014-03-31": "10.80000", "2013-12-31": "", "2013-09-30": "11.60000", "2013-06-30": "10.90000", "2013-03-31": "10.80000", "2012-12-31": "11.40000", "2012-09-30": "11.10000", "2012-06-30": "", "2012-03-31": "", "2011-12-31": "10.30000", "2010-12-31": ""}, "Goodwill And Intangible Assets": {"2020-09-30": "5549.10000", "2020-06-30": "5527.90000", "2020-03-31": "5564.70000", "2019-12-31": "5769.70000", "2019-09-30": "5693.60000", "2019-06-30": "5801.90000", "2019-03-31": "5866.90000", "2018-12-31": "5841.70000", "2018-09-30": "5909.10000", "2018-06-30": "5910.40000", "2018-03-31": "4177.40000", "2017-12-31": "4194.60000", "2017-09-30": "3894.90000", "2017-06-30": "3908.40000", "2017-03-31": "3940.80000", "2016-12-31": "3936.20000", "2016-09-30": "3989.60000", "2016-06-30": "3941.40000", "2016-03-31": "3952.20000", "2015-12-31": "3753.50000", "2015-09-30": "3770.50000", "2015-06-30": "3853.80000", "2015-03-31": "3900.90000", "2014-12-31": "3963.50000", "2014-09-30": "3924.10000", "2014-06-30": "3986.80000", "2014-03-31": "3820.80000", "2013-12-31": "3843.70000", "2013-09-30": "3737.60000", "2013-06-30": "3641.80000", "2013-03-31": "3695.60000", "2012-12-31": "3715.80000", "2012-09-30": "3656.90000", "2012-06-30": "0.00000", "2012-03-31": "0.00000", "2011-12-31": "506.00000", "2010-12-31": "0.00000"}, "Other Long-Term Assets": {"2020-09-30": "229.30000", "2020-06-30": "229.20000", "2020-03-31": "233.40000", "2019-12-31": "236.30000", "2019-09-30": "234.50000", "2019-06-30": "240.70000", "2019-03-31": "201.20000", "2018-12-31": "136.30000", "2018-09-30": "148.00000", "2018-06-30": "143.20000", "2018-03-31": "150.60000", "2017-12-31": "136.60000", "2017-09-30": "116.00000", "2017-06-30": "112.50000", "2017-03-31": "107.30000", "2016-12-31": "97.50000", "2016-09-30": "103.20000", "2016-06-30": "91.80000", "2016-03-31": "82.30000", "2015-12-31": "79.50000", "2015-09-30": "87.30000", "2015-06-30": "112.50000", "2015-03-31": "109.00000", "2014-12-31": "119.90000", "2014-09-30": "119.80000", "2014-06-30": "109.70000", "2014-03-31": "168.30000", "2013-12-31": "148.50000", "2013-09-30": "135.50000", "2013-06-30": "127.40000", "2013-03-31": "132.80000", "2012-12-31": "129.80000", "2012-09-30": "110.70000", "2012-06-30": "", "2012-03-31": "", "2011-12-31": "77.80000", "2010-12-31": ""}, "Total Long-Term Assets": {"2020-09-30": "5981.19900", "2020-06-30": "5960.40000", "2020-03-31": "6008.10000", "2019-12-31": "6225.00000", "2019-09-30": "6129.90000", "2019-06-30": "6257.70000", "2019-03-31": "6282.60100", "2018-12-31": "6198.30000", "2018-09-30": "6255.30000", "2018-06-30": "6256.50000", "2018-03-31": "4517.30000", "2017-12-31": "4529.80000", "2017-09-30": "4193.50000", "2017-06-30": "4206.30000", "2017-03-31": "4240.10000", "2016-12-31": "4231.20000", "2016-09-30": "4283.20000", "2016-06-30": "4225.80000", "2016-03-31": "4235.80000", "2015-12-31": "4016.00000", "2015-09-30": "4035.50000", "2015-06-30": "4150.20000", "2015-03-31": "4186.00000", "2014-12-31": "4264.80000", "2014-09-30": "4213.90000", "2014-06-30": "4275.80000", "2014-03-31": "4149.20000", "2013-12-31": "4142.60000", "2013-09-30": "4009.90000", "2013-06-30": "3889.00000", "2013-03-31": "3955.50000", "2012-12-31": "3978.20000", "2012-09-30": "3891.90000", "2012-06-30": "", "2012-03-31": "", "2011-12-31": "1045.40000", "2010-12-31": ""}, "Total Assets": {"2020-09-30": "7197.80000", "2020-06-30": "7025.10000", "2020-03-31": "6932.90000", "2019-12-31": "7113.20000", "2019-09-30": "7022.00000", "2019-06-30": "7127.30000", "2019-03-31": "7175.80000", "2018-12-31": "7039.80000", "2018-09-30": "7141.30000", "2018-06-30": "7110.10000", "2018-03-31": "5163.80000", "2017-12-31": "5118.50000", "2017-09-30": "4882.50000", "2017-06-30": "4756.60000", "2017-03-31": "4753.80000", "2016-12-31": "4781.20000", "2016-09-30": "4775.90000", "2016-06-30": "4723.90000", "2016-03-31": "4729.60000", "2015-12-31": "4442.80000", "2015-09-30": "4489.20000", "2015-06-30": "5254.20000", "2015-03-31": "4614.30000", "2014-12-31": "4665.80000", "2014-09-30": "4579.40000", "2014-06-30": "4633.70000", "2014-03-31": "4452.70000", "2013-12-31": "4492.30000", "2013-09-30": "4375.00000", "2013-06-30": "4275.10000", "2013-03-31": "4329.50000", "2012-12-31": "4378.80000", "2012-09-30": "4274.60000", "2012-06-30": "0.00000", "2012-03-31": "0.00000", "2011-12-31": "1005.80000", "2010-12-31": "0.00000"}, "Total Current Liabilities": {"2020-09-30": "618.40000", "2020-06-30": "582.20000", "2020-03-31": "555.50000", "2019-12-31": "571.40000", "2019-09-30": "628.10000", "2019-06-30": "575.70000", "2019-03-31": "545.90000", "2018-12-31": "548.50000", "2018-09-30": "545.70000", "2018-06-30": "536.80000", "2018-03-31": "400.40000", "2017-12-31": "458.40000", "2017-09-30": "375.30000", "2017-06-30": "394.20000", "2017-03-31": "381.50000", "2016-12-31": "373.30000", "2016-09-30": "344.50000", "2016-06-30": "326.30000", "2016-03-31": "281.40000", "2015-12-31": "296.00000", "2015-09-30": "272.50000", "2015-06-30": "1284.80000", "2015-03-31": "331.00000", "2014-12-31": "329.90000", "2014-09-30": "248.50000", "2014-06-30": "257.40000", "2014-03-31": "255.90000", "2013-12-31": "247.60000", "2013-09-30": "289.10000", "2013-06-30": "198.30000", "2013-03-31": "201.20000", "2012-12-31": "218.30000", "2012-09-30": "191.10000", "2012-06-30": "", "2012-03-31": "", "2011-12-31": "197.50000", "2010-12-31": ""}, "Long Term Debt": {"2020-09-30": "3560.60000", "2020-06-30": "3573.40000", "2020-03-31": "3585.60000", "2019-12-31": "3598.30000", "2019-09-30": "3646.00000", "2019-06-30": "3831.50000", "2019-03-31": "3951.80000", "2018-12-31": "3976.40000", "2018-09-30": "4057.60000", "2018-06-30": "4071.30000", "2018-03-31": "2334.70000", "2017-12-31": "2345.30000", "2017-09-30": "2352.10000", "2017-06-30": "2297.30000", "2017-03-31": "2309.30000", "2016-12-31": "2325.20000", "2016-09-30": "2338.20000", "2016-06-30": "2350.30000", "2016-03-31": "2309.50000", "2015-12-31": "2160.70000", "2015-09-30": "2174.50000", "2015-06-30": "1851.60000", "2015-03-31": "2863.60000", "2014-12-31": "2865.90000", "2014-09-30": "2869.50000", "2014-06-30": "2874.50000", "2014-03-31": "2845.80000", "2013-12-31": "2853.10000", "2013-09-30": "2650.50000", "2013-06-30": "2657.20000", "2013-03-31": "2663.90000", "2012-12-31": "2670.30000", "2012-09-30": "2289.00000", "2012-06-30": "", "2012-03-31": "", "2011-12-31": "1579.40000", "2010-12-31": ""}, "Other Non-Current Liabilities": {"2020-09-30": "225.00000", "2020-06-30": "231.10000", "2020-03-31": "211.70000", "2019-12-31": "165.00000", "2019-09-30": "176.40000", "2019-06-30": "150.30000", "2019-03-31": "121.60000", "2018-12-31": "54.70000", "2018-09-30": "44.30000", "2018-06-30": "42.10000", "2018-03-31": "78.40000", "2017-12-31": "70.80000", "2017-09-30": "29.30000", "2017-06-30": "29.90000", "2017-03-31": "26.00000", "2016-12-31": "30.70000", "2016-09-30": "58.20000", "2016-06-30": "54.40000", "2016-03-31": "51.80000", "2015-12-31": "27.80000", "2015-09-30": "28.30000", "2015-06-30": "26.90000", "2015-03-31": "24.00000", "2014-12-31": "22.10000", "2014-09-30": "23.70000", "2014-06-30": "23.20000", "2014-03-31": "19.70000", "2013-12-31": "22.60000", "2013-09-30": "678.10000", "2013-06-30": "656.30000", "2013-03-31": "671.70000", "2012-12-31": "21.90000", "2012-09-30": "670.60000", "2012-06-30": "", "2012-03-31": "", "2011-12-31": "53.30000", "2010-12-31": ""}, "Total Long Term Liabilities": {"2020-09-30": "4177.20000", "2020-06-30": "4206.30000", "2020-03-31": "4213.20000", "2019-12-31": "4202.40000", "2019-09-30": "4264.40000", "2019-06-30": "4443.10000", "2019-03-31": "4553.00000", "2018-12-31": "4509.10000", "2018-09-30": "4631.50000", "2018-06-30": "4659.00000", "2018-03-31": "2831.30000", "2017-12-31": "2835.50000", "2017-09-30": "2952.50000", "2017-06-30": "2892.10000", "2017-03-31": "2907.30000", "2016-12-31": "2934.90000", "2016-09-30": "2999.90000", "2016-06-30": "3017.00000", "2016-03-31": "3060.50000", "2015-12-31": "2779.80000", "2015-09-30": "2839.80000", "2015-06-30": "2535.30000", "2015-03-31": "3564.00000", "2014-12-31": "3588.20000", "2014-09-30": "3560.30000", "2014-06-30": "3577.00000", "2014-03-31": "3504.60000", "2013-12-31": "3530.20000", "2013-09-30": "3347.10000", "2013-06-30": "3333.90000", "2013-03-31": "3357.80000", "2012-12-31": "3364.40000", "2012-09-30": "2977.90000", "2012-06-30": "", "2012-03-31": "", "2011-12-31": "1632.70000", "2010-12-31": ""}, "Total Liabilities": {"2020-09-30": "4795.60000", "2020-06-30": "4788.50000", "2020-03-31": "4768.70000", "2019-12-31": "4773.80000", "2019-09-30": "4892.50000", "2019-06-30": "5018.80000", "2019-03-31": "5098.90000", "2018-12-31": "5057.60000", "2018-09-30": "5177.20000", "2018-06-30": "5195.80000", "2018-03-31": "3231.70000", "2017-12-31": "3293.90000", "2017-09-30": "3327.80000", "2017-06-30": "3286.30000", "2017-03-31": "3288.80000", "2016-12-31": "3308.20000", "2016-09-30": "3344.40000", "2016-06-30": "3343.30000", "2016-03-31": "3341.90000", "2015-12-31": "3075.80000", "2015-09-30": "3112.30000", "2015-06-30": "3820.10000", "2015-03-31": "3895.00000", "2014-12-31": "3918.10000", "2014-09-30": "3808.80000", "2014-06-30": "3834.40000", "2014-03-31": "3760.50000", "2013-12-31": "3777.80000", "2013-09-30": "3636.20000", "2013-06-30": "3532.20000", "2013-03-31": "3559.00000", "2012-12-31": "3582.70000", "2012-09-30": "3169.00000", "2012-06-30": "0.00000", "2012-03-31": "0.00000", "2011-12-31": "1830.20000", "2010-12-31": "0.00000"}, "Common Stock Net": {"2020-09-30": "2.00000", "2020-06-30": "2.00000", "2020-03-31": "1.90000", "2019-12-31": "1.90000", "2019-09-30": "1.90000", "2019-06-30": "1.90000", "2019-03-31": "1.90000", "2018-12-31": "1.90000", "2018-09-30": "1.90000", "2018-06-30": "1.90000", "2018-03-31": "1.90000", "2017-12-31": "1.90000", "2017-09-30": "1.90000", "2017-06-30": "1.90000", "2017-03-31": "1.90000", "2016-12-31": "1.80000", "2016-09-30": "1.80000", "2016-06-30": "1.80000", "2016-03-31": "1.80000", "2015-12-31": "1.80000", "2015-09-30": "1.80000", "2015-06-30": "1.80000", "2015-03-31": "1.10000", "2014-12-31": "1.50000", "2014-09-30": "1.10000", "2014-06-30": "1.10000", "2014-03-31": "1.10000", "2013-12-31": "1.10000", "2013-09-30": "1.10000", "2013-06-30": "1.10000", "2013-03-31": "1.10000", "2012-12-31": "1.10000", "2012-09-30": "1.10000", "2012-06-30": "0.00000", "2012-03-31": "0.00000", "2011-12-31": "0.30000", "2010-12-31": "0.00000"}, "Retained Earnings (Accumulated Deficit)": {"2020-09-30": "850.30000", "2020-06-30": "761.70000", "2020-03-31": "707.70000", "2019-12-31": "652.00000", "2019-09-30": "583.40000", "2019-06-30": "506.10000", "2019-03-31": "418.80000", "2018-12-31": "363.10000", "2018-09-30": "275.20000", "2018-06-30": "243.20000", "2018-03-31": "202.30000", "2017-12-31": "137.40000", "2017-09-30": "-107.80000", "2017-06-30": "-176.50000", "2017-03-31": "-241.50000", "2016-12-31": "-303.80000", "2016-09-30": "-353.30000", "2016-06-30": "-394.40000", "2016-03-31": "-411.70000", "2015-12-31": "-424.30000", "2015-09-30": "-443.50000", "2015-06-30": "-439.40000", "2015-03-31": "-436.80000", "2014-12-31": "-430.20000", "2014-09-30": "-417.10000", "2014-06-30": "-414.50000", "2014-03-31": "-432.40000", "2013-12-31": "-417.70000", "2013-09-30": "-400.10000", "2013-06-30": "-396.80000", "2013-03-31": "-389.00000", "2012-12-31": "-382.60000", "2012-09-30": "-0.60000", "2012-06-30": "", "2012-03-31": "", "2011-12-31": "-1739.00000", "2010-12-31": ""}, "Comprehensive Income": {"2020-09-30": "-409.70000", "2020-06-30": "-468.60000", "2020-03-31": "-468.20000", "2019-12-31": "-251.60000", "2019-09-30": "-369.70000", "2019-06-30": "-296.20000", "2019-03-31": "-229.40000", "2018-12-31": "-282.70000", "2018-09-30": "-193.90000", "2018-06-30": "-187.50000", "2018-03-31": "-113.60000", "2017-12-31": "-135.30000", "2017-09-30": "-147.90000", "2017-06-30": "-151.10000", "2017-03-31": "-140.90000", "2016-12-31": "-174.80000", "2016-09-30": "-168.90000", "2016-06-30": "-184.80000", "2016-03-31": "-185.30000", "2015-12-31": "-191.80000", "2015-09-30": "-182.80000", "2015-06-30": "-143.70000", "2015-03-31": "-145.00000", "2014-12-31": "-117.50000", "2014-09-30": "-104.00000", "2014-06-30": "-78.90000", "2014-03-31": "-81.20000", "2013-12-31": "-73.20000", "2013-09-30": "-64.40000", "2013-06-30": "-61.80000", "2013-03-31": "-40.70000", "2012-12-31": "-24.40000", "2012-09-30": "-10.30000", "2012-06-30": "", "2012-03-31": "", "2011-12-31": "", "2010-12-31": ""}, "Other Share Holders Equity": {"2020-09-30": "", "2020-06-30": "", "2020-03-31": "", "2019-12-31": "", "2019-09-30": "", "2019-06-30": "", "2019-03-31": "", "2018-12-31": "", "2018-09-30": "", "2018-06-30": "", "2018-03-31": "", "2017-12-31": "", "2017-09-30": "", "2017-06-30": "", "2017-03-31": "", "2016-12-31": "", "2016-09-30": "", "2016-06-30": "", "2016-03-31": "", "2015-12-31": "", "2015-09-30": "", "2015-06-30": "", "2015-03-31": "", "2014-12-31": "", "2014-09-30": "", "2014-06-30": "", "2014-03-31": "", "2013-12-31": "", "2013-09-30": "", "2013-06-30": "", "2013-03-31": "", "2012-12-31": "", "2012-09-30": "", "2012-06-30": "0.00000", "2012-03-31": "0.00000", "2011-12-31": "20.60000", "2010-12-31": "0.00000"}, "Share Holder Equity": {"2020-09-30": "2402.20000", "2020-06-30": "2236.60000", "2020-03-31": "2164.20000", "2019-12-31": "2339.40000", "2019-09-30": "2129.50000", "2019-06-30": "2108.50000", "2019-03-31": "2076.90000", "2018-12-31": "1982.20000", "2018-09-30": "1964.10000", "2018-06-30": "1914.30000", "2018-03-31": "1932.10000", "2017-12-31": "1824.60000", "2017-09-30": "1554.70000", "2017-06-30": "1470.30000", "2017-03-31": "1465.00000", "2016-12-31": "1473.00000", "2016-09-30": "1431.50000", "2016-06-30": "1380.60000", "2016-03-31": "1387.70000", "2015-12-31": "1367.00000", "2015-09-30": "1376.90000", "2015-06-30": "1434.10000", "2015-03-31": "719.30000", "2014-12-31": "747.70000", "2014-09-30": "770.60000", "2014-06-30": "799.30000", "2014-03-31": "692.20000", "2013-12-31": "714.50000", "2013-09-30": "738.80000", "2013-06-30": "742.90000", "2013-03-31": "770.50000", "2012-12-31": "796.10000", "2012-09-30": "1105.60000", "2012-06-30": "0.00000", "2012-03-31": "0.00000", "2011-12-31": "-824.40000", "2010-12-31": "0.00000"}, "Total Liabilities And Share Holders Equity": {"2020-09-30": "7197.80000", "2020-06-30": "7025.10000", "2020-03-31": "6932.90000", "2019-12-31": "7113.20000", "2019-09-30": "7022.00000", "2019-06-30": "7127.30000", "2019-03-31": "7175.80000", "2018-12-31": "7039.80000", "2018-09-30": "7141.30000", "2018-06-30": "7110.10000", "2018-03-31": "5163.80000", "2017-12-31": "5118.50000", "2017-09-30": "4882.50000", "2017-06-30": "4756.60000", "2017-03-31": "4753.80000", "2016-12-31": "4781.20000", "2016-09-30": "4775.90000", "2016-06-30": "4723.90000", "2016-03-31": "4729.60000", "2015-12-31": "4442.80000", "2015-09-30": "4489.20000", "2015-06-30": "5254.20000", "2015-03-31": "4614.30000", "2014-12-31": "4665.80000", "2014-09-30": "4579.40000", "2014-06-30": "4633.70000", "2014-03-31": "4452.70000", "2013-12-31": "4492.30000", "2013-09-30": "4375.00000", "2013-06-30": "4275.10000", "2013-03-31": "4329.50000", "2012-12-31": "4378.80000", "2012-09-30": "4274.60000", "2012-06-30": "0.00000", "2012-03-31": "0.00000", "2011-12-31": "1005.80000", "2010-12-31": "0.00000"}}, "cash flow statement": {"Net Income/Loss": {"2019-12-31": "352.00000", "2018-12-31": "287.50000", "2017-12-31": "451.60000", "2016-12-31": "131.40000", "2015-12-31": "15.30000", "2014-12-31": "-4.40000", "2013-12-31": "-28.20000", "2012-12-31": "-3.90000", "2011-12-31": "0.00000", "2010-12-31": "0.00000"}, "Total Depreciation And Amortization - Cash Flow": {"2019-12-31": "368.10000", "2018-12-31": "311.70000", "2017-12-31": "240.70000", "2016-12-31": "269.30000", "2015-12-31": "285.70000", "2014-12-31": "243.30000", "2013-12-31": "177.90000", "2012-12-31": "106.30000", "2011-12-31": "0.00000", "2010-12-31": "0.00000"}, "Other Non-Cash Items": {"2019-12-31": "33.80000", "2018-12-31": "11.90000", "2017-12-31": "-169.20000", "2016-12-31": "2.80000", "2015-12-31": "33.80000", "2014-12-31": "-62.80000", "2013-12-31": "-14.60000", "2012-12-31": "-0.40000", "2011-12-31": "", "2010-12-31": ""}, "Total Non-Cash Items": {"2019-12-31": "401.90000", "2018-12-31": "323.59990", "2017-12-31": "71.50000", "2016-12-31": "272.10000", "2015-12-31": "319.50000", "2014-12-31": "180.50000", "2013-12-31": "163.30000", "2012-12-31": "105.90000", "2011-12-31": "", "2010-12-31": ""}, "Change In Accounts Receivable": {"2019-12-31": "7.30000", "2018-12-31": "-113.80000", "2017-12-31": "-44.70000", "2016-12-31": "-42.50000", "2015-12-31": "-39.20000", "2014-12-31": "-36.30000", "2013-12-31": "-3.10000", "2012-12-31": "-1.00000", "2011-12-31": "", "2010-12-31": ""}, "Change In Inventories": {"2019-12-31": "", "2018-12-31": "", "2017-12-31": "", "2016-12-31": "", "2015-12-31": "", "2014-12-31": "", "2013-12-31": "", "2012-12-31": "", "2011-12-31": "", "2010-12-31": ""}, "Change In Accounts Payable": {"2019-12-31": "5.70000", "2018-12-31": "20.70000", "2017-12-31": "9.70000", "2016-12-31": "2.90000", "2015-12-31": "1.30000", "2014-12-31": "6.10000", "2013-12-31": "5.90000", "2012-12-31": "-0.80000", "2011-12-31": "", "2010-12-31": ""}, "Change In Assets/Liabilities": {"2019-12-31": "9.80000", "2018-12-31": "37.70000", "2017-12-31": "-22.30000", "2016-12-31": "26.00000", "2015-12-31": "12.20000", "2014-12-31": "8.40000", "2013-12-31": "5.50000", "2012-12-31": "-53.20000", "2011-12-31": "", "2010-12-31": ""}, "Total Change In Assets/Liabilities": {"2019-12-31": "22.80000", "2018-12-31": "-55.40000", "2017-12-31": "-57.30000", "2016-12-31": "-13.60000", "2015-12-31": "-25.70000", "2014-12-31": "-21.80000", "2013-12-31": "8.30000", "2012-12-31": "-55.00000", "2011-12-31": "0.00000", "2010-12-31": "0.00000"}, "Cash Flow From Operating Activities": {"2019-12-31": "776.70000", "2018-12-31": "555.70000", "2017-12-31": "465.80000", "2016-12-31": "389.90000", "2015-12-31": "309.10000", "2014-12-31": "154.30000", "2013-12-31": "143.40000", "2012-12-31": "47.00000", "2011-12-31": "0.00000", "2010-12-31": "0.00000"}, "Net Change In Property, Plant, And Equipment": {"2019-12-31": "-198.50000", "2018-12-31": "-180.10000", "2017-12-31": "-135.30000", "2016-12-31": "-124.00000", "2015-12-31": "-132.20000", "2014-12-31": "-155.20000", "2013-12-31": "-81.70000", "2012-12-31": "-48.80000", "2011-12-31": "0.00000", "2010-12-31": "0.00000"}, "Net Change In Intangible Assets": {"2019-12-31": "", "2018-12-31": "", "2017-12-31": "", "2016-12-31": "", "2015-12-31": "", "2014-12-31": "", "2013-12-31": "", "2012-12-31": "", "2011-12-31": "", "2010-12-31": ""}, "Net Acquisitions/Divestitures": {"2019-12-31": "40.30000", "2018-12-31": "-0.40000", "2017-12-31": "-13.50000", "2016-12-31": "", "2015-12-31": "", "2014-12-31": "", "2013-12-31": "", "2012-12-31": "-1485.90000", "2011-12-31": "0.00000", "2010-12-31": "0.00000"}, "Net Change In Short-term Investments": {"2019-12-31": "", "2018-12-31": "", "2017-12-31": "", "2016-12-31": "", "2015-12-31": "", "2014-12-31": "", "2013-12-31": "", "2012-12-31": "", "2011-12-31": "", "2010-12-31": ""}, "Net Change In Long-Term Investments": {"2019-12-31": "4.50000", "2018-12-31": "-7.50000", "2017-12-31": "9.00000", "2016-12-31": "-7.00000", "2015-12-31": "-3.60000", "2014-12-31": "-6.00000", "2013-12-31": "2.60000", "2012-12-31": "-0.50000", "2011-12-31": "", "2010-12-31": ""}, "Net Change In Investments - Total": {"2019-12-31": "4.50000", "2018-12-31": "-7.50000", "2017-12-31": "9.00000", "2016-12-31": "-7.00000", "2015-12-31": "-3.60000", "2014-12-31": "-6.00000", "2013-12-31": "2.60000", "2012-12-31": "-0.50000", "2011-12-31": "0.00000", "2010-12-31": "0.00000"}, "Investing Activities - Other": {"2019-12-31": "-50.20000", "2018-12-31": "-1829.70000", "2017-12-31": "-341.00000", "2016-12-31": "-364.80000", "2015-12-31": "-61.30000", "2014-12-31": "-114.80000", "2013-12-31": "-287.90000", "2012-12-31": "-11.90000", "2011-12-31": "", "2010-12-31": ""}, "Cash Flow From Investing Activities": {"2019-12-31": "-203.90000", "2018-12-31": "-2017.70000", "2017-12-31": "-480.80000", "2016-12-31": "-495.80000", "2015-12-31": "-197.10000", "2014-12-31": "-276.00000", "2013-12-31": "-367.00000", "2012-12-31": "-1547.10000", "2011-12-31": "0.00000", "2010-12-31": "0.00000"}, "Net Long-Term Debt": {"2019-12-31": "-398.10010", "2018-12-31": "1685.70000", "2017-12-31": "0.90000", "2016-12-31": "155.70000", "2015-12-31": "-688.20000", "2014-12-31": "104.20010", "2013-12-31": "198.10000", "2012-12-31": "980.80000", "2011-12-31": "", "2010-12-31": ""}, "Net Current Debt": {"2019-12-31": "", "2018-12-31": "-85.00000", "2017-12-31": "85.00000", "2016-12-31": "", "2015-12-31": "-50.00000", "2014-12-31": "50.00000", "2013-12-31": "", "2012-12-31": "", "2011-12-31": "0.00000", "2010-12-31": "0.00000"}, "Debt Issuance/Retirement Net - Total": {"2019-12-31": "-398.10010", "2018-12-31": "1600.70000", "2017-12-31": "85.90000", "2016-12-31": "155.70000", "2015-12-31": "-738.20000", "2014-12-31": "154.20010", "2013-12-31": "198.10000", "2012-12-31": "980.80000", "2011-12-31": "0.00000", "2010-12-31": "0.00000"}, "Net Common Equity Issued/Repurchased": {"2019-12-31": "-14.80000", "2018-12-31": "25.00000", "2017-12-31": "-106.40000", "2016-12-31": "5.30000", "2015-12-31": "767.00000", "2014-12-31": "9.40000", "2013-12-31": "2.40000", "2012-12-31": "1096.60000", "2011-12-31": "", "2010-12-31": ""}, "Net Total Equity Issued/Repurchased": {"2019-12-31": "-14.80000", "2018-12-31": "25.00000", "2017-12-31": "-106.40000", "2016-12-31": "5.30000", "2015-12-31": "767.00000", "2014-12-31": "9.40000", "2013-12-31": "2.40000", "2012-12-31": "1096.60000", "2011-12-31": "0.00000", "2010-12-31": "0.00000"}, "Total Common And Preferred Stock Dividends Paid": {"2019-12-31": "-56.80000", "2018-12-31": "-41.60000", "2017-12-31": "", "2016-12-31": "", "2015-12-31": "", "2014-12-31": "", "2013-12-31": "", "2012-12-31": "-373.80000", "2011-12-31": "0.00000", "2010-12-31": "0.00000"}, "Financial Activities - Other": {"2019-12-31": "-17.00000", "2018-12-31": "-43.90000", "2017-12-31": "-31.20000", "2016-12-31": "-7.20000", "2015-12-31": "-80.10000", "2014-12-31": "-71.70000", "2013-12-31": "-13.20000", "2012-12-31": "-48.50000", "2011-12-31": "", "2010-12-31": ""}, "Cash Flow From Financial Activities": {"2019-12-31": "-486.70000", "2018-12-31": "1540.20000", "2017-12-31": "-51.70000", "2016-12-31": "153.80000", "2015-12-31": "-51.30000", "2014-12-31": "91.90000", "2013-12-31": "187.30000", "2012-12-31": "1655.10000", "2011-12-31": "0.00000", "2010-12-31": "0.00000"}, "Net Cash Flow": {"2019-12-31": "86.70000", "2018-12-31": "71.60000", "2017-12-31": "-66.40000", "2016-12-31": "49.00000", "2015-12-31": "55.30000", "2014-12-31": "-33.30000", "2013-12-31": "-43.10000", "2012-12-31": "154.30000", "2011-12-31": "0.00000", "2010-12-31": "0.00000"}, "Stock-Based Compensation": {"2019-12-31": "51.00000", "2018-12-31": "57.90000", "2017-12-31": "33.10000", "2016-12-31": "24.40000", "2015-12-31": "9.00000", "2014-12-31": "8.00000", "2013-12-31": "6.30000", "2012-12-31": "2.70000", "2011-12-31": "", "2010-12-31": ""}, "Common Stock Dividends Paid": {"2019-12-31": "-56.80000", "2018-12-31": "-41.60000", "2017-12-31": "0.00000", "2016-12-31": "0.00000", "2015-12-31": "", "2014-12-31": "", "2013-12-31": "", "2012-12-31": "-373.80000", "2011-12-31": "", "2010-12-31": ""}}, "cash flow statement, quarterly": {"Net Income/Loss": {"2020-09-30": 106.7, "2020-06-30": 70, "2020-03-31": "74.30000", "2019-12-31": 86.4, "2019-09-30": 88.3, "2019-06-30": 103.9, "2019-03-31": "73.40000", "2018-12-31": 105.5, "2018-09-30": 49.4, "2018-06-30": 57.2, "2018-03-31": "75.40000", "2017-12-31": 248, "2017-09-30": 71.8, "2017-06-30": 67.3, "2017-03-31": "64.50000", "2016-12-31": 52.6, "2016-09-30": 44.5, "2016-06-30": 19.7, "2016-03-31": "14.60000", "2015-12-31": 21.1, "2015-09-30": -1, "2015-06-30": -0.4, "2015-03-31": "-4.40000", "2014-12-31": -10.7, "2014-09-30": -0.1, "2014-06-30": 19.9, "2014-03-31": "-13.50000", "2013-12-31": -15.7, "2013-09-30": -1.2, "2013-06-30": -6.3, "2013-03-31": "-5.00000", "2012-12-31": -6.6, "2012-09-30": 13.5, "2012-06-30": -2.3, "2012-03-31": "-8.50000", "2011-12-31": 0, "2010-12-31": 0}, "Total Depreciation And Amortization - Cash Flow": {"2020-09-30": 93.2, "2020-06-30": 91.8, "2020-03-31": "91.30000", "2019-12-31": 92, "2019-09-30": 90.2, "2019-06-30": 90.8, "2019-03-31": "95.10000", "2018-12-31": 90.4, "2018-09-30": 85.8, "2018-06-30": 68.9, "2018-03-31": "66.60000", "2017-12-31": 62, "2017-09-30": 60.8, "2017-06-30": 59.2, "2017-03-31": "58.70000", "2016-12-31": 56.1, "2016-09-30": 64, "2016-06-30": 75.2, "2016-03-31": "74.00000", "2015-12-31": 69.6, "2015-09-30": 73, "2015-06-30": 70.7, "2015-03-31": "72.40000", "2014-12-31": 70.1, "2014-09-30": 68.4, "2014-06-30": 56, "2014-03-31": "48.80000", "2013-12-31": 45.4, "2013-09-30": 45.2, "2013-06-30": 42.4, "2013-03-31": "44.90000", "2012-12-31": 39.8, "2012-09-30": 39.6, "2012-06-30": 26.8, "2012-03-31": "0.10000", "2011-12-31": 0, "2010-12-31": 0}, "Other Non-Cash Items": {"2020-09-30": -7.2, "2020-06-30": 17.7, "2020-03-31": "9.00000", "2019-12-31": 26.5, "2019-09-30": 7.3, "2019-06-30": -12.4, "2019-03-31": "12.40000", "2018-12-31": -27.1, "2018-09-30": 8.3, "2018-06-30": 19.4, "2018-03-31": "11.30000", "2017-12-31": -182.2, "2017-09-30": 17.7, "2017-06-30": 0.8, "2017-03-31": "-5.50000", "2016-12-31": -0.3, "2016-09-30": -6.1, "2016-06-30": 0.1, "2016-03-31": "9.10000", "2015-12-31": 1.8, "2015-09-30": 35.3, "2015-06-30": 3.9, "2015-03-31": "-7.20000", "2014-12-31": -16.6, "2014-09-30": -8.9, "2014-06-30": -32.2, "2014-03-31": "-5.10000", "2013-12-31": -5.5, "2013-09-30": -1.5, "2013-06-30": -0.5, "2013-03-31": "-7.10000", "2012-12-31": 0, "2012-09-30": 1.2, "2012-06-30": -1.6, "2012-03-31": "", "2011-12-31": 0, "2010-12-31": 0}, "Total Non-Cash Items": {"2020-09-30": 86, "2020-06-30": 109.5, "2020-03-31": "100.30000", "2019-12-31": 118.5, "2019-09-30": 97.5, "2019-06-30": 78.4, "2019-03-31": "107.50000", "2018-12-31": 63.2999, "2018-09-30": 94.1, "2018-06-30": 88.3, "2018-03-31": "77.90000", "2017-12-31": -120.2, "2017-09-30": 78.5, "2017-06-30": 60, "2017-03-31": "53.20000", "2016-12-31": 55.8, "2016-09-30": 57.9, "2016-06-30": 75.3, "2016-03-31": "83.10000", "2015-12-31": 71.4, "2015-09-30": 108.3, "2015-06-30": 74.6, "2015-03-31": "65.20000", "2014-12-31": 53.5, "2014-09-30": 59.5, "2014-06-30": 23.8, "2014-03-31": "43.70000", "2013-12-31": 39.9, "2013-09-30": 43.7, "2013-06-30": 41.9, "2013-03-31": "37.80000", "2012-12-31": 39.8, "2012-09-30": 40.8, "2012-06-30": 25.2, "2012-03-31": "0.10000", "2011-12-31": 0, "2010-12-31": 0}, "Change In Accounts Receivable": {"2020-09-30": -30.9, "2020-06-30": 28.1, "2020-03-31": "-40.60000", "2019-12-31": 20.5, "2019-09-30": 19.4, "2019-06-30": -21.2, "2019-03-31": "-11.40000", "2018-12-31": -34.4, "2018-09-30": -32.8, "2018-06-30": -28, "2018-03-31": "-18.60000", "2017-12-31": -4.6, "2017-09-30": -28.7, "2017-06-30": -0.7, "2017-03-31": "-10.70000", "2016-12-31": -8.3, "2016-09-30": -11.3, "2016-06-30": 7.9, "2016-03-31": "-30.80000", "2015-12-31": -0.9, "2015-09-30": -5.6, "2015-06-30": -18.2, "2015-03-31": "-14.50000", "2014-12-31": -5.9, "2014-09-30": -6, "2014-06-30": -6, "2014-03-31": "-18.40000", "2013-12-31": 11.6, "2013-09-30": -2.5, "2013-06-30": -1.8, "2013-03-31": "-10.40000", "2012-12-31": 13.2, "2012-09-30": -5.1, "2012-06-30": -9.1, "2012-03-31": "", "2011-12-31": 0, "2010-12-31": 0}, "Change In Inventories": {"2020-09-30": 0, "2020-06-30": 0, "2020-03-31": "", "2019-12-31": 0, "2019-09-30": 0, "2019-06-30": 0, "2019-03-31": "", "2018-12-31": 0, "2018-09-30": 0, "2018-06-30": 0, "2018-03-31": "", "2017-12-31": 0, "2017-09-30": 0, "2017-06-30": 0, "2017-03-31": "", "2016-12-31": 0, "2016-09-30": 0, "2016-06-30": 0, "2016-03-31": "", "2015-12-31": 0, "2015-09-30": 0, "2015-06-30": 0, "2015-03-31": "", "2014-12-31": 0, "2014-09-30": 0, "2014-06-30": 0, "2014-03-31": "", "2013-12-31": 0, "2013-09-30": 0, "2013-06-30": 0, "2013-03-31": "", "2012-12-31": 0, "2012-09-30": 0, "2012-06-30": 0, "2012-03-31": "", "2011-12-31": 0, "2010-12-31": 0}, "Change In Accounts Payable": {"2020-09-30": -21.5, "2020-06-30": 16.5, "2020-03-31": "12.30000", "2019-12-31": -5.1, "2019-09-30": 4.7, "2019-06-30": 6.1, "2019-03-31": "", "2018-12-31": 12.4, "2018-09-30": -17.6, "2018-06-30": 29.6, "2018-03-31": "-3.70000", "2017-12-31": -0.5, "2017-09-30": 6.7, "2017-06-30": 4.4, "2017-03-31": "-0.90000", "2016-12-31": 4.4, "2016-09-30": -3.7, "2016-06-30": -0.6, "2016-03-31": "2.80000", "2015-12-31": 5.8, "2015-09-30": -10.9, "2015-06-30": 5.9, "2015-03-31": "0.50000", "2014-12-31": 3.2, "2014-09-30": -9.1, "2014-06-30": 11.2, "2014-03-31": "0.80000", "2013-12-31": 7.3, "2013-09-30": -10.6, "2013-06-30": 1.5, "2013-03-31": "7.70000", "2012-12-31": 3, "2012-09-30": 1.4, "2012-06-30": -28.1, "2012-03-31": "22.90000", "2011-12-31": 0, "2010-12-31": 0}, "Change In Assets/Liabilities": {"2020-09-30": 38.5, "2020-06-30": 29.8, "2020-03-31": "-20.80000", "2019-12-31": -24, "2019-09-30": 69.5, "2019-06-30": 9.9, "2019-03-31": "-45.60000", "2018-12-31": -0.4, "2018-09-30": 85.7, "2018-06-30": -17.6, "2018-03-31": "-30.00000", "2017-12-31": -3.6, "2017-09-30": 46.2, "2017-06-30": -24.1, "2017-03-31": "-40.80000", "2016-12-31": 9.3, "2016-09-30": 39.2, "2016-06-30": 5.5, "2016-03-31": "-28.00000", "2015-12-31": 5.5, "2015-09-30": -1.1, "2015-06-30": 38.1, "2015-03-31": "-30.30000", "2014-12-31": 4.1, "2014-09-30": 20.2, "2014-06-30": 2.8, "2014-03-31": "-18.70000", "2013-12-31": -10.8, "2013-09-30": 34.4, "2013-06-30": -1.5, "2013-03-31": "-16.60000", "2012-12-31": 15.5, "2012-09-30": 16.1, "2012-06-30": -70.3, "2012-03-31": "-14.50000", "2011-12-31": 0, "2010-12-31": 0}, "Total Change In Assets/Liabilities": {"2020-09-30": -13.9, "2020-06-30": 74.4, "2020-03-31": "-49.10000", "2019-12-31": -8.6, "2019-09-30": 93.6, "2019-06-30": -5.2, "2019-03-31": "-57.00000", "2018-12-31": -22.4, "2018-09-30": 35.3, "2018-06-30": -16, "2018-03-31": "-52.30000", "2017-12-31": -8.7, "2017-09-30": 24.2, "2017-06-30": -20.4, "2017-03-31": "-52.40000", "2016-12-31": 5.4, "2016-09-30": 24.2, "2016-06-30": 12.8, "2016-03-31": "-56.00000", "2015-12-31": 10.4, "2015-09-30": -17.6, "2015-06-30": 25.8, "2015-03-31": "-44.30000", "2014-12-31": 1.4, "2014-09-30": 5.1, "2014-06-30": 8, "2014-03-31": "-36.30000", "2013-12-31": 8.1, "2013-09-30": 21.3, "2013-06-30": -1.8, "2013-03-31": "-19.30000", "2012-12-31": 31.7, "2012-09-30": 12.4, "2012-06-30": -107.5, "2012-03-31": "8.40000", "2011-12-31": 0, "2010-12-31": 0}, "Cash Flow From Operating Activities": {"2020-09-30": 178.8, "2020-06-30": 253.9, "2020-03-31": "125.50000", "2019-12-31": 196.3, "2019-09-30": 279.4, "2019-06-30": 177.2, "2019-03-31": "123.80000", "2018-12-31": 146.3, "2018-09-30": 178.9, "2018-06-30": 129.5, "2018-03-31": "101.00000", "2017-12-31": 119.1, "2017-09-30": 174.5, "2017-06-30": 106.9, "2017-03-31": "65.30000", "2016-12-31": 113.8, "2016-09-30": 126.6, "2016-06-30": 107.8, "2016-03-31": "41.70000", "2015-12-31": 102.9, "2015-09-30": 89.7, "2015-06-30": 100, "2015-03-31": "16.50000", "2014-12-31": 44.2, "2014-09-30": 64.5, "2014-06-30": 51.7, "2014-03-31": "-6.10000", "2013-12-31": 32.3, "2013-09-30": 63.8, "2013-06-30": 33.8, "2013-03-31": "13.50000", "2012-12-31": 64.9, "2012-09-30": 66.7, "2012-06-30": -84.6, "2012-03-31": "0.00000", "2011-12-31": 0, "2010-12-31": 0}, "Net Change In Property, Plant, And Equipment": {"2020-09-30": -44.1, "2020-06-30": -45.6, "2020-03-31": "-42.00000", "2019-12-31": -66.4, "2019-09-30": -44.1, "2019-06-30": -46.1, "2019-03-31": "-41.90000", "2018-12-31": -61.8, "2018-09-30": -47.9, "2018-06-30": -43.5, "2018-03-31": "-26.90000", "2017-12-31": -44.3, "2017-09-30": -33, "2017-06-30": -32, "2017-03-31": "-26.00000", "2016-12-31": -38.5, "2016-09-30": -30.6, "2016-06-30": -24, "2016-03-31": "-30.90000", "2015-12-31": -35.9, "2015-09-30": -28, "2015-06-30": -38.2, "2015-03-31": "-30.10000", "2014-12-31": -37.5, "2014-09-30": -43.4, "2014-06-30": -35.5, "2014-03-31": "-38.80000", "2013-12-31": -27.6, "2013-09-30": -23.9, "2013-06-30": -13.8, "2013-03-31": "-16.40000", "2012-12-31": -22.6, "2012-09-30": -18.8, "2012-06-30": -7.4, "2012-03-31": "", "2011-12-31": 0, "2010-12-31": 0}, "Net Change In Intangible Assets": {"2020-09-30": 0, "2020-06-30": 0, "2020-03-31": "", "2019-12-31": 0, "2019-09-30": 0, "2019-06-30": 0, "2019-03-31": "", "2018-12-31": 0, "2018-09-30": 0, "2018-06-30": 0, "2018-03-31": "", "2017-12-31": 0, "2017-09-30": 0, "2017-06-30": 0, "2017-03-31": "", "2016-12-31": 0, "2016-09-30": 0, "2016-06-30": 0, "2016-03-31": "", "2015-12-31": 0, "2015-09-30": 0, "2015-06-30": 0, "2015-03-31": "", "2014-12-31": 0, "2014-09-30": 0, "2014-06-30": 0, "2014-03-31": "", "2013-12-31": 0, "2013-09-30": 0, "2013-06-30": 0, "2013-03-31": "", "2012-12-31": 0, "2012-09-30": 0, "2012-06-30": 0, "2012-03-31": "", "2011-12-31": 0, "2010-12-31": 0}, "Net Acquisitions/Divestitures": {"2020-09-30": 1.6, "2020-06-30": 0, "2020-03-31": "", "2019-12-31": 0, "2019-09-30": 40.3, "2019-06-30": 0, "2019-03-31": "", "2018-12-31": 0.1, "2018-09-30": -0.5, "2018-06-30": 0, "2018-03-31": "", "2017-12-31": -13.5, "2017-09-30": 0, "2017-06-30": 0, "2017-03-31": "", "2016-12-31": 0, "2016-09-30": 0, "2016-06-30": 0, "2016-03-31": "", "2015-12-31": 0, "2015-09-30": 0, "2015-06-30": 0, "2015-03-31": "", "2014-12-31": 0, "2014-09-30": 0, "2014-06-30": 0, "2014-03-31": "", "2013-12-31": 0, "2013-09-30": 0, "2013-06-30": 0, "2013-03-31": "", "2012-12-31": 0, "2012-09-30": 0, "2012-06-30": -1485.9, "2012-03-31": "", "2011-12-31": 0, "2010-12-31": 0}, "Net Change In Short-term Investments": {"2020-09-30": 0, "2020-06-30": 0, "2020-03-31": "", "2019-12-31": 0, "2019-09-30": 0, "2019-06-30": 0, "2019-03-31": "", "2018-12-31": 0, "2018-09-30": 0, "2018-06-30": 0, "2018-03-31": "", "2017-12-31": 0, "2017-09-30": 0, "2017-06-30": 0, "2017-03-31": "", "2016-12-31": 0, "2016-09-30": 0, "2016-06-30": 0, "2016-03-31": "", "2015-12-31": 0, "2015-09-30": 0, "2015-06-30": 0, "2015-03-31": "", "2014-12-31": 0, "2014-09-30": 0, "2014-06-30": 0, "2014-03-31": "", "2013-12-31": 0, "2013-09-30": 0, "2013-06-30": 0, "2013-03-31": "", "2012-12-31": 0, "2012-09-30": 0, "2012-06-30": 0, "2012-03-31": "", "2011-12-31": 0, "2010-12-31": 0}, "Net Change In Long-Term Investments": {"2020-09-30": 13.3, "2020-06-30": -45.2, "2020-03-31": "19.20000", "2019-12-31": 17.7, "2019-09-30": -3.9, "2019-06-30": -1.7, "2019-03-31": "-7.60000", "2018-12-31": -0.5, "2018-09-30": 2.6, "2018-06-30": -6.1, "2018-03-31": "-3.50000", "2017-12-31": -4.2, "2017-09-30": 1.3, "2017-06-30": 3.4, "2017-03-31": "8.50000", "2016-12-31": -5.9, "2016-09-30": -3.2, "2016-06-30": 2, "2016-03-31": "0.10000", "2015-12-31": -1, "2015-09-30": 1.3, "2015-06-30": 0.1, "2015-03-31": "-4.00000", "2014-12-31": -4.9, "2014-09-30": -0.4, "2014-06-30": 0.1, "2014-03-31": "-0.80000", "2013-12-31": 2.1, "2013-09-30": -0.3, "2013-06-30": -0.1, "2013-03-31": "0.90000", "2012-12-31": -0.2, "2012-09-30": -0.2, "2012-06-30": -0.1, "2012-03-31": "", "2011-12-31": 0, "2010-12-31": 0}, "Net Change In Investments - Total": {"2020-09-30": 13.3, "2020-06-30": -45.2, "2020-03-31": "19.20000", "2019-12-31": 17.7, "2019-09-30": -3.9, "2019-06-30": -1.7, "2019-03-31": "-7.60000", "2018-12-31": -0.5, "2018-09-30": 2.6, "2018-06-30": -6.1, "2018-03-31": "-3.50000", "2017-12-31": -4.2, "2017-09-30": 1.3, "2017-06-30": 3.4, "2017-03-31": "8.50000", "2016-12-31": -5.9, "2016-09-30": -3.2, "2016-06-30": 2, "2016-03-31": "0.10000", "2015-12-31": -1, "2015-09-30": 1.3, "2015-06-30": 0.1, "2015-03-31": "-4.00000", "2014-12-31": -4.9, "2014-09-30": -0.4, "2014-06-30": 0.1, "2014-03-31": "-0.80000", "2013-12-31": 2.1, "2013-09-30": -0.3, "2013-06-30": -0.1, "2013-03-31": "0.90000", "2012-12-31": -0.2, "2012-09-30": -0.2, "2012-06-30": -0.1, "2012-03-31": "", "2011-12-31": 0, "2010-12-31": 0}, "Investing Activities - Other": {"2020-09-30": -7.8, "2020-06-30": -0.2, "2020-03-31": "-2.70000", "2019-12-31": -0.1, "2019-09-30": -39.6, "2019-06-30": -9.1, "2019-03-31": "-1.40000", "2018-12-31": -28.3, "2018-09-30": 0.3, "2018-06-30": -1801.6, "2018-03-31": "-0.10000", "2017-12-31": -269.6, "2017-09-30": -13, "2017-06-30": 0.3, "2017-03-31": "-58.70000", "2016-12-31": -9.6, "2016-09-30": -84.6, "2016-06-30": -140.4, "2016-03-31": "-130.20000", "2015-12-31": -42.1, "2015-09-30": -14.5, "2015-06-30": -3.9, "2015-03-31": "-0.80000", "2014-12-31": -68.8, "2014-09-30": 0, "2014-06-30": -15.7, "2014-03-31": "-30.30000", "2013-12-31": -149, "2013-09-30": -113.9, "2013-06-30": 0.2, "2013-03-31": "-25.20000", "2012-12-31": 0.1, "2012-09-30": -1.5, "2012-06-30": -10.5, "2012-03-31": "", "2011-12-31": 0, "2010-12-31": 0}, "Cash Flow From Investing Activities": {"2020-09-30": -37, "2020-06-30": -91, "2020-03-31": "-25.50000", "2019-12-31": -48.8, "2019-09-30": -47.3, "2019-06-30": -56.9, "2019-03-31": "-50.90000", "2018-12-31": -90.5, "2018-09-30": -45.5, "2018-06-30": -1851.2, "2018-03-31": "-30.50000", "2017-12-31": -331.6, "2017-09-30": -44.7, "2017-06-30": -28.3, "2017-03-31": "-76.20000", "2016-12-31": -54, "2016-09-30": -118.4, "2016-06-30": -162.4, "2016-03-31": "-161.00000", "2015-12-31": -79, "2015-09-30": -41.2, "2015-06-30": -42, "2015-03-31": "-34.90000", "2014-12-31": -111.2, "2014-09-30": -43.8, "2014-06-30": -51.1, "2014-03-31": "-69.90000", "2013-12-31": -174.5, "2013-09-30": -138.1, "2013-06-30": -13.7, "2013-03-31": "-40.70000", "2012-12-31": -22.7, "2012-09-30": -20.5, "2012-06-30": -1503.9, "2012-03-31": "0.00000", "2011-12-31": 0, "2010-12-31": 0}, "Net Long-Term Debt": {"2020-09-30": -13.8, "2020-06-30": -17.4, "2020-03-31": "-13.80000", "2019-12-31": -84.2001, "2019-09-30": -180, "2019-06-30": -115.1, "2019-03-31": "-18.80000", "2018-12-31": -75, "2018-09-30": -15.1, "2018-06-30": 1787.3, "2018-03-31": "-11.50000", "2017-12-31": -7.5, "2017-09-30": 33.3, "2017-06-30": -10.6, "2017-03-31": "-14.30000", "2016-12-31": -11.3, "2016-09-30": -14.2, "2016-06-30": 43.2, "2016-03-31": "138.00000", "2015-12-31": -10.5999, "2015-09-30": -663.2001, "2015-06-30": -7.8, "2015-03-31": "-6.60000", "2014-12-31": -8.9, "2014-09-30": -6.2999, "2014-06-30": 123.2, "2014-03-31": "-3.80000", "2013-12-31": 206.8, "2013-09-30": -2.9, "2013-06-30": -3.4, "2013-03-31": "-2.40000", "2012-12-31": 385.6, "2012-09-30": -2.4, "2012-06-30": -2.4, "2012-03-31": "600.00000", "2011-12-31": 0, "2010-12-31": 0}, "Net Current Debt": {"2020-09-30": 0, "2020-06-30": 0, "2020-03-31": "", "2019-12-31": 0, "2019-09-30": 0, "2019-06-30": 0, "2019-03-31": "", "2018-12-31": 0, "2018-09-30": -75, "2018-06-30": 20, "2018-03-31": "-30.00000", "2017-12-31": 85, "2017-09-30": -45, "2017-06-30": 5, "2017-03-31": "40.00000", "2016-12-31": 0, "2016-09-30": 0, "2016-06-30": 0, "2016-03-31": "", "2015-12-31": 0, "2015-09-30": 0, "2015-06-30": -85, "2015-03-31": "35.00000", "2014-12-31": 50, "2014-09-30": 0, "2014-06-30": -28.5, "2014-03-31": "28.50000", "2013-12-31": -65, "2013-09-30": 65, "2013-06-30": 0, "2013-03-31": "", "2012-12-31": 0, "2012-09-30": 0, "2012-06-30": 0, "2012-03-31": "", "2011-12-31": 0, "2010-12-31": 0}, "Debt Issuance/Retirement Net - Total": {"2020-09-30": -13.8, "2020-06-30": -17.4, "2020-03-31": "-13.80000", "2019-12-31": -84.2001, "2019-09-30": -180, "2019-06-30": -115.1, "2019-03-31": "-18.80000", "2018-12-31": -75, "2018-09-30": -90.1, "2018-06-30": 1807.3, "2018-03-31": "-41.50000", "2017-12-31": 77.5, "2017-09-30": -11.7, "2017-06-30": -5.6, "2017-03-31": "25.70000", "2016-12-31": -11.3, "2016-09-30": -14.2, "2016-06-30": 43.2, "2016-03-31": "138.00000", "2015-12-31": -10.5999, "2015-09-30": -663.2001, "2015-06-30": -92.8, "2015-03-31": "28.40000", "2014-12-31": 41.1, "2014-09-30": -6.2999, "2014-06-30": 94.7, "2014-03-31": "24.70000", "2013-12-31": 141.7999, "2013-09-30": 62.1001, "2013-06-30": -3.4, "2013-03-31": "-2.40000", "2012-12-31": 385.6, "2012-09-30": -2.4, "2012-06-30": -2.4, "2012-03-31": "600.00000", "2011-12-31": 0, "2010-12-31": 0}, "Net Common Equity Issued/Repurchased": {"2020-09-30": 6.4, "2020-06-30": 1, "2020-03-31": "-21.20000", "2019-12-31": 0.5, "2019-09-30": 8.8, "2019-06-30": 2.6, "2019-03-31": "-26.70000", "2018-12-31": 1.7, "2018-09-30": 9.7, "2018-06-30": 4.6, "2018-03-31": "9.00000", "2017-12-31": 5, "2017-09-30": 5.8, "2017-06-30": -59, "2017-03-31": "-58.20000", "2016-12-31": 0.6, "2016-09-30": 2.4, "2016-06-30": 1.4, "2016-03-31": "0.90000", "2015-12-31": 0.3, "2015-09-30": 0.2, "2015-06-30": 765.7, "2015-03-31": "0.80000", "2014-12-31": 7.8, "2014-09-30": 0, "2014-06-30": 0.9, "2014-03-31": "0.70000", "2013-12-31": 3.9, "2013-09-30": 0.2, "2013-06-30": 0.1, "2013-03-31": "-1.80000", "2012-12-31": 2.8, "2012-09-30": -0.4, "2012-06-30": 1094.2, "2012-03-31": "", "2011-12-31": 0, "2010-12-31": 0}, "Net Total Equity Issued/Repurchased": {"2020-09-30": 6.4, "2020-06-30": 1, "2020-03-31": "-21.20000", "2019-12-31": 0.5, "2019-09-30": 8.8, "2019-06-30": 2.6, "2019-03-31": "-26.70000", "2018-12-31": 1.7, "2018-09-30": 9.7, "2018-06-30": 4.6, "2018-03-31": "9.00000", "2017-12-31": 5, "2017-09-30": 5.8, "2017-06-30": -59, "2017-03-31": "-58.20000", "2016-12-31": 0.6, "2016-09-30": 2.4, "2016-06-30": 1.4, "2016-03-31": "0.90000", "2015-12-31": 0.3, "2015-09-30": 0.2, "2015-06-30": 765.7, "2015-03-31": "0.80000", "2014-12-31": 7.8, "2014-09-30": 0, "2014-06-30": 0.9, "2014-03-31": "0.70000", "2013-12-31": 3.9, "2013-09-30": 0.2, "2013-06-30": 0.1, "2013-03-31": "-1.80000", "2012-12-31": 2.8, "2012-09-30": -0.4, "2012-06-30": 1094.2, "2012-03-31": "", "2011-12-31": 0, "2010-12-31": 0}, "Total Common And Preferred Stock Dividends Paid": {"2020-09-30": -14.3, "2020-06-30": -14.3, "2020-03-31": "-14.70000", "2019-12-31": -14.2, "2019-09-30": -14.1, "2019-06-30": -14.1, "2019-03-31": "-14.40000", "2018-12-31": -13.9, "2018-09-30": -13.9, "2018-06-30": -13.8, "2018-03-31": "", "2017-12-31": 0, "2017-09-30": 0, "2017-06-30": 0, "2017-03-31": "", "2016-12-31": 0, "2016-09-30": 0, "2016-06-30": 0, "2016-03-31": "", "2015-12-31": 0, "2015-09-30": 0, "2015-06-30": 0, "2015-03-31": "", "2014-12-31": 0, "2014-09-30": 0, "2014-06-30": 0, "2014-03-31": "", "2013-12-31": 0, "2013-09-30": 0, "2013-06-30": 0, "2013-03-31": "", "2012-12-31": -373.8, "2012-09-30": 0, "2012-06-30": 0, "2012-03-31": "", "2011-12-31": 0, "2010-12-31": 0}, "Financial Activities - Other": {"2020-09-30": -1.4, "2020-06-30": -6.4, "2020-03-31": "", "2019-12-31": -15.8, "2019-09-30": -0.4, "2019-06-30": -0.8, "2019-03-31": "", "2018-12-31": -6.5, "2018-09-30": -3.7, "2018-06-30": -33.7, "2018-03-31": "", "2017-12-31": -7.3, "2017-09-30": -12.8, "2017-06-30": -2.2, "2017-03-31": "-8.90000", "2016-12-31": -3.8, "2016-09-30": -0.9, "2016-06-30": 0.5, "2016-03-31": "-3.00000", "2015-12-31": -8.1, "2015-09-30": -12, "2015-06-30": -59.9, "2015-03-31": "-0.10000", "2014-12-31": -6, "2014-09-30": -2.5, "2014-06-30": -62.6, "2014-03-31": "-0.60000", "2013-12-31": -8.3, "2013-09-30": -0.2, "2013-06-30": -1.2, "2013-03-31": "-3.50000", "2012-12-31": -29.6, "2012-09-30": -2.4, "2012-06-30": 583.5, "2012-03-31": "-600.00000", "2011-12-31": 0, "2010-12-31": 0}, "Cash Flow From Financial Activities": {"2020-09-30": -23.1, "2020-06-30": -37.1, "2020-03-31": "-49.70000", "2019-12-31": -113.7, "2019-09-30": -185.7, "2019-06-30": -127.4, "2019-03-31": "-59.90000", "2018-12-31": -93.7, "2018-09-30": -98, "2018-06-30": 1764.4, "2018-03-31": "-32.50000", "2017-12-31": 75.2, "2017-09-30": -18.7, "2017-06-30": -66.8, "2017-03-31": "-41.40000", "2016-12-31": -14.5, "2016-09-30": -12.7, "2016-06-30": 45.1, "2016-03-31": "135.90000", "2015-12-31": -18.4, "2015-09-30": -675, "2015-06-30": 613, "2015-03-31": "29.10000", "2014-12-31": 42.9, "2014-09-30": -8.8, "2014-06-30": 33, "2014-03-31": "24.80000", "2013-12-31": 137.4, "2013-09-30": 62.1, "2013-06-30": -4.5, "2013-03-31": "-7.70000", "2012-12-31": -15, "2012-09-30": -5.2, "2012-06-30": 1675.3, "2012-03-31": "0.00000", "2011-12-31": 0, "2010-12-31": 0}, "Net Cash Flow": {"2020-09-30": 121.8, "2020-06-30": 126.5, "2020-03-31": "31.60000", "2019-12-31": 38.2, "2019-09-30": 41.2, "2019-06-30": -6.2, "2019-03-31": "13.50000", "2018-12-31": -39.2, "2018-09-30": 34.3, "2018-06-30": 38, "2018-03-31": "38.50000", "2017-12-31": -137.5, "2017-09-30": 111.3, "2017-06-30": 10.8, "2017-03-31": "-51.00000", "2016-12-31": 44.3, "2016-09-30": -3.4, "2016-06-30": -9, "2016-03-31": "17.10000", "2015-12-31": 4.5, "2015-09-30": -629.3, "2015-06-30": 671, "2015-03-31": "9.10000", "2014-12-31": -25.2, "2014-09-30": 9.9, "2014-06-30": 33.8, "2014-03-31": "-51.80000", "2013-12-31": -6.3, "2013-09-30": -12.7, "2013-06-30": 12.8, "2013-03-31": "-36.90000", "2012-12-31": 27.1, "2012-09-30": 41.2, "2012-06-30": 86, "2012-03-31": "0.00000", "2011-12-31": 0, "2010-12-31": 0}, "Stock-Based Compensation": {"2020-09-30": 8.1, "2020-06-30": 16.6, "2020-03-31": "4.90000", "2019-12-31": 21.3, "2019-09-30": 13.1, "2019-06-30": 6.7, "2019-03-31": "9.90000", "2018-12-31": 21, "2018-09-30": 15.6, "2018-06-30": 11.8, "2018-03-31": "9.50000", "2017-12-31": 10, "2017-09-30": 7.2, "2017-06-30": 7.9, "2017-03-31": "8.00000", "2016-12-31": 9.8, "2016-09-30": 5.7, "2016-06-30": 5.2, "2016-03-31": "3.70000", "2015-12-31": 2.3, "2015-09-30": 1.5, "2015-06-30": 2.8, "2015-03-31": "2.40000", "2014-12-31": 1.7, "2014-09-30": 2.1, "2014-06-30": 2.2, "2014-03-31": "2.00000", "2013-12-31": 1.5, "2013-09-30": 1.3, "2013-06-30": 1.6, "2013-03-31": "1.90000", "2012-12-31": 1.5, "2012-09-30": 0.8, "2012-06-30": 0.4, "2012-03-31": "0.00000", "2011-12-31": 0, "2010-12-31": 0}, "Common Stock Dividends Paid": {"2020-09-30": -14.3, "2020-06-30": -14.3, "2020-03-31": "-14.70000", "2019-12-31": -14.2, "2019-09-30": -14.1, "2019-06-30": -14.1, "2019-03-31": "-14.40000", "2018-12-31": -13.9, "2018-09-30": -13.9, "2018-06-30": -13.8, "2018-03-31": "0.00000", "2017-12-31": 0, "2017-09-30": 0, "2017-06-30": 0, "2017-03-31": "", "2016-12-31": 0, "2016-09-30": 0, "2016-06-30": 0, "2016-03-31": "", "2015-12-31": 0, "2015-09-30": 0, "2015-06-30": 0, "2015-03-31": "", "2014-12-31": 0, "2014-09-30": 0, "2014-06-30": 0, "2014-03-31": "", "2013-12-31": 0, "2013-09-30": 0, "2013-06-30": 0, "2013-03-31": "", "2012-12-31": -373.8, "2012-09-30": 0, "2012-06-30": 0, "2012-03-31": "", "2011-12-31": 0, "2010-12-31": 0}}, "financial ratios": {"Current Ratio": {"2019-12-31": "1.55440", "2018-12-31": "1.53420", "2017-12-31": "1.28430", "2016-12-31": "1.47330", "2015-12-31": "1.44190", "2014-12-31": "1.21550", "2013-12-31": "1.41240", "2012-12-31": "1.83510", "2011-12-31": "1.53270", "2010-12-31": ""}, "Long-term Debt / Capital": {"2019-12-31": "0.60600", "2018-12-31": "0.66730", "2017-12-31": "0.56240", "2016-12-31": "0.61220", "2015-12-31": "0.61250", "2014-12-31": "0.79310", "2013-12-31": "0.79970", "2012-12-31": "0.77030", "2011-12-31": "2.09190", "2010-12-31": ""}, "Debt/Equity Ratio": {"2019-12-31": "1.56320", "2018-12-31": "2.04220", "2017-12-31": "1.35080", "2016-12-31": "1.61280", "2015-12-31": "1.61270", "2014-12-31": "3.93190", "2013-12-31": "4.01250", "2012-12-31": "3.36750", "2011-12-31": "-1.94230", "2010-12-31": ""}, "Gross Margin": {"2019-12-31": "67.09090", "2018-12-31": "65.90280", "2017-12-31": "66.60980", "2016-12-31": "66.03320", "2015-12-31": "64.71990", "2014-12-31": "61.66170", "2013-12-31": "59.94760", "2012-12-31": "61.12130", "2011-12-31": "58.83790", "2010-12-31": "58.62000"}, "Operating Margin": {"2019-12-31": "22.88320", "2018-12-31": "22.11720", "2017-12-31": "24.03040", "2016-12-31": "17.62570", "2015-12-31": "13.08070", "2014-12-31": "9.84130", "2013-12-31": "14.30020", "2012-12-31": "18.40940", "2011-12-31": "24.67770", "2010-12-31": "22.59280"}, "EBIT Margin": {"2019-12-31": "22.88320", "2018-12-31": "22.11720", "2017-12-31": "24.03040", "2016-12-31": "17.62570", "2015-12-31": "13.08070", "2014-12-31": "9.84130", "2013-12-31": "14.30020", "2012-12-31": "18.40940", "2011-12-31": "24.67770", "2010-12-31": "22.59280"}, "EBITDA Margin": {"2019-12-31": "36.74190", "2018-12-31": "35.56880", "2017-12-31": "36.47740", "2016-12-31": "33.42130", "2015-12-31": "32.04140", "2014-12-31": "28.48930", "2013-12-31": "29.33570", "2012-12-31": "32.26860", "2011-12-31": "24.67770", "2010-12-31": "22.59280"}, "Pre-Tax Profit Margin": {"2019-12-31": "16.58450", "2018-12-31": "14.82390", "2017-12-31": "19.26260", "2016-12-31": "12.04760", "2015-12-31": "1.76530", "2014-12-31": "-0.13800", "2013-12-31": "-2.18900", "2012-12-31": "0.35200", "2011-12-31": "6.55270", "2010-12-31": "8.67750"}, "Net Profit Margin": {"2019-12-31": "13.06050", "2018-12-31": "11.93680", "2017-12-31": "22.81520", "2016-12-31": "7.07370", "2015-12-31": "0.39160", "2014-12-31": "-0.95810", "2013-12-31": "-2.96650", "2012-12-31": "-1.14730", "2011-12-31": "3.98440", "2010-12-31": "3.82650"}, "Asset Turnover": {"2019-12-31": "0.37340", "2018-12-31": "0.32920", "2017-12-31": "0.37780", "2016-12-31": "0.35660", "2015-12-31": "0.33920", "2014-12-31": "0.27960", "2013-12-31": "0.26340", "2012-12-31": "0.17520", "2011-12-31": "1.01810", "2010-12-31": ""}, "Inventory Turnover Ratio": {"2019-12-31": "", "2018-12-31": "", "2017-12-31": "", "2016-12-31": "", "2015-12-31": "", "2014-12-31": "", "2013-12-31": "", "2012-12-31": "", "2011-12-31": "", "2010-12-31": ""}, "Receiveable Turnover": {"2019-12-31": "5.98360", "2018-12-31": "5.07270", "2017-12-31": "5.91920", "2016-12-31": "6.13490", "2015-12-31": "6.60010", "2014-12-31": "6.51050", "2013-12-31": "7.17090", "2012-12-31": "4.68830", "2011-12-31": "7.34580", "2010-12-31": ""}, "Days Sales In Receivables": {"2019-12-31": "61.00050", "2018-12-31": "71.95410", "2017-12-31": "61.66380", "2016-12-31": "59.49530", "2015-12-31": "55.30230", "2014-12-31": "56.06350", "2013-12-31": "50.90010", "2012-12-31": "77.85400", "2011-12-31": "49.68850", "2010-12-31": ""}, "ROE - Return On Equity": {"2019-12-31": "15.24320", "2018-12-31": "14.57980", "2017-12-31": "24.75060", "2016-12-31": "8.92060", "2015-12-31": "1.11920", "2014-12-31": "-0.58850", "2013-12-31": "-3.94680", "2012-12-31": "-0.48990", "2011-12-31": "-9.32800", "2010-12-31": ""}, "Return On Tangible Equity": {"2019-12-31": "-10.39560", "2018-12-31": "-7.48800", "2017-12-31": "-19.05490", "2016-12-31": "-5.33450", "2015-12-31": "-0.64110", "2014-12-31": "0.13680", "2013-12-31": "0.90120", "2012-12-31": "0.13360", "2011-12-31": "-5.78020", "2010-12-31": ""}, "ROA - Return On Assets": {"2019-12-31": "5.01320", "2018-12-31": "4.10520", "2017-12-31": "8.82290", "2016-12-31": "2.74830", "2015-12-31": "0.34440", "2014-12-31": "-0.09430", "2013-12-31": "-0.62770", "2012-12-31": "-0.08910", "2011-12-31": "7.64570", "2010-12-31": ""}, "ROI - Return On Investment": {"2019-12-31": "6.00570", "2018-12-31": "4.85010", "2017-12-31": "10.83000", "2016-12-31": "3.45950", "2015-12-31": "0.43370", "2014-12-31": "-0.12180", "2013-12-31": "-0.79040", "2012-12-31": "-0.11250", "2011-12-31": "10.18540", "2010-12-31": ""}, "Book Value Per Share": {"2019-12-31": "12.39750", "2018-12-31": "10.67420", "2017-12-31": "9.95960", "2016-12-31": "8.04040", "2015-12-31": "7.49860", "2014-12-31": "5.05540", "2013-12-31": "6.48370", "2012-12-31": "7.23070", "2011-12-31": "", "2010-12-31": ""}, "Operating Cash Flow Per Share": {"2019-12-31": 1.1386, "2018-12-31": 0.458, "2017-12-31": 0.3408, "2016-12-31": 0.259, "2015-12-31": 0.8056, "2014-12-31": 0.068, "2013-12-31": 0.5511, "2012-12-31": 0.4284, "2011-12-31": 0, "2010-12-31": 0}, "Free Cash Flow Per Share": {"2019-12-31": 1.0471, "2018-12-31": 0.2271, "2017-12-31": 0.3, "2016-12-31": 0.3798, "2015-12-31": 1.0667, "2014-12-31": -0.4275, "2013-12-31": 0.4378, "2012-12-31": -0.0164, "2011-12-31": 0, "2010-12-31": 0}}, "financial ratios, quarterly": {"Current Ratio": {"2020-09-30": "1.96730", "2020-06-30": "1.82880", "2020-03-31": "1.66480", "2019-12-31": "1.55440", "2019-09-30": "1.42030", "2019-06-30": "1.51050", "2019-03-31": "1.63620", "2018-12-31": "1.53420", "2018-09-30": "1.62360", "2018-06-30": "1.59020", "2018-03-31": "1.61460", "2017-12-31": "1.28430", "2017-09-30": "1.83590", "2017-06-30": "1.39600", "2017-03-31": "1.34650", "2016-12-31": "1.47330", "2016-09-30": "1.43020", "2016-06-30": "1.52650", "2016-03-31": "1.75480", "2015-12-31": "1.44190", "2015-09-30": "1.66500", "2015-06-30": "0.85930", "2015-03-31": "1.29400", "2014-12-31": "1.21550", "2014-09-30": "1.47080", "2014-06-30": "1.39040", "2014-03-31": "1.18600", "2013-12-31": "1.41240", "2013-09-30": "1.26290", "2013-06-30": "1.94710", "2013-03-31": "1.85880", "2012-12-31": "1.83510", "2012-09-30": "2.00260", "2012-06-30": "", "2012-03-31": "", "2011-12-31": "", "2010-12-31": ""}, "Long-term Debt / Capital": {"2020-09-30": "0.59710", "2020-06-30": "0.61500", "2020-03-31": "0.62360", "2019-12-31": "0.60600", "2019-09-30": "0.63130", "2019-06-30": "0.64500", "2019-03-31": "0.65550", "2018-12-31": "0.66730", "2018-09-30": "0.67380", "2018-06-30": "0.68020", "2018-03-31": "0.54720", "2017-12-31": "0.56240", "2017-09-30": "0.60210", "2017-06-30": "0.60980", "2017-03-31": "0.61180", "2016-12-31": "0.61220", "2016-09-30": "0.62030", "2016-06-30": "0.63000", "2016-03-31": "0.62470", "2015-12-31": "0.61250", "2015-09-30": "0.61230", "2015-06-30": "0.56350", "2015-03-31": "0.79920", "2014-12-31": "0.79310", "2014-09-30": "0.78830", "2014-06-30": "0.78240", "2014-03-31": "0.80440", "2013-12-31": "0.79970", "2013-09-30": "0.78200", "2013-06-30": "0.78150", "2013-03-31": "0.77570", "2012-12-31": "0.77030", "2012-09-30": "0.67430", "2012-06-30": "", "2012-03-31": "", "2011-12-31": "", "2010-12-31": ""}, "Debt/Equity Ratio": {"2020-09-30": "1.50530", "2020-06-30": "1.62260", "2020-03-31": "1.68390", "2019-12-31": "1.56320", "2019-09-30": "1.75620", "2019-06-30": "1.85810", "2019-03-31": "1.94080", "2018-12-31": "2.04220", "2018-09-30": "2.09860", "2018-06-30": "2.19950", "2018-03-31": "1.25450", "2017-12-31": "1.35080", "2017-09-30": "1.53500", "2017-06-30": "1.63060", "2017-03-31": "1.63960", "2016-12-31": "1.61280", "2016-09-30": "1.66800", "2016-06-30": "1.73920", "2016-03-31": "1.69890", "2015-12-31": "1.61270", "2015-09-30": "1.61140", "2015-06-30": "2.00890", "2015-03-31": "4.13790", "2014-12-31": "3.93190", "2014-09-30": "3.75970", "2014-06-30": "3.63260", "2014-03-31": "4.17730", "2013-12-31": "4.01250", "2013-09-30": "3.69060", "2013-06-30": "3.58960", "2013-03-31": "3.47100", "2012-12-31": "3.36750", "2012-09-30": "2.07990", "2012-06-30": "", "2012-03-31": "", "2011-12-31": "", "2010-12-31": ""}, "Gross Margin": {"2020-09-30": "68.04140", "2020-06-30": "65.54220", "2020-03-31": "67.26290", "2019-12-31": "66.59860", "2019-09-30": "67.96750", "2019-06-30": "67.33650", "2019-03-31": "66.39750", "2018-12-31": "65.55210", "2018-09-30": "65.62290", "2018-06-30": "66.41800", "2018-03-31": "66.07740", "2017-12-31": "65.75100", "2017-09-30": "66.00400", "2017-06-30": "68.00760", "2017-03-31": "66.76920", "2016-12-31": "66.80430", "2016-09-30": "67.66450", "2016-06-30": "66.22040", "2016-03-31": "63.24870", "2015-12-31": "63.89540", "2015-09-30": "65.27890", "2015-06-30": "65.25760", "2015-03-31": "64.42930", "2014-12-31": "63.82600", "2014-09-30": "63.03960", "2014-06-30": "59.41990", "2014-03-31": "60.15160", "2013-12-31": "59.30230", "2013-09-30": "61.30220", "2013-06-30": "59.67420", "2013-03-31": "59.48370", "2012-12-31": "60.58370", "2012-09-30": "61.77580", "2012-06-30": "60.92200", "2012-03-31": "", "2011-12-31": "", "2010-12-31": ""}, "Operating Margin": {"2020-09-30": "23.32230", "2020-06-30": "19.53030", "2020-03-31": "19.89530", "2019-12-31": "22.54960", "2019-09-30": "24.86580", "2019-06-30": "24.14260", "2019-03-31": "19.69970", "2018-12-31": "21.33420", "2018-09-30": "20.22860", "2018-06-30": "23.86790", "2018-03-31": "23.29740", "2017-12-31": "24.01190", "2017-09-30": "25.42170", "2017-06-30": "24.32600", "2017-03-31": "22.21980", "2016-12-31": "20.48640", "2016-09-30": "21.89210", "2016-06-30": "14.91660", "2016-03-31": "12.79270", "2015-12-31": "12.66520", "2015-09-30": "15.49730", "2015-06-30": "13.57990", "2015-03-31": "10.33700", "2014-12-31": "6.07860", "2014-09-30": "12.06390", "2014-06-30": "9.89310", "2014-03-31": "11.47000", "2013-12-31": "12.38030", "2013-09-30": "16.46080", "2013-06-30": "13.13170", "2013-03-31": "15.21520", "2012-12-31": "15.26020", "2012-09-30": "21.01470", "2012-06-30": "19.12000", "2012-03-31": "", "2011-12-31": "", "2010-12-31": ""}, "EBIT Margin": {"2020-09-30": "23.32230", "2020-06-30": "19.53030", "2020-03-31": "19.89530", "2019-12-31": "22.54960", "2019-09-30": "24.86580", "2019-06-30": "24.14260", "2019-03-31": "19.69970", "2018-12-31": "21.33420", "2018-09-30": "20.22860", "2018-06-30": "23.86790", "2018-03-31": "23.29740", "2017-12-31": "24.01190", "2017-09-30": "25.42170", "2017-06-30": "24.32600", "2017-03-31": "22.21980", "2016-12-31": "20.48640", "2016-09-30": "21.89210", "2016-06-30": "14.91660", "2016-03-31": "12.79270", "2015-12-31": "12.66510", "2015-09-30": "15.49730", "2015-06-30": "13.57990", "2015-03-31": "10.33700", "2014-12-31": "6.07860", "2014-09-30": "12.06390", "2014-06-30": "9.89310", "2014-03-31": "11.47000", "2013-12-31": "12.38030", "2013-09-30": "16.46080", "2013-06-30": "13.13170", "2013-03-31": "15.21520", "2012-12-31": "15.26020", "2012-09-30": "21.01470", "2012-06-30": "19.12000", "2012-03-31": "", "2011-12-31": "", "2010-12-31": ""}, "EBITDA Margin": {"2020-09-30": "", "2020-06-30": "", "2020-03-31": "", "2019-12-31": "", "2019-09-30": "", "2019-06-30": "", "2019-03-31": "", "2018-12-31": "", "2018-09-30": "", "2018-06-30": "", "2018-03-31": "", "2017-12-31": "", "2017-09-30": "", "2017-06-30": "", "2017-03-31": "", "2016-12-31": "", "2016-09-30": "", "2016-06-30": "", "2016-03-31": "", "2015-12-31": "", "2015-09-30": "", "2015-06-30": "", "2015-03-31": "", "2014-12-31": "", "2014-09-30": "", "2014-06-30": "", "2014-03-31": "", "2013-12-31": "", "2013-09-30": "", "2013-06-30": "", "2013-03-31": "", "2012-12-31": "", "2012-09-30": "", "2012-06-30": "", "2012-03-31": "", "2011-12-31": "", "2010-12-31": ""}, "Pre-Tax Profit Margin": {"2020-09-30": "19.93100", "2020-06-30": "14.65950", "2020-03-31": "14.04890", "2019-12-31": "15.49010", "2019-09-30": "16.32090", "2019-06-30": "22.10300", "2019-03-31": "12.19120", "2018-12-31": "14.35330", "2018-09-30": "13.15440", "2018-06-30": "12.98170", "2018-03-31": "19.16640", "2017-12-31": "19.80240", "2017-09-30": "20.92370", "2017-06-30": "19.39760", "2017-03-31": "16.70330", "2016-12-31": "15.39340", "2016-09-30": "17.29890", "2016-06-30": "8.45670", "2016-03-31": "6.55660", "2015-12-31": "7.30380", "2015-09-30": "0.28270", "2015-06-30": "1.24170", "2015-03-31": "-2.09570", "2014-12-31": "-6.70440", "2014-09-30": "0.02960", "2014-06-30": "10.44280", "2014-03-31": "-4.48250", "2013-12-31": "-4.95900", "2013-09-30": "0.83470", "2013-06-30": "-2.65960", "2013-03-31": "-2.03100", "2012-12-31": "-1.05490", "2012-09-30": "6.41070", "2012-06-30": "-2.35730", "2012-03-31": "", "2011-12-31": "", "2010-12-31": ""}, "Net Profit Margin": {"2020-09-30": "14.77220", "2020-06-30": "10.79760", "2020-03-31": "10.20940", "2019-12-31": "12.07700", "2019-09-30": "13.30340", "2019-06-30": "15.33460", "2019-03-31": "11.44840", "2018-12-31": "16.66940", "2018-09-30": "7.67060", "2018-06-30": "9.76740", "2018-03-31": "13.60250", "2017-12-31": "48.45850", "2017-09-30": "13.81530", "2017-06-30": "13.66890", "2017-03-31": "13.69230", "2016-12-31": "11.35580", "2016-09-30": "9.41500", "2016-06-30": "4.06390", "2016-03-31": "3.10570", "2015-12-31": "4.94690", "2015-09-30": "-1.02800", "2015-06-30": "-0.68690", "2015-03-31": "-1.86920", "2014-12-31": "-3.90350", "2014-09-30": "-0.76880", "2014-06-30": "5.46560", "2014-03-31": "-4.84510", "2013-12-31": "-6.01920", "2013-09-30": "-1.13520", "2013-06-30": "-2.59310", "2013-03-31": "-2.16870", "2012-12-31": "-2.84810", "2012-09-30": "3.87380", "2012-06-30": "-1.83340", "2012-03-31": "", "2011-12-31": "", "2010-12-31": ""}, "Asset Turnover": {"2020-09-30": "0.09670", "2020-06-30": "0.09030", "2020-03-31": "0.09920", "2019-12-31": "0.09640", "2019-09-30": "0.09820", "2019-06-30": "0.09290", "2019-03-31": "0.08630", "2018-12-31": "0.08710", "2018-09-30": "0.08450", "2018-06-30": "0.07920", "2018-03-31": "0.10410", "2017-12-31": "0.09890", "2017-09-30": "0.10200", "2017-06-30": "0.09980", "2017-03-31": "0.09570", "2016-12-31": "0.09120", "2016-09-30": "0.09160", "2016-06-30": "0.09010", "2016-03-31": "0.08580", "2015-12-31": "0.08690", "2015-09-30": "0.08670", "2015-06-30": "0.07200", "2015-03-31": "0.07650", "2014-12-31": "0.07190", "2014-09-30": "0.07390", "2014-06-30": "0.07070", "2014-03-31": "0.06810", "2013-12-31": "0.06510", "2013-09-30": "0.06850", "2013-06-30": "0.07040", "2013-03-31": "0.06710", "2012-12-31": "0.06490", "2012-09-30": "0.06820", "2012-06-30": "", "2012-03-31": "", "2011-12-31": "", "2010-12-31": ""}, "Inventory Turnover Ratio": {"2020-09-30": "", "2020-06-30": "", "2020-03-31": "", "2019-12-31": "", "2019-09-30": "", "2019-06-30": "", "2019-03-31": "", "2018-12-31": "", "2018-09-30": "", "2018-06-30": "", "2018-03-31": "", "2017-12-31": "", "2017-09-30": "", "2017-06-30": "", "2017-03-31": "", "2016-12-31": "", "2016-09-30": "", "2016-06-30": "", "2016-03-31": "", "2015-12-31": "", "2015-09-30": "", "2015-06-30": "", "2015-03-31": "", "2014-12-31": "", "2014-09-30": "", "2014-06-30": "", "2014-03-31": "", "2013-12-31": "", "2013-09-30": "", "2013-06-30": "", "2013-03-31": "", "2012-12-31": "", "2012-09-30": "", "2012-06-30": "", "2012-03-31": "", "2011-12-31": "", "2010-12-31": ""}, "Receiveable Turnover": {"2020-09-30": "1.48700", "2020-06-30": "1.46480", "2020-03-31": "1.46920", "2019-12-31": "1.54450", "2019-09-30": "1.50440", "2019-06-30": "1.35300", "2019-03-31": "1.31770", "2018-12-31": "1.34220", "2018-09-30": "1.41660", "2018-06-30": "1.33370", "2018-03-31": "1.56220", "2017-12-31": "1.54880", "2017-09-30": "1.56160", "2017-06-30": "1.63330", "2017-03-31": "1.56950", "2016-12-31": "1.56860", "2016-09-30": "1.60470", "2016-06-30": "1.65960", "2016-03-31": "1.54140", "2015-12-31": "1.69120", "2015-09-30": "1.69170", "2015-06-30": "1.65430", "2015-03-31": "1.66790", "2014-12-31": "1.67470", "2014-09-30": "1.72290", "2014-06-30": "1.69690", "2014-03-31": "1.66610", "2013-12-31": "1.77210", "2013-09-30": "1.63040", "2013-06-30": "1.67670", "2013-03-31": "1.60670", "2012-12-31": "1.73840", "2012-09-30": "1.64150", "2012-06-30": "", "2012-03-31": "", "2011-12-31": "", "2010-12-31": ""}, "Days Sales In Receivables": {"2020-09-30": "60.52590", "2020-06-30": "61.44230", "2020-03-31": "61.25660", "2019-12-31": "58.27160", "2019-09-30": "59.82590", "2019-06-30": "66.51760", "2019-03-31": "68.30290", "2018-12-31": "67.05600", "2018-09-30": "63.53380", "2018-06-30": "67.48000", "2018-03-31": "57.61070", "2017-12-31": "58.10870", "2017-09-30": "57.63250", "2017-06-30": "55.10320", "2017-03-31": "57.34290", "2016-12-31": "57.37780", "2016-09-30": "56.08550", "2016-06-30": "54.22830", "2016-03-31": "58.38800", "2015-12-31": "53.21680", "2015-09-30": "53.19970", "2015-06-30": "54.40420", "2015-03-31": "53.95920", "2014-12-31": "53.74260", "2014-09-30": "52.23830", "2014-06-30": "53.03820", "2014-03-31": "54.01780", "2013-12-31": "50.78660", "2013-09-30": "55.20200", "2013-06-30": "53.67690", "2013-03-31": "56.01380", "2012-12-31": "51.77220", "2012-09-30": "54.82690", "2012-06-30": "", "2012-03-31": "", "2011-12-31": "", "2010-12-31": ""}, "ROE - Return On Equity": {"2020-09-30": "4.44180", "2020-06-30": "3.12980", "2020-03-31": "3.43310", "2019-12-31": "3.69330", "2019-09-30": "4.14650", "2019-06-30": "5.07470", "2019-03-31": "3.60630", "2018-12-31": "5.32240", "2018-09-30": "2.58640", "2018-06-30": "2.99330", "2018-03-31": "3.90250", "2017-12-31": "13.58650", "2017-09-30": "4.62470", "2017-06-30": "4.57730", "2017-03-31": "4.40270", "2016-12-31": "3.57090", "2016-09-30": "3.10860", "2016-06-30": "1.42690", "2016-03-31": "1.05210", "2015-12-31": "1.54350", "2015-09-30": "-0.07260", "2015-06-30": "-0.02790", "2015-03-31": "-0.61170", "2014-12-31": "-1.43110", "2014-09-30": "-0.01300", "2014-06-30": "2.48970", "2014-03-31": "-1.95030", "2013-12-31": "-2.19730", "2013-09-30": "-0.18950", "2013-06-30": "-0.82110", "2013-03-31": "-0.64890", "2012-12-31": "-0.82900", "2012-09-30": "1.22110", "2012-06-30": "", "2012-03-31": "", "2011-12-31": "", "2010-12-31": ""}, "Return On Tangible Equity": {"2020-09-30": "-3.39060", "2020-06-30": "-2.12680", "2020-03-31": "-2.18500", "2019-12-31": "-2.51870", "2019-09-30": "-2.47750", "2019-06-30": "-2.89710", "2019-03-31": "-1.97630", "2018-12-31": "-2.73350", "2018-09-30": "-1.28770", "2018-06-30": "-1.43390", "2018-03-31": "-3.35810", "2017-12-31": "-10.45990", "2017-09-30": "-3.07240", "2017-06-30": "-2.76030", "2017-03-31": "-2.60520", "2016-12-31": "-2.13540", "2016-09-30": "-1.73960", "2016-06-30": "-0.76930", "2016-03-31": "-0.56930", "2015-12-31": "-0.88410", "2015-09-30": "0.04180", "2015-06-30": "0.01650", "2015-03-31": "0.13830", "2014-12-31": "0.33270", "2014-09-30": "0.00320", "2014-06-30": "-0.62430", "2014-03-31": "0.43150", "2013-12-31": "0.50170", "2013-09-30": "0.04670", "2013-06-30": "0.21040", "2013-03-31": "0.17090", "2012-12-31": "0.22610", "2012-09-30": "-0.52910", "2012-06-30": "", "2012-03-31": "", "2011-12-31": "", "2010-12-31": ""}, "ROA - Return On Assets": {"2020-09-30": "1.48240", "2020-06-30": "0.99640", "2020-03-31": "1.07170", "2019-12-31": "1.21460", "2019-09-30": "1.25750", "2019-06-30": "1.50130", "2019-03-31": "1.04380", "2018-12-31": "1.49860", "2018-09-30": "0.71140", "2018-06-30": "0.80590", "2018-03-31": "1.46020", "2017-12-31": "4.84320", "2017-09-30": "1.47260", "2017-06-30": "1.41490", "2017-03-31": "1.35680", "2016-12-31": "1.10010", "2016-09-30": "0.93180", "2016-06-30": "0.41700", "2016-03-31": "0.30870", "2015-12-31": "0.47490", "2015-09-30": "-0.02230", "2015-06-30": "-0.00760", "2015-03-31": "-0.09540", "2014-12-31": "-0.22930", "2014-09-30": "-0.00220", "2014-06-30": "0.42950", "2014-03-31": "-0.30320", "2013-12-31": "-0.34950", "2013-09-30": "-0.03200", "2013-06-30": "-0.14270", "2013-03-31": "-0.11550", "2012-12-31": "-0.15070", "2012-09-30": "0.31580", "2012-06-30": "", "2012-03-31": "", "2011-12-31": "", "2010-12-31": ""}, "ROI - Return On Investment": {"2020-09-30": "1.78940", "2020-06-30": "1.20480", "2020-03-31": "1.29220", "2019-12-31": "1.45510", "2019-09-30": "1.52890", "2019-06-30": "1.80130", "2019-03-31": "1.24240", "2018-12-31": "1.77060", "2018-09-30": "0.84360", "2018-06-30": "0.95730", "2018-03-31": "1.76710", "2017-12-31": "5.94500", "2017-09-30": "1.84040", "2017-06-30": "1.78630", "2017-03-31": "1.70890", "2016-12-31": "1.38490", "2016-09-30": "1.18050", "2016-06-30": "0.52800", "2016-03-31": "0.39490", "2015-12-31": "0.59810", "2015-09-30": "-0.02820", "2015-06-30": "-0.01220", "2015-03-31": "-0.12280", "2014-12-31": "-0.29610", "2014-09-30": "-0.00270", "2014-06-30": "0.54170", "2014-03-31": "-0.38160", "2013-12-31": "-0.44010", "2013-09-30": "-0.04130", "2013-06-30": "-0.17940", "2013-03-31": "-0.14560", "2012-12-31": "-0.19040", "2012-09-30": "0.39770", "2012-06-30": "", "2012-03-31": "", "2011-12-31": "", "2010-12-31": ""}, "Book Value Per Share": {"2020-09-30": "12.62320", "2020-06-30": "11.76540", "2020-03-31": "11.40250", "2019-12-31": "12.39750", "2019-09-30": "11.30910", "2019-06-30": "11.22740", "2019-03-31": "11.08860", "2018-12-31": "10.67420", "2018-09-30": "10.59960", "2018-06-30": "10.36440", "2018-03-31": "10.50050", "2017-12-31": "9.95960", "2017-09-30": "8.52360", "2017-06-30": "8.08300", "2017-03-31": "8.02300", "2016-12-31": "8.04040", "2016-09-30": "7.82240", "2016-06-30": "7.55670", "2016-03-31": "7.60380", "2015-12-31": "7.49860", "2015-09-30": "7.55710", "2015-06-30": "7.87100", "2015-03-31": "6.48020", "2014-12-31": "5.05540", "2014-09-30": "6.97380", "2014-06-30": "7.24000", "2014-03-31": "6.27560", "2013-12-31": "6.48370", "2013-09-30": "6.72250", "2013-06-30": "6.76590", "2013-03-31": "7.01730", "2012-12-31": "7.23070", "2012-09-30": "10.07840", "2012-06-30": "", "2012-03-31": "", "2011-12-31": "", "2010-12-31": ""}, "Operating Cash Flow Per Share": {"2020-09-30": 0.9268, "2020-06-30": 1.323, "2020-03-31": "0.65300", "2019-12-31": 1.0266, "2019-09-30": 1.4495, "2019-06-30": 0.9252, "2019-03-31": "0.64820", "2018-12-31": 0.7697, "2018-09-30": 0.9331, "2018-06-30": 0.6768, "2018-03-31": "0.53130", "2017-12-31": 0.6204, "2017-09-30": 0.9228, "2017-06-30": 0.5666, "2017-03-31": "0.34310", "2016-12-31": 0.6181, "2016-09-30": 0.6833, "2016-06-30": 0.5841, "2016-03-31": "0.22660", "2015-12-31": 0.7208, "2015-09-30": 0.3478, "2015-06-30": 0.6729, "2015-03-31": "0.11160", "2014-12-31": 0.2995, "2014-09-30": 0.4397, "2014-06-30": 0.3636, "2014-03-31": "-0.05530", "2013-12-31": 0, "2013-09-30": 0, "2013-06-30": 0, "2013-03-31": "", "2012-12-31": 0, "2012-09-30": 0, "2012-06-30": 0, "2012-03-31": "", "2011-12-31": 0, "2010-12-31": 0}, "Free Cash Flow Per Share": {"2020-09-30": 0.6981, "2020-06-30": 1.0854, "2020-03-31": "0.43440", "2019-12-31": 0.6797, "2019-09-30": 1.2215, "2019-06-30": 0.6846, "2019-03-31": "0.42880", "2018-12-31": 0.445, "2018-09-30": 0.6834, "2018-06-30": 0.4493, "2018-03-31": "0.38980", "2017-12-31": 0.3889, "2017-09-30": 0.7482, "2017-06-30": 0.3968, "2017-03-31": "0.20650", "2016-12-31": 0.409, "2016-09-30": 0.5184, "2016-06-30": 0.4543, "2016-03-31": "0.05870", "2015-12-31": 0.4571, "2015-09-30": 0.2789, "2015-06-30": 0.4166, "2015-03-31": "-0.09200", "2014-12-31": 0.0455, "2014-09-30": 0.1425, "2014-06-30": 0.213, "2014-03-31": "-0.40710", "2013-12-31": 0, "2013-09-30": 0, "2013-06-30": 0, "2013-03-31": "", "2012-12-31": 0, "2012-09-30": 0, "2012-06-30": 0, "2012-03-31": "", "2011-12-31": 0, "2010-12-31": 0}}, "revenue": {"TransUnion Annual Revenue (Millions of US $)": {"2019": "$2,656", "2018": "$2,317", "2017": "$1,934", "2016": "$1,705", "2015": "$1,507", "2014": "$1,305", "2013": "$1,183", "2012": "$767", "2011": "$1,024", "2010": "$957"}, "TransUnion Quarterly Revenue (Millions of US $)": {"2020-09-30": "$696", "2020-06-30": "$634", "2020-03-31": "$688", "2019-12-31": "$686", "2019-09-30": "$689", "2019-06-30": "$662", "2019-03-31": "$619", "2018-12-31": "$613", "2018-09-30": "$604", "2018-06-30": "$563", "2018-03-31": "$537", "2017-12-31": "$506", "2017-09-30": "$498", "2017-06-30": "$475", "2017-03-31": "$455", "2016-12-31": "$436", "2016-09-30": "$438", "2016-06-30": "$426", "2016-03-31": "$406", "2015-12-31": "$386", "2015-09-30": "$389", "2015-06-30": "$379", "2015-03-31": "$353", "2014-12-31": "$336", "2014-09-30": "$338", "2014-06-30": "$328", "2014-03-31": "$303", "2013-12-31": "$292", "2013-09-30": "$300", "2013-06-30": "$301", "2013-03-31": "$291", "2012-12-31": "$284", "2012-09-30": "$292", "2012-06-30": "$191", "2012-03-31": "", "2011-12-31": "", "2010-12-31": ""}}, "gross-profit": {"TransUnion Annual Gross Profit (Millions of US $)": {"2019": "$1,782", "2018": "$1,527", "2017": "$1,288", "2016": "$1,126", "2015": "$975", "2014": "$805", "2013": "$709", "2012": "$469", "2011": "$603", "2010": "$561"}, "TransUnion Quarterly Gross Profit (Millions of US $)": {"2020-09-30": "$474", "2020-06-30": "$416", "2020-03-31": "$463", "2019-12-31": "$457", "2019-09-30": "$469", "2019-06-30": "$446", "2019-03-31": "$411", "2018-12-31": "$402", "2018-09-30": "$396", "2018-06-30": "$374", "2018-03-31": "$355", "2017-12-31": "$333", "2017-09-30": "$329", "2017-06-30": "$323", "2017-03-31": "$304", "2016-12-31": "$291", "2016-09-30": "$296", "2016-06-30": "$282", "2016-03-31": "$257", "2015-12-31": "$247", "2015-09-30": "$254", "2015-06-30": "$247", "2015-03-31": "$228", "2014-12-31": "$214", "2014-09-30": "$213", "2014-06-30": "$195", "2014-03-31": "$183", "2013-12-31": "$173", "2013-09-30": "$184", "2013-06-30": "$180", "2013-03-31": "$173", "2012-12-31": "$172", "2012-09-30": "$180", "2012-06-30": "$116", "2012-03-31": "", "2011-12-31": "", "2010-12-31": ""}}, "operating-income": {"TransUnion Annual Operating Income (Millions of US $)": {"2019": "$608", "2018": "$513", "2017": "$465", "2016": "$301", "2015": "$197", "2014": "$128", "2013": "$169", "2012": "$141", "2011": "$253", "2010": "$216"}, "TransUnion Quarterly Operating Income (Millions of US $)": {"2020-09-30": "$162", "2020-06-30": "$124", "2020-03-31": "$137", "2019-12-31": "$155", "2019-09-30": "$171", "2019-06-30": "$160", "2019-03-31": "$122", "2018-12-31": "$131", "2018-09-30": "$122", "2018-06-30": "$134", "2018-03-31": "$125", "2017-12-31": "$122", "2017-09-30": "$127", "2017-06-30": "$116", "2017-03-31": "$101", "2016-12-31": "$89", "2016-09-30": "$96", "2016-06-30": "$64", "2016-03-31": "$52", "2015-12-31": "$49", "2015-09-30": "$60", "2015-06-30": "$51", "2015-03-31": "$37", "2014-12-31": "$20", "2014-09-30": "$41", "2014-06-30": "$32", "2014-03-31": "$35", "2013-12-31": "$36", "2013-09-30": "$49", "2013-06-30": "$40", "2013-03-31": "$44", "2012-12-31": "$43", "2012-09-30": "$61", "2012-06-30": "$37", "2012-03-31": "$0", "2011-12-31": "", "2010-12-31": ""}}, "ebitda": {"TransUnion Annual EBITDA (Millions of US $)": {"2019": "$976", "2018": "$824", "2017": "$705", "2016": "$570", "2015": "$483", "2014": "$372", "2013": "$347", "2012": "$248", "2011": "$253", "2010": "$216"}, "TransUnion Quarterly EBITDA (Millions of US $)": {"2020-09-30": "$256", "2020-06-30": "$216", "2020-03-31": "$228", "2019-12-31": "$247", "2019-09-30": "$262", "2019-06-30": "$251", "2019-03-31": "$217", "2018-12-31": "$221", "2018-09-30": "$208", "2018-06-30": "$203", "2018-03-31": "$192", "2017-12-31": "$184", "2017-09-30": "$187", "2017-06-30": "$175", "2017-03-31": "$160", "2016-12-31": "$145", "2016-09-30": "$160", "2016-06-30": "$139", "2016-03-31": "$126", "2015-12-31": "$119", "2015-09-30": "$133", "2015-06-30": "$122", "2015-03-31": "$109", "2014-12-31": "$91", "2014-09-30": "$109", "2014-06-30": "$88", "2014-03-31": "$84", "2013-12-31": "$82", "2013-09-30": "$95", "2013-06-30": "$82", "2013-03-31": "$89", "2012-12-31": "$83", "2012-09-30": "$101", "2012-06-30": "$63", "2012-03-31": "$0", "2011-12-31": "", "2010-12-31": ""}}, "net-income": {"TransUnion Annual Net Income (Millions of US $)": {"2019": "$347", "2018": "$277", "2017": "$441", "2016": "$121", "2015": "$6", "2014": "$-13", "2013": "$-35", "2012": "$-9", "2011": "$41", "2010": "$37"}, "TransUnion Quarterly Net Income (Millions of US $)": {"2020-09-30": "$103", "2020-06-30": "$69", "2020-03-31": "$70", "2019-12-31": "$83", "2019-09-30": "$92", "2019-06-30": "$102", "2019-03-31": "$71", "2018-12-31": "$102", "2018-09-30": "$46", "2018-06-30": "$55", "2018-03-31": "$73", "2017-12-31": "$245", "2017-09-30": "$69", "2017-06-30": "$65", "2017-03-31": "$62", "2016-12-31": "$50", "2016-09-30": "$41", "2016-06-30": "$17", "2016-03-31": "$13", "2015-12-31": "$19", "2015-09-30": "$-4", "2015-06-30": "$-3", "2015-03-31": "$-7", "2014-12-31": "$-13", "2014-09-30": "$-3", "2014-06-30": "$18", "2014-03-31": "$-15", "2013-12-31": "$-18", "2013-09-30": "$-3", "2013-06-30": "$-8", "2013-03-31": "$-6", "2012-12-31": "$-8", "2012-09-30": "$11", "2012-06-30": "$-4", "2012-03-31": "$-9", "2011-12-31": "", "2010-12-31": ""}}, "eps-earnings-per-share-diluted": {"TransUnion Annual EPS": {"2019": "$1.81", "2018": "$1.45", "2017": "$2.32", "2016": "$0.65", "2015": "$0.04", "2014": "$-0.09", "2013": "$-0.24", "2012": "$-0.08", "2011": "$0.00", "2010": "$0.00"}, "TransUnion Quarterly EPS": {"2020-09-30": "$0.53", "2020-06-30": "$0.36", "2020-03-31": "$0.37", "2019-12-31": "$0.43", "2019-09-30": "$0.48", "2019-06-30": "$0.53", "2019-03-31": "$0.37", "2018-12-31": "$0.54", "2018-09-30": "$0.24", "2018-06-30": "$0.29", "2018-03-31": "$0.38", "2017-12-31": "$1.29", "2017-09-30": "$0.36", "2017-06-30": "$0.34", "2017-03-31": "$0.33", "2016-12-31": "$0.27", "2016-09-30": "$0.22", "2016-06-30": "$0.09", "2016-03-31": "$0.07", "2015-12-31": "$0.12", "2015-09-30": "$-0.02", "2015-06-30": "$-0.02", "2015-03-31": "$-0.04", "2014-12-31": "$-0.06", "2014-09-30": "$-0.02", "2014-06-30": "$0.12", "2014-03-31": "$-0.13", "2013-12-31": "$0.00", "2013-09-30": "$0.00", "2013-06-30": "$0.00", "2013-03-31": "$0.00", "2012-12-31": "$0.00", "2012-09-30": "$0.00", "2012-06-30": "$0.00", "2012-03-31": "$0.00", "2011-12-31": "$0.00", "2010-12-31": "$0.00"}}, "shares-outstanding": {"TransUnion Annual Shares Outstanding (Millions of Shares)": {"2019": "192", "2018": "191", "2017": "190", "2016": "185", "2015": "167", "2014": "147", "2013": "146", "2012": "110", "2011": "", "2010": ""}, "TransUnion Quarterly Shares Outstanding (Millions of Shares)": {"2020-09-30": "192", "2020-06-30": "192", "2020-03-31": "192", "2019-12-31": "192", "2019-09-30": "192", "2019-06-30": "191", "2019-03-31": "191", "2018-12-31": "191", "2018-09-30": "191", "2018-06-30": "191", "2018-03-31": "190", "2017-12-31": "190", "2017-09-30": "189", "2017-06-30": "189", "2017-03-31": "190", "2016-12-31": "185", "2016-09-30": "185", "2016-06-30": "184", "2016-03-31": "184", "2015-12-31": "167", "2015-09-30": "182", "2015-06-30": "149", "2015-03-31": "148", "2014-12-31": "147", "2014-09-30": "147", "2014-06-30": "148", "2014-03-31": "110", "2013-12-31": "", "2013-09-30": "", "2013-06-30": "", "2013-03-31": "", "2012-12-31": "", "2012-09-30": "", "2012-06-30": "", "2012-03-31": "", "2011-12-31": "", "2010-12-31": ""}}, "total-assets": {"TransUnion Annual Total Assets (Millions of US $)": {"2019": "$7,113", "2018": "$7,040", "2017": "$5,119", "2016": "$4,781", "2015": "$4,443", "2014": "$4,666", "2013": "$4,492", "2012": "$4,379", "2011": "$1,006", "2010": "$0"}, "TransUnion Quarterly Total Assets (Millions of US $)": {"2020-09-30": "$7,198", "2020-06-30": "$7,025", "2020-03-31": "$6,933", "2019-12-31": "$7,113", "2019-09-30": "$7,022", "2019-06-30": "$7,127", "2019-03-31": "$7,176", "2018-12-31": "$7,040", "2018-09-30": "$7,141", "2018-06-30": "$7,110", "2018-03-31": "$5,164", "2017-12-31": "$5,119", "2017-09-30": "$4,883", "2017-06-30": "$4,757", "2017-03-31": "$4,754", "2016-12-31": "$4,781", "2016-09-30": "$4,776", "2016-06-30": "$4,724", "2016-03-31": "$4,730", "2015-12-31": "$4,443", "2015-09-30": "$4,489", "2015-06-30": "$5,254", "2015-03-31": "$4,614", "2014-12-31": "$4,666", "2014-09-30": "$4,579", "2014-06-30": "$4,634", "2014-03-31": "$4,453", "2013-12-31": "$4,492", "2013-09-30": "$4,375", "2013-06-30": "$4,275", "2013-03-31": "$4,330", "2012-12-31": "$4,379", "2012-09-30": "$4,275", "2012-06-30": "$0", "2012-03-31": "$0", "2011-12-31": "$1,006", "2010-12-31": "$0"}}, "cash-on-hand": {"TransUnion Annual Cash on Hand (Millions of US $)": {"2019": "$274", "2018": "$187", "2017": "$116", "2016": "$182", "2015": "$133", "2014": "$78", "2013": "$111", "2012": "$154", "2011": "$108", "2010": "$"}, "TransUnion Quarterly Cash on Hand (Millions of US $)": {"2020-09-30": "$554", "2020-06-30": "$432", "2020-03-31": "$306", "2019-12-31": "$274", "2019-09-30": "$236", "2019-06-30": "$195", "2019-03-31": "$201", "2018-12-31": "$187", "2018-09-30": "$227", "2018-06-30": "$192", "2018-03-31": "$154", "2017-12-31": "$116", "2017-09-30": "$253", "2017-06-30": "$142", "2017-03-31": "$131", "2016-12-31": "$182", "2016-09-30": "$138", "2016-06-30": "$141", "2016-03-31": "$150", "2015-12-31": "$133", "2015-09-30": "$129", "2015-06-30": "$758", "2015-03-31": "$87", "2014-12-31": "$78", "2014-09-30": "$103", "2014-06-30": "$93", "2014-03-31": "$59", "2013-12-31": "$111", "2013-09-30": "$118", "2013-06-30": "$130", "2013-03-31": "$117", "2012-12-31": "$154", "2012-09-30": "$127", "2012-06-30": "", "2012-03-31": "", "2011-12-31": "$108", "2010-12-31": ""}}, "long-term-debt": {"TransUnion Annual Long Term Debt (Millions of US $)": {"2019": "$3,598", "2018": "$3,976", "2017": "$2,345", "2016": "$2,325", "2015": "$2,161", "2014": "$2,866", "2013": "$2,853", "2012": "$2,670", "2011": "$1,579", "2010": "$"}, "TransUnion Quarterly Long Term Debt (Millions of US $)": {"2020-09-30": "$3,561", "2020-06-30": "$3,573", "2020-03-31": "$3,586", "2019-12-31": "$3,598", "2019-09-30": "$3,646", "2019-06-30": "$3,832", "2019-03-31": "$3,952", "2018-12-31": "$3,976", "2018-09-30": "$4,058", "2018-06-30": "$4,071", "2018-03-31": "$2,335", "2017-12-31": "$2,345", "2017-09-30": "$2,352", "2017-06-30": "$2,297", "2017-03-31": "$2,309", "2016-12-31": "$2,325", "2016-09-30": "$2,338", "2016-06-30": "$2,350", "2016-03-31": "$2,310", "2015-12-31": "$2,161", "2015-09-30": "$2,175", "2015-06-30": "$1,852", "2015-03-31": "$2,864", "2014-12-31": "$2,866", "2014-09-30": "$2,870", "2014-06-30": "$2,875", "2014-03-31": "$2,846", "2013-12-31": "$2,853", "2013-09-30": "$2,651", "2013-06-30": "$2,657", "2013-03-31": "$2,664", "2012-12-31": "$2,670", "2012-09-30": "$2,289", "2012-06-30": "", "2012-03-31": "", "2011-12-31": "$1,579", "2010-12-31": ""}}, "total-liabilities": {"TransUnion Annual Total Liabilities (Millions of US $)": {"2019": "$4,774", "2018": "$5,058", "2017": "$3,294", "2016": "$3,308", "2015": "$3,076", "2014": "$3,918", "2013": "$3,778", "2012": "$3,583", "2011": "$1,830", "2010": "$0"}, "TransUnion Quarterly Total Liabilities (Millions of US $)": {"2020-09-30": "$4,796", "2020-06-30": "$4,789", "2020-03-31": "$4,769", "2019-12-31": "$4,774", "2019-09-30": "$4,893", "2019-06-30": "$5,019", "2019-03-31": "$5,099", "2018-12-31": "$5,058", "2018-09-30": "$5,177", "2018-06-30": "$5,196", "2018-03-31": "$3,232", "2017-12-31": "$3,294", "2017-09-30": "$3,328", "2017-06-30": "$3,286", "2017-03-31": "$3,289", "2016-12-31": "$3,308", "2016-09-30": "$3,344", "2016-06-30": "$3,343", "2016-03-31": "$3,342", "2015-12-31": "$3,076", "2015-09-30": "$3,112", "2015-06-30": "$3,820", "2015-03-31": "$3,895", "2014-12-31": "$3,918", "2014-09-30": "$3,809", "2014-06-30": "$3,834", "2014-03-31": "$3,761", "2013-12-31": "$3,778", "2013-09-30": "$3,636", "2013-06-30": "$3,532", "2013-03-31": "$3,559", "2012-12-31": "$3,583", "2012-09-30": "$3,169", "2012-06-30": "$0", "2012-03-31": "$0", "2011-12-31": "$1,830", "2010-12-31": "$0"}}, "total-share-holder-equity": {"TransUnion Annual Share Holder Equity (Millions of US $)": {"2019": "$2,339", "2018": "$1,982", "2017": "$1,825", "2016": "$1,473", "2015": "$1,367", "2014": "$748", "2013": "$715", "2012": "$796", "2011": "$-824", "2010": "$0"}, "TransUnion Quarterly Share Holder Equity (Millions of US $)": {"2020-09-30": "$2,402", "2020-06-30": "$2,237", "2020-03-31": "$2,164", "2019-12-31": "$2,339", "2019-09-30": "$2,130", "2019-06-30": "$2,109", "2019-03-31": "$2,077", "2018-12-31": "$1,982", "2018-09-30": "$1,964", "2018-06-30": "$1,914", "2018-03-31": "$1,932", "2017-12-31": "$1,825", "2017-09-30": "$1,555", "2017-06-30": "$1,470", "2017-03-31": "$1,465", "2016-12-31": "$1,473", "2016-09-30": "$1,432", "2016-06-30": "$1,381", "2016-03-31": "$1,388", "2015-12-31": "$1,367", "2015-09-30": "$1,377", "2015-06-30": "$1,434", "2015-03-31": "$719", "2014-12-31": "$748", "2014-09-30": "$771", "2014-06-30": "$799", "2014-03-31": "$692", "2013-12-31": "$715", "2013-09-30": "$739", "2013-06-30": "$743", "2013-03-31": "$771", "2012-12-31": "$796", "2012-09-30": "$1,106", "2012-06-30": "$0", "2012-03-31": "$0", "2011-12-31": "$-824", "2010-12-31": "$0"}}, "profit-margins": {"current": "12%"}, "gross margin": {"2020-09-30": "66.94%", "2020-06-30": "66.93%", "2020-03-31": "67.34%", "2019-12-31": "67.13%", "2019-09-30": "66.90%", "2019-06-30": "66.25%", "2019-03-31": "65.99%", "2018-12-31": "65.90%", "2018-09-30": "65.97%", "2018-06-30": "66.11%", "2018-03-31": "66.47%", "2017-12-31": "66.65%", "2017-09-30": "66.90%", "2017-06-30": "67.29%", "2017-03-31": "66.84%", "2016-12-31": "66.00%", "2016-09-30": "65.34%", "2016-06-30": "64.72%", "2016-03-31": "64.42%", "2015-12-31": "64.76%", "2015-09-30": "64.72%", "2015-06-30": "64.15%", "2015-03-31": "62.73%", "2014-12-31": "61.69%", "2014-09-30": "60.59%", "2014-06-30": "60.10%", "2014-03-31": "60.20%", "2013-12-31": "59.97%", "2013-09-30": "60.29%", "2013-06-30": "60.36%", "2013-03-31": "60.59%"}, "operating margin": {"2020-09-30": "21.38%", "2020-06-30": "21.76%", "2020-03-31": "22.86%", "2019-12-31": "22.89%", "2019-09-30": "22.61%", "2019-06-30": "21.42%", "2019-03-31": "21.22%", "2018-12-31": "22.10%", "2018-09-30": "22.76%", "2018-06-30": "24.14%", "2018-03-31": "24.31%", "2017-12-31": "24.10%", "2017-09-30": "23.23%", "2017-06-30": "22.28%", "2017-03-31": "19.94%", "2016-12-31": "17.64%", "2016-09-30": "15.76%", "2016-06-30": "14.00%", "2016-03-31": "13.59%", "2015-12-31": "13.07%", "2015-09-30": "11.53%", "2015-06-30": "10.60%", "2015-03-31": "9.59%", "2014-12-31": "9.81%", "2014-09-30": "11.42%", "2014-06-30": "12.43%", "2014-03-31": "13.38%", "2013-12-31": "14.27%", "2013-09-30": "14.97%", "2013-06-30": "16.10%", "2013-03-31": "17.49%"}, "ebitda margin": {"2020-09-30": "35.02%", "2020-06-30": "35.34%", "2020-03-31": "36.26%", "2019-12-31": "36.78%", "2019-09-30": "36.82%", "2019-06-30": "35.91%", "2019-03-31": "35.39%", "2018-12-31": "35.56%", "2018-09-30": "35.61%", "2018-06-30": "36.41%", "2018-03-31": "36.61%", "2017-12-31": "36.50%", "2017-09-30": "35.78%", "2017-06-30": "35.48%", "2017-03-31": "34.42%", "2016-12-31": "33.41%", "2016-09-30": "32.85%", "2016-06-30": "32.17%", "2016-03-31": "32.05%", "2015-12-31": "32.05%", "2015-09-30": "31.16%", "2015-06-30": "30.58%", "2015-03-31": "29.23%", "2014-12-31": "28.43%", "2014-09-30": "28.79%", "2014-06-30": "28.54%", "2014-03-31": "28.68%", "2013-12-31": "29.39%", "2013-09-30": "29.68%", "2013-06-30": "30.39%", "2013-03-31": "31.76%"}, "pre tax profit margin": {"2020-09-30": "16.09%", "2020-06-30": "15.16%", "2020-03-31": "16.95%", "2019-12-31": "16.60%", "2019-09-30": "16.38%", "2019-06-30": "15.57%", "2019-03-31": "13.17%", "2018-12-31": "14.80%", "2018-09-30": "16.06%", "2018-06-30": "18.06%", "2018-03-31": "19.79%", "2017-12-31": "19.23%", "2017-09-30": "18.19%", "2017-06-30": "17.24%", "2017-03-31": "14.53%", "2016-12-31": "12.08%", "2016-09-30": "10.08%", "2016-06-30": "5.72%", "2016-03-31": "3.91%", "2015-12-31": "1.79%", "2015-09-30": "-1.65%", "2015-06-30": "-1.78%", "2015-03-31": "0.30%", "2014-12-31": "-0.23%", "2014-09-30": "0.40%", "2014-06-30": "0.65%", "2014-03-31": "-2.84%", "2013-12-31": "-2.20%", "2013-09-30": "-1.19%", "2013-06-30": "0.17%", "2013-03-31": "0.47%"}, "net profit margin": {"2020-09-30": "12.02%", "2020-06-30": "11.64%", "2020-03-31": "12.73%", "2019-12-31": "13.10%", "2019-09-30": "14.21%", "2019-06-30": "12.85%", "2019-03-31": "11.42%", "2018-12-31": "11.91%", "2018-09-30": "18.96%", "2018-06-30": "21.01%", "2018-03-31": "22.42%", "2017-12-31": "22.80%", "2017-09-30": "13.20%", "2017-06-30": "12.08%", "2017-03-31": "9.69%", "2016-12-31": "7.09%", "2016-09-30": "5.43%", "2016-06-30": "2.80%", "2016-03-31": "1.60%", "2015-12-31": "0.33%", "2015-09-30": "-1.85%", "2015-06-30": "-1.85%", "2015-03-31": "-0.37%", "2014-12-31": "-1.00%", "2014-09-30": "-1.43%", "2014-06-30": "-1.47%", "2014-03-31": "-3.68%", "2013-12-31": "-2.96%", "2013-09-30": "-2.13%", "2013-06-30": "-0.94%", "2013-03-31": "-0.66%"}, "pe ratio": {"current": "34.28", "2021-02-05": "55.38", "2020-09-30": "49.74", "2020-06-30": "52.98", "2020-03-31": "36.47", "2019-12-31": "47.13", "2019-09-30": "42.28", "2019-06-30": "43.78", "2019-03-31": "46.44", "2018-12-31": "39.14", "2018-09-30": "33.15", "2018-06-30": "30.57", "2018-03-31": "23.69", "2017-12-31": "23.43", "2017-09-30": "35.95", "2017-06-30": "36.93", "2017-03-31": "41.68", "2016-12-31": "47.06", "2016-09-30": "71.09", "2016-06-30": "137.80", "2016-03-31": "210.05"}, "price sales": {"2021-02-05": "6.65", "2020-09-30": "5.97", "2020-06-30": "6.19", "2020-03-31": "4.65", "2019-12-31": "6.15", "2019-09-30": "5.98", "2019-06-30": "5.59", "2019-03-31": "5.29", "2018-12-31": "4.64", "2018-09-30": "6.29", "2018-06-30": "6.40", "2018-03-31": "5.28", "2017-12-31": "5.33", "2017-09-30": "4.72", "2017-06-30": "4.45", "2017-03-31": "4.02", "2016-12-31": "3.31", "2016-09-30": "3.71", "2016-06-30": "3.69", "2016-03-31": "2.97"}, "price book": {"current": "7.41", "2021-02-05": "7.41", "2020-09-30": "6.66", "2020-06-30": "7.39", "2020-03-31": "5.79", "2019-12-31": "6.88", "2019-09-30": "7.14", "2019-06-30": "6.51", "2019-03-31": "5.99", "2018-12-31": "5.28", "2018-09-30": "6.88", "2018-06-30": "6.84", "2018-03-31": "5.35", "2017-12-31": "5.46", "2017-09-30": "5.48", "2017-06-30": "5.30", "2017-03-31": "4.73", "2016-12-31": "3.80", "2016-09-30": "4.36", "2016-06-30": "4.38", "2016-03-31": "3.59", "2015-12-31": "3.64", "2015-09-30": "3.29", "2015-06-30": "3.15"}, "price fcf": {"2021-02-05": "", "2020-09-30": "$2.90", "2020-06-30": "$3.42", "2020-03-31": "$3.02", "2019-12-31": "$3.01", "2019-09-30": "$2.78", "2019-06-30": "$2.24", "2019-03-31": "$2.01", "2018-12-31": "$1.97", "2018-09-30": "$1.91", "2018-06-30": "$1.98", "2018-03-31": "$1.92", "2017-12-31": "$1.74", "2017-09-30": "$1.76", "2017-06-30": "$1.53", "2017-03-31": "$1.59", "2016-12-31": "$1.44", "2016-09-30": "$1.49", "2016-06-30": "$1.25", "2016-03-31": "$1.12"}, "net worth": {"value": "$17.81B"}, "current ratio": {"current": "1.97", "2020-09-30": "1.97", "2020-06-30": "1.83", "2020-03-31": "1.67", "2019-12-31": "1.55", "2019-09-30": "1.42", "2019-06-30": "1.51", "2019-03-31": "1.64", "2018-12-31": "1.53", "2018-09-30": "1.62", "2018-06-30": "1.59", "2018-03-31": "1.62", "2017-12-31": "1.28", "2017-09-30": "1.84", "2017-06-30": "1.40", "2017-03-31": "1.35", "2016-12-31": "1.47", "2016-09-30": "1.43", "2016-06-30": "1.53", "2016-03-31": "1.76", "2015-12-31": "1.44", "2015-09-30": "1.67", "2015-06-30": "0.86", "2015-03-31": "1.29", "2014-12-31": "1.22", "2014-09-30": "1.47", "2014-06-30": "1.39", "2014-03-31": "1.19", "2013-12-31": "1.41", "2013-09-30": "1.26", "2013-06-30": "1.95", "2013-03-31": "1.86", "2012-12-31": "1.84", "2012-09-30": "2.00", "2012-06-30": "0.00", "2012-03-31": "0.00", "2011-12-31": "1.53", "2010-12-31": "0.00"}, "quick ratio": {"2020-09-30": "0.00", "2020-06-30": "0.00", "2020-03-31": "0.00", "2019-12-31": "0.00", "2019-09-30": "0.00", "2019-06-30": "0.00", "2019-03-31": "0.00", "2018-12-31": "0.00", "2018-09-30": "0.00", "2018-06-30": "0.00", "2018-03-31": "0.00", "2017-12-31": "0.00", "2017-09-30": "0.00", "2017-06-30": "0.00", "2017-03-31": "0.00", "2016-12-31": "0.00", "2016-09-30": "0.00", "2016-06-30": "0.00", "2016-03-31": "0.00", "2015-12-31": "0.00", "2015-09-30": "0.00", "2015-06-30": "0.00", "2015-03-31": "0.00", "2014-12-31": "0.00", "2014-09-30": "0.00", "2014-06-30": "0.00", "2014-03-31": "0.00", "2013-12-31": "0.00", "2013-09-30": "0.00", "2013-06-30": "0.00", "2013-03-31": "0.00", "2012-12-31": "0.00", "2012-09-30": "0.00", "2012-06-30": "0.00", "2012-03-31": "0.00", "2011-12-31": "0.00", "2010-12-31": "0.00"}, "debt equity ratio": {"current": "1.48", "2020-09-30": "2.00", "2020-06-30": "2.14", "2020-03-31": "2.20", "2019-12-31": "2.04", "2019-09-30": "2.30", "2019-06-30": "2.38", "2019-03-31": "2.46", "2018-12-31": "2.55", "2018-09-30": "2.64", "2018-06-30": "2.71", "2018-03-31": "1.67", "2017-12-31": "1.81", "2017-09-30": "2.14", "2017-06-30": "2.24", "2017-03-31": "2.25", "2016-12-31": "2.25", "2016-09-30": "2.34", "2016-06-30": "2.42", "2016-03-31": "2.41", "2015-12-31": "2.25", "2015-09-30": "2.26", "2015-06-30": "2.66", "2015-03-31": "5.42", "2014-12-31": "5.24", "2014-09-30": "4.94", "2014-06-30": "4.80", "2014-03-31": "5.43", "2013-12-31": "5.29", "2013-09-30": "4.92", "2013-06-30": "4.76", "2013-03-31": "4.62", "2012-12-31": "4.50", "2012-09-30": "2.87", "2012-06-30": "0.00", "2012-03-31": "0.00", "2011-12-31": "-2.22", "2010-12-31": "0.00"}, "return on equity": {"2020-09-30": "14.22%", "2020-06-30": "14.16%", "2020-03-31": "15.88%", "2019-12-31": "16.08%", "2019-09-30": "17.69%", "2019-06-30": "15.79%", "2019-03-31": "13.81%", "2018-12-31": "14.17%", "2018-09-30": "21.95%", "2018-06-30": "24.47%", "2018-03-31": "26.66%", "2017-12-31": "27.93%", "2017-09-30": "16.50%", "2017-06-30": "14.93%", "2017-03-31": "11.82%", "2016-12-31": "8.53%", "2016-09-30": "6.47%", "2016-06-30": "3.27%", "2016-03-31": "1.80%", "2015-12-31": "0.41%", "2015-09-30": "-2.52%", "2015-06-30": "-2.83%", "2015-03-31": "-0.66%", "2014-12-31": "-1.73%", "2014-09-30": "-2.42%", "2014-06-30": "-2.44%", "2014-03-31": "-6.09%", "2013-12-31": "-4.72%", "2013-09-30": "-3.28%", "2013-06-30": "-1.29%", "2013-03-31": "-1.05%", "2012-12-31": "-2.10%"}, "return on assets": {"2020-09-30": "4.60%", "2020-06-30": "4.47%", "2020-03-31": "4.92%", "2019-12-31": "4.89%", "2019-09-30": "5.18%", "2019-06-30": "4.51%", "2019-03-31": "3.85%", "2018-12-31": "4.17%", "2018-09-30": "6.83%", "2018-06-30": "7.94%", "2018-03-31": "9.07%", "2017-12-31": "9.04%", "2017-09-30": "5.13%", "2017-06-30": "4.57%", "2017-03-31": "3.57%", "2016-12-31": "2.55%", "2016-09-30": "1.93%", "2016-06-30": "0.98%", "2016-03-31": "0.53%", "2015-12-31": "0.11%", "2015-09-30": "-0.57%", "2015-06-30": "-0.54%", "2015-03-31": "-0.11%", "2014-12-31": "-0.28%", "2014-09-30": "-0.40%", "2014-06-30": "-0.40%", "2014-03-31": "-1.00%", "2013-12-31": "-0.80%", "2013-09-30": "-0.58%", "2013-06-30": "-0.25%", "2013-03-31": "-0.22%", "2012-12-31": "-0.46%"}, "return on investments": {"2020-09-30": "9.85%", "2020-06-30": "10.09%", "2020-03-31": "10.65%", "2019-12-31": "10.27%", "2019-09-30": "9.85%", "2019-06-30": "8.94%", "2019-03-31": "8.48%", "2018-12-31": "9.21%", "2018-09-30": "9.84%", "2018-06-30": "11.09%", "2018-03-31": "12.16%", "2017-12-31": "11.93%", "2017-09-30": "11.36%", "2017-06-30": "10.64%", "2017-03-31": "9.29%", "2016-12-31": "8.03%", "2016-09-30": "7.09%", "2016-06-30": "6.20%", "2016-03-31": "6.03%", "2015-12-31": "5.65%", "2015-09-30": "4.79%", "2015-06-30": "4.22%", "2015-03-31": "3.58%", "2014-12-31": "3.54%", "2014-09-30": "3.99%", "2014-06-30": "4.29%", "2014-03-31": "4.61%", "2013-12-31": "4.90%", "2013-09-30": "5.14%", "2013-06-30": "5.49%", "2013-03-31": "7.19%", "2012-12-31": "8.22%"}, "return on tangible equity": {"2020-09-30": "-9.80%", "2020-06-30": "-9.18%", "2020-03-31": "-9.85%", "2019-12-31": "-9.62%", "2019-09-30": "-9.85%", "2019-06-30": "-8.40%", "2019-03-31": "-7.03%", "2018-12-31": "-7.86%", "2018-09-30": "-13.35%", "2018-06-30": "-16.14%", "2018-03-31": "-19.25%", "2017-12-31": "-18.33%", "2017-09-30": "-10.13%", "2017-06-30": "-8.78%", "2017-03-31": "-6.76%", "2016-12-31": "-4.77%", "2016-09-30": "-3.57%", "2016-06-30": "-1.82%", "2016-03-31": "-1.02%", "2015-12-31": "-0.19%", "2015-09-30": "0.96%", "2015-06-30": "0.87%", "2015-03-31": "0.16%", "2014-12-31": "0.41%", "2014-09-30": "0.57%", "2014-06-30": "0.58%", "2014-03-31": "1.45%", "2013-12-31": "1.17%", "2013-09-30": "0.85%", "2013-06-30": "0.39%", "2013-03-31": "0.33%", "2012-12-31": "0.73%"}, "dividend yield history": {"last payout": "$0.30", "last yield": "0.32%"}}