{"ticker": "RIG", "price": {"title": "Transocean Historical Annual Stock Price Data", "value": 3.51, "historical": {"2021": {"Average Stock Price": "3.0642", "Year Open": "2.3200", "Year High": "3.7300", "Year Low": "2.3200", "Year Close": "3.5100", "Annual % Change": "51.95%"}, "2020": {"Average Stock Price": "2.1284", "Year Open": "6.9300", "Year High": "7.1700", "Year Low": "0.6705", "Year Close": "2.3100", "Annual % Change": "-66.42%"}, "2019": {"Average Stock Price": "6.5865", "Year Open": "7.1400", "Year High": "9.6500", "Year Low": "3.8600", "Year Close": "6.8800", "Annual % Change": "-0.86%"}, "2018": {"Average Stock Price": "11.3151", "Year Open": "10.9400", "Year High": "14.1800", "Year Low": "6.3400", "Year Close": "6.9400", "Annual % Change": "-35.02%"}, "2017": {"Average Stock Price": "10.7229", "Year Open": "15.3300", "Year High": "15.8400", "Year Low": "7.2800", "Year Close": "10.6800", "Annual % Change": "-27.54%"}, "2016": {"Average Stock Price": "10.6527", "Year Open": "12.5500", "Year High": "15.5400", "Year Low": "8.2000", "Year Close": "14.7400", "Annual % Change": "19.06%"}, "2015": {"Average Stock Price": "15.6160", "Year Open": "18.1200", "Year High": "21.3900", "Year Low": "11.6000", "Year Close": "12.3800", "Annual % Change": "-32.46%"}, "2014": {"Average Stock Price": "37.4400", "Year Open": "48.9100", "Year High": "49.1000", "Year Low": "16.2500", "Year Close": "18.3300", "Annual % Change": "-62.91%"}, "2013": {"Average Stock Price": "50.2473", "Year Open": "46.2400", "Year High": "59.3000", "Year Low": "44.3800", "Year Close": "49.4200", "Annual % Change": "10.66%"}, "2012": {"Average Stock Price": "47.1435", "Year Open": "40.1600", "Year High": "58.7000", "Year Low": "38.9700", "Year Close": "44.6600", "Annual % Change": "16.33%"}, "2011": {"Average Stock Price": "63.0608", "Year Open": "69.4400", "Year High": "85.4700", "Year Low": "38.3900", "Year Close": "38.3900", "Annual % Change": "-44.77%"}, "2010": {"Average Stock Price": "68.0299", "Year Open": "86.7800", "Year High": "93.0200", "Year Low": "42.5800", "Year Close": "69.5100", "Annual % Change": "-16.05%"}, "2009": {"Average Stock Price": "73.3008", "Year Open": "52.0100", "Year High": "92.7500", "Year Low": "46.3900", "Year Close": "82.8000", "Annual % Change": "75.24%"}, "2008": {"Average Stock Price": "120.1931", "Year Open": "145.9500", "Year High": "161.4000", "Year Low": "42.2400", "Year Close": "47.2500", "Annual % Change": "-66.99%"}, "2007": {"Average Stock Price": "138.3610", "Year Open": "110.8634", "Year High": "185.3059", "Year Low": "103.9880", "Year Close": "143.1500", "Annual % Change": "23.81%"}, "2006": {"Average Stock Price": "109.1066", "Year Open": "104.5597", "Year High": "127.1727", "Year Low": "92.9817", "Year Close": "115.6232", "Annual % Change": "16.07%"}, "2005": {"Average Stock Price": "77.4230", "Year Open": "57.3471", "Year High": "100.9863", "Year Low": "56.8897", "Year Close": "99.6141", "Annual % Change": "64.40%"}, "2004": {"Average Stock Price": "43.9217", "Year Open": "34.2196", "Year High": "61.4494", "Year Low": "34.2196", "Year Close": "60.5918", "Annual % Change": "76.55%"}, "2003": {"Average Stock Price": "30.1065", "Year Open": "34.4197", "Year High": "36.4494", "Year Low": "26.6581", "Year Close": "34.3196", "Annual % Change": "3.49%"}, "2002": {"Average Stock Price": "40.0154", "Year Open": "46.4408", "Year High": "56.1178", "Year Low": "26.9011", "Year Close": "33.1618", "Annual % Change": "-31.40%"}, "2001": {"Average Stock Price": "56.5864", "Year Open": "67.6244", "Year High": "82.0898", "Year Low": "34.2767", "Year Close": "48.3419", "Annual % Change": "-26.48%"}, "2000": {"Average Stock Price": "68.8146", "Year Open": "46.8982", "Year High": "91.9240", "Year Low": "42.7101", "Year Close": "65.7519", "Annual % Change": "36.54%"}, "1999": {"Average Stock Price": "40.3925", "Year Open": "39.5798", "Year High": "51.1006", "Year Low": "28.5020", "Year Close": "48.1561", "Annual % Change": "25.66%"}, "1998": {"Average Stock Price": "56.6088", "Year Open": "67.9817", "Year High": "84.7770", "Year Low": "34.3053", "Year Close": "38.3219", "Annual % Change": "-44.37%"}, "1997": {"Average Stock Price": "56.2643", "Year Open": "45.1186", "Year High": "85.4917", "Year Low": "38.6864", "Year Close": "68.8822", "Annual % Change": "53.89%"}, "1996": {"Average Stock Price": "38.1411", "Year Open": "32.4328", "Year High": "50.0286", "Year Low": "30.3745", "Year Close": "44.7613", "Annual % Change": "39.96%"}, "1995": {"Average Stock Price": "20.7367", "Year Open": "12.7787", "Year High": "32.6973", "Year Low": "12.7787", "Year Close": "31.9826", "Annual % Change": "152.11%"}, "1994": {"Average Stock Price": "13.1808", "Year Open": "11.4351", "Year High": "15.2802", "Year Low": "11.4351", "Year Close": "12.6858", "Annual % Change": "10.94%"}}}, "market cap": {"value": "$2.16B"}, "income statement": {"Revenue": {"2019-12-31": "3088.00000", "2018-12-31": "3018.00000", "2017-12-31": "2973.00000", "2016-12-31": "4161.00000", "2015-12-31": "7386.00000", "2014-12-31": "9185.00000", "2013-12-31": "9249.00000", "2012-12-31": "8945.00000", "2011-12-31": "8027.00000", "2010-12-31": "7949.00000", "2009-12-31": "11441.00000", "2008-12-31": "12674.00000", "2007-12-31": "6377.00000", "2006-12-31": "3882.00000", "2005-12-31": "2892.00000"}, "Cost Of Goods Sold": {"2019-12-31": "", "2018-12-31": "", "2017-12-31": "", "2016-12-31": "", "2015-12-31": "", "2014-12-31": "", "2013-12-31": "", "2012-12-31": "", "2011-12-31": "", "2010-12-31": "", "2009-12-31": "", "2008-12-31": "", "2007-12-31": "", "2006-12-31": "", "2005-12-31": ""}, "Gross Profit": {"2019-12-31": "3088.00000", "2018-12-31": "3018.00000", "2017-12-31": "2973.00000", "2016-12-31": "4161.00000", "2015-12-31": "7386.00000", "2014-12-31": "9185.00000", "2013-12-31": "9249.00000", "2012-12-31": "8945.00000", "2011-12-31": "8027.00000", "2010-12-31": "7949.00000", "2009-12-31": "11441.00000", "2008-12-31": "12674.00000", "2007-12-31": "6377.00000", "2006-12-31": "3882.00000", "2005-12-31": "2892.00000"}, "Research And Development Expenses": {"2019-12-31": "", "2018-12-31": "", "2017-12-31": "", "2016-12-31": "", "2015-12-31": "", "2014-12-31": "", "2013-12-31": "", "2012-12-31": "", "2011-12-31": "", "2010-12-31": "", "2009-12-31": "", "2008-12-31": "", "2007-12-31": "", "2006-12-31": "", "2005-12-31": ""}, "SG&A Expenses": {"2019-12-31": "193.00000", "2018-12-31": "1987.00000", "2017-12-31": "156.00000", "2016-12-31": "2073.00000", "2015-12-31": "192.00000", "2014-12-31": "5334.00000", "2013-12-31": "286.00000", "2012-12-31": "6141.00000", "2011-12-31": "288.00000", "2010-12-31": "4465.00000", "2009-12-31": "209.00000", "2008-12-31": "5554.00000", "2007-12-31": "142.00000", "2006-12-31": "2245.00000", "2005-12-31": "75.00000"}, "Other Operating Income Or Expenses": {"2019-12-31": "-621.00000", "2018-12-31": "-1464.00000", "2017-12-31": "-3101.00000", "2016-12-31": "-89.00000", "2015-12-31": "-1911.00000", "2014-12-31": "-4069.00000", "2013-12-31": "-74.00000", "2012-12-31": "-82.00000", "2011-12-31": "-5213.00000", "2010-12-31": "255.00000", "2009-12-31": "-343.00000", "2008-12-31": "-327.00000", "2007-12-31": "284.00000", "2006-12-31": "405.00000", "2005-12-31": "29.00000"}, "Operating Expenses": {"2019-12-31": "3809.00000", "2018-12-31": "4269.00000", "2017-12-31": "5478.00000", "2016-12-31": "3055.00000", "2015-12-31": "6021.00000", "2014-12-31": "10532.00000", "2013-12-31": "7032.00000", "2012-12-31": "7345.00000", "2011-12-31": "12789.00000", "2010-12-31": "5219.00000", "2009-12-31": "7051.00000", "2008-12-31": "7317.00000", "2007-12-31": "3138.00000", "2006-12-31": "2241.00000", "2005-12-31": "2172.00000"}, "Operating Income": {"2019-12-31": "-721.00000", "2018-12-31": "-1251.00000", "2017-12-31": "-2505.00000", "2016-12-31": "1106.00000", "2015-12-31": "1365.00000", "2014-12-31": "-1347.00000", "2013-12-31": "2217.00000", "2012-12-31": "1600.00000", "2011-12-31": "-4762.00000", "2010-12-31": "2730.00000", "2009-12-31": "4390.00000", "2008-12-31": "5357.00000", "2007-12-31": "3239.00000", "2006-12-31": "1641.00000", "2005-12-31": "720.00000"}, "Total Non-Operating Income/Expense": {"2019-12-31": "-477.00000", "2018-12-31": "-524.00000", "2017-12-31": "-498.00000", "2016-12-31": "-172.00000", "2015-12-31": "-350.00000", "2014-12-31": "-441.00000", "2013-12-31": "-561.00000", "2012-12-31": "-716.00000", "2011-12-31": "-676.00000", "2010-12-31": "-575.00000", "2009-12-31": "-471.00000", "2008-12-31": "-585.00000", "2007-12-31": "135.00000", "2006-12-31": "-34.00000", "2005-12-31": "83.00000"}, "Pre-Tax Income": {"2019-12-31": "-1198.00000", "2018-12-31": "-1775.00000", "2017-12-31": "-3003.00000", "2016-12-31": "934.00000", "2015-12-31": "1015.00000", "2014-12-31": "-1788.00000", "2013-12-31": "1656.00000", "2012-12-31": "884.00000", "2011-12-31": "-5438.00000", "2010-12-31": "2155.00000", "2009-12-31": "3919.00000", "2008-12-31": "4772.00000", "2007-12-31": "3374.00000", "2006-12-31": "1607.00000", "2005-12-31": "803.00000"}, "Income Taxes": {"2019-12-31": "59.00000", "2018-12-31": "228.00000", "2017-12-31": "94.00000", "2016-12-31": "107.00000", "2015-12-31": "120.00000", "2014-12-31": "92.00000", "2013-12-31": "258.00000", "2012-12-31": "52.00000", "2011-12-31": "324.00000", "2010-12-31": "292.00000", "2009-12-31": "723.00000", "2008-12-31": "743.00000", "2007-12-31": "253.00000", "2006-12-31": "222.00000", "2005-12-31": "87.00000"}, "Income After Taxes": {"2019-12-31": "-1257.00000", "2018-12-31": "-2003.00000", "2017-12-31": "-3097.00000", "2016-12-31": "827.00000", "2015-12-31": "895.00000", "2014-12-31": "-1880.00000", "2013-12-31": "1398.00000", "2012-12-31": "832.00000", "2011-12-31": "-5762.00000", "2010-12-31": "1863.00000", "2009-12-31": "3196.00000", "2008-12-31": "4029.00000", "2007-12-31": "3121.00000", "2006-12-31": "1385.00000", "2005-12-31": "716.00000"}, "Other Income": {"2019-12-31": "", "2018-12-31": "", "2017-12-31": "", "2016-12-31": "", "2015-12-31": "", "2014-12-31": "", "2013-12-31": "", "2012-12-31": "", "2011-12-31": "", "2010-12-31": "", "2009-12-31": "", "2008-12-31": "", "2007-12-31": "", "2006-12-31": "", "2005-12-31": ""}, "Income From Continuous Operations": {"2019-12-31": "-1257.00000", "2018-12-31": "-2003.00000", "2017-12-31": "-3097.00000", "2016-12-31": "827.00000", "2015-12-31": "895.00000", "2014-12-31": "-1880.00000", "2013-12-31": "1398.00000", "2012-12-31": "832.00000", "2011-12-31": "-5762.00000", "2010-12-31": "1863.00000", "2009-12-31": "3196.00000", "2008-12-31": "4029.00000", "2007-12-31": "3121.00000", "2006-12-31": "1385.00000", "2005-12-31": "716.00000"}, "Income From Discontinued Operations": {"2019-12-31": "", "2018-12-31": "", "2017-12-31": "", "2016-12-31": "", "2015-12-31": "2.00000", "2014-12-31": "-20.00000", "2013-12-31": "9.00000", "2012-12-31": "-1043.00000", "2011-12-31": "85.00000", "2010-12-31": "-894.00000", "2009-12-31": "-26.00000", "2008-12-31": "", "2007-12-31": "", "2006-12-31": "", "2005-12-31": ""}, "Net Income": {"2019-12-31": "-1255.00000", "2018-12-31": "-1996.00000", "2017-12-31": "-3127.00000", "2016-12-31": "764.00000", "2015-12-31": "865.00000", "2014-12-31": "-1839.00000", "2013-12-31": "1407.00000", "2012-12-31": "-219.00000", "2011-12-31": "-5754.00000", "2010-12-31": "926.00000", "2009-12-31": "3181.00000", "2008-12-31": "4031.00000", "2007-12-31": "3121.00000", "2006-12-31": "1385.00000", "2005-12-31": "716.00000"}, "EBITDA": {"2019-12-31": "321.00000", "2018-12-31": "-321.00000", "2017-12-31": "-1673.00000", "2016-12-31": "1999.00000", "2015-12-31": "2328.00000", "2014-12-31": "-218.00000", "2013-12-31": "3311.00000", "2012-12-31": "2932.00000", "2011-12-31": "-3231.00000", "2010-12-31": "4410.00000", "2009-12-31": "6085.00000", "2008-12-31": "6599.00000", "2007-12-31": "3668.00000", "2006-12-31": "2042.00000", "2005-12-31": "1126.00000"}, "EBIT": {"2019-12-31": "-721.00000", "2018-12-31": "-1251.00000", "2017-12-31": "-2505.00000", "2016-12-31": "1106.00000", "2015-12-31": "1365.00000", "2014-12-31": "-1347.00000", "2013-12-31": "2217.00000", "2012-12-31": "1600.00000", "2011-12-31": "-4762.00000", "2010-12-31": "2730.00000", "2009-12-31": "4390.00000", "2008-12-31": "5357.00000", "2007-12-31": "3239.00000", "2006-12-31": "1641.00000", "2005-12-31": "720.00000"}, "Basic Shares Outstanding": {"2019-12-31": "612.00000", "2018-12-31": "468.00000", "2017-12-31": "391.00000", "2016-12-31": "367.00000", "2015-12-31": "363.00000", "2014-12-31": "362.00000", "2013-12-31": "360.00000", "2012-12-31": "356.00000", "2011-12-31": "322.00000", "2010-12-31": "320.00000", "2009-12-31": "320.00000", "2008-12-31": "318.00000", "2007-12-31": "214.00000", "2006-12-31": "219.00000", "2005-12-31": "229.00000"}, "Shares Outstanding": {"2019-12-31": "612.00000", "2018-12-31": "468.00000", "2017-12-31": "391.00000", "2016-12-31": "367.00000", "2015-12-31": "363.00000", "2014-12-31": "362.00000", "2013-12-31": "360.00000", "2012-12-31": "356.00000", "2011-12-31": "322.00000", "2010-12-31": "320.00000", "2009-12-31": "321.00000", "2008-12-31": "321.00000", "2007-12-31": "222.00000", "2006-12-31": "228.00000", "2005-12-31": "238.00000"}, "Basic EPS": {"2019-12-31": "-2.05000", "2018-12-31": "-4.27000", "2017-12-31": "-8.00000", "2016-12-31": "2.08000", "2015-12-31": "2.36000", "2014-12-31": "-5.08000", "2013-12-31": "3.87000", "2012-12-31": "-0.62000", "2011-12-31": "-17.88000", "2010-12-31": "2.88000", "2009-12-31": "9.87000", "2008-12-31": "12.63000", "2007-12-31": "14.58000", "2006-12-31": "6.32000", "2005-12-31": "3.13000"}, "EPS - Earnings Per Share": {"2019-12-31": "-2.05000", "2018-12-31": "-4.27000", "2017-12-31": "-8.00000", "2016-12-31": "2.08000", "2015-12-31": "2.36000", "2014-12-31": "-5.08000", "2013-12-31": "3.87000", "2012-12-31": "-0.62000", "2011-12-31": "-17.88000", "2010-12-31": "2.88000", "2009-12-31": "9.84000", "2008-12-31": "12.53000", "2007-12-31": "14.08000", "2006-12-31": "6.10000", "2005-12-31": "3.03000"}}, "income statement, quarterly": {"Revenue": {"2020-09-30": "773.00000", "2020-06-30": "930.00000", "2020-03-31": "759.00000", "2019-12-31": "792.00000", "2019-09-30": "784.00000", "2019-06-30": "758.00000", "2019-03-31": "754.00000", "2018-12-31": "748.00000", "2018-09-30": "816.00000", "2018-06-30": "790.00000", "2018-03-31": "664.00000", "2017-12-31": "629.00000", "2017-09-30": "808.00000", "2017-06-30": "751.00000", "2017-03-31": "785.00000", "2016-12-31": "974.00000", "2016-09-30": "906.00000", "2016-06-30": "940.00000", "2016-03-31": "1341.00000", "2015-12-31": "1851.00000", "2015-09-30": "1608.00000", "2015-06-30": "1884.00000", "2015-03-31": "2043.00000", "2014-12-31": "2248.00000", "2014-09-30": "2270.00000", "2014-06-30": "2328.00000", "2014-03-31": "2339.00000", "2013-12-31": "2252.00000", "2013-09-30": "2449.00000", "2013-06-30": "2364.00000", "2013-03-31": "2184.00000", "2012-12-31": "2075.00000", "2012-09-30": "2431.00000", "2012-06-30": "2329.00000", "2012-03-31": "2110.00000", "2011-12-31": "1558.00000", "2011-09-30": "1991.00000", "2011-06-30": "2334.00000", "2011-03-31": "2144.00000", "2010-12-31": "610.00000", "2010-09-30": "2281.00000", "2010-06-30": "2479.00000", "2010-03-31": "2579.00000", "2009-12-31": "2618.00000", "2009-09-30": "2823.00000", "2009-06-30": "2882.00000", "2009-03-31": "3118.00000", "2008-12-31": "3270.00000", "2008-09-30": "3192.00000", "2008-06-30": "3102.00000", "2008-03-31": "3110.00000", "2007-12-31": "2077.00000", "2007-09-30": "1538.00000", "2007-06-30": "1434.00000", "2007-03-31": "1328.00000", "2006-12-31": "1186.00000", "2006-09-30": "1025.00000", "2006-06-30": "854.00000", "2006-03-31": "817.00000", "2005-12-31": "771.49990", "2005-09-30": "762.60000", "2005-06-30": "727.40000", "2005-03-31": "630.50000"}, "Cost Of Goods Sold": {"2020-09-30": "", "2020-06-30": "", "2020-03-31": "", "2019-12-31": "", "2019-09-30": "", "2019-06-30": "", "2019-03-31": "", "2018-12-31": "", "2018-09-30": "", "2018-06-30": "", "2018-03-31": "", "2017-12-31": "", "2017-09-30": "", "2017-06-30": "", "2017-03-31": "", "2016-12-31": "", "2016-09-30": "", "2016-06-30": "", "2016-03-31": "", "2015-12-31": "", "2015-09-30": "", "2015-06-30": "", "2015-03-31": "", "2014-12-31": "", "2014-09-30": "", "2014-06-30": "", "2014-03-31": "", "2013-12-31": "", "2013-09-30": "", "2013-06-30": "", "2013-03-31": "", "2012-12-31": "", "2012-09-30": "", "2012-06-30": "", "2012-03-31": "", "2011-12-31": "", "2011-09-30": "", "2011-06-30": "", "2011-03-31": "", "2010-12-31": "", "2010-09-30": "", "2010-06-30": "", "2010-03-31": "", "2009-12-31": "", "2009-09-30": "", "2009-06-30": "", "2009-03-31": "", "2008-12-31": "", "2008-09-30": "", "2008-06-30": "", "2008-03-31": "", "2007-12-31": "", "2007-09-30": "", "2007-06-30": "", "2007-03-31": "", "2006-12-31": "", "2006-09-30": "", "2006-06-30": "", "2006-03-31": "", "2005-12-31": "", "2005-09-30": "", "2005-06-30": "", "2005-03-31": ""}, "Gross Profit": {"2020-09-30": "773.00000", "2020-06-30": "930.00000", "2020-03-31": "759.00000", "2019-12-31": "792.00000", "2019-09-30": "784.00000", "2019-06-30": "758.00000", "2019-03-31": "754.00000", "2018-12-31": "748.00000", "2018-09-30": "816.00000", "2018-06-30": "790.00000", "2018-03-31": "664.00000", "2017-12-31": "629.00000", "2017-09-30": "808.00000", "2017-06-30": "751.00000", "2017-03-31": "785.00000", "2016-12-31": "974.00000", "2016-09-30": "906.00000", "2016-06-30": "940.00000", "2016-03-31": "1341.00000", "2015-12-31": "1851.00000", "2015-09-30": "1608.00000", "2015-06-30": "1884.00000", "2015-03-31": "2043.00000", "2014-12-31": "2248.00000", "2014-09-30": "2270.00000", "2014-06-30": "2328.00000", "2014-03-31": "2339.00000", "2013-12-31": "2252.00000", "2013-09-30": "2449.00000", "2013-06-30": "2364.00000", "2013-03-31": "2184.00000", "2012-12-31": "2075.00000", "2012-09-30": "2431.00000", "2012-06-30": "2329.00000", "2012-03-31": "2110.00000", "2011-12-31": "1558.00000", "2011-09-30": "1991.00000", "2011-06-30": "2334.00000", "2011-03-31": "2144.00000", "2010-12-31": "610.00000", "2010-09-30": "2281.00000", "2010-06-30": "2479.00000", "2010-03-31": "2579.00000", "2009-12-31": "2618.00000", "2009-09-30": "2823.00000", "2009-06-30": "2882.00000", "2009-03-31": "3118.00000", "2008-12-31": "3270.00000", "2008-09-30": "3192.00000", "2008-06-30": "3102.00000", "2008-03-31": "3110.00000", "2007-12-31": "2077.00000", "2007-09-30": "1538.00000", "2007-06-30": "1434.00000", "2007-03-31": "1328.00000", "2006-12-31": "1186.00000", "2006-09-30": "1025.00000", "2006-06-30": "854.00000", "2006-03-31": "817.00000", "2005-12-31": "771.49990", "2005-09-30": "762.60000", "2005-06-30": "727.40000", "2005-03-31": "630.50000"}, "Research And Development Expenses": {"2020-09-30": "", "2020-06-30": "", "2020-03-31": "", "2019-12-31": "", "2019-09-30": "", "2019-06-30": "", "2019-03-31": "", "2018-12-31": "", "2018-09-30": "", "2018-06-30": "", "2018-03-31": "", "2017-12-31": "", "2017-09-30": "", "2017-06-30": "", "2017-03-31": "", "2016-12-31": "", "2016-09-30": "", "2016-06-30": "", "2016-03-31": "", "2015-12-31": "", "2015-09-30": "", "2015-06-30": "", "2015-03-31": "", "2014-12-31": "", "2014-09-30": "", "2014-06-30": "", "2014-03-31": "", "2013-12-31": "", "2013-09-30": "", "2013-06-30": "", "2013-03-31": "", "2012-12-31": "", "2012-09-30": "", "2012-06-30": "", "2012-03-31": "", "2011-12-31": "", "2011-09-30": "", "2011-06-30": "", "2011-03-31": "", "2010-12-31": "", "2010-09-30": "", "2010-06-30": "", "2010-03-31": "", "2009-12-31": "", "2009-09-30": "", "2009-06-30": "", "2009-03-31": "", "2008-12-31": "", "2008-09-30": "", "2008-06-30": "", "2008-03-31": "", "2007-12-31": "", "2007-09-30": "", "2007-06-30": "", "2007-03-31": "", "2006-12-31": "", "2006-09-30": "", "2006-06-30": "", "2006-03-31": "", "2005-12-31": "", "2005-09-30": "", "2005-06-30": "", "2005-03-31": ""}, "SG&A Expenses": {"2020-09-30": "515.00000", "2020-06-30": "45.00000", "2020-03-31": "583.00000", "2019-12-31": "54.00000", "2019-09-30": "45.00000", "2019-06-30": "555.00000", "2019-03-31": "49.00000", "2018-12-31": "551.00000", "2018-09-30": "482.00000", "2018-06-30": "52.00000", "2018-03-31": "471.00000", "2017-12-31": "43.00000", "2017-09-30": "39.00000", "2017-06-30": "366.00000", "2017-03-31": "39.00000", "2016-12-31": "387.00000", "2016-09-30": "450.00000", "2016-06-30": "41.00000", "2016-03-31": "698.00000", "2015-12-31": "57.00000", "2015-09-30": "45.00000", "2015-06-30": "241.00000", "2015-03-31": "46.00000", "2014-12-31": "1362.00000", "2014-09-30": "1370.00000", "2014-06-30": "63.00000", "2014-03-31": "1326.00000", "2013-12-31": "75.00000", "2013-09-30": "67.00000", "2013-06-30": "1434.00000", "2013-03-31": "67.00000", "2012-12-31": "1256.00000", "2012-09-30": "1390.00000", "2012-06-30": "79.00000", "2012-03-31": "1311.00000", "2011-12-31": "88.00000", "2011-09-30": "67.00000", "2011-06-30": "1594.00000", "2011-03-31": "67.00000", "2010-12-31": "550.00000", "2010-09-30": "1261.00000", "2010-06-30": "58.00000", "2010-03-31": "1249.00000", "2009-12-31": "46.00000", "2009-09-30": "1450.00000", "2009-06-30": "1330.00000", "2009-03-31": "1227.00000", "2008-12-31": "1467.00000", "2008-09-30": "1472.00000", "2008-06-30": "1409.00000", "2008-03-31": "1206.00000", "2007-12-31": "60.00000", "2007-09-30": "690.00000", "2007-06-30": "656.00000", "2007-03-31": "594.00000", "2006-12-31": "593.00000", "2006-09-30": "583.00000", "2006-06-30": "25.00000", "2006-03-31": "495.00000", "2005-12-31": "19.50000", "2005-09-30": "457.70000", "2005-06-30": "455.00000", "2005-03-31": "406.40000"}, "Other Operating Income Or Expenses": {"2020-09-30": "-64.00000", "2020-06-30": "-428.00000", "2020-03-31": "-169.00000", "2019-12-31": "-30.00000", "2019-09-30": "-587.00000", "2019-06-30": "-11.00000", "2019-03-31": "7.00000", "2018-12-31": "-18.00000", "2018-09-30": "-438.00000", "2018-06-30": "-1013.00000", "2018-03-31": "5.00000", "2017-12-31": "-1.00000", "2017-09-30": "-1394.00000", "2017-06-30": "-1708.00000", "2017-03-31": "2.00000", "2016-12-31": "-71.00000", "2016-09-30": "-2.00000", "2016-06-30": "-14.00000", "2016-03-31": "-2.00000", "2015-12-31": "-52.00000", "2015-09-30": "-28.00000", "2015-06-30": "-888.00000", "2015-03-31": "-943.00000", "2014-12-31": "-1222.00000", "2014-09-30": "-2780.00000", "2014-06-30": "1.00000", "2014-03-31": "-68.00000", "2013-12-31": "-43.00000", "2013-09-30": "15.00000", "2013-06-30": "-39.00000", "2013-03-31": "-7.00000", "2012-12-31": "18.00000", "2012-09-30": "50.00000", "2012-06-30": "-7.00000", "2012-03-31": "-143.00000", "2011-12-31": "-5194.00000", "2011-09-30": "-1.00000", "2011-06-30": "-26.00000", "2011-03-31": "8.00000", "2010-12-31": "-1.00000", "2010-09-30": "2.00000", "2010-06-30": "268.00000", "2010-03-31": "-14.00000", "2009-12-31": "-6.00000", "2009-09-30": "-49.00000", "2009-06-30": "-71.00000", "2009-03-31": "-217.00000", "2008-12-31": "-323.00000", "2008-09-30": "-1.00000", "2008-06-30": "-6.00000", "2008-03-31": "3.00000", "2007-12-31": "254.00000", "2007-09-30": "8.00000", "2007-06-30": "-1.00000", "2007-03-31": "23.00000", "2006-12-31": "183.00000", "2006-09-30": "47.00000", "2006-06-30": "111.00000", "2006-03-31": "64.00000", "2005-12-31": "-5.20000", "2005-09-30": "0.70000", "2005-06-30": "13.60000", "2005-03-31": "19.90000"}, "Operating Expenses": {"2020-09-30": "769.00000", "2020-06-30": "1194.00000", "2020-03-31": "958.00000", "2019-12-31": "866.00000", "2019-09-30": "1391.00000", "2019-06-30": "785.00000", "2019-03-31": "767.00000", "2018-12-31": "773.00000", "2018-09-30": "1121.00000", "2018-06-30": "1707.00000", "2018-03-31": "668.00000", "2017-12-31": "614.00000", "2017-09-30": "1955.00000", "2017-06-30": "2293.00000", "2017-03-31": "616.00000", "2016-12-31": "684.00000", "2016-09-30": "677.00000", "2016-06-30": "777.00000", "2016-03-31": "917.00000", "2015-12-31": "1116.00000", "2015-09-30": "1163.00000", "2015-06-30": "1378.00000", "2015-03-31": "2364.00000", "2014-12-31": "2864.00000", "2014-09-30": "4438.00000", "2014-06-30": "1563.00000", "2014-03-31": "1667.00000", "2013-12-31": "1857.00000", "2013-09-30": "1711.00000", "2013-06-30": "1759.00000", "2013-03-31": "1705.00000", "2012-12-31": "1515.00000", "2012-09-30": "1620.00000", "2012-06-30": "2471.00000", "2012-03-31": "1739.00000", "2011-12-31": "7345.00000", "2011-09-30": "1693.00000", "2011-06-30": "1979.00000", "2011-03-31": "1772.00000", "2010-12-31": "405.00000", "2010-09-30": "1647.00000", "2010-06-30": "1530.00000", "2010-03-31": "1637.00000", "2009-12-31": "1625.00000", "2009-09-30": "1866.00000", "2009-06-30": "1761.00000", "2009-03-31": "1799.00000", "2008-12-31": "2186.00000", "2008-09-30": "1809.00000", "2008-06-30": "1752.00000", "2008-03-31": "1570.00000", "2007-12-31": "924.00000", "2007-09-30": "785.00000", "2007-06-30": "758.00000", "2007-03-31": "671.00000", "2006-12-31": "508.00000", "2006-09-30": "635.00000", "2006-06-30": "565.00000", "2006-03-31": "533.00000", "2005-12-31": "583.10000", "2005-09-30": "559.10000", "2005-06-30": "542.60000", "2005-03-31": "487.20000"}, "Operating Income": {"2020-09-30": "4.00000", "2020-06-30": "-264.00000", "2020-03-31": "-199.00000", "2019-12-31": "-74.00000", "2019-09-30": "-607.00000", "2019-06-30": "-27.00000", "2019-03-31": "-13.00000", "2018-12-31": "-25.00000", "2018-09-30": "-305.00000", "2018-06-30": "-917.00000", "2018-03-31": "-4.00000", "2017-12-31": "15.00000", "2017-09-30": "-1147.00000", "2017-06-30": "-1542.00000", "2017-03-31": "169.00000", "2016-12-31": "290.00000", "2016-09-30": "229.00000", "2016-06-30": "163.00000", "2016-03-31": "424.00000", "2015-12-31": "735.00000", "2015-09-30": "445.00000", "2015-06-30": "506.00000", "2015-03-31": "-321.00000", "2014-12-31": "-616.00000", "2014-09-30": "-2168.00000", "2014-06-30": "765.00000", "2014-03-31": "672.00000", "2013-12-31": "395.00000", "2013-09-30": "738.00000", "2013-06-30": "605.00000", "2013-03-31": "479.00000", "2012-12-31": "560.00000", "2012-09-30": "811.00000", "2012-06-30": "-142.00000", "2012-03-31": "371.00000", "2011-12-31": "-5787.00000", "2011-09-30": "298.00000", "2011-06-30": "355.00000", "2011-03-31": "372.00000", "2010-12-31": "205.00000", "2010-09-30": "634.00000", "2010-06-30": "949.00000", "2010-03-31": "942.00000", "2009-12-31": "993.00000", "2009-09-30": "957.00000", "2009-06-30": "1121.00000", "2009-03-31": "1319.00000", "2008-12-31": "1084.00000", "2008-09-30": "1383.00000", "2008-06-30": "1350.00000", "2008-03-31": "1540.00000", "2007-12-31": "1153.00000", "2007-09-30": "753.00000", "2007-06-30": "676.00000", "2007-03-31": "657.00000", "2006-12-31": "678.00000", "2006-09-30": "390.00000", "2006-06-30": "289.00000", "2006-03-31": "284.00000", "2005-12-31": "188.39980", "2005-09-30": "203.50000", "2005-06-30": "184.80000", "2005-03-31": "143.30000"}, "Total Non-Operating Income/Expense": {"2020-09-30": "331.00000", "2020-06-30": "-201.00000", "2020-03-31": "-196.00000", "2019-12-31": "-5.00000", "2019-09-30": "-164.00000", "2019-06-30": "-142.00000", "2019-03-31": "-166.00000", "2018-12-31": "-108.00000", "2018-09-30": "-134.00000", "2018-06-30": "-137.00000", "2018-03-31": "-145.00000", "2017-12-31": "-126.00000", "2017-09-30": "-84.00000", "2017-06-30": "-174.00000", "2017-03-31": "-114.00000", "2016-12-31": "-48.00000", "2016-09-30": "13.00000", "2016-06-30": "-53.00000", "2016-03-31": "-84.00000", "2015-12-31": "-67.00000", "2015-09-30": "-101.00000", "2015-06-30": "-119.00000", "2015-03-31": "-63.00000", "2014-12-31": "-124.00000", "2014-09-30": "-110.00000", "2014-06-30": "-89.00000", "2014-03-31": "-118.00000", "2013-12-31": "-134.00000", "2013-09-30": "-135.00000", "2013-06-30": "-151.00000", "2013-03-31": "-141.00000", "2012-12-31": "-184.00000", "2012-09-30": "-173.00000", "2012-06-30": "-176.00000", "2012-03-31": "-183.00000", "2011-12-31": "-181.00000", "2011-09-30": "-221.00000", "2011-06-30": "-147.00000", "2011-03-31": "-127.00000", "2010-12-31": "-176.00000", "2010-09-30": "-148.00000", "2010-06-30": "-139.00000", "2010-03-31": "-112.00000", "2009-12-31": "-100.00000", "2009-09-30": "-113.00000", "2009-06-30": "-129.00000", "2009-03-31": "-129.00000", "2008-12-31": "-119.00000", "2008-09-30": "-148.00000", "2008-06-30": "-146.00000", "2008-03-31": "-172.00000", "2007-12-31": "-84.00000", "2007-09-30": "271.00000", "2007-06-30": "-33.00000", "2007-03-31": "-19.00000", "2006-12-31": "15.00000", "2006-09-30": "-17.00000", "2006-06-30": "-14.00000", "2006-03-31": "-18.00000", "2005-12-31": "-15.20000", "2005-09-30": "-8.40000", "2005-06-30": "140.40000", "2005-03-31": "-33.80000"}, "Pre-Tax Income": {"2020-09-30": "335.00000", "2020-06-30": "-465.00000", "2020-03-31": "-395.00000", "2019-12-31": "-79.00000", "2019-09-30": "-771.00000", "2019-06-30": "-169.00000", "2019-03-31": "-179.00000", "2018-12-31": "-133.00000", "2018-09-30": "-439.00000", "2018-06-30": "-1054.00000", "2018-03-31": "-149.00000", "2017-12-31": "-111.00000", "2017-09-30": "-1231.00000", "2017-06-30": "-1716.00000", "2017-03-31": "55.00000", "2016-12-31": "242.00000", "2016-09-30": "242.00000", "2016-06-30": "110.00000", "2016-03-31": "340.00000", "2015-12-31": "668.00000", "2015-09-30": "344.00000", "2015-06-30": "387.00000", "2015-03-31": "-384.00000", "2014-12-31": "-740.00000", "2014-09-30": "-2278.00000", "2014-06-30": "676.00000", "2014-03-31": "554.00000", "2013-12-31": "261.00000", "2013-09-30": "603.00000", "2013-06-30": "454.00000", "2013-03-31": "338.00000", "2012-12-31": "376.00000", "2012-09-30": "638.00000", "2012-06-30": "-318.00000", "2012-03-31": "188.00000", "2011-12-31": "-5968.00000", "2011-09-30": "77.00000", "2011-06-30": "208.00000", "2011-03-31": "245.00000", "2010-12-31": "29.00000", "2010-09-30": "486.00000", "2010-06-30": "810.00000", "2010-03-31": "830.00000", "2009-12-31": "893.00000", "2009-09-30": "844.00000", "2009-06-30": "992.00000", "2009-03-31": "1190.00000", "2008-12-31": "965.00000", "2008-09-30": "1235.00000", "2008-06-30": "1204.00000", "2008-03-31": "1368.00000", "2007-12-31": "1069.00000", "2007-09-30": "1024.00000", "2007-06-30": "643.00000", "2007-03-31": "638.00000", "2006-12-31": "693.00000", "2006-09-30": "373.00000", "2006-06-30": "275.00000", "2006-03-31": "266.00000", "2005-12-31": "173.20000", "2005-09-30": "195.10000", "2005-06-30": "325.20000", "2005-03-31": "109.50000"}, "Income Taxes": {"2020-09-30": "-24.00000", "2020-06-30": "32.00000", "2020-03-31": "-4.00000", "2019-12-31": "-24.00000", "2019-09-30": "54.00000", "2019-06-30": "37.00000", "2019-03-31": "-8.00000", "2018-12-31": "110.00000", "2018-09-30": "-30.00000", "2018-06-30": "85.00000", "2018-03-31": "63.00000", "2017-12-31": "-9.00000", "2017-09-30": "180.00000", "2017-06-30": "-37.00000", "2017-03-31": "-40.00000", "2016-12-31": "-15.00000", "2016-09-30": "6.00000", "2016-06-30": "18.00000", "2016-03-31": "98.00000", "2015-12-31": "-20.00000", "2015-09-30": "17.00000", "2015-06-30": "40.00000", "2015-03-31": "83.00000", "2014-12-31": "-44.00000", "2014-09-30": "-16.00000", "2014-06-30": "72.00000", "2014-03-31": "80.00000", "2013-12-31": "43.00000", "2013-09-30": "63.00000", "2013-06-30": "132.00000", "2013-03-31": "20.00000", "2012-12-31": "-72.00000", "2012-09-30": "105.00000", "2012-06-30": "-15.00000", "2012-03-31": "34.00000", "2011-12-31": "73.00000", "2011-09-30": "93.00000", "2011-06-30": "77.00000", "2011-03-31": "81.00000", "2010-12-31": "-76.00000", "2010-09-30": "123.00000", "2010-06-30": "98.00000", "2010-03-31": "147.00000", "2009-12-31": "150.00000", "2009-09-30": "138.00000", "2009-06-30": "184.00000", "2009-03-31": "251.00000", "2008-12-31": "210.00000", "2008-09-30": "175.00000", "2008-06-30": "140.00000", "2008-03-31": "218.00000", "2007-12-31": "23.00000", "2007-09-30": "52.00000", "2007-06-30": "93.00000", "2007-03-31": "85.00000", "2006-12-31": "72.00000", "2006-09-30": "64.00000", "2006-06-30": "26.00000", "2006-03-31": "60.00000", "2005-12-31": "21.20000", "2005-09-30": "24.70000", "2005-06-30": "23.60000", "2005-03-31": "17.50000"}, "Income After Taxes": {"2020-09-30": "359.00000", "2020-06-30": "-497.00000", "2020-03-31": "-391.00000", "2019-12-31": "-55.00000", "2019-09-30": "-825.00000", "2019-06-30": "-206.00000", "2019-03-31": "-171.00000", "2018-12-31": "-243.00000", "2018-09-30": "-409.00000", "2018-06-30": "-1139.00000", "2018-03-31": "-212.00000", "2017-12-31": "-102.00000", "2017-09-30": "-1411.00000", "2017-06-30": "-1679.00000", "2017-03-31": "95.00000", "2016-12-31": "257.00000", "2016-09-30": "236.00000", "2016-06-30": "92.00000", "2016-03-31": "242.00000", "2015-12-31": "688.00000", "2015-09-30": "327.00000", "2015-06-30": "347.00000", "2015-03-31": "-467.00000", "2014-12-31": "-696.00000", "2014-09-30": "-2262.00000", "2014-06-30": "604.00000", "2014-03-31": "474.00000", "2013-12-31": "218.00000", "2013-09-30": "540.00000", "2013-06-30": "322.00000", "2013-03-31": "318.00000", "2012-12-31": "448.00000", "2012-09-30": "533.00000", "2012-06-30": "-303.00000", "2012-03-31": "154.00000", "2011-12-31": "-6041.00000", "2011-09-30": "-16.00000", "2011-06-30": "131.00000", "2011-03-31": "164.00000", "2010-12-31": "105.00000", "2010-09-30": "363.00000", "2010-06-30": "712.00000", "2010-03-31": "683.00000", "2009-12-31": "743.00000", "2009-09-30": "706.00000", "2009-06-30": "808.00000", "2009-03-31": "939.00000", "2008-12-31": "755.00000", "2008-09-30": "1060.00000", "2008-06-30": "1064.00000", "2008-03-31": "1150.00000", "2007-12-31": "1046.00000", "2007-09-30": "972.00000", "2007-06-30": "550.00000", "2007-03-31": "553.00000", "2006-12-31": "621.00000", "2006-09-30": "309.00000", "2006-06-30": "249.00000", "2006-03-31": "206.00000", "2005-12-31": "152.00000", "2005-09-30": "170.40000", "2005-06-30": "301.60000", "2005-03-31": "92.00000"}, "Other Income": {"2020-09-30": "", "2020-06-30": "", "2020-03-31": "", "2019-12-31": "", "2019-09-30": "", "2019-06-30": "", "2019-03-31": "", "2018-12-31": "", "2018-09-30": "", "2018-06-30": "", "2018-03-31": "", "2017-12-31": "", "2017-09-30": "", "2017-06-30": "", "2017-03-31": "", "2016-12-31": "", "2016-09-30": "", "2016-06-30": "", "2016-03-31": "", "2015-12-31": "", "2015-09-30": "", "2015-06-30": "", "2015-03-31": "", "2014-12-31": "", "2014-09-30": "", "2014-06-30": "", "2014-03-31": "", "2013-12-31": "", "2013-09-30": "", "2013-06-30": "", "2013-03-31": "", "2012-12-31": "", "2012-09-30": "", "2012-06-30": "", "2012-03-31": "", "2011-12-31": "", "2011-09-30": "", "2011-06-30": "", "2011-03-31": "", "2010-12-31": "", "2010-09-30": "", "2010-06-30": "", "2010-03-31": "", "2009-12-31": "", "2009-09-30": "", "2009-06-30": "", "2009-03-31": "", "2008-12-31": "", "2008-09-30": "", "2008-06-30": "", "2008-03-31": "", "2007-12-31": "", "2007-09-30": "", "2007-06-30": "", "2007-03-31": "", "2006-12-31": "", "2006-09-30": "", "2006-06-30": "", "2006-03-31": "", "2005-12-31": "", "2005-09-30": "", "2005-06-30": "", "2005-03-31": ""}, "Income From Continuous Operations": {"2020-09-30": "359.00000", "2020-06-30": "-497.00000", "2020-03-31": "-391.00000", "2019-12-31": "-55.00000", "2019-09-30": "-825.00000", "2019-06-30": "-206.00000", "2019-03-31": "-171.00000", "2018-12-31": "-243.00000", "2018-09-30": "-409.00000", "2018-06-30": "-1139.00000", "2018-03-31": "-212.00000", "2017-12-31": "-102.00000", "2017-09-30": "-1411.00000", "2017-06-30": "-1679.00000", "2017-03-31": "95.00000", "2016-12-31": "257.00000", "2016-09-30": "236.00000", "2016-06-30": "92.00000", "2016-03-31": "242.00000", "2015-12-31": "688.00000", "2015-09-30": "327.00000", "2015-06-30": "347.00000", "2015-03-31": "-467.00000", "2014-12-31": "-696.00000", "2014-09-30": "-2262.00000", "2014-06-30": "604.00000", "2014-03-31": "474.00000", "2013-12-31": "218.00000", "2013-09-30": "540.00000", "2013-06-30": "322.00000", "2013-03-31": "318.00000", "2012-12-31": "448.00000", "2012-09-30": "533.00000", "2012-06-30": "-303.00000", "2012-03-31": "154.00000", "2011-12-31": "-6041.00000", "2011-09-30": "-16.00000", "2011-06-30": "131.00000", "2011-03-31": "164.00000", "2010-12-31": "105.00000", "2010-09-30": "363.00000", "2010-06-30": "712.00000", "2010-03-31": "683.00000", "2009-12-31": "743.00000", "2009-09-30": "706.00000", "2009-06-30": "808.00000", "2009-03-31": "939.00000", "2008-12-31": "755.00000", "2008-09-30": "1060.00000", "2008-06-30": "1064.00000", "2008-03-31": "1150.00000", "2007-12-31": "1046.00000", "2007-09-30": "973.00000", "2007-06-30": "549.00000", "2007-03-31": "553.00000", "2006-12-31": "621.00000", "2006-09-30": "309.00000", "2006-06-30": "249.00000", "2006-03-31": "206.00000", "2005-12-31": "152.00000", "2005-09-30": "170.40000", "2005-06-30": "301.80000", "2005-03-31": "91.80000"}, "Income From Discontinued Operations": {"2020-09-30": "", "2020-06-30": "", "2020-03-31": "", "2019-12-31": "", "2019-09-30": "", "2019-06-30": "", "2019-03-31": "", "2018-12-31": "", "2018-09-30": "", "2018-06-30": "", "2018-03-31": "", "2017-12-31": "", "2017-09-30": "", "2017-06-30": "", "2017-03-31": "", "2016-12-31": "", "2016-09-30": "", "2016-06-30": "1.00000", "2016-03-31": "-1.00000", "2015-12-31": "", "2015-09-30": "3.00000", "2015-06-30": "1.00000", "2015-03-31": "-2.00000", "2014-12-31": "-4.00000", "2014-09-30": "-1.00000", "2014-06-30": "-7.00000", "2014-03-31": "-8.00000", "2013-12-31": "17.00000", "2013-09-30": "8.00000", "2013-06-30": "-11.00000", "2013-03-31": "-5.00000", "2012-12-31": "9.00000", "2012-09-30": "-916.00000", "2012-06-30": "0.00000", "2012-03-31": "-136.00000", "2011-12-31": "-88.00000", "2011-09-30": "-5.00000", "2011-06-30": "2.00000", "2011-03-31": "176.00000", "2010-12-31": "-919.00000", "2010-09-30": "15.00000", "2010-06-30": "8.00000", "2010-03-31": "2.00000", "2009-12-31": "", "2009-09-30": "", "2009-06-30": "", "2009-03-31": "", "2008-12-31": "", "2008-09-30": "", "2008-06-30": "", "2008-03-31": "", "2007-12-31": "", "2007-09-30": "", "2007-06-30": "", "2007-03-31": "", "2006-12-31": "", "2006-09-30": "", "2006-06-30": "", "2006-03-31": "", "2005-12-31": "", "2005-09-30": "", "2005-06-30": "", "2005-03-31": ""}, "Net Income": {"2020-09-30": "359.00000", "2020-06-30": "-497.00000", "2020-03-31": "-392.00000", "2019-12-31": "-51.00000", "2019-09-30": "-825.00000", "2019-06-30": "-208.00000", "2019-03-31": "-171.00000", "2018-12-31": "-242.00000", "2018-09-30": "-409.00000", "2018-06-30": "-1135.00000", "2018-03-31": "-210.00000", "2017-12-31": "-111.00000", "2017-09-30": "-1417.00000", "2017-06-30": "-1690.00000", "2017-03-31": "91.00000", "2016-12-31": "229.00000", "2016-09-30": "218.00000", "2016-06-30": "82.00000", "2016-03-31": "235.00000", "2015-12-31": "685.00000", "2015-09-30": "321.00000", "2015-06-30": "342.00000", "2015-03-31": "-483.00000", "2014-12-31": "-665.00000", "2014-09-30": "-2217.00000", "2014-06-30": "587.00000", "2014-03-31": "456.00000", "2013-12-31": "236.00000", "2013-09-30": "546.00000", "2013-06-30": "307.00000", "2013-03-31": "318.00000", "2012-12-31": "457.00000", "2012-09-30": "-381.00000", "2012-06-30": "-304.00000", "2012-03-31": "9.00000", "2011-12-31": "-6156.00000", "2011-09-30": "-32.00000", "2011-06-30": "124.00000", "2011-03-31": "310.00000", "2010-12-31": "-834.00000", "2010-09-30": "368.00000", "2010-06-30": "715.00000", "2010-03-31": "677.00000", "2009-12-31": "723.00000", "2009-09-30": "710.00000", "2009-06-30": "806.00000", "2009-03-31": "942.00000", "2008-12-31": "754.00000", "2008-09-30": "1063.00000", "2008-06-30": "1065.00000", "2008-03-31": "1149.00000", "2007-12-31": "1046.00000", "2007-09-30": "973.00000", "2007-06-30": "549.00000", "2007-03-31": "553.00000", "2006-12-31": "621.00000", "2006-09-30": "309.00000", "2006-06-30": "249.00000", "2006-03-31": "206.00000", "2005-12-31": "152.00000", "2005-09-30": "170.40000", "2005-06-30": "301.80000", "2005-03-31": "91.80000"}, "EBITDA": {"2020-09-30": "251.00000", "2020-06-30": "-15.00000", "2020-03-31": "55.00000", "2019-12-31": "180.00000", "2019-09-30": "-347.00000", "2019-06-30": "239.00000", "2019-03-31": "249.00000", "2018-12-31": "213.00000", "2018-09-30": "-1089.00000", "2018-06-30": "338.00000", "2018-03-31": "217.00000", "2017-12-31": "199.00000", "2017-09-30": "-950.00000", "2017-06-30": "-1323.00000", "2017-03-31": "401.00000", "2016-12-31": "516.00000", "2016-09-30": "454.00000", "2016-06-30": "388.00000", "2016-03-31": "641.00000", "2015-12-31": "948.00000", "2015-09-30": "655.00000", "2015-06-30": "755.00000", "2015-03-31": "-30.00000", "2014-12-31": "-324.00000", "2014-09-30": "-1884.00000", "2014-06-30": "1049.00000", "2014-03-31": "941.00000", "2013-12-31": "676.00000", "2013-09-30": "1006.00000", "2013-06-30": "884.00000", "2013-03-31": "745.00000", "2012-12-31": "844.00000", "2012-09-30": "1147.00000", "2012-06-30": "208.00000", "2012-03-31": "733.00000", "2011-12-31": "-5398.00000", "2011-09-30": "685.00000", "2011-06-30": "740.00000", "2011-03-31": "742.00000", "2010-12-31": "667.00000", "2010-09-30": "1047.00000", "2010-06-30": "1364.00000", "2010-03-31": "1332.00000", "2009-12-31": "1683.00000", "2009-09-30": "1317.00000", "2009-06-30": "1463.00000", "2009-03-31": "1622.00000", "2008-12-31": "1714.00000", "2008-09-30": "1620.00000", "2008-06-30": "1541.00000", "2008-03-31": "1724.00000", "2007-12-31": "1278.00000", "2007-09-30": "856.00000", "2007-06-30": "777.00000", "2007-03-31": "757.00000", "2006-12-31": "776.00000", "2006-09-30": "489.00000", "2006-06-30": "391.00000", "2006-03-31": "386.00000", "2005-12-31": "296.69980", "2005-09-30": "304.80000", "2005-06-30": "283.70000", "2005-03-31": "240.80000"}, "EBIT": {"2020-09-30": "4.00000", "2020-06-30": "-264.00000", "2020-03-31": "-199.00000", "2019-12-31": "-74.00000", "2019-09-30": "-607.00000", "2019-06-30": "-27.00000", "2019-03-31": "-13.00000", "2018-12-31": "-25.00000", "2018-09-30": "-305.00000", "2018-06-30": "-917.00000", "2018-03-31": "-4.00000", "2017-12-31": "15.00000", "2017-09-30": "-1147.00000", "2017-06-30": "-1542.00000", "2017-03-31": "169.00000", "2016-12-31": "290.00000", "2016-09-30": "229.00000", "2016-06-30": "163.00000", "2016-03-31": "424.00000", "2015-12-31": "735.00000", "2015-09-30": "445.00000", "2015-06-30": "506.00000", "2015-03-31": "-321.00000", "2014-12-31": "-616.00000", "2014-09-30": "-2168.00000", "2014-06-30": "765.00000", "2014-03-31": "672.00000", "2013-12-31": "395.00000", "2013-09-30": "738.00000", "2013-06-30": "605.00000", "2013-03-31": "479.00000", "2012-12-31": "560.00000", "2012-09-30": "811.00000", "2012-06-30": "-142.00000", "2012-03-31": "371.00000", "2011-12-31": "-5787.00000", "2011-09-30": "298.00000", "2011-06-30": "355.00000", "2011-03-31": "372.00000", "2010-12-31": "205.00000", "2010-09-30": "634.00000", "2010-06-30": "949.00000", "2010-03-31": "942.00000", "2009-12-31": "993.00000", "2009-09-30": "957.00000", "2009-06-30": "1121.00000", "2009-03-31": "1319.00000", "2008-12-31": "1084.00000", "2008-09-30": "1383.00000", "2008-06-30": "1350.00000", "2008-03-31": "1540.00000", "2007-12-31": "1153.00000", "2007-09-30": "753.00000", "2007-06-30": "676.00000", "2007-03-31": "657.00000", "2006-12-31": "678.00000", "2006-09-30": "390.00000", "2006-06-30": "289.00000", "2006-03-31": "284.00000", "2005-12-31": "188.40000", "2005-09-30": "203.50000", "2005-06-30": "184.80000", "2005-03-31": "143.30000"}, "Basic Shares Outstanding": {"2020-09-30": "616.00000", "2020-06-30": "615.00000", "2020-03-31": "614.00000", "2019-12-31": "612.00000", "2019-09-30": "613.00000", "2019-06-30": "612.00000", "2019-03-31": "611.00000", "2018-12-31": "468.00000", "2018-09-30": "463.00000", "2018-06-30": "462.00000", "2018-03-31": "438.00000", "2017-12-31": "391.00000", "2017-09-30": "391.00000", "2017-06-30": "391.00000", "2017-03-31": "390.00000", "2016-12-31": "367.00000", "2016-09-30": "365.00000", "2016-06-30": "365.00000", "2016-03-31": "364.00000", "2015-12-31": "363.00000", "2015-09-30": "364.00000", "2015-06-30": "363.00000", "2015-03-31": "363.00000", "2014-12-31": "362.00000", "2014-09-30": "362.00000", "2014-06-30": "362.00000", "2014-03-31": "361.00000", "2013-12-31": "360.00000", "2013-09-30": "360.00000", "2013-06-30": "360.00000", "2013-03-31": "360.00000", "2012-12-31": "356.00000", "2012-09-30": "359.00000", "2012-06-30": "353.00000", "2012-03-31": "350.00000", "2011-12-31": "322.00000", "2011-09-30": "320.00000", "2011-06-30": "320.00000", "2011-03-31": "319.00000", "2010-12-31": "320.00000", "2010-09-30": "319.00000", "2010-06-30": "319.00000", "2010-03-31": "321.00000", "2009-12-31": "320.00000", "2009-09-30": "321.00000", "2009-06-30": "320.00000", "2009-03-31": "319.00000", "2008-12-31": "318.00000", "2008-09-30": "319.00000", "2008-06-30": "318.00000", "2008-03-31": "317.00000", "2007-12-31": "214.00000", "2007-09-30": "203.00000", "2007-06-30": "202.00000", "2007-03-31": "203.00000", "2006-12-31": "219.00000", "2006-09-30": "218.27520", "2006-06-30": "226.67040", "2006-03-31": "227.37000", "2005-12-31": "229.00000", "2005-09-30": "230.09840", "2005-06-30": "228.13960", "2005-03-31": "226.39060"}, "Shares Outstanding": {"2020-09-30": "702.00000", "2020-06-30": "615.00000", "2020-03-31": "614.00000", "2019-12-31": "612.00000", "2019-09-30": "613.00000", "2019-06-30": "612.00000", "2019-03-31": "611.00000", "2018-12-31": "468.00000", "2018-09-30": "463.00000", "2018-06-30": "462.00000", "2018-03-31": "438.00000", "2017-12-31": "391.00000", "2017-09-30": "391.00000", "2017-06-30": "391.00000", "2017-03-31": "390.00000", "2016-12-31": "367.00000", "2016-09-30": "365.00000", "2016-06-30": "365.00000", "2016-03-31": "364.00000", "2015-12-31": "363.00000", "2015-09-30": "364.00000", "2015-06-30": "363.00000", "2015-03-31": "363.00000", "2014-12-31": "362.00000", "2014-09-30": "362.00000", "2014-06-30": "362.00000", "2014-03-31": "361.00000", "2013-12-31": "360.00000", "2013-09-30": "361.00000", "2013-06-30": "360.00000", "2013-03-31": "360.00000", "2012-12-31": "356.00000", "2012-09-30": "359.00000", "2012-06-30": "353.00000", "2012-03-31": "350.00000", "2011-12-31": "322.00000", "2011-09-30": "320.00000", "2011-06-30": "320.00000", "2011-03-31": "320.00000", "2010-12-31": "320.00000", "2010-09-30": "319.00000", "2010-06-30": "320.00000", "2010-03-31": "322.00000", "2009-12-31": "321.00000", "2009-09-30": "322.00000", "2009-06-30": "321.00000", "2009-03-31": "320.00000", "2008-12-31": "321.00000", "2008-09-30": "321.00000", "2008-06-30": "321.00000", "2008-03-31": "321.00000", "2007-12-31": "222.00000", "2007-09-30": "210.00000", "2007-06-30": "210.00000", "2007-03-31": "212.00000", "2006-12-31": "228.00000", "2006-09-30": "225.97080", "2006-06-30": "235.06560", "2006-03-31": "235.76520", "2005-12-31": "238.00000", "2005-09-30": "238.42370", "2005-06-30": "236.46480", "2005-03-31": "231.56760"}, "Basic EPS": {"2020-09-30": "0.58000", "2020-06-30": "-0.81000", "2020-03-31": "-0.64000", "2019-12-31": "-0.08000", "2019-09-30": "-1.35000", "2019-06-30": "-0.34000", "2019-03-31": "-0.28000", "2018-12-31": "-0.45000", "2018-09-30": "-0.88000", "2018-06-30": "-2.46000", "2018-03-31": "-0.48000", "2017-12-31": "-0.29000", "2017-09-30": "-3.62000", "2017-06-30": "-4.32000", "2017-03-31": "0.23000", "2016-12-31": "0.63000", "2016-09-30": "0.59000", "2016-06-30": "0.22000", "2016-03-31": "0.64000", "2015-12-31": "1.88000", "2015-09-30": "0.88000", "2015-06-30": "0.93000", "2015-03-31": "-1.33000", "2014-12-31": "-1.82000", "2014-09-30": "-6.12000", "2014-06-30": "1.61000", "2014-03-31": "1.25000", "2013-12-31": "0.65000", "2013-09-30": "1.50000", "2013-06-30": "0.84000", "2013-03-31": "0.88000", "2012-12-31": "1.27000", "2012-09-30": "-1.06000", "2012-06-30": "-0.86000", "2012-03-31": "0.03000", "2011-12-31": "-19.13000", "2011-09-30": "-0.10000", "2011-06-30": "0.39000", "2011-03-31": "0.96000", "2010-12-31": "-2.60000", "2010-09-30": "1.15000", "2010-06-30": "2.23000", "2010-03-31": "2.10000", "2009-12-31": "2.23000", "2009-09-30": "2.20000", "2009-06-30": "2.50000", "2009-03-31": "2.94000", "2008-12-31": "2.35000", "2008-09-30": "3.32000", "2008-06-30": "3.34000", "2008-03-31": "3.62000", "2007-12-31": "4.33000", "2007-09-30": "4.80000", "2007-06-30": "2.73000", "2007-03-31": "2.72000", "2006-12-31": "2.90380", "2006-09-30": "1.41510", "2006-06-30": "1.10060", "2006-03-31": "0.90050", "2005-12-31": "0.65720", "2005-09-30": "0.74330", "2005-06-30": "1.32930", "2005-03-31": "0.40020"}, "EPS - Earnings Per Share": {"2020-09-30": "0.51000", "2020-06-30": "-0.81000", "2020-03-31": "-0.64000", "2019-12-31": "-0.08000", "2019-09-30": "-1.35000", "2019-06-30": "-0.34000", "2019-03-31": "-0.28000", "2018-12-31": "-0.45000", "2018-09-30": "-0.88000", "2018-06-30": "-2.46000", "2018-03-31": "-0.48000", "2017-12-31": "-0.29000", "2017-09-30": "-3.62000", "2017-06-30": "-4.32000", "2017-03-31": "0.23000", "2016-12-31": "0.63000", "2016-09-30": "0.59000", "2016-06-30": "0.22000", "2016-03-31": "0.64000", "2015-12-31": "1.88000", "2015-09-30": "0.88000", "2015-06-30": "0.93000", "2015-03-31": "-1.33000", "2014-12-31": "-1.82000", "2014-09-30": "-6.12000", "2014-06-30": "1.61000", "2014-03-31": "1.25000", "2013-12-31": "0.65000", "2013-09-30": "1.50000", "2013-06-30": "0.84000", "2013-03-31": "0.88000", "2012-12-31": "1.27000", "2012-09-30": "-1.06000", "2012-06-30": "-0.86000", "2012-03-31": "0.03000", "2011-12-31": "-19.13000", "2011-09-30": "-0.10000", "2011-06-30": "0.39000", "2011-03-31": "0.96000", "2010-12-31": "-2.58000", "2010-09-30": "1.15000", "2010-06-30": "2.22000", "2010-03-31": "2.09000", "2009-12-31": "2.23000", "2009-09-30": "2.19000", "2009-06-30": "2.49000", "2009-03-31": "2.93000", "2008-12-31": "2.34000", "2008-09-30": "3.30000", "2008-06-30": "3.31000", "2008-03-31": "3.58000", "2007-12-31": "4.20000", "2007-09-30": "4.63000", "2007-06-30": "2.63000", "2007-03-31": "2.62000", "2006-12-31": "2.78380", "2006-09-30": "1.37220", "2006-06-30": "1.07200", "2006-03-31": "0.87190", "2005-12-31": "0.62860", "2005-09-30": "0.71470", "2005-06-30": "1.28640", "2005-03-31": "0.40020"}}, "balance sheet": {"Cash On Hand": {"2019-12-31": "2348.00000", "2018-12-31": "2711.00000", "2017-12-31": "3435.00000", "2016-12-31": "3518.00000", "2015-12-31": "2679.00000", "2014-12-31": "2749.00000", "2013-12-31": "3243.00000", "2012-12-31": "5134.00000", "2011-12-31": "4017.00000", "2010-12-31": "3394.00000", "2009-12-31": "1130.00000", "2008-12-31": "1296.00000", "2007-12-31": "1241.00000", "2006-12-31": "467.00000", "2005-12-31": "445.00000"}, "Receivables": {"2019-12-31": "654.00000", "2018-12-31": "604.00000", "2017-12-31": "596.00000", "2016-12-31": "898.00000", "2015-12-31": "1400.00000", "2014-12-31": "2120.00000", "2013-12-31": "2162.00000", "2012-12-31": "2200.00000", "2011-12-31": "2176.00000", "2010-12-31": "1843.00000", "2009-12-31": "2385.00000", "2008-12-31": "2864.00000", "2007-12-31": "2370.00000", "2006-12-31": "946.00000", "2005-12-31": "600.00000"}, "Inventory": {"2019-12-31": "479.00000", "2018-12-31": "474.00000", "2017-12-31": "418.00000", "2016-12-31": "561.00000", "2015-12-31": "627.00000", "2014-12-31": "818.00000", "2013-12-31": "737.00000", "2012-12-31": "610.00000", "2011-12-31": "529.00000", "2010-12-31": "514.00000", "2009-12-31": "462.00000", "2008-12-31": "432.00000", "2007-12-31": "333.00000", "2006-12-31": "160.00000", "2005-12-31": "156.00000"}, "Pre-Paid Expenses": {"2019-12-31": "", "2018-12-31": "", "2017-12-31": "", "2016-12-31": "", "2015-12-31": "", "2014-12-31": "", "2013-12-31": "", "2012-12-31": "", "2011-12-31": "", "2010-12-31": "", "2009-12-31": "", "2008-12-31": "", "2007-12-31": "", "2006-12-31": "", "2005-12-31": ""}, "Other Current Assets": {"2019-12-31": "159.00000", "2018-12-31": "159.00000", "2017-12-31": "157.00000", "2016-12-31": "121.00000", "2015-12-31": "92.00000", "2014-12-31": "153.00000", "2013-12-31": "479.00000", "2012-12-31": "561.00000", "2011-12-31": "672.00000", "2010-12-31": "329.00000", "2009-12-31": "395.00000", "2008-12-31": "694.00000", "2007-12-31": "233.00000", "2006-12-31": "67.00000", "2005-12-31": "55.00000"}, "Total Current Assets": {"2019-12-31": "3640.00000", "2018-12-31": "3948.00000", "2017-12-31": "4606.00000", "2016-12-31": "5098.00000", "2015-12-31": "4798.00000", "2014-12-31": "5840.00000", "2013-12-31": "6772.00000", "2012-12-31": "8647.00000", "2011-12-31": "7536.00000", "2010-12-31": "6195.00000", "2009-12-31": "4476.00000", "2008-12-31": "5349.00000", "2007-12-31": "4296.00000", "2006-12-31": "1656.00000", "2005-12-31": "1279.00000"}, "Property, Plant, And Equipment": {"2019-12-31": "18847.00000", "2018-12-31": "20408.00000", "2017-12-31": "17402.00000", "2016-12-31": "21093.00000", "2015-12-31": "20809.00000", "2014-12-31": "21538.00000", "2013-12-31": "21707.00000", "2012-12-31": "20880.00000", "2011-12-31": "20788.00000", "2010-12-31": "21319.00000", "2009-12-31": "23018.00000", "2008-12-31": "20861.00000", "2007-12-31": "20930.00000", "2006-12-31": "7326.00000", "2005-12-31": "6748.00000"}, "Long-Term Investments": {"2019-12-31": "", "2018-12-31": "", "2017-12-31": "", "2016-12-31": "", "2015-12-31": "", "2014-12-31": "", "2013-12-31": "", "2012-12-31": "", "2011-12-31": "", "2010-12-31": "", "2009-12-31": "", "2008-12-31": "", "2007-12-31": "", "2006-12-31": "", "2005-12-31": ""}, "Goodwill And Intangible Assets": {"2019-12-31": "608.00000", "2018-12-31": "795.00000", "2017-12-31": "", "2016-12-31": "", "2015-12-31": "", "2014-12-31": "", "2013-12-31": "2987.00000", "2012-12-31": "2987.00000", "2011-12-31": "3217.00000", "2010-12-31": "8132.00000", "2009-12-31": "8134.00000", "2008-12-31": "8128.00000", "2007-12-31": "8219.00000", "2006-12-31": "2195.00000", "2005-12-31": "2209.00000"}, "Other Long-Term Assets": {"2019-12-31": "990.00000", "2018-12-31": "448.00000", "2017-12-31": "355.00000", "2016-12-31": "400.00000", "2015-12-31": "413.00000", "2014-12-31": "833.00000", "2013-12-31": "1080.00000", "2012-12-31": "1741.00000", "2011-12-31": "3491.00000", "2010-12-31": "1165.00000", "2009-12-31": "808.00000", "2008-12-31": "844.00000", "2007-12-31": "919.00000", "2006-12-31": "299.00000", "2005-12-31": "221.00000"}, "Total Long-Term Assets": {"2019-12-31": "20465.00000", "2018-12-31": "21717.00000", "2017-12-31": "17804.00000", "2016-12-31": "21791.00000", "2015-12-31": "21633.00000", "2014-12-31": "22731.00000", "2013-12-31": "25774.00000", "2012-12-31": "25608.00000", "2011-12-31": "27496.00000", "2010-12-31": "30616.00000", "2009-12-31": "31960.00000", "2008-12-31": "29833.00000", "2007-12-31": "30068.00000", "2006-12-31": "9820.00000", "2005-12-31": "9178.00000"}, "Total Assets": {"2019-12-31": "24105.00000", "2018-12-31": "25665.00000", "2017-12-31": "22410.00000", "2016-12-31": "26889.00000", "2015-12-31": "26431.00000", "2014-12-31": "28571.00000", "2013-12-31": "32546.00000", "2012-12-31": "34255.00000", "2011-12-31": "35032.00000", "2010-12-31": "36811.00000", "2009-12-31": "36436.00000", "2008-12-31": "35182.00000", "2007-12-31": "34364.00000", "2006-12-31": "11476.00000", "2005-12-31": "10457.00000"}, "Total Current Liabilities": {"2019-12-31": "1724.00000", "2018-12-31": "1458.00000", "2017-12-31": "1369.00000", "2016-12-31": "1985.00000", "2015-12-31": "2665.00000", "2014-12-31": "3769.00000", "2013-12-31": "3554.00000", "2012-12-31": "5463.00000", "2011-12-31": "5528.00000", "2010-12-31": "3836.00000", "2009-12-31": "3618.00000", "2008-12-31": "2701.00000", "2007-12-31": "7902.00000", "2006-12-31": "1039.00000", "2005-12-31": "923.00000"}, "Long Term Debt": {"2019-12-31": "8693.00000", "2018-12-31": "9605.00000", "2017-12-31": "7146.00000", "2016-12-31": "7740.00000", "2015-12-31": "7397.00000", "2014-12-31": "9019.00000", "2013-12-31": "10379.00000", "2012-12-31": "11092.00000", "2011-12-31": "11349.00000", "2010-12-31": "9209.00000", "2009-12-31": "9849.00000", "2008-12-31": "12893.00000", "2007-12-31": "11085.00000", "2006-12-31": "3203.00000", "2005-12-31": "1197.00000"}, "Other Non-Current Liabilities": {"2019-12-31": "1555.00000", "2018-12-31": "1424.00000", "2017-12-31": "1082.00000", "2016-12-31": "1153.00000", "2015-12-31": "1135.00000", "2014-12-31": "1354.00000", "2013-12-31": "1554.00000", "2012-12-31": "1604.00000", "2011-12-31": "1925.00000", "2010-12-31": "1791.00000", "2009-12-31": "1684.00000", "2008-12-31": "1755.00000", "2007-12-31": "2125.00000", "2006-12-31": "340.00000", "2005-12-31": "286.00000"}, "Total Long Term Liabilities": {"2019-12-31": "10514.00000", "2018-12-31": "11093.00000", "2017-12-31": "8330.00000", "2016-12-31": "9099.00000", "2015-12-31": "8766.00000", "2014-12-31": "10820.00000", "2013-12-31": "12307.00000", "2012-12-31": "13062.00000", "2011-12-31": "13877.00000", "2010-12-31": "11600.00000", "2009-12-31": "12259.00000", "2008-12-31": "15314.00000", "2007-12-31": "13896.00000", "2006-12-31": "3601.00000", "2005-12-31": "1552.00000"}, "Total Liabilities": {"2019-12-31": "12238.00000", "2018-12-31": "12551.00000", "2017-12-31": "9699.00000", "2016-12-31": "11084.00000", "2015-12-31": "11431.00000", "2014-12-31": "14589.00000", "2013-12-31": "15861.00000", "2012-12-31": "18525.00000", "2011-12-31": "19405.00000", "2010-12-31": "15436.00000", "2009-12-31": "15877.00000", "2008-12-31": "18015.00000", "2007-12-31": "21798.00000", "2006-12-31": "4640.00000", "2005-12-31": "2475.00000"}, "Common Stock Net": {"2019-12-31": "59.00000", "2018-12-31": "59.00000", "2017-12-31": "37.00000", "2016-12-31": "36.00000", "2015-12-31": "5193.00000", "2014-12-31": "5169.00000", "2013-12-31": "5147.00000", "2012-12-31": "5130.00000", "2011-12-31": "4982.00000", "2010-12-31": "4482.00000", "2009-12-31": "4472.00000", "2008-12-31": "4444.00000", "2007-12-31": "3.00000", "2006-12-31": "2.00000", "2005-12-31": "3.00000"}, "Retained Earnings (Accumulated Deficit)": {"2019-12-31": "-1297.00000", "2018-12-31": "-67.00000", "2017-12-31": "1929.00000", "2016-12-31": "5056.00000", "2015-12-31": "4278.00000", "2014-12-31": "3349.00000", "2013-12-31": "5262.00000", "2012-12-31": "3855.00000", "2011-12-31": "4180.00000", "2010-12-31": "9969.00000", "2009-12-31": "9008.00000", "2008-12-31": "5827.00000", "2007-12-31": "1806.00000", "2006-12-31": "-1181.00000", "2005-12-31": "-2566.00000"}, "Comprehensive Income": {"2019-12-31": "-324.00000", "2018-12-31": "-279.00000", "2017-12-31": "-290.00000", "2016-12-31": "-283.00000", "2015-12-31": "-277.00000", "2014-12-31": "-404.00000", "2013-12-31": "-262.00000", "2012-12-31": "-521.00000", "2011-12-31": "-496.00000", "2010-12-31": "-332.00000", "2009-12-31": "-335.00000", "2008-12-31": "-420.00000", "2007-12-31": "-42.00000", "2006-12-31": "-30.00000", "2005-12-31": "-20.00000"}, "Other Share Holders Equity": {"2019-12-31": "", "2018-12-31": "", "2017-12-31": "", "2016-12-31": "", "2015-12-31": "", "2014-12-31": "", "2013-12-31": "", "2012-12-31": "", "2011-12-31": "", "2010-12-31": "", "2009-12-31": "", "2008-12-31": "", "2007-12-31": "", "2006-12-31": "", "2005-12-31": ""}, "Share Holder Equity": {"2019-12-31": "11867.00000", "2018-12-31": "13114.00000", "2017-12-31": "12711.00000", "2016-12-31": "15805.00000", "2015-12-31": "15000.00000", "2014-12-31": "13982.00000", "2013-12-31": "16685.00000", "2012-12-31": "15730.00000", "2011-12-31": "15627.00000", "2010-12-31": "21375.00000", "2009-12-31": "20559.00000", "2008-12-31": "17167.00000", "2007-12-31": "12566.00000", "2006-12-31": "6836.00000", "2005-12-31": "7982.00000"}, "Total Liabilities And Share Holders Equity": {"2019-12-31": "24105.00000", "2018-12-31": "25665.00000", "2017-12-31": "22410.00000", "2016-12-31": "26889.00000", "2015-12-31": "26431.00000", "2014-12-31": "28571.00000", "2013-12-31": "32546.00000", "2012-12-31": "34255.00000", "2011-12-31": "35032.00000", "2010-12-31": "36811.00000", "2009-12-31": "36436.00000", "2008-12-31": "35182.00000", "2007-12-31": "34364.00000", "2006-12-31": "11476.00000", "2005-12-31": "10457.00000"}}, "balance sheet, quarterly": {"Cash On Hand": {"2020-09-30": "1830.00000", "2020-06-30": "1948.00000", "2020-03-31": "2014.00000", "2019-12-31": "2348.00000", "2019-09-30": "2457.00000", "2019-06-30": "2853.00000", "2019-03-31": "2469.00000", "2018-12-31": "2711.00000", "2018-09-30": "2868.00000", "2018-06-30": "2996.00000", "2018-03-31": "3346.00000", "2017-12-31": "3435.00000", "2017-09-30": "3197.00000", "2017-06-30": "3008.00000", "2017-03-31": "3535.00000", "2016-12-31": "3518.00000", "2016-09-30": "2900.00000", "2016-06-30": "2513.00000", "2016-03-31": "2912.00000", "2015-12-31": "2679.00000", "2015-09-30": "2234.00000", "2015-06-30": "3769.00000", "2015-03-31": "2682.00000", "2014-12-31": "2749.00000", "2014-09-30": "2873.00000", "2014-06-30": "2117.00000", "2014-03-31": "1987.00000", "2013-12-31": "3243.00000", "2013-09-30": "3559.00000", "2013-06-30": "3357.00000", "2013-03-31": "3689.00000", "2012-12-31": "5134.00000", "2012-09-30": "6001.00000", "2012-06-30": "3964.00000", "2012-03-31": "3982.00000", "2011-12-31": "4017.00000", "2011-09-30": "3286.00000", "2011-06-30": "3389.00000", "2011-03-31": "3812.00000", "2010-12-31": "3394.00000", "2010-09-30": "4636.00000", "2010-06-30": "2888.00000", "2010-03-31": "1586.00000", "2009-12-31": "1130.00000", "2009-09-30": "1066.00000", "2009-06-30": "1081.00000", "2009-03-31": "1414.00000", "2008-12-31": "1296.00000", "2008-09-30": "1221.00000", "2008-06-30": "976.00000", "2008-03-31": "1567.00000", "2007-12-31": "1241.00000", "2007-09-30": "618.00000", "2007-06-30": "445.00000", "2007-03-31": "502.00000", "2006-12-31": "467.00000", "2006-09-30": "407.10000", "2006-06-30": "282.20000", "2006-03-31": "461.90000", "2005-12-31": "445.00000", "2005-09-30": "596.80000", "2005-06-30": "942.50000", "2005-03-31": "420.70000"}, "Receivables": {"2020-09-30": "699.00000", "2020-06-30": "703.00000", "2020-03-31": "654.00000", "2019-12-31": "654.00000", "2019-09-30": "639.00000", "2019-06-30": "645.00000", "2019-03-31": "665.00000", "2018-12-31": "604.00000", "2018-09-30": "627.00000", "2018-06-30": "619.00000", "2018-03-31": "576.00000", "2017-12-31": "596.00000", "2017-09-30": "663.00000", "2017-06-30": "624.00000", "2017-03-31": "850.00000", "2016-12-31": "898.00000", "2016-09-30": "887.00000", "2016-06-30": "936.00000", "2016-03-31": "1094.00000", "2015-12-31": "1400.00000", "2015-09-30": "1482.00000", "2015-06-30": "1806.00000", "2015-03-31": "1964.00000", "2014-12-31": "2120.00000", "2014-09-30": "2174.00000", "2014-06-30": "2214.00000", "2014-03-31": "2217.00000", "2013-12-31": "2162.00000", "2013-09-30": "2367.00000", "2013-06-30": "2105.00000", "2013-03-31": "2117.00000", "2012-12-31": "2200.00000", "2012-09-30": "2163.00000", "2012-06-30": "2124.00000", "2012-03-31": "2238.00000", "2011-12-31": "2176.00000", "2011-09-30": "2046.00000", "2011-06-30": "2114.00000", "2011-03-31": "2161.00000", "2010-12-31": "1843.00000", "2010-09-30": "2299.00000", "2010-06-30": "2254.00000", "2010-03-31": "2285.00000", "2009-12-31": "2385.00000", "2009-09-30": "2614.00000", "2009-06-30": "2674.00000", "2009-03-31": "2884.00000", "2008-12-31": "2864.00000", "2008-09-30": "2783.00000", "2008-06-30": "2478.00000", "2008-03-31": "2357.00000", "2007-12-31": "2370.00000", "2007-09-30": "1266.00000", "2007-06-30": "1184.00000", "2007-03-31": "1085.00000", "2006-12-31": "946.00000", "2006-09-30": "872.20000", "2006-06-30": "703.60000", "2006-03-31": "670.90000", "2005-12-31": "600.00000", "2005-09-30": "596.50000", "2005-06-30": "564.20000", "2005-03-31": "484.50000"}, "Inventory": {"2020-09-30": "459.00000", "2020-06-30": "457.00000", "2020-03-31": "459.00000", "2019-12-31": "479.00000", "2019-09-30": "475.00000", "2019-06-30": "488.00000", "2019-03-31": "488.00000", "2018-12-31": "474.00000", "2018-09-30": "401.00000", "2018-06-30": "414.00000", "2018-03-31": "457.00000", "2017-12-31": "418.00000", "2017-09-30": "437.00000", "2017-06-30": "517.00000", "2017-03-31": "553.00000", "2016-12-31": "561.00000", "2016-09-30": "585.00000", "2016-06-30": "597.00000", "2016-03-31": "625.00000", "2015-12-31": "627.00000", "2015-09-30": "696.00000", "2015-06-30": "741.00000", "2015-03-31": "807.00000", "2014-12-31": "818.00000", "2014-09-30": "835.00000", "2014-06-30": "818.00000", "2014-03-31": "768.00000", "2013-12-31": "737.00000", "2013-09-30": "729.00000", "2013-06-30": "680.00000", "2013-03-31": "648.00000", "2012-12-31": "610.00000", "2012-09-30": "597.00000", "2012-06-30": "676.00000", "2012-03-31": "663.00000", "2011-12-31": "529.00000", "2011-09-30": "578.00000", "2011-06-30": "546.00000", "2011-03-31": "541.00000", "2010-12-31": "514.00000", "2010-09-30": "501.00000", "2010-06-30": "467.00000", "2010-03-31": "464.00000", "2009-12-31": "462.00000", "2009-09-30": "457.00000", "2009-06-30": "451.00000", "2009-03-31": "458.00000", "2008-12-31": "432.00000", "2008-09-30": "429.00000", "2008-06-30": "414.00000", "2008-03-31": "367.00000", "2007-12-31": "333.00000", "2007-09-30": "179.00000", "2007-06-30": "177.00000", "2007-03-31": "168.00000", "2006-12-31": "160.00000", "2006-09-30": "161.00000", "2006-06-30": "164.20000", "2006-03-31": "160.30000", "2005-12-31": "156.00000", "2005-09-30": "155.20000", "2005-06-30": "153.10000", "2005-03-31": "148.50000"}, "Pre-Paid Expenses": {"2020-09-30": "", "2020-06-30": "", "2020-03-31": "", "2019-12-31": "", "2019-09-30": "", "2019-06-30": "", "2019-03-31": "", "2018-12-31": "", "2018-09-30": "", "2018-06-30": "", "2018-03-31": "", "2017-12-31": "", "2017-09-30": "", "2017-06-30": "", "2017-03-31": "", "2016-12-31": "", "2016-09-30": "", "2016-06-30": "", "2016-03-31": "", "2015-12-31": "", "2015-09-30": "", "2015-06-30": "", "2015-03-31": "", "2014-12-31": "", "2014-09-30": "", "2014-06-30": "", "2014-03-31": "", "2013-12-31": "", "2013-09-30": "", "2013-06-30": "", "2013-03-31": "", "2012-12-31": "", "2012-09-30": "", "2012-06-30": "", "2012-03-31": "", "2011-12-31": "", "2011-09-30": "", "2011-06-30": "", "2011-03-31": "", "2010-12-31": "", "2010-09-30": "", "2010-06-30": "", "2010-03-31": "", "2009-12-31": "", "2009-09-30": "", "2009-06-30": "", "2009-03-31": "", "2008-12-31": "", "2008-09-30": "", "2008-06-30": "", "2008-03-31": "", "2007-12-31": "", "2007-09-30": "", "2007-06-30": "", "2007-03-31": "", "2006-12-31": "", "2006-09-30": "", "2006-06-30": "", "2006-03-31": "", "2005-12-31": "", "2005-09-30": "", "2005-06-30": "", "2005-03-31": ""}, "Other Current Assets": {"2020-09-30": "187.00000", "2020-06-30": "176.00000", "2020-03-31": "164.00000", "2019-12-31": "159.00000", "2019-09-30": "200.00000", "2019-06-30": "222.00000", "2019-03-31": "170.00000", "2018-12-31": "159.00000", "2018-09-30": "169.00000", "2018-06-30": "188.00000", "2018-03-31": "164.00000", "2017-12-31": "157.00000", "2017-09-30": "154.00000", "2017-06-30": "137.00000", "2017-03-31": "133.00000", "2016-12-31": "121.00000", "2016-09-30": "119.00000", "2016-06-30": "83.00000", "2016-03-31": "69.00000", "2015-12-31": "92.00000", "2015-09-30": "395.00000", "2015-06-30": "223.00000", "2015-03-31": "233.00000", "2014-12-31": "153.00000", "2014-09-30": "325.00000", "2014-06-30": "449.00000", "2014-03-31": "506.00000", "2013-12-31": "479.00000", "2013-09-30": "545.00000", "2013-06-30": "557.00000", "2013-03-31": "528.00000", "2012-12-31": "561.00000", "2012-09-30": "1374.00000", "2012-06-30": "461.00000", "2012-03-31": "648.00000", "2011-12-31": "672.00000", "2011-09-30": "539.00000", "2011-06-30": "577.00000", "2011-03-31": "274.00000", "2010-12-31": "329.00000", "2010-09-30": "234.00000", "2010-06-30": "184.00000", "2010-03-31": "263.00000", "2009-12-31": "395.00000", "2009-09-30": "379.00000", "2009-06-30": "378.00000", "2009-03-31": "409.00000", "2008-12-31": "694.00000", "2008-09-30": "800.00000", "2008-06-30": "779.00000", "2008-03-31": "843.00000", "2007-12-31": "233.00000", "2007-09-30": "132.00000", "2007-06-30": "67.00000", "2007-03-31": "48.00000", "2006-12-31": "67.00000", "2006-09-30": "79.40000", "2006-06-30": "74.60000", "2006-03-31": "37.10000", "2005-12-31": "55.00000", "2005-09-30": "36.30000", "2005-06-30": "41.50000", "2005-03-31": "33.90000"}, "Total Current Assets": {"2020-09-30": "3175.00000", "2020-06-30": "3284.00000", "2020-03-31": "3291.00000", "2019-12-31": "3640.00000", "2019-09-30": "3771.00000", "2019-06-30": "4208.00000", "2019-03-31": "3792.00000", "2018-12-31": "3948.00000", "2018-09-30": "4065.00000", "2018-06-30": "4217.00000", "2018-03-31": "4543.00000", "2017-12-31": "4606.00000", "2017-09-30": "4451.00000", "2017-06-30": "4286.00000", "2017-03-31": "5071.00000", "2016-12-31": "5098.00000", "2016-09-30": "4491.00000", "2016-06-30": "4129.00000", "2016-03-31": "4700.00000", "2015-12-31": "4798.00000", "2015-09-30": "4906.00000", "2015-06-30": "6719.00000", "2015-03-31": "5843.00000", "2014-12-31": "5840.00000", "2014-09-30": "6367.00000", "2014-06-30": "5760.00000", "2014-03-31": "5633.00000", "2013-12-31": "6772.00000", "2013-09-30": "7373.00000", "2013-06-30": "6866.00000", "2013-03-31": "7133.00000", "2012-12-31": "8647.00000", "2012-09-30": "10304.00000", "2012-06-30": "7367.00000", "2012-03-31": "7673.00000", "2011-12-31": "7536.00000", "2011-09-30": "6569.00000", "2011-06-30": "6738.00000", "2011-03-31": "6904.00000", "2010-12-31": "6195.00000", "2010-09-30": "7770.00000", "2010-06-30": "5914.00000", "2010-03-31": "4711.00000", "2009-12-31": "4476.00000", "2009-09-30": "4603.00000", "2009-06-30": "4630.00000", "2009-03-31": "5215.00000", "2008-12-31": "5349.00000", "2008-09-30": "5288.00000", "2008-06-30": "4731.00000", "2008-03-31": "5230.00000", "2007-12-31": "4296.00000", "2007-09-30": "2223.00000", "2007-06-30": "1893.00000", "2007-03-31": "1819.00000", "2006-12-31": "1656.00000", "2006-09-30": "1546.70000", "2006-06-30": "1249.30000", "2006-03-31": "1353.60000", "2005-12-31": "1279.00000", "2005-09-30": "1404.70000", "2005-06-30": "1722.00000", "2005-03-31": "1102.90000"}, "Property, Plant, And Equipment": {"2020-09-30": "17831.00000", "2020-06-30": "18009.00000", "2020-03-31": "18580.00000", "2019-12-31": "18847.00000", "2019-09-30": "18948.00000", "2019-06-30": "19594.00000", "2019-03-31": "19691.00000", "2018-12-31": "20408.00000", "2018-09-30": "18359.00000", "2018-06-30": "18958.00000", "2018-03-31": "19671.00000", "2017-12-31": "17402.00000", "2017-09-30": "17482.00000", "2017-06-30": "18901.00000", "2017-03-31": "20966.00000", "2016-12-31": "21093.00000", "2016-09-30": "21100.00000", "2016-06-30": "21089.00000", "2016-03-31": "20889.00000", "2015-12-31": "20809.00000", "2015-09-30": "20352.00000", "2015-06-30": "19657.00000", "2015-03-31": "20566.00000", "2014-12-31": "21538.00000", "2014-09-30": "21688.00000", "2014-06-30": "22381.00000", "2014-03-31": "22353.00000", "2013-12-31": "21707.00000", "2013-09-30": "21096.00000", "2013-06-30": "21056.00000", "2013-03-31": "21032.00000", "2012-12-31": "20880.00000", "2012-09-30": "20459.00000", "2012-06-30": "22207.00000", "2012-03-31": "22323.00000", "2011-12-31": "20788.00000", "2011-09-30": "20721.00000", "2011-06-30": "20996.00000", "2011-03-31": "21173.00000", "2010-12-31": "21319.00000", "2010-09-30": "22413.00000", "2010-06-30": "22522.00000", "2010-03-31": "23025.00000", "2009-12-31": "23018.00000", "2009-09-30": "22530.00000", "2009-06-30": "21651.00000", "2009-03-31": "21054.00000", "2008-12-31": "20861.00000", "2008-09-30": "20555.00000", "2008-06-30": "20384.00000", "2008-03-31": "20288.00000", "2007-12-31": "20930.00000", "2007-09-30": "7971.00000", "2007-06-30": "7760.00000", "2007-03-31": "7568.00000", "2006-12-31": "7326.00000", "2006-09-30": "7132.90000", "2006-06-30": "6818.90000", "2006-03-31": "6800.80000", "2005-12-31": "6748.00000", "2005-09-30": "6819.00000", "2005-06-30": "6883.40000", "2005-03-31": "6923.60000"}, "Long-Term Investments": {"2020-09-30": "", "2020-06-30": "", "2020-03-31": "", "2019-12-31": "", "2019-09-30": "", "2019-06-30": "", "2019-03-31": "", "2018-12-31": "", "2018-09-30": "", "2018-06-30": "", "2018-03-31": "", "2017-12-31": "", "2017-09-30": "", "2017-06-30": "", "2017-03-31": "", "2016-12-31": "", "2016-09-30": "", "2016-06-30": "", "2016-03-31": "", "2015-12-31": "", "2015-09-30": "", "2015-06-30": "", "2015-03-31": "", "2014-12-31": "", "2014-09-30": "", "2014-06-30": "", "2014-03-31": "", "2013-12-31": "", "2013-09-30": "", "2013-06-30": "", "2013-03-31": "", "2012-12-31": "", "2012-09-30": "", "2012-06-30": "", "2012-03-31": "", "2011-12-31": "", "2011-09-30": "", "2011-06-30": "", "2011-03-31": "", "2010-12-31": "", "2010-09-30": "", "2010-06-30": "", "2010-03-31": "", "2009-12-31": "", "2009-09-30": "", "2009-06-30": "", "2009-03-31": "", "2008-12-31": "", "2008-09-30": "", "2008-06-30": "", "2008-03-31": "", "2007-12-31": "", "2007-09-30": "", "2007-06-30": "", "2007-03-31": "", "2006-12-31": "", "2006-09-30": "11.60000", "2006-06-30": "11.00000", "2006-03-31": "7.60000", "2005-12-31": "", "2005-09-30": "6.40000", "2005-06-30": "4.60000", "2005-03-31": "110.70000"}, "Goodwill And Intangible Assets": {"2020-09-30": "450.00000", "2020-06-30": "507.00000", "2020-03-31": "560.00000", "2019-12-31": "608.00000", "2019-09-30": "655.00000", "2019-06-30": "703.00000", "2019-03-31": "750.00000", "2018-12-31": "795.00000", "2018-09-30": "554.00000", "2018-06-30": "583.00000", "2018-03-31": "1073.00000", "2017-12-31": "", "2017-09-30": "", "2017-06-30": "", "2017-03-31": "", "2016-12-31": "", "2016-09-30": "", "2016-06-30": "", "2016-03-31": "", "2015-12-31": "", "2015-09-30": "", "2015-06-30": "", "2015-03-31": "", "2014-12-31": "", "2014-09-30": "1014.00000", "2014-06-30": "2987.00000", "2014-03-31": "2987.00000", "2013-12-31": "2987.00000", "2013-09-30": "2987.00000", "2013-06-30": "2987.00000", "2013-03-31": "2987.00000", "2012-12-31": "2987.00000", "2012-09-30": "2987.00000", "2012-06-30": "3099.00000", "2012-03-31": "3087.00000", "2011-12-31": "3217.00000", "2011-09-30": "8132.00000", "2011-06-30": "8132.00000", "2011-03-31": "8132.00000", "2010-12-31": "8132.00000", "2010-09-30": "8132.00000", "2010-06-30": "8132.00000", "2010-03-31": "8132.00000", "2009-12-31": "8134.00000", "2009-09-30": "8134.00000", "2009-06-30": "8134.00000", "2009-03-31": "8134.00000", "2008-12-31": "8128.00000", "2008-09-30": "8346.00000", "2008-06-30": "8351.00000", "2008-03-31": "8424.00000", "2007-12-31": "8219.00000", "2007-09-30": "2187.00000", "2007-06-30": "2195.00000", "2007-03-31": "2195.00000", "2006-12-31": "2195.00000", "2006-09-30": "2209.00000", "2006-06-30": "2208.90000", "2006-03-31": "2208.90000", "2005-12-31": "2209.00000", "2005-09-30": "2254.90000", "2005-06-30": "2251.90000", "2005-03-31": "2251.90000"}, "Other Long-Term Assets": {"2020-09-30": "997.00000", "2020-06-30": "1008.00000", "2020-03-31": "1000.00000", "2019-12-31": "990.00000", "2019-09-30": "1054.00000", "2019-06-30": "1048.00000", "2019-03-31": "1159.00000", "2018-12-31": "448.00000", "2018-09-30": "444.00000", "2018-06-30": "444.00000", "2018-03-31": "354.00000", "2017-12-31": "355.00000", "2017-09-30": "341.00000", "2017-06-30": "359.00000", "2017-03-31": "371.00000", "2016-12-31": "400.00000", "2016-09-30": "329.00000", "2016-06-30": "365.00000", "2016-03-31": "369.00000", "2015-12-31": "413.00000", "2015-09-30": "493.00000", "2015-06-30": "597.00000", "2015-03-31": "696.00000", "2014-12-31": "833.00000", "2014-09-30": "895.00000", "2014-06-30": "939.00000", "2014-03-31": "924.00000", "2013-12-31": "1080.00000", "2013-09-30": "1145.00000", "2013-06-30": "1306.00000", "2013-03-31": "1523.00000", "2012-12-31": "1741.00000", "2012-09-30": "1562.00000", "2012-06-30": "1769.00000", "2012-03-31": "1632.00000", "2011-12-31": "3491.00000", "2011-09-30": "1223.00000", "2011-06-30": "1070.00000", "2011-03-31": "1001.00000", "2010-12-31": "1165.00000", "2010-09-30": "1015.00000", "2010-06-30": "984.00000", "2010-03-31": "970.00000", "2009-12-31": "808.00000", "2009-09-30": "751.00000", "2009-06-30": "842.00000", "2009-03-31": "856.00000", "2008-12-31": "844.00000", "2008-09-30": "976.00000", "2008-06-30": "1011.00000", "2008-03-31": "920.00000", "2007-12-31": "919.00000", "2007-09-30": "319.00000", "2007-06-30": "301.00000", "2007-03-31": "301.00000", "2006-12-31": "299.00000", "2006-09-30": "278.10000", "2006-06-30": "266.90000", "2006-03-31": "218.80000", "2005-12-31": "221.00000", "2005-09-30": "226.70000", "2005-06-30": "249.20000", "2005-03-31": "263.00000"}, "Total Long-Term Assets": {"2020-09-30": "19297.00000", "2020-06-30": "19541.00000", "2020-03-31": "20160.00000", "2019-12-31": "20465.00000", "2019-09-30": "20678.00000", "2019-06-30": "21416.00000", "2019-03-31": "21658.00000", "2018-12-31": "21717.00000", "2018-09-30": "19397.00000", "2018-06-30": "20029.00000", "2018-03-31": "21152.00000", "2017-12-31": "17804.00000", "2017-09-30": "17990.00000", "2017-06-30": "19561.00000", "2017-03-31": "21646.00000", "2016-12-31": "21791.00000", "2016-09-30": "21676.00000", "2016-06-30": "21710.00000", "2016-03-31": "21545.00000", "2015-12-31": "21633.00000", "2015-09-30": "20929.00000", "2015-06-30": "20254.00000", "2015-03-31": "21262.00000", "2014-12-31": "22731.00000", "2014-09-30": "23597.00000", "2014-06-30": "26307.00000", "2014-03-31": "26264.00000", "2013-12-31": "25774.00000", "2013-09-30": "25228.00000", "2013-06-30": "25349.00000", "2013-03-31": "25542.00000", "2012-12-31": "25608.00000", "2012-09-30": "25008.00000", "2012-06-30": "27075.00000", "2012-03-31": "27042.00000", "2011-12-31": "27496.00000", "2011-09-30": "30076.00000", "2011-06-30": "30198.00000", "2011-03-31": "30306.00000", "2010-12-31": "30616.00000", "2010-09-30": "31560.00000", "2010-06-30": "31638.00000", "2010-03-31": "32127.00000", "2009-12-31": "31960.00000", "2009-09-30": "31415.00000", "2009-06-30": "30627.00000", "2009-03-31": "30044.00000", "2008-12-31": "29833.00000", "2008-09-30": "29877.00000", "2008-06-30": "29746.00000", "2008-03-31": "29632.00000", "2007-12-31": "30068.00000", "2007-09-30": "10477.00000", "2007-06-30": "10256.00000", "2007-03-31": "10064.00000", "2006-12-31": "9820.00000", "2006-09-30": "9631.60000", "2006-06-30": "9305.70000", "2006-03-31": "9236.10000", "2005-12-31": "9178.00000", "2005-09-30": "9367.90000", "2005-06-30": "9437.20000", "2005-03-31": "9588.60100"}, "Total Assets": {"2020-09-30": "22472.00000", "2020-06-30": "22825.00000", "2020-03-31": "23451.00000", "2019-12-31": "24105.00000", "2019-09-30": "24449.00000", "2019-06-30": "25624.00000", "2019-03-31": "25450.00000", "2018-12-31": "25665.00000", "2018-09-30": "23462.00000", "2018-06-30": "24246.00000", "2018-03-31": "25695.00000", "2017-12-31": "22410.00000", "2017-09-30": "22441.00000", "2017-06-30": "23847.00000", "2017-03-31": "26717.00000", "2016-12-31": "26889.00000", "2016-09-30": "26167.00000", "2016-06-30": "25839.00000", "2016-03-31": "26245.00000", "2015-12-31": "26431.00000", "2015-09-30": "25835.00000", "2015-06-30": "26973.00000", "2015-03-31": "27105.00000", "2014-12-31": "28571.00000", "2014-09-30": "29964.00000", "2014-06-30": "32067.00000", "2014-03-31": "31897.00000", "2013-12-31": "32546.00000", "2013-09-30": "32601.00000", "2013-06-30": "32215.00000", "2013-03-31": "32675.00000", "2012-12-31": "34255.00000", "2012-09-30": "35312.00000", "2012-06-30": "34442.00000", "2012-03-31": "34715.00000", "2011-12-31": "35032.00000", "2011-09-30": "36645.00000", "2011-06-30": "36936.00000", "2011-03-31": "37210.00000", "2010-12-31": "36811.00000", "2010-09-30": "39330.00000", "2010-06-30": "37552.00000", "2010-03-31": "36838.00000", "2009-12-31": "36436.00000", "2009-09-30": "36018.00000", "2009-06-30": "35257.00000", "2009-03-31": "35259.00000", "2008-12-31": "35182.00000", "2008-09-30": "35165.00000", "2008-06-30": "34477.00000", "2008-03-31": "34862.00000", "2007-12-31": "34364.00000", "2007-09-30": "12700.00000", "2007-06-30": "12149.00000", "2007-03-31": "11883.00000", "2006-12-31": "11476.00000", "2006-09-30": "11178.30000", "2006-06-30": "10555.00000", "2006-03-31": "10589.70000", "2005-12-31": "10457.00000", "2005-09-30": "10772.60000", "2005-06-30": "11159.20000", "2005-03-31": "10691.50000"}, "Total Current Liabilities": {"2020-09-30": "1551.00000", "2020-06-30": "1588.00000", "2020-03-31": "1594.00000", "2019-12-31": "1724.00000", "2019-09-30": "1489.00000", "2019-06-30": "1461.00000", "2019-03-31": "1396.00000", "2018-12-31": "1458.00000", "2018-09-30": "1322.00000", "2018-06-30": "2826.00000", "2018-03-31": "3022.00000", "2017-12-31": "1369.00000", "2017-09-30": "1885.00000", "2017-06-30": "1858.00000", "2017-03-31": "2547.00000", "2016-12-31": "1985.00000", "2016-09-30": "2306.00000", "2016-06-30": "2199.00000", "2016-03-31": "2588.00000", "2015-12-31": "2665.00000", "2015-09-30": "1830.00000", "2015-06-30": "2902.00000", "2015-03-31": "3173.00000", "2014-12-31": "3769.00000", "2014-09-30": "3546.00000", "2014-06-30": "3397.00000", "2014-03-31": "2763.00000", "2013-12-31": "3554.00000", "2013-09-30": "3776.00000", "2013-06-30": "3795.00000", "2013-03-31": "3376.00000", "2012-12-31": "5463.00000", "2012-09-30": "6701.00000", "2012-06-30": "6726.00000", "2012-03-31": "5764.00000", "2011-12-31": "5528.00000", "2011-09-30": "4270.00000", "2011-06-30": "4484.00000", "2011-03-31": "3841.00000", "2010-12-31": "3836.00000", "2010-09-30": "4764.00000", "2010-06-30": "4668.00000", "2010-03-31": "3302.00000", "2009-12-31": "3618.00000", "2009-09-30": "2584.00000", "2009-06-30": "2959.00000", "2009-03-31": "3789.00000", "2008-12-31": "2701.00000", "2008-09-30": "2953.00000", "2008-06-30": "3920.00000", "2008-03-31": "5088.00000", "2007-12-31": "7902.00000", "2007-09-30": "1999.00000", "2007-06-30": "994.00000", "2007-03-31": "959.00000", "2006-12-31": "1039.00000", "2006-09-30": "871.30000", "2006-06-30": "711.40000", "2006-03-31": "946.00000", "2005-12-31": "923.00000", "2005-09-30": "905.50000", "2005-06-30": "920.10000", "2005-03-31": "432.30000"}, "Long Term Debt": {"2020-09-30": "7794.00000", "2020-06-30": "8480.00000", "2020-03-31": "8576.00000", "2019-12-31": "8693.00000", "2019-09-30": "9041.00000", "2019-06-30": "9378.00000", "2019-03-31": "9071.00000", "2018-12-31": "9605.00000", "2018-09-30": "8955.00000", "2018-06-30": "7814.00000", "2018-03-31": "7976.00000", "2017-12-31": "7146.00000", "2017-09-30": "6501.00000", "2017-06-30": "6525.00000", "2017-03-31": "6937.00000", "2016-12-31": "7740.00000", "2016-09-30": "7191.00000", "2016-06-30": "7155.00000", "2016-03-31": "7253.00000", "2015-12-31": "7397.00000", "2015-09-30": "8630.00000", "2015-06-30": "8989.00000", "2015-03-31": "8996.00000", "2014-12-31": "9019.00000", "2014-09-30": "9991.00000", "2014-06-30": "10298.00000", "2014-03-31": "10308.00000", "2013-12-31": "10379.00000", "2013-09-30": "10508.00000", "2013-06-30": "10608.00000", "2013-03-31": "10967.00000", "2012-12-31": "11092.00000", "2012-09-30": "11388.00000", "2012-06-30": "10039.00000", "2012-03-31": "10664.00000", "2011-12-31": "11349.00000", "2011-09-30": "9174.00000", "2011-06-30": "9165.00000", "2011-03-31": "9181.00000", "2010-12-31": "9209.00000", "2010-09-30": "11123.00000", "2010-06-30": "9764.00000", "2010-03-31": "9910.00000", "2009-12-31": "9849.00000", "2009-09-30": "11220.00000", "2009-06-30": "10890.00000", "2009-03-31": "10924.00000", "2008-12-31": "12893.00000", "2008-09-30": "13851.00000", "2008-06-30": "13134.00000", "2008-03-31": "13239.00000", "2007-12-31": "11085.00000", "2007-09-30": "1575.00000", "2007-06-30": "3046.00000", "2007-03-31": "3484.00000", "2006-12-31": "3203.00000", "2006-09-30": "3400.00000", "2006-06-30": "1500.60000", "2006-03-31": "1196.60000", "2005-12-31": "1197.00000", "2005-09-30": "1197.70000", "2005-06-30": "1793.50000", "2005-03-31": "2196.30000"}, "Other Non-Current Liabilities": {"2020-09-30": "1430.00000", "2020-06-30": "1476.00000", "2020-03-31": "1529.00000", "2019-12-31": "1555.00000", "2019-09-30": "1784.00000", "2019-06-30": "1820.00000", "2019-03-31": "1968.00000", "2018-12-31": "1424.00000", "2018-09-30": "1149.00000", "2018-06-30": "1172.00000", "2018-03-31": "1131.00000", "2017-12-31": "1082.00000", "2017-09-30": "1098.00000", "2017-06-30": "1058.00000", "2017-03-31": "1128.00000", "2016-12-31": "1153.00000", "2016-09-30": "967.00000", "2016-06-30": "1027.00000", "2016-03-31": "1027.00000", "2015-12-31": "1135.00000", "2015-09-30": "1162.00000", "2015-06-30": "1236.00000", "2015-03-31": "1263.00000", "2014-12-31": "1354.00000", "2014-09-30": "1210.00000", "2014-06-30": "1236.00000", "2014-03-31": "1281.00000", "2013-12-31": "1554.00000", "2013-09-30": "1717.00000", "2013-06-30": "1787.00000", "2013-03-31": "1955.00000", "2012-12-31": "1604.00000", "2012-09-30": "1517.00000", "2012-06-30": "1581.00000", "2012-03-31": "1914.00000", "2011-12-31": "1925.00000", "2011-09-30": "1730.00000", "2011-06-30": "1754.00000", "2011-03-31": "1840.00000", "2010-12-31": "1791.00000", "2010-09-30": "1752.00000", "2010-06-30": "1683.00000", "2010-03-31": "1707.00000", "2009-12-31": "1684.00000", "2009-09-30": "1736.00000", "2009-06-30": "1714.00000", "2009-03-31": "1753.00000", "2008-12-31": "1755.00000", "2008-09-30": "1528.00000", "2008-06-30": "1719.00000", "2008-03-31": "1928.00000", "2007-12-31": "2125.00000", "2007-09-30": "566.00000", "2007-06-30": "579.00000", "2007-03-31": "508.00000", "2006-12-31": "340.00000", "2006-09-30": "332.60000", "2006-06-30": "323.50000", "2006-03-31": "309.80000", "2005-12-31": "286.00000", "2005-09-30": "322.70000", "2005-06-30": "324.20000", "2005-03-31": "349.60000"}, "Total Long Term Liabilities": {"2020-09-30": "9518.00000", "2020-06-30": "10250.00000", "2020-03-31": "10382.00000", "2019-12-31": "10514.00000", "2019-09-30": "11018.00000", "2019-06-30": "11406.00000", "2019-03-31": "11101.00000", "2018-12-31": "11093.00000", "2018-09-30": "10179.00000", "2018-06-30": "9058.00000", "2018-03-31": "9246.00000", "2017-12-31": "8330.00000", "2017-09-30": "7753.00000", "2017-06-30": "7780.00000", "2017-03-31": "8270.00000", "2016-12-31": "9099.00000", "2016-09-30": "8469.00000", "2016-06-30": "8500.00000", "2016-03-31": "8601.00000", "2015-12-31": "8766.00000", "2015-09-30": "9979.00000", "2015-06-30": "10423.00000", "2015-03-31": "10422.00000", "2014-12-31": "10820.00000", "2014-09-30": "11466.00000", "2014-06-30": "11895.00000", "2014-03-31": "11959.00000", "2013-12-31": "12307.00000", "2013-09-30": "12566.00000", "2013-06-30": "12756.00000", "2013-03-31": "13272.00000", "2012-12-31": "13062.00000", "2012-09-30": "13355.00000", "2012-06-30": "12107.00000", "2012-03-31": "13228.00000", "2011-12-31": "13877.00000", "2011-09-30": "11563.00000", "2011-06-30": "11579.00000", "2011-03-31": "11664.00000", "2010-12-31": "11600.00000", "2010-09-30": "13527.00000", "2010-06-30": "12157.00000", "2010-03-31": "12330.00000", "2009-12-31": "12259.00000", "2009-09-30": "13728.00000", "2009-06-30": "13303.00000", "2009-03-31": "13350.00000", "2008-12-31": "15314.00000", "2008-09-30": "16137.00000", "2008-06-30": "15592.00000", "2008-03-31": "15987.00000", "2007-12-31": "13896.00000", "2007-09-30": "2199.00000", "2007-06-30": "3677.00000", "2007-03-31": "4046.00000", "2006-12-31": "3601.00000", "2006-09-30": "3840.90000", "2006-06-30": "1940.00000", "2006-03-31": "1609.10000", "2005-12-31": "1552.00000", "2005-09-30": "1669.40000", "2005-06-30": "2275.40000", "2005-03-31": "2697.70000"}, "Total Liabilities": {"2020-09-30": "11069.00000", "2020-06-30": "11838.00000", "2020-03-31": "11976.00000", "2019-12-31": "12238.00000", "2019-09-30": "12507.00000", "2019-06-30": "12867.00000", "2019-03-31": "12497.00000", "2018-12-31": "12551.00000", "2018-09-30": "11501.00000", "2018-06-30": "11884.00000", "2018-03-31": "12268.00000", "2017-12-31": "9699.00000", "2017-09-30": "9638.00000", "2017-06-30": "9638.00000", "2017-03-31": "10817.00000", "2016-12-31": "11084.00000", "2016-09-30": "10775.00000", "2016-06-30": "10699.00000", "2016-03-31": "11189.00000", "2015-12-31": "11431.00000", "2015-09-30": "11809.00000", "2015-06-30": "13325.00000", "2015-03-31": "13595.00000", "2014-12-31": "14589.00000", "2014-09-30": "15012.00000", "2014-06-30": "15292.00000", "2014-03-31": "14722.00000", "2013-12-31": "15861.00000", "2013-09-30": "16342.00000", "2013-06-30": "16551.00000", "2013-03-31": "16648.00000", "2012-12-31": "18525.00000", "2012-09-30": "20056.00000", "2012-06-30": "18833.00000", "2012-03-31": "18992.00000", "2011-12-31": "19405.00000", "2011-09-30": "15833.00000", "2011-06-30": "16063.00000", "2011-03-31": "15505.00000", "2010-12-31": "15436.00000", "2010-09-30": "18291.00000", "2010-06-30": "16825.00000", "2010-03-31": "15632.00000", "2009-12-31": "15877.00000", "2009-09-30": "16312.00000", "2009-06-30": "16262.00000", "2009-03-31": "17139.00000", "2008-12-31": "18015.00000", "2008-09-30": "19090.00000", "2008-06-30": "19512.00000", "2008-03-31": "21075.00000", "2007-12-31": "21798.00000", "2007-09-30": "4198.00000", "2007-06-30": "4671.00000", "2007-03-31": "5005.00000", "2006-12-31": "4640.00000", "2006-09-30": "4712.20000", "2006-06-30": "2651.40000", "2006-03-31": "2555.10000", "2005-12-31": "2475.00000", "2005-09-30": "2574.90000", "2005-06-30": "3195.50000", "2005-03-31": "3130.00000"}, "Common Stock Net": {"2020-09-30": "60.00000", "2020-06-30": "60.00000", "2020-03-31": "60.00000", "2019-12-31": "59.00000", "2019-09-30": "59.00000", "2019-06-30": "59.00000", "2019-03-31": "59.00000", "2018-12-31": "59.00000", "2018-09-30": "44.00000", "2018-06-30": "44.00000", "2018-03-31": "44.00000", "2017-12-31": "37.00000", "2017-09-30": "37.00000", "2017-06-30": "37.00000", "2017-03-31": "37.00000", "2016-12-31": "36.00000", "2016-09-30": "34.00000", "2016-06-30": "34.00000", "2016-03-31": "34.00000", "2015-12-31": "5193.00000", "2015-09-30": "5189.00000", "2015-06-30": "5186.00000", "2015-03-31": "5183.00000", "2014-12-31": "5169.00000", "2014-09-30": "5168.00000", "2014-06-30": "5167.00000", "2014-03-31": "5164.00000", "2013-12-31": "5147.00000", "2013-09-30": "5145.00000", "2013-06-30": "5142.00000", "2013-03-31": "5142.00000", "2012-12-31": "5130.00000", "2012-09-30": "5129.00000", "2012-06-30": "5127.00000", "2012-03-31": "4991.00000", "2011-12-31": "4982.00000", "2011-09-30": "4493.00000", "2011-06-30": "4490.00000", "2011-03-31": "4488.00000", "2010-12-31": "4482.00000", "2010-09-30": "4481.00000", "2010-06-30": "4479.00000", "2010-03-31": "4478.00000", "2009-12-31": "4472.00000", "2009-09-30": "4470.00000", "2009-06-30": "4468.00000", "2009-03-31": "4455.00000", "2008-12-31": "4444.00000", "2008-09-30": "3.00000", "2008-06-30": "3.00000", "2008-03-31": "3.00000", "2007-12-31": "3.00000", "2007-09-30": "3.00000", "2007-06-30": "3.00000", "2007-03-31": "3.00000", "2006-12-31": "2.00000", "2006-09-30": "3.00000", "2006-06-30": "3.20000", "2006-03-31": "3.20000", "2005-12-31": "3.00000", "2005-09-30": "3.30000", "2005-06-30": "3.30000", "2005-03-31": "3.20000"}, "Retained Earnings (Accumulated Deficit)": {"2020-09-30": "-1829.00000", "2020-06-30": "-2188.00000", "2020-03-31": "-1691.00000", "2019-12-31": "-1297.00000", "2019-09-30": "-1246.00000", "2019-06-30": "-421.00000", "2019-03-31": "-213.00000", "2018-12-31": "-67.00000", "2018-09-30": "175.00000", "2018-06-30": "584.00000", "2018-03-31": "1719.00000", "2017-12-31": "1929.00000", "2017-09-30": "2040.00000", "2017-06-30": "3457.00000", "2017-03-31": "5147.00000", "2016-12-31": "5056.00000", "2016-09-30": "4695.00000", "2016-06-30": "4466.00000", "2016-03-31": "4389.00000", "2015-12-31": "4278.00000", "2015-09-30": "3529.00000", "2015-06-30": "3208.00000", "2015-03-31": "2866.00000", "2014-12-31": "3349.00000", "2014-09-30": "4088.00000", "2014-06-30": "6305.00000", "2014-03-31": "5718.00000", "2013-12-31": "5262.00000", "2013-09-30": "5029.00000", "2013-06-30": "4483.00000", "2013-03-31": "4176.00000", "2012-12-31": "3855.00000", "2012-09-30": "3399.00000", "2012-06-30": "3780.00000", "2012-03-31": "4286.00000", "2011-12-31": "4180.00000", "2011-09-30": "10363.00000", "2011-06-30": "10434.00000", "2011-03-31": "10279.00000", "2010-12-31": "9969.00000", "2010-09-30": "10768.00000", "2010-06-30": "10400.00000", "2010-03-31": "9685.00000", "2009-12-31": "9008.00000", "2009-09-30": "8285.00000", "2009-06-30": "7575.00000", "2009-03-31": "6769.00000", "2008-12-31": "5827.00000", "2008-09-30": "5207.00000", "2008-06-30": "4102.00000", "2008-03-31": "2995.00000", "2007-12-31": "1806.00000", "2007-09-30": "750.00000", "2007-06-30": "-223.00000", "2007-03-31": "-770.00000", "2006-12-31": "-1181.00000", "2006-09-30": "-1802.20000", "2006-06-30": "-2111.20000", "2006-03-31": "-2360.70000", "2005-12-31": "-2566.00000", "2005-09-30": "-2718.00000", "2005-06-30": "-2888.40000", "2005-03-31": "-3190.20000"}, "Comprehensive Income": {"2020-09-30": "-327.00000", "2020-06-30": "-329.00000", "2020-03-31": "-331.00000", "2019-12-31": "-324.00000", "2019-09-30": "-295.00000", "2019-06-30": "-295.00000", "2019-03-31": "-296.00000", "2018-12-31": "-279.00000", "2018-09-30": "-290.00000", "2018-06-30": "-291.00000", "2018-03-31": "-292.00000", "2017-12-31": "-290.00000", "2017-09-30": "-298.00000", "2017-06-30": "-300.00000", "2017-03-31": "-284.00000", "2016-12-31": "-283.00000", "2016-09-30": "-327.00000", "2016-06-30": "-343.00000", "2016-03-31": "-339.00000", "2015-12-31": "-277.00000", "2015-09-30": "-368.00000", "2015-06-30": "-410.00000", "2015-03-31": "-414.00000", "2014-12-31": "-404.00000", "2014-09-30": "-185.00000", "2014-06-30": "-188.00000", "2014-03-31": "-263.00000", "2013-12-31": "-262.00000", "2013-09-30": "-426.00000", "2013-06-30": "-434.00000", "2013-03-31": "-540.00000", "2012-12-31": "-521.00000", "2012-09-30": "-512.00000", "2012-06-30": "-516.00000", "2012-03-31": "-515.00000", "2011-12-31": "-496.00000", "2011-09-30": "-338.00000", "2011-06-30": "-328.00000", "2011-03-31": "-335.00000", "2010-12-31": "-332.00000", "2010-09-30": "-327.00000", "2010-06-30": "-336.00000", "2010-03-31": "-338.00000", "2009-12-31": "-335.00000", "2009-09-30": "-442.00000", "2009-06-30": "-449.00000", "2009-03-31": "-448.00000", "2008-12-31": "-420.00000", "2008-09-30": "-46.00000", "2008-06-30": "-47.00000", "2008-03-31": "-64.00000", "2007-12-31": "-42.00000", "2007-09-30": "-31.00000", "2007-06-30": "-30.00000", "2007-03-31": "-30.00000", "2006-12-31": "-30.00000", "2006-09-30": "-20.60000", "2006-06-30": "-20.50000", "2006-03-31": "-20.40000", "2005-12-31": "-20.00000", "2005-09-30": "-23.00000", "2005-06-30": "-22.90000", "2005-03-31": "-22.80000"}, "Other Share Holders Equity": {"2020-09-30": "", "2020-06-30": "", "2020-03-31": "", "2019-12-31": "", "2019-09-30": "", "2019-06-30": "", "2019-03-31": "", "2018-12-31": "", "2018-09-30": "", "2018-06-30": "", "2018-03-31": "", "2017-12-31": "", "2017-09-30": "", "2017-06-30": "", "2017-03-31": "", "2016-12-31": "", "2016-09-30": "", "2016-06-30": "", "2016-03-31": "", "2015-12-31": "", "2015-09-30": "", "2015-06-30": "", "2015-03-31": "", "2014-12-31": "", "2014-09-30": "", "2014-06-30": "", "2014-03-31": "", "2013-12-31": "", "2013-09-30": "", "2013-06-30": "", "2013-03-31": "", "2012-12-31": "", "2012-09-30": "", "2012-06-30": "", "2012-03-31": "", "2011-12-31": "", "2011-09-30": "", "2011-06-30": "", "2011-03-31": "", "2010-12-31": "", "2010-09-30": "", "2010-06-30": "", "2010-03-31": "", "2009-12-31": "", "2009-09-30": "", "2009-06-30": "", "2009-03-31": "", "2008-12-31": "", "2008-09-30": "", "2008-06-30": "", "2008-03-31": "", "2007-12-31": "", "2007-09-30": "", "2007-06-30": "", "2007-03-31": "", "2006-12-31": "", "2006-09-30": "", "2006-06-30": "", "2006-03-31": "", "2005-12-31": "", "2005-09-30": "", "2005-06-30": "", "2005-03-31": ""}, "Share Holder Equity": {"2020-09-30": "11403.00000", "2020-06-30": "10987.00000", "2020-03-31": "11475.00000", "2019-12-31": "11867.00000", "2019-09-30": "11942.00000", "2019-06-30": "12757.00000", "2019-03-31": "12953.00000", "2018-12-31": "13114.00000", "2018-09-30": "11961.00000", "2018-06-30": "12362.00000", "2018-03-31": "13427.00000", "2017-12-31": "12711.00000", "2017-09-30": "12803.00000", "2017-06-30": "14209.00000", "2017-03-31": "15900.00000", "2016-12-31": "15805.00000", "2016-09-30": "15392.00000", "2016-06-30": "15140.00000", "2016-03-31": "15056.00000", "2015-12-31": "15000.00000", "2015-09-30": "14026.00000", "2015-06-30": "13648.00000", "2015-03-31": "13510.00000", "2014-12-31": "13982.00000", "2014-09-30": "14952.00000", "2014-06-30": "16775.00000", "2014-03-31": "17175.00000", "2013-12-31": "16685.00000", "2013-09-30": "16259.00000", "2013-06-30": "15664.00000", "2013-03-31": "16027.00000", "2012-12-31": "15730.00000", "2012-09-30": "15256.00000", "2012-06-30": "15609.00000", "2012-03-31": "15723.00000", "2011-12-31": "15627.00000", "2011-09-30": "20812.00000", "2011-06-30": "20873.00000", "2011-03-31": "21705.00000", "2010-12-31": "21375.00000", "2010-09-30": "21039.00000", "2010-06-30": "20727.00000", "2010-03-31": "21206.00000", "2009-12-31": "20559.00000", "2009-09-30": "19706.00000", "2009-06-30": "18995.00000", "2009-03-31": "18120.00000", "2008-12-31": "17167.00000", "2008-09-30": "16075.00000", "2008-06-30": "14965.00000", "2008-03-31": "13787.00000", "2007-12-31": "12566.00000", "2007-09-30": "8502.00000", "2007-06-30": "7478.00000", "2007-03-31": "6878.00000", "2006-12-31": "6836.00000", "2006-09-30": "6466.10000", "2006-06-30": "7903.60000", "2006-03-31": "8034.60000", "2005-12-31": "7982.00000", "2005-09-30": "8197.70000", "2005-06-30": "7963.70000", "2005-03-31": "7561.50000"}, "Total Liabilities And Share Holders Equity": {"2020-09-30": "22472.00000", "2020-06-30": "22825.00000", "2020-03-31": "23451.00000", "2019-12-31": "24105.00000", "2019-09-30": "24449.00000", "2019-06-30": "25624.00000", "2019-03-31": "25450.00000", "2018-12-31": "25665.00000", "2018-09-30": "23462.00000", "2018-06-30": "24246.00000", "2018-03-31": "25695.00000", "2017-12-31": "22410.00000", "2017-09-30": "22441.00000", "2017-06-30": "23847.00000", "2017-03-31": "26717.00000", "2016-12-31": "26889.00000", "2016-09-30": "26167.00000", "2016-06-30": "25839.00000", "2016-03-31": "26245.00000", "2015-12-31": "26431.00000", "2015-09-30": "25835.00000", "2015-06-30": "26973.00000", "2015-03-31": "27105.00000", "2014-12-31": "28571.00000", "2014-09-30": "29964.00000", "2014-06-30": "32067.00000", "2014-03-31": "31897.00000", "2013-12-31": "32546.00000", "2013-09-30": "32601.00000", "2013-06-30": "32215.00000", "2013-03-31": "32675.00000", "2012-12-31": "34255.00000", "2012-09-30": "35312.00000", "2012-06-30": "34442.00000", "2012-03-31": "34715.00000", "2011-12-31": "35032.00000", "2011-09-30": "36645.00000", "2011-06-30": "36936.00000", "2011-03-31": "37210.00000", "2010-12-31": "36811.00000", "2010-09-30": "39330.00000", "2010-06-30": "37552.00000", "2010-03-31": "36838.00000", "2009-12-31": "36436.00000", "2009-09-30": "36018.00000", "2009-06-30": "35257.00000", "2009-03-31": "35259.00000", "2008-12-31": "35182.00000", "2008-09-30": "35165.00000", "2008-06-30": "34477.00000", "2008-03-31": "34862.00000", "2007-12-31": "34364.00000", "2007-09-30": "12700.00000", "2007-06-30": "12149.00000", "2007-03-31": "11883.00000", "2006-12-31": "11476.00000", "2006-09-30": "11178.30000", "2006-06-30": "10555.00000", "2006-03-31": "10589.70000", "2005-12-31": "10457.00000", "2005-09-30": "10772.60000", "2005-06-30": "11159.20000", "2005-03-31": "10691.50000"}}, "cash flow statement": {"Net Income/Loss": {"2019-12-31": "-1257.00000", "2018-12-31": "-2003.00000", "2017-12-31": "-3097.00000", "2016-12-31": "827.00000", "2015-12-31": "897.00000", "2014-12-31": "-1900.00000", "2013-12-31": "1407.00000", "2012-12-31": "-211.00000", "2011-12-31": "-5677.00000", "2010-12-31": "969.00000", "2009-12-31": "3170.00000", "2008-12-31": "4029.00000", "2007-12-31": "3121.00000", "2006-12-31": "1385.00000", "2005-12-31": "716.00000"}, "Total Depreciation And Amortization - Cash Flow": {"2019-12-31": "1042.00000", "2018-12-31": "930.00000", "2017-12-31": "832.00000", "2016-12-31": "893.00000", "2015-12-31": "963.00000", "2014-12-31": "1129.00000", "2013-12-31": "1094.00000", "2012-12-31": "1332.00000", "2011-12-31": "1531.00000", "2010-12-31": "1680.00000", "2009-12-31": "1695.00000", "2008-12-31": "1242.00000", "2007-12-31": "429.00000", "2006-12-31": "401.00000", "2005-12-31": "406.00000"}, "Other Non-Cash Items": {"2019-12-31": "815.00000", "2018-12-31": "1496.00000", "2017-12-31": "3286.00000", "2016-12-31": "51.00000", "2015-12-31": "1817.00000", "2014-12-31": "3996.00000", "2013-12-31": "212.00000", "2012-12-31": "909.00000", "2011-12-31": "5040.00000", "2010-12-31": "805.00000", "2009-12-31": "37.00000", "2008-12-31": "-32.00000", "2007-12-31": "-311.00000", "2006-12-31": "-397.00000", "2005-12-31": "-145.00000"}, "Total Non-Cash Items": {"2019-12-31": "1857.00000", "2018-12-31": "2426.00000", "2017-12-31": "4118.00000", "2016-12-31": "944.00000", "2015-12-31": "2780.00000", "2014-12-31": "5125.00000", "2013-12-31": "1306.00000", "2012-12-31": "2241.00000", "2011-12-31": "6571.00000", "2010-12-31": "2485.00000", "2009-12-31": "1732.00000", "2008-12-31": "1210.00000", "2007-12-31": "118.00000", "2006-12-31": "4.00000", "2005-12-31": "261.00000"}, "Change In Accounts Receivable": {"2019-12-31": "77.00000", "2018-12-31": "180.00000", "2017-12-31": "230.00000", "2016-12-31": "", "2015-12-31": "", "2014-12-31": "", "2013-12-31": "", "2012-12-31": "-139.00000", "2011-12-31": "", "2010-12-31": "386.00000", "2009-12-31": "", "2008-12-31": "", "2007-12-31": "", "2006-12-31": "-347.00000", "2005-12-31": ""}, "Change In Inventories": {"2019-12-31": "", "2018-12-31": "", "2017-12-31": "", "2016-12-31": "", "2015-12-31": "", "2014-12-31": "", "2013-12-31": "", "2012-12-31": "", "2011-12-31": "", "2010-12-31": "", "2009-12-31": "", "2008-12-31": "", "2007-12-31": "", "2006-12-31": "", "2005-12-31": ""}, "Change In Accounts Payable": {"2019-12-31": "-21.00000", "2018-12-31": "-154.00000", "2017-12-31": "-115.00000", "2016-12-31": "", "2015-12-31": "", "2014-12-31": "", "2013-12-31": "", "2012-12-31": "931.00000", "2011-12-31": "", "2010-12-31": "197.00000", "2009-12-31": "", "2008-12-31": "", "2007-12-31": "", "2006-12-31": "168.00000", "2005-12-31": ""}, "Change In Assets/Liabilities": {"2019-12-31": "-54.00000", "2018-12-31": "-22.00000", "2017-12-31": "37.00000", "2016-12-31": "195.00000", "2015-12-31": "-306.00000", "2014-12-31": "-1029.00000", "2013-12-31": "-894.00000", "2012-12-31": "-30.00000", "2011-12-31": "787.00000", "2010-12-31": "-26.00000", "2009-12-31": "434.00000", "2008-12-31": "-321.00000", "2007-12-31": "-172.00000", "2006-12-31": "-92.00000", "2005-12-31": "-113.00000"}, "Total Change In Assets/Liabilities": {"2019-12-31": "-301.00000", "2018-12-31": "129.00000", "2017-12-31": "94.00000", "2016-12-31": "195.00000", "2015-12-31": "-306.00000", "2014-12-31": "-1029.00000", "2013-12-31": "-894.00000", "2012-12-31": "606.00000", "2011-12-31": "787.00000", "2010-12-31": "453.00000", "2009-12-31": "603.00000", "2008-12-31": "-321.00000", "2007-12-31": "-172.00000", "2006-12-31": "-139.00000", "2005-12-31": "-86.00000"}, "Cash Flow From Operating Activities": {"2019-12-31": "340.00000", "2018-12-31": "558.00000", "2017-12-31": "1170.00000", "2016-12-31": "1980.00000", "2015-12-31": "3445.00000", "2014-12-31": "2220.00000", "2013-12-31": "1918.00000", "2012-12-31": "2708.00000", "2011-12-31": "1825.00000", "2010-12-31": "3906.00000", "2009-12-31": "5598.00000", "2008-12-31": "4959.00000", "2007-12-31": "3073.00000", "2006-12-31": "1237.00000", "2005-12-31": "864.00000"}, "Net Change In Property, Plant, And Equipment": {"2019-12-31": "-317.00000", "2018-12-31": "-141.00000", "2017-12-31": "-147.00000", "2016-12-31": "-1314.00000", "2015-12-31": "-1947.00000", "2014-12-31": "-1915.00000", "2013-12-31": "-1860.00000", "2012-12-31": "-1218.00000", "2011-12-31": "-1020.00000", "2010-12-31": "-1391.00000", "2009-12-31": "-3041.00000", "2008-12-31": "-1860.00000", "2007-12-31": "-1380.00000", "2006-12-31": "-876.00000", "2005-12-31": "-182.00000"}, "Net Change In Intangible Assets": {"2019-12-31": "", "2018-12-31": "", "2017-12-31": "", "2016-12-31": "", "2015-12-31": "", "2014-12-31": "", "2013-12-31": "", "2012-12-31": "", "2011-12-31": "", "2010-12-31": "", "2009-12-31": "", "2008-12-31": "", "2007-12-31": "", "2006-12-31": "", "2005-12-31": ""}, "Net Acquisitions/Divestitures": {"2019-12-31": "", "2018-12-31": "-883.00000", "2017-12-31": "", "2016-12-31": "", "2015-12-31": "", "2014-12-31": "", "2013-12-31": "", "2012-12-31": "789.00000", "2011-12-31": "447.00000", "2010-12-31": "", "2009-12-31": "", "2008-12-31": "", "2007-12-31": "-4434.00000", "2006-12-31": "", "2005-12-31": ""}, "Net Change In Short-term Investments": {"2019-12-31": "123.00000", "2018-12-31": "507.00000", "2017-12-31": "", "2016-12-31": "", "2015-12-31": "", "2014-12-31": "", "2013-12-31": "", "2012-12-31": "", "2011-12-31": "-1246.00000", "2010-12-31": "", "2009-12-31": "295.00000", "2008-12-31": "-349.00000", "2007-12-31": "", "2006-12-31": "", "2005-12-31": ""}, "Net Change In Long-Term Investments": {"2019-12-31": "", "2018-12-31": "-173.00000", "2017-12-31": "-450.00000", "2016-12-31": "", "2015-12-31": "", "2014-12-31": "", "2013-12-31": "185.00000", "2012-12-31": "", "2011-12-31": "", "2010-12-31": "37.00000", "2009-12-31": "", "2008-12-31": "13.00000", "2007-12-31": "-242.00000", "2006-12-31": "", "2005-12-31": "277.00000"}, "Net Change In Investments - Total": {"2019-12-31": "123.00000", "2018-12-31": "334.00000", "2017-12-31": "-450.00000", "2016-12-31": "", "2015-12-31": "", "2014-12-31": "", "2013-12-31": "185.00000", "2012-12-31": "", "2011-12-31": "-1246.00000", "2010-12-31": "37.00000", "2009-12-31": "295.00000", "2008-12-31": "-336.00000", "2007-12-31": "-242.00000", "2006-12-31": "", "2005-12-31": "277.00000"}, "Investing Activities - Other": {"2019-12-31": "-74.00000", "2018-12-31": "-107.00000", "2017-12-31": "10.00000", "2016-12-31": "1.00000", "2015-12-31": "15.00000", "2014-12-31": "87.00000", "2013-12-31": "17.00000", "2012-12-31": "40.00000", "2011-12-31": "-77.00000", "2010-12-31": "633.00000", "2009-12-31": "52.00000", "2008-12-31": "", "2007-12-31": "379.00000", "2006-12-31": "461.00000", "2005-12-31": "74.00000"}, "Cash Flow From Investing Activities": {"2019-12-31": "-268.00000", "2018-12-31": "-797.00000", "2017-12-31": "-587.00000", "2016-12-31": "-1313.00000", "2015-12-31": "-1932.00000", "2014-12-31": "-1828.00000", "2013-12-31": "-1658.00000", "2012-12-31": "-389.00000", "2011-12-31": "-1896.00000", "2010-12-31": "-721.00000", "2009-12-31": "-2694.00000", "2008-12-31": "-2196.00000", "2007-12-31": "-5677.00000", "2006-12-31": "-415.00000", "2005-12-31": "169.00000"}, "Net Long-Term Debt": {"2019-12-31": "-269.00000", "2018-12-31": "-51.00000", "2017-12-31": "-1140.00000", "2016-12-31": "106.00000", "2015-12-31": "-1506.00000", "2014-12-31": "-539.00000", "2013-12-31": "-1692.00000", "2012-12-31": "-789.00000", "2011-12-31": "530.00000", "2010-12-31": "-511.00000", "2009-12-31": "-2357.00000", "2008-12-31": "-2232.00000", "2007-12-31": "12062.00000", "2006-12-31": "1700.00000", "2005-12-31": "-880.00000"}, "Net Current Debt": {"2019-12-31": "", "2018-12-31": "", "2017-12-31": "", "2016-12-31": "", "2015-12-31": "", "2014-12-31": "", "2013-12-31": "", "2012-12-31": "-260.00000", "2011-12-31": "-88.00000", "2010-12-31": "-193.00000", "2009-12-31": "-382.00000", "2008-12-31": "-837.00000", "2007-12-31": "1500.00000", "2006-12-31": "", "2005-12-31": ""}, "Debt Issuance/Retirement Net - Total": {"2019-12-31": "-269.00000", "2018-12-31": "-51.00000", "2017-12-31": "-1140.00000", "2016-12-31": "106.00000", "2015-12-31": "-1506.00000", "2014-12-31": "-539.00000", "2013-12-31": "-1692.00000", "2012-12-31": "-1049.00000", "2011-12-31": "442.00000", "2010-12-31": "-704.00000", "2009-12-31": "-2739.00000", "2008-12-31": "-3069.00000", "2007-12-31": "13562.00000", "2006-12-31": "1700.00000", "2005-12-31": "-880.00000"}, "Net Common Equity Issued/Repurchased": {"2019-12-31": "", "2018-12-31": "", "2017-12-31": "", "2016-12-31": "", "2015-12-31": "", "2014-12-31": "", "2013-12-31": "", "2012-12-31": "", "2011-12-31": "1211.00000", "2010-12-31": "-240.00000", "2009-12-31": "", "2008-12-31": "51.00000", "2007-12-31": "-10147.00000", "2006-12-31": "-2532.00000", "2005-12-31": "-170.00000"}, "Net Total Equity Issued/Repurchased": {"2019-12-31": "", "2018-12-31": "", "2017-12-31": "", "2016-12-31": "", "2015-12-31": "", "2014-12-31": "", "2013-12-31": "", "2012-12-31": "", "2011-12-31": "1211.00000", "2010-12-31": "-240.00000", "2009-12-31": "", "2008-12-31": "51.00000", "2007-12-31": "-10147.00000", "2006-12-31": "-2532.00000", "2005-12-31": "-170.00000"}, "Total Common And Preferred Stock Dividends Paid": {"2019-12-31": "", "2018-12-31": "", "2017-12-31": "", "2016-12-31": "", "2015-12-31": "", "2014-12-31": "", "2013-12-31": "", "2012-12-31": "", "2011-12-31": "", "2010-12-31": "", "2009-12-31": "", "2008-12-31": "", "2007-12-31": "", "2006-12-31": "", "2005-12-31": ""}, "Financial Activities - Other": {"2019-12-31": "-43.00000", "2018-12-31": "-96.00000", "2017-12-31": "99.00000", "2016-12-31": "70.00000", "2015-12-31": "-303.00000", "2014-12-31": "-461.00000", "2013-12-31": "-459.00000", "2012-12-31": "-153.00000", "2011-12-31": "-919.00000", "2010-12-31": "-17.00000", "2009-12-31": "2.00000", "2008-12-31": "-23.00000", "2007-12-31": "-37.00000", "2006-12-31": "32.00000", "2005-12-31": "11.00000"}, "Cash Flow From Financial Activities": {"2019-12-31": "-312.00000", "2018-12-31": "-147.00000", "2017-12-31": "-1041.00000", "2016-12-31": "176.00000", "2015-12-31": "-1809.00000", "2014-12-31": "-1000.00000", "2013-12-31": "-2151.00000", "2012-12-31": "-1202.00000", "2011-12-31": "734.00000", "2010-12-31": "-961.00000", "2009-12-31": "-2737.00000", "2008-12-31": "-3041.00000", "2007-12-31": "3378.00000", "2006-12-31": "-800.00000", "2005-12-31": "-1039.00000"}, "Net Cash Flow": {"2019-12-31": "-240.00000", "2018-12-31": "-386.00000", "2017-12-31": "-458.00000", "2016-12-31": "843.00000", "2015-12-31": "-296.00000", "2014-12-31": "-608.00000", "2013-12-31": "-1891.00000", "2012-12-31": "1117.00000", "2011-12-31": "663.00000", "2010-12-31": "2224.00000", "2009-12-31": "167.00000", "2008-12-31": "-278.00000", "2007-12-31": "774.00000", "2006-12-31": "22.00000", "2005-12-31": "-6.00000"}, "Stock-Based Compensation": {"2019-12-31": "37.00000", "2018-12-31": "45.00000", "2017-12-31": "41.00000", "2016-12-31": "42.00000", "2015-12-31": "64.00000", "2014-12-31": "98.00000", "2013-12-31": "113.00000", "2012-12-31": "97.00000", "2011-12-31": "95.00000", "2010-12-31": "102.00000", "2009-12-31": "81.00000", "2008-12-31": "64.00000", "2007-12-31": "78.00000", "2006-12-31": "20.00000", "2005-12-31": ""}, "Common Stock Dividends Paid": {"2019-12-31": "", "2018-12-31": "", "2017-12-31": "", "2016-12-31": "", "2015-12-31": "", "2014-12-31": "", "2013-12-31": "", "2012-12-31": "", "2011-12-31": "", "2010-12-31": "", "2009-12-31": "", "2008-12-31": "", "2007-12-31": "", "2006-12-31": "", "2005-12-31": ""}}, "cash flow statement, quarterly": {"Net Income/Loss": {"2020-09-30": 359, "2020-06-30": -497, "2020-03-31": "-391.00000", "2019-12-31": -55, "2019-09-30": -825, "2019-06-30": -206, "2019-03-31": "-171.00000", "2018-12-31": -243, "2018-09-30": -409, "2018-06-30": -1139, "2018-03-31": "-212.00000", "2017-12-31": -102, "2017-09-30": -1411, "2017-06-30": -1679, "2017-03-31": "95.00000", "2016-12-31": 257, "2016-09-30": 236, "2016-06-30": 93, "2016-03-31": "241.00000", "2015-12-31": 688, "2015-09-30": 330, "2015-06-30": 348, "2015-03-31": "-469.00000", "2014-12-31": -700, "2014-09-30": -2263, "2014-06-30": 597, "2014-03-31": "466.00000", "2013-12-31": 235, "2013-09-30": 548, "2013-06-30": 311, "2013-03-31": "313.00000", "2012-12-31": 457, "2012-09-30": -383, "2012-06-30": -303, "2012-03-31": "18.00000", "2011-12-31": -6122, "2011-09-30": -21, "2011-06-30": 126, "2011-03-31": "340.00000", "2010-12-31": -814, "2010-09-30": 378, "2010-06-30": 720, "2010-03-31": "685.00000", "2009-12-31": 717, "2009-09-30": 706, "2009-06-30": 808, "2009-03-31": "939.00000", "2008-12-31": 755, "2008-09-30": 1060, "2008-06-30": 1064, "2008-03-31": "1150.00000", "2007-12-31": 1046, "2007-09-30": 973, "2007-06-30": 549, "2007-03-31": "553.00000", "2006-12-31": 621, "2006-09-30": 309, "2006-06-30": 249, "2006-03-31": "206.00000", "2005-12-31": 152, "2005-09-30": 170.4, "2005-06-30": 301.8, "2005-03-31": "91.80000"}, "Total Depreciation And Amortization - Cash Flow": {"2020-09-30": 247, "2020-06-30": 249, "2020-03-31": "254.00000", "2019-12-31": 254, "2019-09-30": 260, "2019-06-30": 266, "2019-03-31": "262.00000", "2018-12-31": 238, "2018-09-30": -784, "2018-06-30": 1255, "2018-03-31": "221.00000", "2017-12-31": 184, "2017-09-30": 197, "2017-06-30": 219, "2017-03-31": "232.00000", "2016-12-31": 226, "2016-09-30": 225, "2016-06-30": 225, "2016-03-31": "217.00000", "2015-12-31": 213, "2015-09-30": 210, "2015-06-30": 249, "2015-03-31": "291.00000", "2014-12-31": 292, "2014-09-30": 284, "2014-06-30": 284, "2014-03-31": "269.00000", "2013-12-31": 281, "2013-09-30": 268, "2013-06-30": 279, "2013-03-31": "266.00000", "2012-12-31": 284, "2012-09-30": 336, "2012-06-30": 350, "2012-03-31": "362.00000", "2011-12-31": 389, "2011-09-30": 387, "2011-06-30": 385, "2011-03-31": "370.00000", "2010-12-31": 462, "2010-09-30": 413, "2010-06-30": 415, "2010-03-31": "390.00000", "2009-12-31": 690, "2009-09-30": 360, "2009-06-30": 342, "2009-03-31": "303.00000", "2008-12-31": 630, "2008-09-30": 237, "2008-06-30": 191, "2008-03-31": "184.00000", "2007-12-31": 125, "2007-09-30": 103, "2007-06-30": 101, "2007-03-31": "100.00000", "2006-12-31": 98, "2006-09-30": 99, "2006-06-30": 102, "2006-03-31": "102.00000", "2005-12-31": 108.3, "2005-09-30": 101.3, "2005-06-30": 98.9, "2005-03-31": "97.50000"}, "Other Non-Cash Items": {"2020-09-30": -378, "2020-06-30": 510, "2020-03-31": "244.00000", "2019-12-31": 18, "2019-09-30": 638, "2019-06-30": 158, "2019-03-31": "1.00000", "2018-12-31": -39, "2018-09-30": 1465, "2018-06-30": 68, "2018-03-31": "2.00000", "2017-12-31": 75, "2017-09-30": 1475, "2017-06-30": 1747, "2017-03-31": "-11.00000", "2016-12-31": 106, "2016-09-30": -95, "2016-06-30": 5, "2016-03-31": "35.00000", "2015-12-31": 22, "2015-09-30": -90, "2015-06-30": 1021, "2015-03-31": "864.00000", "2014-12-31": 1198, "2014-09-30": 2710, "2014-06-30": -3, "2014-03-31": "91.00000", "2013-12-31": 195, "2013-09-30": -24, "2013-06-30": 56, "2013-03-31": "-15.00000", "2012-12-31": -102, "2012-09-30": 843, "2012-06-30": -26, "2012-03-31": "194.00000", "2011-12-31": 5144, "2011-09-30": 41, "2011-06-30": 34, "2011-03-31": "-179.00000", "2010-12-31": 1111, "2010-09-30": -34, "2010-06-30": -285, "2010-03-31": "13.00000", "2009-12-31": -385, "2009-09-30": 48, "2009-06-30": 136, "2009-03-31": "238.00000", "2008-12-31": 13, "2008-09-30": 87, "2008-06-30": -160, "2008-03-31": "28.00000", "2007-12-31": -296, "2007-09-30": 8, "2007-06-30": -1, "2007-03-31": "-22.00000", "2006-12-31": -160, "2006-09-30": -70, "2006-06-30": -148, "2006-03-31": "-19.00000", "2005-12-31": -5.6, "2005-09-30": 24.4, "2005-06-30": -163.2, "2005-03-31": "-0.60000"}, "Total Non-Cash Items": {"2020-09-30": -131, "2020-06-30": 759, "2020-03-31": "498.00000", "2019-12-31": 272, "2019-09-30": 898, "2019-06-30": 424, "2019-03-31": "263.00000", "2018-12-31": 199, "2018-09-30": 681, "2018-06-30": 1323, "2018-03-31": "223.00000", "2017-12-31": 259, "2017-09-30": 1672, "2017-06-30": 1966, "2017-03-31": "221.00000", "2016-12-31": 332, "2016-09-30": 130, "2016-06-30": 230, "2016-03-31": "252.00000", "2015-12-31": 235, "2015-09-30": 120, "2015-06-30": 1270, "2015-03-31": "1155.00000", "2014-12-31": 1490, "2014-09-30": 2994, "2014-06-30": 281, "2014-03-31": "360.00000", "2013-12-31": 476, "2013-09-30": 244, "2013-06-30": 335, "2013-03-31": "251.00000", "2012-12-31": 182, "2012-09-30": 1179, "2012-06-30": 324, "2012-03-31": "556.00000", "2011-12-31": 5533, "2011-09-30": 428, "2011-06-30": 419, "2011-03-31": "191.00000", "2010-12-31": 1573, "2010-09-30": 379, "2010-06-30": 130, "2010-03-31": "403.00000", "2009-12-31": 305, "2009-09-30": 408, "2009-06-30": 478, "2009-03-31": "541.00000", "2008-12-31": 643, "2008-09-30": 324, "2008-06-30": 31, "2008-03-31": "212.00000", "2007-12-31": -171, "2007-09-30": 111, "2007-06-30": 100, "2007-03-31": "78.00000", "2006-12-31": -62, "2006-09-30": 29, "2006-06-30": -46, "2006-03-31": "83.00000", "2005-12-31": 102.7, "2005-09-30": 125.7, "2005-06-30": -64.3, "2005-03-31": "96.90000"}, "Change In Accounts Receivable": {"2020-09-30": 0, "2020-06-30": 0, "2020-03-31": "", "2019-12-31": 77, "2019-09-30": 0, "2019-06-30": 0, "2019-03-31": "", "2018-12-31": 180, "2018-09-30": 0, "2018-06-30": 0, "2018-03-31": "", "2017-12-31": 230, "2017-09-30": 0, "2017-06-30": 0, "2017-03-31": "", "2016-12-31": 0, "2016-09-30": 0, "2016-06-30": 0, "2016-03-31": "", "2015-12-31": 0, "2015-09-30": 0, "2015-06-30": 0, "2015-03-31": "", "2014-12-31": 0, "2014-09-30": 0, "2014-06-30": 0, "2014-03-31": "", "2013-12-31": 0, "2013-09-30": 0, "2013-06-30": 0, "2013-03-31": "", "2012-12-31": -139, "2012-09-30": 0, "2012-06-30": 0, "2012-03-31": "", "2011-12-31": 0, "2011-09-30": 0, "2011-06-30": 0, "2011-03-31": "", "2010-12-31": 386, "2010-09-30": 0, "2010-06-30": 0, "2010-03-31": "", "2009-12-31": 0, "2009-09-30": 0, "2009-06-30": 0, "2009-03-31": "", "2008-12-31": 0, "2008-09-30": 0, "2008-06-30": 0, "2008-03-31": "", "2007-12-31": 0, "2007-09-30": 0, "2007-06-30": 0, "2007-03-31": "", "2006-12-31": -74, "2006-09-30": -169, "2006-06-30": -33, "2006-03-31": "-71.00000", "2005-12-31": 146.7, "2005-09-30": -27.1, "2005-06-30": -79.6, "2005-03-31": "-40.00000"}, "Change In Inventories": {"2020-09-30": 0, "2020-06-30": 0, "2020-03-31": "", "2019-12-31": 0, "2019-09-30": 0, "2019-06-30": 0, "2019-03-31": "", "2018-12-31": 0, "2018-09-30": 0, "2018-06-30": 0, "2018-03-31": "", "2017-12-31": 0, "2017-09-30": 0, "2017-06-30": 0, "2017-03-31": "", "2016-12-31": 0, "2016-09-30": 0, "2016-06-30": 0, "2016-03-31": "", "2015-12-31": 0, "2015-09-30": 0, "2015-06-30": 0, "2015-03-31": "", "2014-12-31": 0, "2014-09-30": 0, "2014-06-30": 0, "2014-03-31": "", "2013-12-31": 0, "2013-09-30": 0, "2013-06-30": 0, "2013-03-31": "", "2012-12-31": 0, "2012-09-30": 0, "2012-06-30": 0, "2012-03-31": "", "2011-12-31": 0, "2011-09-30": 0, "2011-06-30": 0, "2011-03-31": "", "2010-12-31": 0, "2010-09-30": 0, "2010-06-30": 0, "2010-03-31": "", "2009-12-31": 0, "2009-09-30": 0, "2009-06-30": 0, "2009-03-31": "", "2008-12-31": 0, "2008-09-30": 0, "2008-06-30": 0, "2008-03-31": "", "2007-12-31": 0, "2007-09-30": 0, "2007-06-30": 0, "2007-03-31": "", "2006-12-31": 0, "2006-09-30": 0, "2006-06-30": 0, "2006-03-31": "", "2005-12-31": 0, "2005-09-30": 0, "2005-06-30": 0, "2005-03-31": ""}, "Change In Accounts Payable": {"2020-09-30": 0, "2020-06-30": 0, "2020-03-31": "", "2019-12-31": -21, "2019-09-30": 0, "2019-06-30": 0, "2019-03-31": "", "2018-12-31": -154, "2018-09-30": 0, "2018-06-30": 0, "2018-03-31": "", "2017-12-31": -115, "2017-09-30": 0, "2017-06-30": 0, "2017-03-31": "", "2016-12-31": 0, "2016-09-30": 0, "2016-06-30": 0, "2016-03-31": "", "2015-12-31": 0, "2015-09-30": 0, "2015-06-30": 0, "2015-03-31": "", "2014-12-31": 0, "2014-09-30": 0, "2014-06-30": 0, "2014-03-31": "", "2013-12-31": 0, "2013-09-30": 0, "2013-06-30": 0, "2013-03-31": "", "2012-12-31": 931, "2012-09-30": 0, "2012-06-30": 0, "2012-03-31": "", "2011-12-31": 0, "2011-09-30": 0, "2011-06-30": 0, "2011-03-31": "", "2010-12-31": 197, "2010-09-30": 0, "2010-06-30": 0, "2010-03-31": "", "2009-12-31": 0, "2009-09-30": 0, "2009-06-30": 0, "2009-03-31": "", "2008-12-31": 0, "2008-09-30": 0, "2008-06-30": 0, "2008-03-31": "", "2007-12-31": 0, "2007-09-30": 0, "2007-06-30": 0, "2007-03-31": "", "2006-12-31": 1, "2006-09-30": 76, "2006-06-30": 47, "2006-03-31": "44.00000", "2005-12-31": -85.6, "2005-09-30": 14.8, "2005-06-30": 55.4, "2005-03-31": "15.40000"}, "Change In Assets/Liabilities": {"2020-09-30": -157, "2020-06-30": -189, "2020-03-31": "-173.00000", "2019-12-31": 164, "2019-09-30": 1, "2019-06-30": -65, "2019-03-31": "-154.00000", "2018-12-31": 137, "2018-09-30": -65, "2018-06-30": -173, "2018-03-31": "79.00000", "2017-12-31": 4, "2017-09-30": 110, "2017-06-30": 65, "2017-03-31": "-142.00000", "2016-12-31": 110, "2016-09-30": 70, "2016-06-30": -118, "2016-03-31": "133.00000", "2015-12-31": 18, "2015-09-30": 53, "2015-06-30": -209, "2015-03-31": "-168.00000", "2014-12-31": -221, "2014-09-30": 141, "2014-06-30": -247, "2014-03-31": "-702.00000", "2013-12-31": 40, "2013-09-30": -196, "2013-06-30": -265, "2013-03-31": "-473.00000", "2012-12-31": -377, "2012-09-30": -22, "2012-06-30": 418, "2012-03-31": "-49.00000", "2011-12-31": 1133, "2011-09-30": 11, "2011-06-30": -219, "2011-03-31": "-138.00000", "2010-12-31": -419, "2010-09-30": -78, "2010-06-30": 418, "2010-03-31": "53.00000", "2009-12-31": -79, "2009-09-30": 285, "2009-06-30": 278, "2009-03-31": "-50.00000", "2008-12-31": -244, "2008-09-30": -121, "2008-06-30": -75, "2008-03-31": "119.00000", "2007-12-31": 40, "2007-09-30": -189, "2007-06-30": -47, "2007-03-31": "24.00000", "2006-12-31": -56, "2006-09-30": 15, "2006-06-30": -50, "2006-03-31": "-1.00000", "2005-12-31": -94.9, "2005-09-30": 2, "2005-06-30": -24.2, "2005-03-31": "4.10000"}, "Total Change In Assets/Liabilities": {"2020-09-30": -157, "2020-06-30": -189, "2020-03-31": "-173.00000", "2019-12-31": -83, "2019-09-30": 1, "2019-06-30": -65, "2019-03-31": "-154.00000", "2018-12-31": 288, "2018-09-30": -65, "2018-06-30": -173, "2018-03-31": "79.00000", "2017-12-31": 61, "2017-09-30": 110, "2017-06-30": 65, "2017-03-31": "-142.00000", "2016-12-31": 110, "2016-09-30": 70, "2016-06-30": -118, "2016-03-31": "133.00000", "2015-12-31": 18, "2015-09-30": 143, "2015-06-30": -299, "2015-03-31": "-168.00000", "2014-12-31": -221, "2014-09-30": 141, "2014-06-30": -247, "2014-03-31": "-702.00000", "2013-12-31": 40, "2013-09-30": -196, "2013-06-30": -265, "2013-03-31": "-473.00000", "2012-12-31": 259, "2012-09-30": -22, "2012-06-30": 418, "2012-03-31": "-49.00000", "2011-12-31": 1133, "2011-09-30": 11, "2011-06-30": -219, "2011-03-31": "-138.00000", "2010-12-31": 60, "2010-09-30": -78, "2010-06-30": 418, "2010-03-31": "53.00000", "2009-12-31": 90, "2009-09-30": 285, "2009-06-30": 278, "2009-03-31": "-50.00000", "2008-12-31": -244, "2008-09-30": -121, "2008-06-30": -75, "2008-03-31": "119.00000", "2007-12-31": 40, "2007-09-30": -189, "2007-06-30": -47, "2007-03-31": "24.00000", "2006-12-31": -56, "2006-09-30": -31, "2006-06-30": -30, "2006-03-31": "-22.00000", "2005-12-31": 6.2, "2005-09-30": -30.4, "2005-06-30": -36.2, "2005-03-31": "-25.60000"}, "Cash Flow From Operating Activities": {"2020-09-30": 81, "2020-06-30": 87, "2020-03-31": "-48.00000", "2019-12-31": 147, "2019-09-30": 91, "2019-06-30": 153, "2019-03-31": "-51.00000", "2018-12-31": 238, "2018-09-30": 214, "2018-06-30": 3, "2018-03-31": "103.00000", "2017-12-31": 244, "2017-09-30": 382, "2017-06-30": 363, "2017-03-31": "181.00000", "2016-12-31": 702, "2016-09-30": 440, "2016-06-30": 207, "2016-03-31": "631.00000", "2015-12-31": 960, "2015-09-30": 648, "2015-06-30": 1311, "2015-03-31": "526.00000", "2014-12-31": 566, "2014-09-30": 882, "2014-06-30": 636, "2014-03-31": "136.00000", "2013-12-31": 773, "2013-09-30": 623, "2013-06-30": 416, "2013-03-31": "106.00000", "2012-12-31": 923, "2012-09-30": 786, "2012-06-30": 459, "2012-03-31": "540.00000", "2011-12-31": 603, "2011-09-30": 492, "2011-06-30": 340, "2011-03-31": "390.00000", "2010-12-31": 756, "2010-09-30": 709, "2010-06-30": 1269, "2010-03-31": "1172.00000", "2009-12-31": 1175, "2009-09-30": 1406, "2009-06-30": 1576, "2009-03-31": "1441.00000", "2008-12-31": 1196, "2008-09-30": 1270, "2008-06-30": 1011, "2008-03-31": "1482.00000", "2007-12-31": 915, "2007-09-30": 897, "2007-06-30": 607, "2007-03-31": "654.00000", "2006-12-31": 504, "2006-09-30": 289, "2006-06-30": 176, "2006-03-31": "268.00000", "2005-12-31": 248.3, "2005-09-30": 237.6, "2005-06-30": 206.2, "2005-03-31": "171.90000"}, "Net Change In Property, Plant, And Equipment": {"2020-09-30": -53, "2020-06-30": -44, "2020-03-31": "-106.00000", "2019-12-31": -110, "2019-09-30": -109, "2019-06-30": -58, "2019-03-31": "-40.00000", "2018-12-31": -38, "2018-09-30": -34, "2018-06-30": -29, "2018-03-31": "-40.00000", "2017-12-31": -91, "2017-09-30": -127, "2017-06-30": 189, "2017-03-31": "-118.00000", "2016-12-31": -258, "2016-09-30": -245, "2016-06-30": -447, "2016-03-31": "-364.00000", "2015-12-31": -647, "2015-09-30": -937, "2015-06-30": -171, "2015-03-31": "-192.00000", "2014-12-31": -306, "2014-09-30": -228, "2014-06-30": -341, "2014-03-31": "-1040.00000", "2013-12-31": -744, "2013-09-30": -280, "2013-06-30": -349, "2013-03-31": "-487.00000", "2012-12-31": -686, "2012-09-30": -44, "2012-06-30": -235, "2012-03-31": "-253.00000", "2011-12-31": -362, "2011-09-30": -143, "2011-06-30": -288, "2011-03-31": "-227.00000", "2010-12-31": -473, "2010-09-30": -300, "2010-06-30": -290, "2010-03-31": "-328.00000", "2009-12-31": -856, "2009-09-30": -538, "2009-06-30": -947, "2009-03-31": "-700.00000", "2008-12-31": -509, "2008-09-30": -509, "2008-06-30": -327, "2008-03-31": "-515.00000", "2007-12-31": -382, "2007-09-30": -284, "2007-06-30": -288, "2007-03-31": "-426.00000", "2006-12-31": -464, "2006-09-30": -136, "2006-06-30": -180, "2006-03-31": "-96.00000", "2005-12-31": -97.4, "2005-09-30": -33, "2005-06-30": -53.4, "2005-03-31": "1.80000"}, "Net Change In Intangible Assets": {"2020-09-30": 0, "2020-06-30": 0, "2020-03-31": "", "2019-12-31": 0, "2019-09-30": 0, "2019-06-30": 0, "2019-03-31": "", "2018-12-31": 0, "2018-09-30": 0, "2018-06-30": 0, "2018-03-31": "", "2017-12-31": 0, "2017-09-30": 0, "2017-06-30": 0, "2017-03-31": "", "2016-12-31": 0, "2016-09-30": 0, "2016-06-30": 0, "2016-03-31": "", "2015-12-31": 0, "2015-09-30": 0, "2015-06-30": 0, "2015-03-31": "", "2014-12-31": 0, "2014-09-30": 0, "2014-06-30": 0, "2014-03-31": "", "2013-12-31": 0, "2013-09-30": 0, "2013-06-30": 0, "2013-03-31": "", "2012-12-31": 0, "2012-09-30": 0, "2012-06-30": 0, "2012-03-31": "", "2011-12-31": 0, "2011-09-30": 0, "2011-06-30": 0, "2011-03-31": "", "2010-12-31": 0, "2010-09-30": 0, "2010-06-30": 0, "2010-03-31": "", "2009-12-31": 0, "2009-09-30": 0, "2009-06-30": 0, "2009-03-31": "", "2008-12-31": 0, "2008-09-30": 0, "2008-06-30": 0, "2008-03-31": "", "2007-12-31": 0, "2007-09-30": 0, "2007-06-30": 0, "2007-03-31": "", "2006-12-31": 0, "2006-09-30": 0, "2006-06-30": 0, "2006-03-31": "", "2005-12-31": 0, "2005-09-30": 0, "2005-06-30": 0, "2005-03-31": ""}, "Net Acquisitions/Divestitures": {"2020-09-30": 0, "2020-06-30": 0, "2020-03-31": "", "2019-12-31": 0, "2019-09-30": 0, "2019-06-30": 0, "2019-03-31": "", "2018-12-31": -1014, "2018-09-30": 0, "2018-06-30": 0, "2018-03-31": "131.00000", "2017-12-31": 0, "2017-09-30": 0, "2017-06-30": 0, "2017-03-31": "", "2016-12-31": 0, "2016-09-30": 0, "2016-06-30": 0, "2016-03-31": "", "2015-12-31": 0, "2015-09-30": 0, "2015-06-30": 0, "2015-03-31": "", "2014-12-31": 0, "2014-09-30": -36, "2014-06-30": 22, "2014-03-31": "14.00000", "2013-12-31": -131, "2013-09-30": 68, "2013-06-30": 0, "2013-03-31": "63.00000", "2012-12-31": 593, "2012-09-30": 2, "2012-06-30": 160, "2012-03-31": "34.00000", "2011-12-31": 94, "2011-09-30": 94, "2011-06-30": 0, "2011-03-31": "259.00000", "2010-12-31": 0, "2010-09-30": 0, "2010-06-30": 0, "2010-03-31": "", "2009-12-31": 0, "2009-09-30": 0, "2009-06-30": 0, "2009-03-31": "", "2008-12-31": 0, "2008-09-30": 0, "2008-06-30": 0, "2008-03-31": "", "2007-12-31": -4434, "2007-09-30": 0, "2007-06-30": 0, "2007-03-31": "", "2006-12-31": 0, "2006-09-30": 0, "2006-06-30": 0, "2006-03-31": "", "2005-12-31": 0, "2005-09-30": 0, "2005-06-30": 0, "2005-03-31": ""}, "Net Change In Short-term Investments": {"2020-09-30": 0, "2020-06-30": 0, "2020-03-31": "", "2019-12-31": 0, "2019-09-30": 0, "2019-06-30": 123, "2019-03-31": "", "2018-12-31": 57, "2018-09-30": 0, "2018-06-30": 150, "2018-03-31": "300.00000", "2017-12-31": 0, "2017-09-30": 0, "2017-06-30": 0, "2017-03-31": "", "2016-12-31": 0, "2016-09-30": 0, "2016-06-30": 0, "2016-03-31": "", "2015-12-31": 0, "2015-09-30": 0, "2015-06-30": 0, "2015-03-31": "", "2014-12-31": 0, "2014-09-30": 0, "2014-06-30": 0, "2014-03-31": "", "2013-12-31": 0, "2013-09-30": 0, "2013-06-30": 0, "2013-03-31": "", "2012-12-31": 0, "2012-09-30": 0, "2012-06-30": 0, "2012-03-31": "", "2011-12-31": -1047, "2011-09-30": -199, "2011-06-30": 0, "2011-03-31": "", "2010-12-31": 0, "2010-09-30": 0, "2010-06-30": 0, "2010-03-31": "", "2009-12-31": 141, "2009-09-30": -5, "2009-06-30": -62, "2009-03-31": "221.00000", "2008-12-31": 45, "2008-09-30": -394, "2008-06-30": 0, "2008-03-31": "", "2007-12-31": 0, "2007-09-30": 0, "2007-06-30": 0, "2007-03-31": "", "2006-12-31": 0, "2006-09-30": 0, "2006-06-30": 0, "2006-03-31": "", "2005-12-31": 0, "2005-09-30": 0, "2005-06-30": 0, "2005-03-31": ""}, "Net Change In Long-Term Investments": {"2020-09-30": 0, "2020-06-30": 0, "2020-03-31": "", "2019-12-31": 0, "2019-09-30": 0, "2019-06-30": -123, "2019-03-31": "123.00000", "2018-12-31": -173, "2018-09-30": 0, "2018-06-30": 0, "2018-03-31": "", "2017-12-31": -450, "2017-09-30": 0, "2017-06-30": 0, "2017-03-31": "", "2016-12-31": 0, "2016-09-30": 0, "2016-06-30": 0, "2016-03-31": "", "2015-12-31": 0, "2015-09-30": 0, "2015-06-30": 0, "2015-03-31": "", "2014-12-31": 0, "2014-09-30": 0, "2014-06-30": 0, "2014-03-31": "", "2013-12-31": 0, "2013-09-30": 0, "2013-06-30": 185, "2013-03-31": "", "2012-12-31": 0, "2012-09-30": 0, "2012-06-30": 0, "2012-03-31": "", "2011-12-31": 0, "2011-09-30": 0, "2011-06-30": 0, "2011-03-31": "", "2010-12-31": 37, "2010-09-30": 0, "2010-06-30": 0, "2010-03-31": "", "2009-12-31": -5, "2009-09-30": 5, "2009-06-30": 0, "2009-03-31": "", "2008-12-31": 16, "2008-09-30": 0, "2008-06-30": 0, "2008-03-31": "-3.00000", "2007-12-31": -239, "2007-09-30": 0, "2007-06-30": 0, "2007-03-31": "-3.00000", "2006-12-31": 0, "2006-09-30": 0, "2006-06-30": 0, "2006-03-31": "", "2005-12-31": 0.6, "2005-09-30": 0, "2005-06-30": 273.3, "2005-03-31": "3.10000"}, "Net Change In Investments - Total": {"2020-09-30": 0, "2020-06-30": 0, "2020-03-31": "", "2019-12-31": 0, "2019-09-30": 0, "2019-06-30": 0, "2019-03-31": "123.00000", "2018-12-31": -116, "2018-09-30": 0, "2018-06-30": 150, "2018-03-31": "300.00000", "2017-12-31": -450, "2017-09-30": 0, "2017-06-30": 0, "2017-03-31": "", "2016-12-31": 0, "2016-09-30": 0, "2016-06-30": 0, "2016-03-31": "", "2015-12-31": 0, "2015-09-30": 0, "2015-06-30": 0, "2015-03-31": "", "2014-12-31": 0, "2014-09-30": 0, "2014-06-30": 0, "2014-03-31": "", "2013-12-31": 0, "2013-09-30": 0, "2013-06-30": 185, "2013-03-31": "", "2012-12-31": 0, "2012-09-30": 0, "2012-06-30": 0, "2012-03-31": "", "2011-12-31": -1047, "2011-09-30": -199, "2011-06-30": 0, "2011-03-31": "", "2010-12-31": 37, "2010-09-30": 0, "2010-06-30": 0, "2010-03-31": "", "2009-12-31": 136, "2009-09-30": 0, "2009-06-30": -62, "2009-03-31": "221.00000", "2008-12-31": 61, "2008-09-30": -394, "2008-06-30": 0, "2008-03-31": "-3.00000", "2007-12-31": -239, "2007-09-30": 0, "2007-06-30": 0, "2007-03-31": "-3.00000", "2006-12-31": 0, "2006-09-30": 0, "2006-06-30": 0, "2006-03-31": "", "2005-12-31": 0.6, "2005-09-30": 0, "2005-06-30": 273.3, "2005-03-31": "3.10000"}, "Investing Activities - Other": {"2020-09-30": -11, "2020-06-30": 0, "2020-03-31": "-6.00000", "2019-12-31": 0, "2019-09-30": -15, "2019-06-30": 1, "2019-03-31": "-60.00000", "2018-12-31": 0, "2018-09-30": -1, "2018-06-30": -91, "2018-03-31": "-15.00000", "2017-12-31": 0, "2017-09-30": 25, "2017-06-30": -15, "2017-03-31": "", "2016-12-31": 1, "2016-09-30": 0, "2016-06-30": 0, "2016-03-31": "", "2015-12-31": 0, "2015-09-30": 0, "2015-06-30": 15, "2015-03-31": "", "2014-12-31": 1, "2014-09-30": 0, "2014-06-30": 98, "2014-03-31": "-12.00000", "2013-12-31": 3, "2013-09-30": 2, "2013-06-30": 3, "2013-03-31": "9.00000", "2012-12-31": 8, "2012-09-30": 7, "2012-06-30": 13, "2012-03-31": "12.00000", "2011-12-31": 28, "2011-09-30": -72, "2011-06-30": -27, "2011-03-31": "-6.00000", "2010-12-31": 56, "2010-09-30": 2, "2010-06-30": 570, "2010-03-31": "5.00000", "2009-12-31": 52, "2009-09-30": 0, "2009-06-30": 0, "2009-03-31": "", "2008-12-31": 0, "2008-09-30": 0, "2008-06-30": 0, "2008-03-31": "", "2007-12-31": 379, "2007-09-30": 0, "2007-06-30": 0, "2007-03-31": "", "2006-12-31": 461, "2006-09-30": -203, "2006-06-30": 203, "2006-03-31": "", "2005-12-31": 74, "2005-09-30": 0, "2005-06-30": 0, "2005-03-31": ""}, "Cash Flow From Investing Activities": {"2020-09-30": -64, "2020-06-30": -44, "2020-03-31": "-112.00000", "2019-12-31": -110, "2019-09-30": -124, "2019-06-30": -57, "2019-03-31": "23.00000", "2018-12-31": -1168, "2018-09-30": -35, "2018-06-30": 30, "2018-03-31": "376.00000", "2017-12-31": -541, "2017-09-30": -102, "2017-06-30": 174, "2017-03-31": "-118.00000", "2016-12-31": -257, "2016-09-30": -245, "2016-06-30": -447, "2016-03-31": "-364.00000", "2015-12-31": -647, "2015-09-30": -937, "2015-06-30": -156, "2015-03-31": "-192.00000", "2014-12-31": -305, "2014-09-30": -264, "2014-06-30": -221, "2014-03-31": "-1038.00000", "2013-12-31": -872, "2013-09-30": -210, "2013-06-30": -161, "2013-03-31": "-415.00000", "2012-12-31": -85, "2012-09-30": -35, "2012-06-30": -62, "2012-03-31": "-207.00000", "2011-12-31": -1287, "2011-09-30": -320, "2011-06-30": -315, "2011-03-31": "26.00000", "2010-12-31": -380, "2010-09-30": -298, "2010-06-30": 280, "2010-03-31": "-323.00000", "2009-12-31": -668, "2009-09-30": -538, "2009-06-30": -1009, "2009-03-31": "-479.00000", "2008-12-31": -448, "2008-09-30": -903, "2008-06-30": -327, "2008-03-31": "-518.00000", "2007-12-31": -4676, "2007-09-30": -284, "2007-06-30": -288, "2007-03-31": "-429.00000", "2006-12-31": -3, "2006-09-30": -339, "2006-06-30": 23, "2006-03-31": "-96.00000", "2005-12-31": -22.8, "2005-09-30": -33, "2005-06-30": 219.9, "2005-03-31": "4.90000"}, "Net Long-Term Debt": {"2020-09-30": -126, "2020-06-30": -100, "2020-03-31": "-166.00000", "2019-12-31": -136, "2019-09-30": -355, "2019-06-30": 298, "2019-03-31": "-76.00000", "2018-12-31": 645, "2018-09-30": -308, "2018-06-30": -220, "2018-03-31": "-168.00000", "2017-12-31": 86, "2017-09-30": 307, "2017-06-30": -1461, "2017-03-31": "-72.00000", "2016-12-31": 1422, "2016-09-30": -1065, "2016-06-30": -196, "2016-03-31": "-55.00000", "2015-12-31": -200, "2015-09-30": -1237, "2015-06-30": -6, "2015-03-31": "-63.00000", "2014-12-31": -221, "2014-09-30": -75, "2014-06-30": -6, "2014-03-31": "-237.00000", "2013-12-31": -19, "2013-09-30": -77, "2013-06-30": -406, "2013-03-31": "-1190.00000", "2012-12-31": -1698, "2012-09-30": 1229, "2012-06-30": -173, "2012-03-31": "-147.00000", "2011-12-31": 797, "2011-09-30": -23, "2011-06-30": -202, "2011-03-31": "-42.00000", "2010-12-31": -1599, "2010-09-30": 1309, "2010-06-30": -22, "2010-03-31": "-199.00000", "2009-12-31": -119, "2009-09-30": -1147, "2009-06-30": -477, "2009-03-31": "-614.00000", "2008-12-31": 87, "2008-09-30": -697, "2008-06-30": -965, "2008-03-31": "-657.00000", "2007-12-31": 12762, "2007-09-30": -470, "2007-06-30": -420, "2007-03-31": "190.00000", "2006-12-31": 700, "2006-09-30": 1000, "2006-06-30": 0, "2006-03-31": "", "2005-12-31": 0.2, "2005-09-30": -592.4, "2005-06-30": -7.9, "2005-03-31": "-279.90000"}, "Net Current Debt": {"2020-09-30": 0, "2020-06-30": 0, "2020-03-31": "", "2019-12-31": 0, "2019-09-30": 0, "2019-06-30": 0, "2019-03-31": "", "2018-12-31": 0, "2018-09-30": 0, "2018-06-30": 0, "2018-03-31": "", "2017-12-31": 0, "2017-09-30": 0, "2017-06-30": 0, "2017-03-31": "", "2016-12-31": 0, "2016-09-30": 0, "2016-06-30": 0, "2016-03-31": "", "2015-12-31": 0, "2015-09-30": 0, "2015-06-30": 0, "2015-03-31": "", "2014-12-31": 0, "2014-09-30": 0, "2014-06-30": 0, "2014-03-31": "", "2013-12-31": 0, "2013-09-30": 0, "2013-06-30": 0, "2013-03-31": "", "2012-12-31": 0, "2012-09-30": 0, "2012-06-30": -260, "2012-03-31": "", "2011-12-31": -146, "2011-09-30": 2, "2011-06-30": 5, "2011-03-31": "51.00000", "2010-12-31": -62, "2010-09-30": 46, "2010-06-30": -46, "2010-03-31": "-131.00000", "2009-12-31": -136, "2009-09-30": 254, "2009-06-30": -476, "2009-03-31": "-24.00000", "2008-12-31": -684, "2008-09-30": 202, "2008-06-30": -351, "2008-03-31": "-4.00000", "2007-12-31": 1500, "2007-09-30": 0, "2007-06-30": 0, "2007-03-31": "", "2006-12-31": -900, "2006-09-30": 900, "2006-06-30": 0, "2006-03-31": "", "2005-12-31": 0, "2005-09-30": 0, "2005-06-30": 0, "2005-03-31": ""}, "Debt Issuance/Retirement Net - Total": {"2020-09-30": -126, "2020-06-30": -100, "2020-03-31": "-166.00000", "2019-12-31": -136, "2019-09-30": -355, "2019-06-30": 298, "2019-03-31": "-76.00000", "2018-12-31": 645, "2018-09-30": -308, "2018-06-30": -220, "2018-03-31": "-168.00000", "2017-12-31": 86, "2017-09-30": 307, "2017-06-30": -1461, "2017-03-31": "-72.00000", "2016-12-31": 1422, "2016-09-30": -1065, "2016-06-30": -196, "2016-03-31": "-55.00000", "2015-12-31": -200, "2015-09-30": -1237, "2015-06-30": -6, "2015-03-31": "-63.00000", "2014-12-31": -221, "2014-09-30": -75, "2014-06-30": -6, "2014-03-31": "-237.00000", "2013-12-31": -19, "2013-09-30": -77, "2013-06-30": -406, "2013-03-31": "-1190.00000", "2012-12-31": -1698, "2012-09-30": 1229, "2012-06-30": -433, "2012-03-31": "-147.00000", "2011-12-31": 651, "2011-09-30": -21, "2011-06-30": -197, "2011-03-31": "9.00000", "2010-12-31": -1661, "2010-09-30": 1355, "2010-06-30": -68, "2010-03-31": "-330.00000", "2009-12-31": -255, "2009-09-30": -893, "2009-06-30": -953, "2009-03-31": "-638.00000", "2008-12-31": -597, "2008-09-30": -495, "2008-06-30": -1316, "2008-03-31": "-661.00000", "2007-12-31": 14262, "2007-09-30": -470, "2007-06-30": -420, "2007-03-31": "190.00000", "2006-12-31": -200, "2006-09-30": 1900, "2006-06-30": 0, "2006-03-31": "", "2005-12-31": 0.2, "2005-09-30": -592.4, "2005-06-30": -7.9, "2005-03-31": "-279.90000"}, "Net Common Equity Issued/Repurchased": {"2020-09-30": 0, "2020-06-30": 0, "2020-03-31": "", "2019-12-31": 0, "2019-09-30": 0, "2019-06-30": 0, "2019-03-31": "", "2018-12-31": 0, "2018-09-30": 0, "2018-06-30": 0, "2018-03-31": "", "2017-12-31": 0, "2017-09-30": -403, "2017-06-30": 403, "2017-03-31": "", "2016-12-31": -1210, "2016-09-30": 1210, "2016-06-30": 0, "2016-03-31": "", "2015-12-31": 0, "2015-09-30": 0, "2015-06-30": 0, "2015-03-31": "", "2014-12-31": 0, "2014-09-30": 0, "2014-06-30": 0, "2014-03-31": "", "2013-12-31": 0, "2013-09-30": 0, "2013-06-30": 0, "2013-03-31": "", "2012-12-31": 0, "2012-09-30": 0, "2012-06-30": 0, "2012-03-31": "", "2011-12-31": 1211, "2011-09-30": 0, "2011-06-30": 0, "2011-03-31": "", "2010-12-31": 0, "2010-09-30": 0, "2010-06-30": -180, "2010-03-31": "-60.00000", "2009-12-31": -16, "2009-09-30": -6, "2009-06-30": 5, "2009-03-31": "17.00000", "2008-12-31": 2, "2008-09-30": -12, "2008-06-30": 34, "2008-03-31": "27.00000", "2007-12-31": -9803, "2007-09-30": 1, "2007-06-30": 40, "2007-03-31": "-385.00000", "2006-12-31": -248, "2006-09-30": -1750, "2006-06-30": -379, "2006-03-31": "-155.00000", "2005-12-31": -376.7, "2005-09-30": 42.7, "2005-06-30": 91.6, "2005-03-31": "72.40000"}, "Net Total Equity Issued/Repurchased": {"2020-09-30": 0, "2020-06-30": 0, "2020-03-31": "", "2019-12-31": 0, "2019-09-30": 0, "2019-06-30": 0, "2019-03-31": "", "2018-12-31": 0, "2018-09-30": 0, "2018-06-30": 0, "2018-03-31": "", "2017-12-31": 0, "2017-09-30": -403, "2017-06-30": 403, "2017-03-31": "", "2016-12-31": -1210, "2016-09-30": 1210, "2016-06-30": 0, "2016-03-31": "", "2015-12-31": 0, "2015-09-30": 0, "2015-06-30": 0, "2015-03-31": "", "2014-12-31": 0, "2014-09-30": 0, "2014-06-30": 0, "2014-03-31": "", "2013-12-31": 0, "2013-09-30": 0, "2013-06-30": 0, "2013-03-31": "", "2012-12-31": 0, "2012-09-30": 0, "2012-06-30": 0, "2012-03-31": "", "2011-12-31": 1211, "2011-09-30": 0, "2011-06-30": 0, "2011-03-31": "", "2010-12-31": 0, "2010-09-30": 0, "2010-06-30": -180, "2010-03-31": "-60.00000", "2009-12-31": -16, "2009-09-30": -6, "2009-06-30": 5, "2009-03-31": "17.00000", "2008-12-31": 2, "2008-09-30": -12, "2008-06-30": 34, "2008-03-31": "27.00000", "2007-12-31": -9803, "2007-09-30": 1, "2007-06-30": 40, "2007-03-31": "-385.00000", "2006-12-31": -248, "2006-09-30": -1750, "2006-06-30": -379, "2006-03-31": "-155.00000", "2005-12-31": -376.7, "2005-09-30": 42.7, "2005-06-30": 91.6, "2005-03-31": "72.40000"}, "Total Common And Preferred Stock Dividends Paid": {"2020-09-30": 0, "2020-06-30": 0, "2020-03-31": "", "2019-12-31": 0, "2019-09-30": 0, "2019-06-30": 0, "2019-03-31": "", "2018-12-31": 0, "2018-09-30": 0, "2018-06-30": 0, "2018-03-31": "", "2017-12-31": 0, "2017-09-30": 0, "2017-06-30": 0, "2017-03-31": "", "2016-12-31": 0, "2016-09-30": 0, "2016-06-30": 0, "2016-03-31": "", "2015-12-31": 0, "2015-09-30": 0, "2015-06-30": 0, "2015-03-31": "", "2014-12-31": 0, "2014-09-30": 0, "2014-06-30": 0, "2014-03-31": "", "2013-12-31": 0, "2013-09-30": 0, "2013-06-30": 0, "2013-03-31": "", "2012-12-31": 0, "2012-09-30": 0, "2012-06-30": 0, "2012-03-31": "", "2011-12-31": 0, "2011-09-30": 0, "2011-06-30": 0, "2011-03-31": "", "2010-12-31": 0, "2010-09-30": 0, "2010-06-30": 0, "2010-03-31": "", "2009-12-31": 0, "2009-09-30": 0, "2009-06-30": 0, "2009-03-31": "", "2008-12-31": 0, "2008-09-30": 0, "2008-06-30": 0, "2008-03-31": "", "2007-12-31": 0, "2007-09-30": 0, "2007-06-30": 0, "2007-03-31": "", "2006-12-31": 0, "2006-09-30": 0, "2006-06-30": 0, "2006-03-31": "", "2005-12-31": 0, "2005-09-30": 0, "2005-06-30": 0, "2005-03-31": ""}, "Financial Activities - Other": {"2020-09-30": -9, "2020-06-30": -9, "2020-03-31": "-9.00000", "2019-12-31": -9, "2019-09-30": -8, "2019-06-30": -11, "2019-03-31": "-15.00000", "2018-12-31": -1, "2018-09-30": -3, "2018-06-30": -12, "2018-03-31": "-80.00000", "2017-12-31": 0, "2017-09-30": 52, "2017-06-30": 0, "2017-03-31": "47.00000", "2016-12-31": -9, "2016-09-30": 41, "2016-06-30": 15, "2016-03-31": "23.00000", "2015-12-31": -8, "2015-09-30": -9, "2015-06-30": -62, "2015-03-31": "-224.00000", "2014-12-31": -278, "2014-09-30": 213, "2014-06-30": -279, "2014-03-31": "-117.00000", "2013-12-31": -198, "2013-09-30": -134, "2013-06-30": -181, "2013-03-31": "54.00000", "2012-12-31": -7, "2012-09-30": 57, "2012-06-30": 18, "2012-03-31": "-221.00000", "2011-12-31": -407, "2011-09-30": -254, "2011-06-30": -251, "2011-03-31": "-7.00000", "2010-12-31": 3, "2010-09-30": -18, "2010-06-30": 1, "2010-03-31": "-3.00000", "2009-12-31": 8, "2009-09-30": 10, "2009-06-30": -14, "2009-03-31": "-2.00000", "2008-12-31": -19, "2008-09-30": -7, "2008-06-30": 7, "2008-03-31": "-4.00000", "2007-12-31": -75, "2007-09-30": 29, "2007-06-30": 4, "2007-03-31": "5.00000", "2006-12-31": 7, "2006-09-30": 25, "2006-06-30": 0, "2006-03-31": "", "2005-12-31": -0.5, "2005-09-30": -0.6, "2005-06-30": 12, "2005-03-31": "0.10000"}, "Cash Flow From Financial Activities": {"2020-09-30": -135, "2020-06-30": -109, "2020-03-31": "-175.00000", "2019-12-31": -145, "2019-09-30": -363, "2019-06-30": 287, "2019-03-31": "-91.00000", "2018-12-31": 644, "2018-09-30": -311, "2018-06-30": -232, "2018-03-31": "-248.00000", "2017-12-31": 86, "2017-09-30": -44, "2017-06-30": -1058, "2017-03-31": "-25.00000", "2016-12-31": 203, "2016-09-30": 186, "2016-06-30": -181, "2016-03-31": "-32.00000", "2015-12-31": -208, "2015-09-30": -1246, "2015-06-30": -68, "2015-03-31": "-287.00000", "2014-12-31": -499, "2014-09-30": 138, "2014-06-30": -285, "2014-03-31": "-354.00000", "2013-12-31": -217, "2013-09-30": -211, "2013-06-30": -587, "2013-03-31": "-1136.00000", "2012-12-31": -1705, "2012-09-30": 1286, "2012-06-30": -415, "2012-03-31": "-368.00000", "2011-12-31": 1455, "2011-09-30": -275, "2011-06-30": -448, "2011-03-31": "2.00000", "2010-12-31": -1658, "2010-09-30": 1337, "2010-06-30": -247, "2010-03-31": "-393.00000", "2009-12-31": -263, "2009-09-30": -889, "2009-06-30": -962, "2009-03-31": "-623.00000", "2008-12-31": -614, "2008-09-30": -514, "2008-06-30": -1275, "2008-03-31": "-638.00000", "2007-12-31": 4384, "2007-09-30": -440, "2007-06-30": -376, "2007-03-31": "-190.00000", "2006-12-31": -441, "2006-09-30": 175, "2006-06-30": -379, "2006-03-31": "-155.00000", "2005-12-31": -377, "2005-09-30": -550.3, "2005-06-30": 95.7, "2005-03-31": "-207.40000"}, "Net Cash Flow": {"2020-09-30": -118, "2020-06-30": -66, "2020-03-31": "-335.00000", "2019-12-31": -108, "2019-09-30": -396, "2019-06-30": 383, "2019-03-31": "-119.00000", "2018-12-31": -286, "2018-09-30": -132, "2018-06-30": -199, "2018-03-31": "231.00000", "2017-12-31": -211, "2017-09-30": 236, "2017-06-30": -521, "2017-03-31": "38.00000", "2016-12-31": 648, "2016-09-30": 381, "2016-06-30": -421, "2016-03-31": "235.00000", "2015-12-31": 105, "2015-09-30": -1535, "2015-06-30": 1087, "2015-03-31": "47.00000", "2014-12-31": -238, "2014-09-30": 756, "2014-06-30": 130, "2014-03-31": "-1256.00000", "2013-12-31": -316, "2013-09-30": 202, "2013-06-30": -332, "2013-03-31": "-1445.00000", "2012-12-31": -867, "2012-09-30": 2037, "2012-06-30": -18, "2012-03-31": "-35.00000", "2011-12-31": 771, "2011-09-30": -103, "2011-06-30": -423, "2011-03-31": "418.00000", "2010-12-31": -1282, "2010-09-30": 1748, "2010-06-30": 1302, "2010-03-31": "456.00000", "2009-12-31": 244, "2009-09-30": -21, "2009-06-30": -395, "2009-03-31": "339.00000", "2008-12-31": 134, "2008-09-30": -147, "2008-06-30": -591, "2008-03-31": "326.00000", "2007-12-31": 623, "2007-09-30": 173, "2007-06-30": -57, "2007-03-31": "35.00000", "2006-12-31": 60, "2006-09-30": 125, "2006-06-30": -180, "2006-03-31": "17.00000", "2005-12-31": -151.5, "2005-09-30": -345.7, "2005-06-30": 521.8, "2005-03-31": "-30.60000"}, "Stock-Based Compensation": {"2020-09-30": 9, "2020-06-30": 7, "2020-03-31": "8.00000", "2019-12-31": 9, "2019-09-30": 9, "2019-06-30": 10, "2019-03-31": "9.00000", "2018-12-31": 9, "2018-09-30": 8, "2018-06-30": 18, "2018-03-31": "10.00000", "2017-12-31": 11, "2017-09-30": 9, "2017-06-30": 11, "2017-03-31": "10.00000", "2016-12-31": 11, "2016-09-30": 8, "2016-06-30": 10, "2016-03-31": "13.00000", "2015-12-31": 17, "2015-09-30": 14, "2015-06-30": 14, "2015-03-31": "19.00000", "2014-12-31": 23, "2014-09-30": 24, "2014-06-30": 23, "2014-03-31": "28.00000", "2013-12-31": 28, "2013-09-30": 36, "2013-06-30": 28, "2013-03-31": "21.00000", "2012-12-31": 25, "2012-09-30": 24, "2012-06-30": 25, "2012-03-31": "23.00000", "2011-12-31": 21, "2011-09-30": 20, "2011-06-30": 27, "2011-03-31": "27.00000", "2010-12-31": 23, "2010-09-30": 26, "2010-06-30": 18, "2010-03-31": "35.00000", "2009-12-31": 15, "2009-09-30": 23, "2009-06-30": 24, "2009-03-31": "19.00000", "2008-12-31": 15, "2008-09-30": 16, "2008-06-30": 11, "2008-03-31": "22.00000", "2007-12-31": 48, "2007-09-30": 11, "2007-06-30": 9, "2007-03-31": "10.00000", "2006-12-31": 7, "2006-09-30": 5, "2006-06-30": 5, "2006-03-31": "3.00000", "2005-12-31": -12.1, "2005-09-30": 5.9, "2005-06-30": 3.1, "2005-03-31": "3.10000"}, "Common Stock Dividends Paid": {"2020-09-30": 0, "2020-06-30": 0, "2020-03-31": "", "2019-12-31": 0, "2019-09-30": 0, "2019-06-30": 0, "2019-03-31": "", "2018-12-31": 0, "2018-09-30": 0, "2018-06-30": 0, "2018-03-31": "", "2017-12-31": 0, "2017-09-30": 0, "2017-06-30": 0, "2017-03-31": "", "2016-12-31": 0, "2016-09-30": 0, "2016-06-30": 0, "2016-03-31": "", "2015-12-31": 0, "2015-09-30": 0, "2015-06-30": 0, "2015-03-31": "", "2014-12-31": 0, "2014-09-30": 0, "2014-06-30": 0, "2014-03-31": "", "2013-12-31": 0, "2013-09-30": 0, "2013-06-30": 0, "2013-03-31": "", "2012-12-31": 0, "2012-09-30": 0, "2012-06-30": 0, "2012-03-31": "", "2011-12-31": 0, "2011-09-30": 0, "2011-06-30": 0, "2011-03-31": "", "2010-12-31": 0, "2010-09-30": 0, "2010-06-30": 0, "2010-03-31": "", "2009-12-31": 0, "2009-09-30": 0, "2009-06-30": 0, "2009-03-31": "", "2008-12-31": 0, "2008-09-30": 0, "2008-06-30": 0, "2008-03-31": "", "2007-12-31": 0, "2007-09-30": 0, "2007-06-30": 0, "2007-03-31": "", "2006-12-31": 0, "2006-09-30": 0, "2006-06-30": 0, "2006-03-31": "", "2005-12-31": 0, "2005-09-30": 0, "2005-06-30": 0, "2005-03-31": ""}}, "financial ratios": {"Current Ratio": {"2019-12-31": "2.11140", "2018-12-31": "2.70780", "2017-12-31": "3.36450", "2016-12-31": "2.56830", "2015-12-31": "1.80040", "2014-12-31": "1.54950", "2013-12-31": "1.90550", "2012-12-31": "1.58280", "2011-12-31": "1.36320", "2010-12-31": "1.61500", "2009-12-31": "1.23710", "2008-12-31": "1.98040", "2007-12-31": "0.54370", "2006-12-31": "1.59380", "2005-12-31": "1.38570"}, "Long-term Debt / Capital": {"2019-12-31": "0.42280", "2018-12-31": "0.42280", "2017-12-31": "0.35990", "2016-12-31": "0.32870", "2015-12-31": "0.33030", "2014-12-31": "0.39210", "2013-12-31": "0.38350", "2012-12-31": "0.41350", "2011-12-31": "0.42070", "2010-12-31": "0.30110", "2009-12-31": "0.32390", "2008-12-31": "0.42890", "2007-12-31": "0.46870", "2006-12-31": "0.31910", "2005-12-31": "0.13040"}, "Debt/Equity Ratio": {"2019-12-31": "0.78040", "2018-12-31": "0.76090", "2017-12-31": "0.58190", "2016-12-31": "0.53550", "2015-12-31": "0.56600", "2014-12-31": "0.71890", "2013-12-31": "0.64140", "2012-12-31": "0.79210", "2011-12-31": "0.86620", "2010-12-31": "0.52500", "2009-12-31": "0.56990", "2008-12-31": "0.78970", "2007-12-31": "1.37330", "2006-12-31": "0.48240", "2005-12-31": "0.20010"}, "Gross Margin": {"2019-12-31": "100.00000", "2018-12-31": "100.00000", "2017-12-31": "100.00000", "2016-12-31": "100.00000", "2015-12-31": "100.00000", "2014-12-31": "100.00000", "2013-12-31": "100.00000", "2012-12-31": "100.00000", "2011-12-31": "100.00000", "2010-12-31": "100.00000", "2009-12-31": "100.00000", "2008-12-31": "100.00000", "2007-12-31": "100.00000", "2006-12-31": "100.00000", "2005-12-31": "100.00000"}, "Operating Margin": {"2019-12-31": "-23.34850", "2018-12-31": "-41.45130", "2017-12-31": "-84.25830", "2016-12-31": "26.58020", "2015-12-31": "18.48090", "2014-12-31": "-14.66520", "2013-12-31": "23.97020", "2012-12-31": "17.88710", "2011-12-31": "-59.32480", "2010-12-31": "34.34390", "2009-12-31": "38.37080", "2008-12-31": "42.26760", "2007-12-31": "50.79190", "2006-12-31": "42.27200", "2005-12-31": "24.89630"}, "EBIT Margin": {"2019-12-31": "-23.34850", "2018-12-31": "-41.45130", "2017-12-31": "-84.25830", "2016-12-31": "26.58020", "2015-12-31": "18.48090", "2014-12-31": "-14.66520", "2013-12-31": "23.97020", "2012-12-31": "17.88710", "2011-12-31": "-59.32480", "2010-12-31": "34.34390", "2009-12-31": "38.37080", "2008-12-31": "42.26760", "2007-12-31": "50.79190", "2006-12-31": "42.27200", "2005-12-31": "24.89630"}, "EBITDA Margin": {"2019-12-31": "10.39510", "2018-12-31": "-10.63620", "2017-12-31": "-56.27310", "2016-12-31": "48.04130", "2015-12-31": "31.51910", "2014-12-31": "-2.37340", "2013-12-31": "35.79850", "2012-12-31": "32.77810", "2011-12-31": "-40.25170", "2010-12-31": "55.47870", "2009-12-31": "53.18590", "2008-12-31": "52.06720", "2007-12-31": "57.51920", "2006-12-31": "52.60180", "2005-12-31": "38.93500"}, "Pre-Tax Profit Margin": {"2019-12-31": "-38.79530", "2018-12-31": "-58.81380", "2017-12-31": "-101.00910", "2016-12-31": "22.44650", "2015-12-31": "13.74220", "2014-12-31": "-19.46650", "2013-12-31": "17.90460", "2012-12-31": "9.88260", "2011-12-31": "-67.74640", "2010-12-31": "27.11030", "2009-12-31": "34.25400", "2008-12-31": "37.65190", "2007-12-31": "52.90890", "2006-12-31": "41.39620", "2005-12-31": "27.76630"}, "Net Profit Margin": {"2019-12-31": "-40.64120", "2018-12-31": "-66.13650", "2017-12-31": "-105.18000", "2016-12-31": "18.36100", "2015-12-31": "11.71140", "2014-12-31": "-20.02180", "2013-12-31": "15.21250", "2012-12-31": "-2.44830", "2011-12-31": "-71.68310", "2010-12-31": "11.64930", "2009-12-31": "27.80350", "2008-12-31": "31.80530", "2007-12-31": "48.94150", "2006-12-31": "35.67750", "2005-12-31": "24.75800"}, "Asset Turnover": {"2019-12-31": "0.12810", "2018-12-31": "0.11760", "2017-12-31": "0.13270", "2016-12-31": "0.15470", "2015-12-31": "0.27940", "2014-12-31": "0.32150", "2013-12-31": "0.28420", "2012-12-31": "0.26110", "2011-12-31": "0.22910", "2010-12-31": "0.21590", "2009-12-31": "0.31400", "2008-12-31": "0.36020", "2007-12-31": "0.18560", "2006-12-31": "0.33830", "2005-12-31": "0.27660"}, "Inventory Turnover Ratio": {"2019-12-31": "", "2018-12-31": "", "2017-12-31": "", "2016-12-31": "", "2015-12-31": "", "2014-12-31": "", "2013-12-31": "", "2012-12-31": "", "2011-12-31": "", "2010-12-31": "", "2009-12-31": "", "2008-12-31": "", "2007-12-31": "", "2006-12-31": "", "2005-12-31": ""}, "Receiveable Turnover": {"2019-12-31": "4.72170", "2018-12-31": "4.99670", "2017-12-31": "4.98830", "2016-12-31": "4.63360", "2015-12-31": "5.27570", "2014-12-31": "4.33250", "2013-12-31": "4.27800", "2012-12-31": "4.06590", "2011-12-31": "3.68890", "2010-12-31": "4.31310", "2009-12-31": "4.79710", "2008-12-31": "4.42530", "2007-12-31": "2.69070", "2006-12-31": "4.10360", "2005-12-31": "4.82000"}, "Days Sales In Receivables": {"2019-12-31": "77.30250", "2018-12-31": "73.04840", "2017-12-31": "73.17190", "2016-12-31": "78.77190", "2015-12-31": "69.18490", "2014-12-31": "84.24610", "2013-12-31": "85.32060", "2012-12-31": "89.77080", "2011-12-31": "98.94610", "2010-12-31": "84.62640", "2009-12-31": "76.08820", "2008-12-31": "82.48070", "2007-12-31": "135.65160", "2006-12-31": "88.94640", "2005-12-31": "75.72610"}, "ROE - Return On Equity": {"2019-12-31": "-10.59240", "2018-12-31": "-15.27380", "2017-12-31": "-24.36470", "2016-12-31": "5.23250", "2015-12-31": "5.96670", "2014-12-31": "-13.44590", "2013-12-31": "8.37880", "2012-12-31": "5.28930", "2011-12-31": "-36.87210", "2010-12-31": "8.71580", "2009-12-31": "15.54550", "2008-12-31": "23.46950", "2007-12-31": "24.83690", "2006-12-31": "20.26040", "2005-12-31": "8.97020"}, "Return On Tangible Equity": {"2019-12-31": "-11.16440", "2018-12-31": "-16.25940", "2017-12-31": "-24.36470", "2016-12-31": "5.23250", "2015-12-31": "5.96670", "2014-12-31": "-13.44590", "2013-12-31": "10.20590", "2012-12-31": "6.52910", "2011-12-31": "-46.43030", "2010-12-31": "14.06780", "2009-12-31": "25.72230", "2008-12-31": "44.57350", "2007-12-31": "71.79670", "2006-12-31": "29.84270", "2005-12-31": "12.40260"}, "ROA - Return On Assets": {"2019-12-31": "-5.21470", "2018-12-31": "-7.80440", "2017-12-31": "-13.81970", "2016-12-31": "3.07560", "2015-12-31": "3.38620", "2014-12-31": "-6.58010", "2013-12-31": "4.29550", "2012-12-31": "2.42880", "2011-12-31": "-16.44780", "2010-12-31": "5.06100", "2009-12-31": "8.77150", "2008-12-31": "11.45190", "2007-12-31": "9.08220", "2006-12-31": "12.06870", "2005-12-31": "6.84710"}, "ROI - Return On Investment": {"2019-12-31": "-6.11380", "2018-12-31": "-8.81640", "2017-12-31": "-15.59650", "2016-12-31": "3.51240", "2015-12-31": "3.99610", "2014-12-31": "-8.17360", "2013-12-31": "5.16550", "2012-12-31": "3.10190", "2011-12-31": "-21.35970", "2010-12-31": "6.09140", "2009-12-31": "10.51040", "2008-12-31": "13.40320", "2007-12-31": "13.19610", "2006-12-31": "13.79620", "2005-12-31": "7.80040"}, "Book Value Per Share": {"2019-12-31": "19.39460", "2018-12-31": "21.51070", "2017-12-31": "32.48930", "2016-12-31": "40.59160", "2015-12-31": "41.20480", "2014-12-31": "38.59450", "2013-12-31": "46.24910", "2012-12-31": "43.75460", "2011-12-31": "44.67330", "2010-12-31": "66.98930", "2009-12-31": "64.00210", "2008-12-31": "53.77090", "2007-12-31": "39.61250", "2006-12-31": "33.40990", "2005-12-31": "35.13280"}, "Operating Cash Flow Per Share": {"2019-12-31": -0.6367, "2018-12-31": -1.8, "2017-12-31": -2.4028, "2016-12-31": -4.0953, "2015-12-31": 3.3578, "2014-12-31": 0.8048, "2013-12-31": -2.2789, "2012-12-31": 1.939, "2011-12-31": -6.5386, "2010-12-31": -5.233, "2009-12-31": 1.9907, "2008-12-31": 1.6063, "2007-12-31": 8.4169, "2006-12-31": 1.7951, "2005-12-31": 3.6303}, "Free Cash Flow Per Share": {"2019-12-31": -0.8534, "2018-12-31": -1.7254, "2017-12-31": 0.8017, "2016-12-31": -2.312, "2015-12-31": 3.2842, "2014-12-31": 0.6814, "2013-12-31": -4.0243, "2012-12-31": 1.6854, "2011-12-31": -5.3594, "2010-12-31": -0.1063, "2009-12-31": -1.6885, "2008-12-31": 2.0281, "2007-12-31": 6.0428, "2006-12-31": -1.2822, "2005-12-31": 2.8655}}, "financial ratios, quarterly": {"Current Ratio": {"2020-09-30": "2.04710", "2020-06-30": "2.06800", "2020-03-31": "2.06460", "2019-12-31": "2.11140", "2019-09-30": "2.53260", "2019-06-30": "2.88020", "2019-03-31": "2.71630", "2018-12-31": "2.70780", "2018-09-30": "3.07490", "2018-06-30": "1.49220", "2018-03-31": "1.50330", "2017-12-31": "3.36450", "2017-09-30": "2.36130", "2017-06-30": "2.30680", "2017-03-31": "1.99100", "2016-12-31": "2.56830", "2016-09-30": "1.94750", "2016-06-30": "1.87770", "2016-03-31": "1.81610", "2015-12-31": "1.80040", "2015-09-30": "2.68090", "2015-06-30": "2.31530", "2015-03-31": "1.84150", "2014-12-31": "1.54950", "2014-09-30": "1.79550", "2014-06-30": "1.69560", "2014-03-31": "2.03870", "2013-12-31": "1.90550", "2013-09-30": "1.95260", "2013-06-30": "1.80920", "2013-03-31": "2.11290", "2012-12-31": "1.58280", "2012-09-30": "1.53770", "2012-06-30": "1.09530", "2012-03-31": "1.33120", "2011-12-31": "1.36320", "2011-09-30": "1.53840", "2011-06-30": "1.50270", "2011-03-31": "1.79740", "2010-12-31": "1.61500", "2010-09-30": "1.63100", "2010-06-30": "1.26690", "2010-03-31": "1.42670", "2009-12-31": "1.23710", "2009-09-30": "1.78130", "2009-06-30": "1.56470", "2009-03-31": "1.37640", "2008-12-31": "1.98040", "2008-09-30": "1.79070", "2008-06-30": "1.20690", "2008-03-31": "1.02790", "2007-12-31": "0.54370", "2007-09-30": "1.11210", "2007-06-30": "1.90440", "2007-03-31": "1.89680", "2006-12-31": "1.59380", "2006-09-30": "1.77520", "2006-06-30": "1.75610", "2006-03-31": "1.43090", "2005-12-31": "1.38570", "2005-09-30": "1.55130", "2005-06-30": "1.87150", "2005-03-31": "2.55120"}, "Long-term Debt / Capital": {"2020-09-30": "0.40600", "2020-06-30": "0.43560", "2020-03-31": "0.42770", "2019-12-31": "0.42280", "2019-09-30": "0.43090", "2019-06-30": "0.42370", "2019-03-31": "0.41190", "2018-12-31": "0.42280", "2018-09-30": "0.42810", "2018-06-30": "0.38730", "2018-03-31": "0.37270", "2017-12-31": "0.35990", "2017-09-30": "0.33680", "2017-06-30": "0.31470", "2017-03-31": "0.30380", "2016-12-31": "0.32870", "2016-09-30": "0.31840", "2016-06-30": "0.32090", "2016-03-31": "0.32510", "2015-12-31": "0.33030", "2015-09-30": "0.38090", "2015-06-30": "0.39710", "2015-03-31": "0.39970", "2014-12-31": "0.39210", "2014-09-30": "0.40060", "2014-06-30": "0.38040", "2014-03-31": "0.37510", "2013-12-31": "0.38350", "2013-09-30": "0.39260", "2013-06-30": "0.40380", "2013-03-31": "0.40630", "2012-12-31": "0.41350", "2012-09-30": "0.42740", "2012-06-30": "0.39140", "2012-03-31": "0.40410", "2011-12-31": "0.42070", "2011-09-30": "0.30590", "2011-06-30": "0.30510", "2011-03-31": "0.29730", "2010-12-31": "0.30110", "2010-09-30": "0.34580", "2010-06-30": "0.32020", "2010-03-31": "0.31850", "2009-12-31": "0.32390", "2009-09-30": "0.36280", "2009-06-30": "0.36440", "2009-03-31": "0.37610", "2008-12-31": "0.42890", "2008-09-30": "0.46280", "2008-06-30": "0.46740", "2008-03-31": "0.48990", "2007-12-31": "0.46870", "2007-09-30": "0.15630", "2007-06-30": "0.28940", "2007-03-31": "0.33620", "2006-12-31": "0.31910", "2006-09-30": "0.34460", "2006-06-30": "0.15960", "2006-03-31": "0.12960", "2005-12-31": "0.13040", "2005-09-30": "0.12750", "2005-06-30": "0.18380", "2005-03-31": "0.22510"}, "Debt/Equity Ratio": {"2020-09-30": "0.73960", "2020-06-30": "0.82440", "2020-03-31": "0.79800", "2019-12-31": "0.78040", "2019-09-30": "0.78630", "2019-06-30": "0.76250", "2019-03-31": "0.72680", "2018-12-31": "0.76090", "2018-09-30": "0.77980", "2018-06-30": "0.77900", "2018-03-31": "0.73400", "2017-12-31": "0.58190", "2017-09-30": "0.57020", "2017-06-30": "0.52010", "2017-03-31": "0.52800", "2016-12-31": "0.53550", "2016-09-30": "0.53660", "2016-06-30": "0.54280", "2016-03-31": "0.56140", "2015-12-31": "0.56600", "2015-09-30": "0.62410", "2015-06-30": "0.73380", "2015-03-31": "0.74170", "2014-12-31": "0.71890", "2014-09-30": "0.69240", "2014-06-30": "0.62340", "2014-03-31": "0.60960", "2013-12-31": "0.64140", "2013-09-30": "0.65980", "2013-06-30": "0.68940", "2013-03-31": "0.70080", "2012-12-31": "0.79210", "2012-09-30": "0.92530", "2012-06-30": "0.82250", "2012-03-31": "0.85580", "2011-12-31": "0.86620", "2011-09-30": "0.53330", "2011-06-30": "0.53090", "2011-03-31": "0.51790", "2010-12-31": "0.52500", "2010-09-30": "0.61030", "2010-06-30": "0.55130", "2010-03-31": "0.53940", "2009-12-31": "0.56990", "2009-09-30": "0.60500", "2009-06-30": "0.63450", "2009-03-31": "0.71550", "2008-12-31": "0.78970", "2008-09-30": "0.91960", "2008-06-30": "1.02100", "2008-03-31": "1.20370", "2007-12-31": "1.37330", "2007-09-30": "0.30500", "2007-06-30": "0.40970", "2007-03-31": "0.50650", "2006-12-31": "0.48240", "2006-09-30": "0.54060", "2006-06-30": "0.20190", "2006-03-31": "0.19870", "2005-12-31": "0.20010", "2005-09-30": "0.19490", "2005-06-30": "0.27540", "2005-03-31": "0.29150"}, "Gross Margin": {"2020-09-30": "100.00000", "2020-06-30": "100.00000", "2020-03-31": "100.00000", "2019-12-31": "100.00000", "2019-09-30": "100.00000", "2019-06-30": "100.00000", "2019-03-31": "100.00000", "2018-12-31": "100.00000", "2018-09-30": "100.00000", "2018-06-30": "100.00000", "2018-03-31": "100.00000", "2017-12-31": "100.00000", "2017-09-30": "100.00000", "2017-06-30": "100.00000", "2017-03-31": "100.00000", "2016-12-31": "100.00000", "2016-09-30": "100.00000", "2016-06-30": "100.00000", "2016-03-31": "100.00000", "2015-12-31": "100.00000", "2015-09-30": "100.00000", "2015-06-30": "100.00000", "2015-03-31": "100.00000", "2014-12-31": "100.00000", "2014-09-30": "100.00000", "2014-06-30": "100.00000", "2014-03-31": "100.00000", "2013-12-31": "100.00000", "2013-09-30": "100.00000", "2013-06-30": "100.00000", "2013-03-31": "100.00000", "2012-12-31": "100.00000", "2012-09-30": "100.00000", "2012-06-30": "100.00000", "2012-03-31": "100.00000", "2011-12-31": "100.00000", "2011-09-30": "100.00000", "2011-06-30": "100.00000", "2011-03-31": "100.00000", "2010-12-31": "100.00000", "2010-09-30": "100.00000", "2010-06-30": "100.00000", "2010-03-31": "100.00000", "2009-12-31": "100.00000", "2009-09-30": "100.00000", "2009-06-30": "100.00000", "2009-03-31": "100.00000", "2008-12-31": "100.00000", "2008-09-30": "100.00000", "2008-06-30": "100.00000", "2008-03-31": "100.00000", "2007-12-31": "100.00000", "2007-09-30": "100.00000", "2007-06-30": "100.00000", "2007-03-31": "100.00000", "2006-12-31": "100.00000", "2006-09-30": "100.00000", "2006-06-30": "100.00000", "2006-03-31": "100.00000", "2005-12-31": "100.00000", "2005-09-30": "100.00000", "2005-06-30": "100.00000", "2005-03-31": "100.00000"}, "Operating Margin": {"2020-09-30": "0.51750", "2020-06-30": "-28.38710", "2020-03-31": "-26.21870", "2019-12-31": "-9.34340", "2019-09-30": "-77.42350", "2019-06-30": "-3.56200", "2019-03-31": "-1.72410", "2018-12-31": "-3.34220", "2018-09-30": "-37.37750", "2018-06-30": "-116.07590", "2018-03-31": "-0.60240", "2017-12-31": "2.38470", "2017-09-30": "-141.95540", "2017-06-30": "-205.32620", "2017-03-31": "21.52870", "2016-12-31": "29.77410", "2016-09-30": "25.27590", "2016-06-30": "17.34040", "2016-03-31": "31.61820", "2015-12-31": "39.70830", "2015-09-30": "27.67410", "2015-06-30": "26.85780", "2015-03-31": "-15.71220", "2014-12-31": "-27.40210", "2014-09-30": "-95.50660", "2014-06-30": "32.86080", "2014-03-31": "28.73020", "2013-12-31": "17.54000", "2013-09-30": "30.13480", "2013-06-30": "25.59220", "2013-03-31": "21.93220", "2012-12-31": "26.98800", "2012-09-30": "33.36080", "2012-06-30": "-6.09700", "2012-03-31": "17.58290", "2011-12-31": "-371.43770", "2011-09-30": "14.96740", "2011-06-30": "15.20990", "2011-03-31": "17.35080", "2010-12-31": "33.60660", "2010-09-30": "27.79480", "2010-06-30": "38.28160", "2010-03-31": "36.52580", "2009-12-31": "37.92970", "2009-09-30": "33.90010", "2009-06-30": "38.89660", "2009-03-31": "42.30280", "2008-12-31": "33.14990", "2008-09-30": "43.32710", "2008-06-30": "43.52030", "2008-03-31": "49.51770", "2007-12-31": "55.51280", "2007-09-30": "48.95970", "2007-06-30": "47.14090", "2007-03-31": "49.47290", "2006-12-31": "57.16700", "2006-09-30": "38.04880", "2006-06-30": "33.84080", "2006-03-31": "34.76130", "2005-12-31": "24.41990", "2005-09-30": "26.68500", "2005-06-30": "25.40560", "2005-03-31": "22.72800"}, "EBIT Margin": {"2020-09-30": "0.51750", "2020-06-30": "-28.38710", "2020-03-31": "-26.21870", "2019-12-31": "-9.34340", "2019-09-30": "-77.42350", "2019-06-30": "-3.56200", "2019-03-31": "-1.72410", "2018-12-31": "-3.34220", "2018-09-30": "-37.37750", "2018-06-30": "-116.07590", "2018-03-31": "-0.60240", "2017-12-31": "2.38470", "2017-09-30": "-141.95540", "2017-06-30": "-205.32620", "2017-03-31": "21.52870", "2016-12-31": "29.77410", "2016-09-30": "25.27590", "2016-06-30": "17.34040", "2016-03-31": "31.61820", "2015-12-31": "39.70830", "2015-09-30": "27.67410", "2015-06-30": "26.85780", "2015-03-31": "-15.71220", "2014-12-31": "-27.40210", "2014-09-30": "-95.50660", "2014-06-30": "32.86080", "2014-03-31": "28.73020", "2013-12-31": "17.54000", "2013-09-30": "30.13480", "2013-06-30": "25.59220", "2013-03-31": "21.93220", "2012-12-31": "26.98800", "2012-09-30": "33.36080", "2012-06-30": "-6.09700", "2012-03-31": "17.58290", "2011-12-31": "-371.43770", "2011-09-30": "14.96740", "2011-06-30": "15.20990", "2011-03-31": "17.35080", "2010-12-31": "33.60660", "2010-09-30": "27.79480", "2010-06-30": "38.28160", "2010-03-31": "36.52580", "2009-12-31": "37.92970", "2009-09-30": "33.90010", "2009-06-30": "38.89660", "2009-03-31": "42.30280", "2008-12-31": "33.14990", "2008-09-30": "43.32710", "2008-06-30": "43.52030", "2008-03-31": "49.51770", "2007-12-31": "55.51280", "2007-09-30": "48.95970", "2007-06-30": "47.14090", "2007-03-31": "49.47290", "2006-12-31": "57.16700", "2006-09-30": "38.04880", "2006-06-30": "33.84080", "2006-03-31": "34.76130", "2005-12-31": "24.42000", "2005-09-30": "26.68500", "2005-06-30": "25.40560", "2005-03-31": "22.72800"}, "EBITDA Margin": {"2020-09-30": "", "2020-06-30": "", "2020-03-31": "", "2019-12-31": "", "2019-09-30": "", "2019-06-30": "", "2019-03-31": "", "2018-12-31": "", "2018-09-30": "", "2018-06-30": "", "2018-03-31": "", "2017-12-31": "", "2017-09-30": "", "2017-06-30": "", "2017-03-31": "", "2016-12-31": "", "2016-09-30": "", "2016-06-30": "", "2016-03-31": "", "2015-12-31": "", "2015-09-30": "", "2015-06-30": "", "2015-03-31": "", "2014-12-31": "", "2014-09-30": "", "2014-06-30": "", "2014-03-31": "", "2013-12-31": "", "2013-09-30": "", "2013-06-30": "", "2013-03-31": "", "2012-12-31": "", "2012-09-30": "", "2012-06-30": "", "2012-03-31": "", "2011-12-31": "", "2011-09-30": "", "2011-06-30": "", "2011-03-31": "", "2010-12-31": "", "2010-09-30": "", "2010-06-30": "", "2010-03-31": "", "2009-12-31": "", "2009-09-30": "", "2009-06-30": "", "2009-03-31": "", "2008-12-31": "", "2008-09-30": "", "2008-06-30": "", "2008-03-31": "", "2007-12-31": "", "2007-09-30": "", "2007-06-30": "", "2007-03-31": "", "2006-12-31": "", "2006-09-30": "", "2006-06-30": "", "2006-03-31": "", "2005-12-31": "", "2005-09-30": "", "2005-06-30": "", "2005-03-31": ""}, "Pre-Tax Profit Margin": {"2020-09-30": "43.33770", "2020-06-30": "-50.00000", "2020-03-31": "-52.04220", "2019-12-31": "-9.97470", "2019-09-30": "-98.34180", "2019-06-30": "-22.29550", "2019-03-31": "-23.74010", "2018-12-31": "-17.78080", "2018-09-30": "-53.79900", "2018-06-30": "-133.41770", "2018-03-31": "-22.43980", "2017-12-31": "-17.64710", "2017-09-30": "-152.35150", "2017-06-30": "-228.49530", "2017-03-31": "7.00640", "2016-12-31": "24.84600", "2016-09-30": "26.71080", "2016-06-30": "11.70210", "2016-03-31": "25.35420", "2015-12-31": "36.08860", "2015-09-30": "21.39300", "2015-06-30": "20.54140", "2015-03-31": "-18.79590", "2014-12-31": "-32.91820", "2014-09-30": "-100.35240", "2014-06-30": "29.03780", "2014-03-31": "23.68530", "2013-12-31": "11.58970", "2013-09-30": "24.62230", "2013-06-30": "19.20470", "2013-03-31": "15.47620", "2012-12-31": "18.12050", "2012-09-30": "26.24430", "2012-06-30": "-13.65390", "2012-03-31": "8.91000", "2011-12-31": "-383.05520", "2011-09-30": "3.86740", "2011-06-30": "8.91170", "2011-03-31": "11.42720", "2010-12-31": "4.75410", "2010-09-30": "21.30640", "2010-06-30": "32.67450", "2010-03-31": "32.18300", "2009-12-31": "34.11000", "2009-09-30": "29.89730", "2009-06-30": "34.42050", "2009-03-31": "38.16550", "2008-12-31": "29.51070", "2008-09-30": "38.69050", "2008-06-30": "38.81370", "2008-03-31": "43.98710", "2007-12-31": "51.46850", "2007-09-30": "66.58000", "2007-06-30": "44.83960", "2007-03-31": "48.04220", "2006-12-31": "58.43170", "2006-09-30": "36.39020", "2006-06-30": "32.20140", "2006-03-31": "32.55810", "2005-12-31": "22.44980", "2005-09-30": "25.58350", "2005-06-30": "44.70720", "2005-03-31": "17.36720"}, "Net Profit Margin": {"2020-09-30": "46.44240", "2020-06-30": "-53.44090", "2020-03-31": "-51.64690", "2019-12-31": "-6.43940", "2019-09-30": "-105.22960", "2019-06-30": "-27.44060", "2019-03-31": "-22.67910", "2018-12-31": "-32.35290", "2018-09-30": "-50.12260", "2018-06-30": "-143.67090", "2018-03-31": "-31.62650", "2017-12-31": "-17.64710", "2017-09-30": "-175.37130", "2017-06-30": "-225.03330", "2017-03-31": "11.59240", "2016-12-31": "23.51130", "2016-09-30": "24.06180", "2016-06-30": "8.72340", "2016-03-31": "17.52420", "2015-12-31": "37.00700", "2015-09-30": "19.96270", "2015-06-30": "18.15290", "2015-03-31": "-23.64170", "2014-12-31": "-29.58190", "2014-09-30": "-97.66520", "2014-06-30": "25.21480", "2014-03-31": "19.49550", "2013-12-31": "10.47960", "2013-09-30": "22.29480", "2013-06-30": "12.98650", "2013-03-31": "14.56040", "2012-12-31": "22.02410", "2012-09-30": "-15.67260", "2012-06-30": "-13.05280", "2012-03-31": "0.42650", "2011-12-31": "-395.12190", "2011-09-30": "-1.60720", "2011-06-30": "5.31280", "2011-03-31": "14.45900", "2010-12-31": "-136.72130", "2010-09-30": "16.13330", "2010-06-30": "28.84230", "2010-03-31": "26.25050", "2009-12-31": "27.61650", "2009-09-30": "25.15060", "2009-06-30": "27.96670", "2009-03-31": "30.21170", "2008-12-31": "23.05810", "2008-09-30": "33.30200", "2008-06-30": "34.33270", "2008-03-31": "36.94530", "2007-12-31": "50.36110", "2007-09-30": "63.26400", "2007-06-30": "38.28450", "2007-03-31": "41.64160", "2006-12-31": "52.36090", "2006-09-30": "30.14630", "2006-06-30": "29.15690", "2006-03-31": "25.21420", "2005-12-31": "19.70190", "2005-09-30": "22.34460", "2005-06-30": "41.49020", "2005-03-31": "14.55990"}, "Asset Turnover": {"2020-09-30": "0.03440", "2020-06-30": "0.04070", "2020-03-31": "0.03240", "2019-12-31": "0.03290", "2019-09-30": "0.03210", "2019-06-30": "0.02960", "2019-03-31": "0.02960", "2018-12-31": "0.02910", "2018-09-30": "0.03480", "2018-06-30": "0.03260", "2018-03-31": "0.02580", "2017-12-31": "0.02810", "2017-09-30": "0.03600", "2017-06-30": "0.03150", "2017-03-31": "0.02940", "2016-12-31": "0.03620", "2016-09-30": "0.03460", "2016-06-30": "0.03640", "2016-03-31": "0.05110", "2015-12-31": "0.07000", "2015-09-30": "0.06220", "2015-06-30": "0.06980", "2015-03-31": "0.07540", "2014-12-31": "0.07870", "2014-09-30": "0.07580", "2014-06-30": "0.07260", "2014-03-31": "0.07330", "2013-12-31": "0.06920", "2013-09-30": "0.07510", "2013-06-30": "0.07340", "2013-03-31": "0.06680", "2012-12-31": "0.06060", "2012-09-30": "0.06880", "2012-06-30": "0.06760", "2012-03-31": "0.06080", "2011-12-31": "0.04450", "2011-09-30": "0.05430", "2011-06-30": "0.06320", "2011-03-31": "0.05760", "2010-12-31": "0.01660", "2010-09-30": "0.05800", "2010-06-30": "0.06600", "2010-03-31": "0.07000", "2009-12-31": "0.07190", "2009-09-30": "0.07840", "2009-06-30": "0.08170", "2009-03-31": "0.08840", "2008-12-31": "0.09290", "2008-09-30": "0.09080", "2008-06-30": "0.09000", "2008-03-31": "0.08920", "2007-12-31": "0.06040", "2007-09-30": "0.12110", "2007-06-30": "0.11800", "2007-03-31": "0.11180", "2006-12-31": "0.10330", "2006-09-30": "0.09170", "2006-06-30": "0.08090", "2006-03-31": "0.07720", "2005-12-31": "0.07380", "2005-09-30": "0.07080", "2005-06-30": "0.06520", "2005-03-31": "0.05900"}, "Inventory Turnover Ratio": {"2020-09-30": "", "2020-06-30": "", "2020-03-31": "", "2019-12-31": "", "2019-09-30": "", "2019-06-30": "", "2019-03-31": "", "2018-12-31": "", "2018-09-30": "", "2018-06-30": "", "2018-03-31": "", "2017-12-31": "", "2017-09-30": "", "2017-06-30": "", "2017-03-31": "", "2016-12-31": "", "2016-09-30": "", "2016-06-30": "", "2016-03-31": "", "2015-12-31": "", "2015-09-30": "", "2015-06-30": "", "2015-03-31": "", "2014-12-31": "", "2014-09-30": "", "2014-06-30": "", "2014-03-31": "", "2013-12-31": "", "2013-09-30": "", "2013-06-30": "", "2013-03-31": "", "2012-12-31": "", "2012-09-30": "", "2012-06-30": "", "2012-03-31": "", "2011-12-31": "", "2011-09-30": "", "2011-06-30": "", "2011-03-31": "", "2010-12-31": "", "2010-09-30": "", "2010-06-30": "", "2010-03-31": "", "2009-12-31": "", "2009-09-30": "", "2009-06-30": "", "2009-03-31": "", "2008-12-31": "", "2008-09-30": "", "2008-06-30": "", "2008-03-31": "", "2007-12-31": "", "2007-09-30": "", "2007-06-30": "", "2007-03-31": "", "2006-12-31": "", "2006-09-30": "", "2006-06-30": "", "2006-03-31": "", "2005-12-31": "", "2005-09-30": "", "2005-06-30": "", "2005-03-31": ""}, "Receiveable Turnover": {"2020-09-30": "1.10590", "2020-06-30": "1.32290", "2020-03-31": "1.16060", "2019-12-31": "1.21100", "2019-09-30": "1.22690", "2019-06-30": "1.17520", "2019-03-31": "1.13380", "2018-12-31": "1.23840", "2018-09-30": "1.30140", "2018-06-30": "1.27630", "2018-03-31": "1.15280", "2017-12-31": "1.05540", "2017-09-30": "1.21870", "2017-06-30": "1.20350", "2017-03-31": "0.92350", "2016-12-31": "1.08460", "2016-09-30": "1.02140", "2016-06-30": "1.00430", "2016-03-31": "1.22580", "2015-12-31": "1.32210", "2015-09-30": "1.08500", "2015-06-30": "1.04320", "2015-03-31": "1.04020", "2014-12-31": "1.06040", "2014-09-30": "1.04420", "2014-06-30": "1.05150", "2014-03-31": "1.05500", "2013-12-31": "1.04160", "2013-09-30": "1.03460", "2013-06-30": "1.12300", "2013-03-31": "1.03160", "2012-12-31": "0.94320", "2012-09-30": "1.12390", "2012-06-30": "1.09650", "2012-03-31": "0.94280", "2011-12-31": "0.71600", "2011-09-30": "0.97310", "2011-06-30": "1.10410", "2011-03-31": "0.99210", "2010-12-31": "0.33100", "2010-09-30": "0.99220", "2010-06-30": "1.09980", "2010-03-31": "1.12870", "2009-12-31": "1.09770", "2009-09-30": "1.08000", "2009-06-30": "1.07780", "2009-03-31": "1.08110", "2008-12-31": "1.14180", "2008-09-30": "1.14700", "2008-06-30": "1.25180", "2008-03-31": "1.31950", "2007-12-31": "0.87640", "2007-09-30": "1.21490", "2007-06-30": "1.21110", "2007-03-31": "1.22400", "2006-12-31": "1.25370", "2006-09-30": "1.17520", "2006-06-30": "1.21380", "2006-03-31": "1.21780", "2005-12-31": "1.28580", "2005-09-30": "1.27850", "2005-06-30": "1.28930", "2005-03-31": "1.30130"}, "Days Sales In Receivables": {"2020-09-30": "81.38420", "2020-06-30": "68.03230", "2020-03-31": "77.54940", "2019-12-31": "74.31820", "2019-09-30": "73.35460", "2019-06-30": "76.58310", "2019-03-31": "79.37670", "2018-12-31": "72.67380", "2018-09-30": "69.15440", "2018-06-30": "70.51900", "2018-03-31": "78.07230", "2017-12-31": "85.27820", "2017-09-30": "73.84900", "2017-06-30": "74.78030", "2017-03-31": "97.45220", "2016-12-31": "82.97740", "2016-09-30": "88.11260", "2016-06-30": "89.61700", "2016-03-31": "73.42280", "2015-12-31": "68.07130", "2015-09-30": "82.94780", "2015-06-30": "86.27390", "2015-03-31": "86.51980", "2014-12-31": "84.87540", "2014-09-30": "86.19380", "2014-06-30": "85.59280", "2014-03-31": "85.30570", "2013-12-31": "86.40320", "2013-09-30": "86.98650", "2013-06-30": "80.13960", "2013-03-31": "87.23900", "2012-12-31": "95.42170", "2012-09-30": "80.07820", "2012-06-30": "82.07820", "2012-03-31": "95.45970", "2011-12-31": "125.69960", "2011-09-30": "92.48620", "2011-06-30": "81.51670", "2011-03-31": "90.71360", "2010-12-31": "271.91800", "2010-09-30": "90.71020", "2010-06-30": "81.83140", "2010-03-31": "79.74020", "2009-12-31": "81.99010", "2009-09-30": "83.33690", "2009-06-30": "83.50450", "2009-03-31": "83.24570", "2008-12-31": "78.82570", "2008-09-30": "78.46810", "2008-06-30": "71.89560", "2008-03-31": "68.20900", "2007-12-31": "102.69620", "2007-09-30": "74.08320", "2007-06-30": "74.30960", "2007-03-31": "73.53160", "2006-12-31": "71.78750", "2006-09-30": "76.58340", "2006-06-30": "74.14990", "2006-03-31": "73.90580", "2005-12-31": "69.99350", "2005-09-30": "70.39730", "2005-06-30": "69.80750", "2005-03-31": "69.15940"}, "ROE - Return On Equity": {"2020-09-30": "3.14830", "2020-06-30": "-4.52350", "2020-03-31": "-3.40740", "2019-12-31": "-0.46350", "2019-09-30": "-6.90840", "2019-06-30": "-1.61480", "2019-03-31": "-1.32020", "2018-12-31": "-1.85300", "2018-09-30": "-3.41940", "2018-06-30": "-9.21370", "2018-03-31": "-1.57890", "2017-12-31": "-0.80250", "2017-09-30": "-11.02090", "2017-06-30": "-11.81650", "2017-03-31": "0.59750", "2016-12-31": "1.62610", "2016-09-30": "1.53330", "2016-06-30": "0.60770", "2016-03-31": "1.60730", "2015-12-31": "4.58670", "2015-09-30": "2.33140", "2015-06-30": "2.54250", "2015-03-31": "-3.45670", "2014-12-31": "-4.97780", "2014-09-30": "-15.12840", "2014-06-30": "3.60060", "2014-03-31": "2.75980", "2013-12-31": "1.30660", "2013-09-30": "3.32120", "2013-06-30": "2.05570", "2013-03-31": "1.98420", "2012-12-31": "2.84810", "2012-09-30": "3.49370", "2012-06-30": "-1.94120", "2012-03-31": "0.97950", "2011-12-31": "-38.65750", "2011-09-30": "-0.07690", "2011-06-30": "0.62760", "2011-03-31": "0.75560", "2010-12-31": "0.49120", "2010-09-30": "1.72540", "2010-06-30": "3.43510", "2010-03-31": "3.22080", "2009-12-31": "3.61400", "2009-09-30": "3.58270", "2009-06-30": "4.25380", "2009-03-31": "5.18210", "2008-12-31": "4.39800", "2008-09-30": "6.59410", "2008-06-30": "7.10990", "2008-03-31": "8.34120", "2007-12-31": "8.32400", "2007-09-30": "11.44440", "2007-06-30": "7.34150", "2007-03-31": "8.04010", "2006-12-31": "9.08430", "2006-09-30": "4.77880", "2006-06-30": "3.15050", "2006-03-31": "2.56390", "2005-12-31": "1.90430", "2005-09-30": "2.07860", "2005-06-30": "3.78970", "2005-03-31": "1.21400"}, "Return On Tangible Equity": {"2020-09-30": "3.27760", "2020-06-30": "-4.74240", "2020-03-31": "-3.58220", "2019-12-31": "-0.48850", "2019-09-30": "-7.30930", "2019-06-30": "-1.70900", "2019-03-31": "-1.40130", "2018-12-31": "-1.97260", "2018-09-30": "-3.58550", "2018-06-30": "-9.66980", "2018-03-31": "-1.71600", "2017-12-31": "-0.80250", "2017-09-30": "-11.02090", "2017-06-30": "-11.81650", "2017-03-31": "0.59750", "2016-12-31": "1.62610", "2016-09-30": "1.53330", "2016-06-30": "0.60770", "2016-03-31": "1.60730", "2015-12-31": "4.58670", "2015-09-30": "2.33140", "2015-06-30": "2.54250", "2015-03-31": "-3.45670", "2014-12-31": "-4.97780", "2014-09-30": "-16.22900", "2014-06-30": "4.38060", "2014-03-31": "3.34090", "2013-12-31": "1.59150", "2013-09-30": "4.06870", "2013-06-30": "2.54000", "2013-03-31": "2.43870", "2012-12-31": "3.51570", "2012-09-30": "4.34430", "2012-06-30": "-2.42210", "2012-03-31": "1.21870", "2011-12-31": "-48.67850", "2011-09-30": "-0.12620", "2011-06-30": "1.02820", "2011-03-31": "1.20830", "2010-12-31": "0.79290", "2010-09-30": "2.81240", "2010-06-30": "5.65300", "2010-03-31": "5.22410", "2009-12-31": "5.97990", "2009-09-30": "6.10090", "2009-06-30": "7.43950", "2009-03-31": "9.40320", "2008-12-31": "8.35270", "2008-09-30": "13.71460", "2008-06-30": "16.08710", "2008-03-31": "21.44320", "2007-12-31": "24.06260", "2007-09-30": "15.40780", "2007-06-30": "10.39180", "2007-03-31": "11.80870", "2006-12-31": "13.38070", "2006-09-30": "7.25850", "2006-06-30": "4.37250", "2006-03-31": "3.53610", "2005-12-31": "2.63290", "2005-09-30": "2.86730", "2005-06-30": "5.28380", "2005-03-31": "1.72890"}, "ROA - Return On Assets": {"2020-09-30": "1.59750", "2020-06-30": "-2.17740", "2020-03-31": "-1.66730", "2019-12-31": "-0.22820", "2019-09-30": "-3.37440", "2019-06-30": "-0.80390", "2019-03-31": "-0.67190", "2018-12-31": "-0.94680", "2018-09-30": "-1.74320", "2018-06-30": "-4.69770", "2018-03-31": "-0.82510", "2017-12-31": "-0.45520", "2017-09-30": "-6.28760", "2017-06-30": "-7.04070", "2017-03-31": "0.35560", "2016-12-31": "0.95580", "2016-09-30": "0.90190", "2016-06-30": "0.35610", "2016-03-31": "0.92210", "2015-12-31": "2.60300", "2015-09-30": "1.26570", "2015-06-30": "1.28650", "2015-03-31": "-1.72290", "2014-12-31": "-2.43600", "2014-09-30": "-7.54910", "2014-06-30": "1.88360", "2014-03-31": "1.48600", "2013-12-31": "0.66980", "2013-09-30": "1.65640", "2013-06-30": "0.99950", "2013-03-31": "0.97320", "2012-12-31": "1.30780", "2012-09-30": "1.50940", "2012-06-30": "-0.87970", "2012-03-31": "0.44360", "2011-12-31": "-17.24420", "2011-09-30": "-0.04370", "2011-06-30": "0.35470", "2011-03-31": "0.44070", "2010-12-31": "0.28520", "2010-09-30": "0.92300", "2010-06-30": "1.89600", "2010-03-31": "1.85410", "2009-12-31": "2.03920", "2009-09-30": "1.96010", "2009-06-30": "2.29170", "2009-03-31": "2.66320", "2008-12-31": "2.14600", "2008-09-30": "3.01440", "2008-06-30": "3.08610", "2008-03-31": "3.29870", "2007-12-31": "3.04390", "2007-09-30": "7.66140", "2007-06-30": "4.51890", "2007-03-31": "4.65370", "2006-12-31": "5.41130", "2006-09-30": "2.76430", "2006-06-30": "2.35910", "2006-03-31": "1.94530", "2005-12-31": "1.45360", "2005-09-30": "1.58180", "2005-06-30": "2.70450", "2005-03-31": "0.85860"}, "ROI - Return On Investment": {"2020-09-30": "1.87010", "2020-06-30": "-2.55300", "2020-03-31": "-1.95000", "2019-12-31": "-0.26750", "2019-09-30": "-3.93180", "2019-06-30": "-0.93070", "2019-03-31": "-0.77640", "2018-12-31": "-1.06960", "2018-09-30": "-1.95540", "2018-06-30": "-5.64530", "2018-03-31": "-0.99050", "2017-12-31": "-0.51370", "2017-09-30": "-7.30940", "2017-06-30": "-8.09780", "2017-03-31": "0.41600", "2016-12-31": "1.09150", "2016-09-30": "1.04500", "2016-06-30": "0.41260", "2016-03-31": "1.08480", "2015-12-31": "3.07180", "2015-09-30": "1.44330", "2015-06-30": "1.53290", "2015-03-31": "-2.07500", "2014-12-31": "-3.02600", "2014-09-30": "-9.06870", "2014-06-30": "2.23100", "2014-03-31": "1.72470", "2013-12-31": "0.80550", "2013-09-30": "2.01740", "2013-06-30": "1.22560", "2013-03-31": "1.17800", "2012-12-31": "1.67030", "2012-09-30": "2.00050", "2012-06-30": "-1.18140", "2012-03-31": "0.58360", "2011-12-31": "-22.39400", "2011-09-30": "-0.05340", "2011-06-30": "0.43610", "2011-03-31": "0.53100", "2010-12-31": "0.34330", "2010-09-30": "1.12870", "2010-06-30": "2.33510", "2010-03-31": "2.19500", "2009-12-31": "2.44340", "2009-09-30": "2.28290", "2009-06-30": "2.70370", "2009-03-31": "3.23300", "2008-12-31": "2.51160", "2008-09-30": "3.54210", "2008-06-30": "3.78660", "2008-03-31": "4.25520", "2007-12-31": "4.42260", "2007-09-30": "9.65570", "2007-06-30": "5.21660", "2007-03-31": "5.33680", "2006-12-31": "6.18590", "2006-09-30": "3.13190", "2006-06-30": "2.64780", "2006-03-31": "2.23160", "2005-12-31": "1.65600", "2005-09-30": "1.81370", "2005-06-30": "3.09310", "2005-03-31": "0.94080"}, "Book Value Per Share": {"2020-09-30": "18.54560", "2020-06-30": "17.87630", "2020-03-31": "18.67240", "2019-12-31": "19.39460", "2019-09-30": "19.51790", "2019-06-30": "20.85360", "2019-03-31": "21.17840", "2018-12-31": "21.51070", "2018-09-30": "25.89510", "2018-06-30": "26.76560", "2018-03-31": "29.08620", "2017-12-31": "32.48930", "2017-09-30": "32.72650", "2017-06-30": "36.32330", "2017-03-31": "40.67230", "2016-12-31": "40.59160", "2016-09-30": "42.11660", "2016-06-30": "41.43520", "2016-03-31": "41.24010", "2015-12-31": "41.20480", "2015-09-30": "38.56260", "2015-06-30": "37.54110", "2015-03-31": "37.18220", "2014-12-31": "38.59450", "2014-09-30": "41.27710", "2014-06-30": "46.32140", "2014-03-31": "47.44670", "2013-12-31": "46.24910", "2013-09-30": "45.09390", "2013-06-30": "43.46480", "2013-03-31": "44.47740", "2012-12-31": "43.75460", "2012-09-30": "42.44630", "2012-06-30": "43.44460", "2012-03-31": "44.85860", "2011-12-31": "44.67330", "2011-09-30": "65.06740", "2011-06-30": "65.30180", "2011-03-31": "67.92600", "2010-12-31": "66.98930", "2010-09-30": "65.94930", "2010-06-30": "64.99200", "2010-03-31": "63.39270", "2009-12-31": "64.00210", "2009-09-30": "61.36280", "2009-06-30": "59.18310", "2009-03-31": "56.62410", "2008-12-31": "53.77090", "2008-09-30": "50.38100", "2008-06-30": "46.90560", "2008-03-31": "43.32580", "2007-12-31": "39.61250", "2007-09-30": "41.79000", "2007-06-30": "36.95010", "2007-03-31": "34.13030", "2006-12-31": "33.40990", "2006-09-30": "31.23850", "2006-06-30": "35.31470", "2006-03-31": "35.43890", "2005-12-31": "35.13280", "2005-09-30": "35.49990", "2005-06-30": "34.65130", "2005-03-31": "33.27440"}, "Operating Cash Flow Per Share": {"2020-09-30": 0.1075, "2020-06-30": 0.1416, "2020-03-31": "-0.07820", "2019-12-31": 0.2408, "2019-09-30": 0.1481, "2019-06-30": 0.2502, "2019-03-31": "-0.08350", "2018-12-31": 0.5012, "2018-09-30": 0.4617, "2018-06-30": -0.0058, "2018-03-31": "0.23520", "2017-12-31": 0.624, "2017-09-30": 0.977, "2017-06-30": 0.9272, "2017-03-31": "0.46410", "2016-12-31": 1.8937, "2016-09-30": 1.2055, "2016-06-30": 0.5624, "2016-03-31": "1.73350", "2015-12-31": 2.6635, "2015-09-30": 1.7663, "2015-06-30": 3.6116, "2015-03-31": "1.44900", "2014-12-31": 1.5635, "2014-09-30": 2.4365, "2014-06-30": 1.7559, "2014-03-31": "0.37670", "2013-12-31": 2.1561, "2013-09-30": 1.7217, "2013-06-30": 1.1556, "2013-03-31": "0.29440", "2012-12-31": 2.6346, "2012-09-30": 2.1421, "2012-06-30": 1.2871, "2012-03-31": "1.54290", "2011-12-31": 1.8489, "2011-09-30": 1.5375, "2011-06-30": 1.0625, "2011-03-31": "1.21880", "2010-12-31": 2.3317, "2010-09-30": 2.2465, "2010-06-30": 3.9883, "2010-03-31": "3.63980", "2009-12-31": 3.7033, "2009-09-30": 4.3372, "2009-06-30": 4.8957, "2009-03-31": "4.50310", "2008-12-31": 3.7259, "2008-09-30": 3.9563, "2008-06-30": 3.1496, "2008-03-31": "4.61680", "2007-12-31": 3.5661, "2007-09-30": 4.2714, "2007-06-30": 2.9199, "2007-03-31": "3.08490", "2006-12-31": 2.1816, "2006-09-30": 1.355, "2006-06-30": 0.7521, "2006-03-31": "1.13670", "2005-12-31": 1.0479, "2005-09-30": 0.9834, "2005-06-30": 0.8567, "2005-03-31": "0.74230"}, "Free Cash Flow Per Share": {"2020-09-30": 0.0623, "2020-06-30": 0.0703, "2020-03-31": "-0.25080", "2019-12-31": 0.0604, "2019-09-30": -0.0293, "2019-06-30": 0.1554, "2019-03-31": "-0.14890", "2018-12-31": 0.4223, "2018-09-30": 0.3886, "2018-06-30": -0.0637, "2018-03-31": "0.14380", "2017-12-31": 0.3913, "2017-09-30": 0.6522, "2017-06-30": 1.4114, "2017-03-31": "0.16150", "2016-12-31": 1.2065, "2016-09-30": 0.5342, "2016-06-30": -0.6595, "2016-03-31": "0.73350", "2015-12-31": 0.8712, "2015-09-30": -0.8051, "2015-06-30": 3.1405, "2015-03-31": "0.92010", "2014-12-31": 0.7182, "2014-09-30": 1.8066, "2014-06-30": 0.8219, "2014-03-31": "-2.50420", "2013-12-31": 0.0808, "2013-09-30": 0.9525, "2013-06-30": 0.1861, "2013-03-31": "-1.05830", "2012-12-31": 0.6951, "2012-09-30": 2.0427, "2012-06-30": 0.6276, "2012-03-31": "0.82000", "2011-12-31": 0.7375, "2011-09-30": 1.0906, "2011-06-30": 0.1625, "2011-03-31": "0.50940", "2010-12-31": 0.8625, "2010-09-30": 1.3, "2010-06-30": 3.0758, "2010-03-31": "2.62110", "2009-12-31": 1.0154, "2009-09-30": 2.6824, "2009-06-30": 1.9523, "2009-03-31": "2.31560", "2008-12-31": 2.1402, "2008-09-30": 2.3707, "2008-06-30": 2.1308, "2008-03-31": "3.01250", "2007-12-31": 2.1023, "2007-09-30": 2.919, "2007-06-30": 1.5293, "2007-03-31": "1.07550", "2006-12-31": 0.1628, "2006-09-30": 0.7058, "2006-06-30": -0.0148, "2006-03-31": "0.72950", "2005-12-31": 0.638, "2005-09-30": 0.8467, "2005-06-30": 0.6307, "2005-03-31": "0.75010"}}, "revenue": {"Transocean Annual Revenue (Millions of US $)": {"2019": "$3,088", "2018": "$3,018", "2017": "$2,973", "2016": "$4,161", "2015": "$7,386", "2014": "$9,185", "2013": "$9,249", "2012": "$8,945", "2011": "$8,027", "2010": "$7,949", "2009": "$11,441", "2008": "$12,674", "2007": "$6,377", "2006": "$3,882", "2005": "$2,892"}, "Transocean Quarterly Revenue (Millions of US $)": {"2020-09-30": "$773", "2020-06-30": "$930", "2020-03-31": "$759", "2019-12-31": "$792", "2019-09-30": "$784", "2019-06-30": "$758", "2019-03-31": "$754", "2018-12-31": "$748", "2018-09-30": "$816", "2018-06-30": "$790", "2018-03-31": "$664", "2017-12-31": "$629", "2017-09-30": "$808", "2017-06-30": "$751", "2017-03-31": "$785", "2016-12-31": "$974", "2016-09-30": "$906", "2016-06-30": "$940", "2016-03-31": "$1,341", "2015-12-31": "$1,851", "2015-09-30": "$1,608", "2015-06-30": "$1,884", "2015-03-31": "$2,043", "2014-12-31": "$2,248", "2014-09-30": "$2,270", "2014-06-30": "$2,328", "2014-03-31": "$2,339", "2013-12-31": "$2,252", "2013-09-30": "$2,449", "2013-06-30": "$2,364", "2013-03-31": "$2,184", "2012-12-31": "$2,075", "2012-09-30": "$2,431", "2012-06-30": "$2,329", "2012-03-31": "$2,110", "2011-12-31": "$1,558", "2011-09-30": "$1,991", "2011-06-30": "$2,334", "2011-03-31": "$2,144", "2010-12-31": "$610", "2010-09-30": "$2,281", "2010-06-30": "$2,479", "2010-03-31": "$2,579", "2009-12-31": "$2,618", "2009-09-30": "$2,823", "2009-06-30": "$2,882", "2009-03-31": "$3,118", "2008-12-31": "$3,270", "2008-09-30": "$3,192", "2008-06-30": "$3,102", "2008-03-31": "$3,110", "2007-12-31": "$2,077", "2007-09-30": "$1,538", "2007-06-30": "$1,434", "2007-03-31": "$1,328", "2006-12-31": "$1,186", "2006-09-30": "$1,025", "2006-06-30": "$854", "2006-03-31": "$817", "2005-12-31": "$772", "2005-09-30": "$763", "2005-06-30": "$727", "2005-03-31": "$631"}}, "gross-profit": {"Transocean Annual Gross Profit (Millions of US $)": {"2019": "$3,088", "2018": "$3,018", "2017": "$2,973", "2016": "$4,161", "2015": "$7,386", "2014": "$9,185", "2013": "$9,249", "2012": "$8,945", "2011": "$8,027", "2010": "$7,949", "2009": "$11,441", "2008": "$12,674", "2007": "$6,377", "2006": "$3,882", "2005": "$2,892"}, "Transocean Quarterly Gross Profit (Millions of US $)": {"2020-09-30": "$773", "2020-06-30": "$930", "2020-03-31": "$759", "2019-12-31": "$792", "2019-09-30": "$784", "2019-06-30": "$758", "2019-03-31": "$754", "2018-12-31": "$748", "2018-09-30": "$816", "2018-06-30": "$790", "2018-03-31": "$664", "2017-12-31": "$629", "2017-09-30": "$808", "2017-06-30": "$751", "2017-03-31": "$785", "2016-12-31": "$974", "2016-09-30": "$906", "2016-06-30": "$940", "2016-03-31": "$1,341", "2015-12-31": "$1,851", "2015-09-30": "$1,608", "2015-06-30": "$1,884", "2015-03-31": "$2,043", "2014-12-31": "$2,248", "2014-09-30": "$2,270", "2014-06-30": "$2,328", "2014-03-31": "$2,339", "2013-12-31": "$2,252", "2013-09-30": "$2,449", "2013-06-30": "$2,364", "2013-03-31": "$2,184", "2012-12-31": "$2,075", "2012-09-30": "$2,431", "2012-06-30": "$2,329", "2012-03-31": "$2,110", "2011-12-31": "$1,558", "2011-09-30": "$1,991", "2011-06-30": "$2,334", "2011-03-31": "$2,144", "2010-12-31": "$610", "2010-09-30": "$2,281", "2010-06-30": "$2,479", "2010-03-31": "$2,579", "2009-12-31": "$2,618", "2009-09-30": "$2,823", "2009-06-30": "$2,882", "2009-03-31": "$3,118", "2008-12-31": "$3,270", "2008-09-30": "$3,192", "2008-06-30": "$3,102", "2008-03-31": "$3,110", "2007-12-31": "$2,077", "2007-09-30": "$1,538", "2007-06-30": "$1,434", "2007-03-31": "$1,328", "2006-12-31": "$1,186", "2006-09-30": "$1,025", "2006-06-30": "$854", "2006-03-31": "$817", "2005-12-31": "$772", "2005-09-30": "$763", "2005-06-30": "$727", "2005-03-31": "$631"}}, "operating-income": {"Transocean Annual Operating Income (Millions of US $)": {"2019": "$-721", "2018": "$-1,251", "2017": "$-2,505", "2016": "$1,106", "2015": "$1,365", "2014": "$-1,347", "2013": "$2,217", "2012": "$1,600", "2011": "$-4,762", "2010": "$2,730", "2009": "$4,390", "2008": "$5,357", "2007": "$3,239", "2006": "$1,641", "2005": "$720"}, "Transocean Quarterly Operating Income (Millions of US $)": {"2020-09-30": "$4", "2020-06-30": "$-264", "2020-03-31": "$-199", "2019-12-31": "$-74", "2019-09-30": "$-607", "2019-06-30": "$-27", "2019-03-31": "$-13", "2018-12-31": "$-25", "2018-09-30": "$-305", "2018-06-30": "$-917", "2018-03-31": "$-4", "2017-12-31": "$15", "2017-09-30": "$-1,147", "2017-06-30": "$-1,542", "2017-03-31": "$169", "2016-12-31": "$290", "2016-09-30": "$229", "2016-06-30": "$163", "2016-03-31": "$424", "2015-12-31": "$735", "2015-09-30": "$445", "2015-06-30": "$506", "2015-03-31": "$-321", "2014-12-31": "$-616", "2014-09-30": "$-2,168", "2014-06-30": "$765", "2014-03-31": "$672", "2013-12-31": "$395", "2013-09-30": "$738", "2013-06-30": "$605", "2013-03-31": "$479", "2012-12-31": "$560", "2012-09-30": "$811", "2012-06-30": "$-142", "2012-03-31": "$371", "2011-12-31": "$-5,787", "2011-09-30": "$298", "2011-06-30": "$355", "2011-03-31": "$372", "2010-12-31": "$205", "2010-09-30": "$634", "2010-06-30": "$949", "2010-03-31": "$942", "2009-12-31": "$993", "2009-09-30": "$957", "2009-06-30": "$1,121", "2009-03-31": "$1,319", "2008-12-31": "$1,084", "2008-09-30": "$1,383", "2008-06-30": "$1,350", "2008-03-31": "$1,540", "2007-12-31": "$1,153", "2007-09-30": "$753", "2007-06-30": "$676", "2007-03-31": "$657", "2006-12-31": "$678", "2006-09-30": "$390", "2006-06-30": "$289", "2006-03-31": "$284", "2005-12-31": "$188", "2005-09-30": "$204", "2005-06-30": "$185", "2005-03-31": "$143"}}, "ebitda": {"Transocean Annual EBITDA (Millions of US $)": {"2019": "$321", "2018": "$-321", "2017": "$-1,673", "2016": "$1,999", "2015": "$2,328", "2014": "$-218", "2013": "$3,311", "2012": "$2,932", "2011": "$-3,231", "2010": "$4,410", "2009": "$6,085", "2008": "$6,599", "2007": "$3,668", "2006": "$2,042", "2005": "$1,126"}, "Transocean Quarterly EBITDA (Millions of US $)": {"2020-09-30": "$251", "2020-06-30": "$-15", "2020-03-31": "$55", "2019-12-31": "$180", "2019-09-30": "$-347", "2019-06-30": "$239", "2019-03-31": "$249", "2018-12-31": "$213", "2018-09-30": "$-1,089", "2018-06-30": "$338", "2018-03-31": "$217", "2017-12-31": "$199", "2017-09-30": "$-950", "2017-06-30": "$-1,323", "2017-03-31": "$401", "2016-12-31": "$516", "2016-09-30": "$454", "2016-06-30": "$388", "2016-03-31": "$641", "2015-12-31": "$948", "2015-09-30": "$655", "2015-06-30": "$755", "2015-03-31": "$-30", "2014-12-31": "$-324", "2014-09-30": "$-1,884", "2014-06-30": "$1,049", "2014-03-31": "$941", "2013-12-31": "$676", "2013-09-30": "$1,006", "2013-06-30": "$884", "2013-03-31": "$745", "2012-12-31": "$844", "2012-09-30": "$1,147", "2012-06-30": "$208", "2012-03-31": "$733", "2011-12-31": "$-5,398", "2011-09-30": "$685", "2011-06-30": "$740", "2011-03-31": "$742", "2010-12-31": "$667", "2010-09-30": "$1,047", "2010-06-30": "$1,364", "2010-03-31": "$1,332", "2009-12-31": "$1,683", "2009-09-30": "$1,317", "2009-06-30": "$1,463", "2009-03-31": "$1,622", "2008-12-31": "$1,714", "2008-09-30": "$1,620", "2008-06-30": "$1,541", "2008-03-31": "$1,724", "2007-12-31": "$1,278", "2007-09-30": "$856", "2007-06-30": "$777", "2007-03-31": "$757", "2006-12-31": "$776", "2006-09-30": "$489", "2006-06-30": "$391", "2006-03-31": "$386", "2005-12-31": "$297", "2005-09-30": "$305", "2005-06-30": "$284", "2005-03-31": "$241"}}, "net-income": {"Transocean Annual Net Income (Millions of US $)": {"2019": "$-1,255", "2018": "$-1,996", "2017": "$-3,127", "2016": "$764", "2015": "$865", "2014": "$-1,839", "2013": "$1,407", "2012": "$-219", "2011": "$-5,754", "2010": "$926", "2009": "$3,181", "2008": "$4,031", "2007": "$3,121", "2006": "$1,385", "2005": "$716"}, "Transocean Quarterly Net Income (Millions of US $)": {"2020-09-30": "$359", "2020-06-30": "$-497", "2020-03-31": "$-392", "2019-12-31": "$-51", "2019-09-30": "$-825", "2019-06-30": "$-208", "2019-03-31": "$-171", "2018-12-31": "$-242", "2018-09-30": "$-409", "2018-06-30": "$-1,135", "2018-03-31": "$-210", "2017-12-31": "$-111", "2017-09-30": "$-1,417", "2017-06-30": "$-1,690", "2017-03-31": "$91", "2016-12-31": "$229", "2016-09-30": "$218", "2016-06-30": "$82", "2016-03-31": "$235", "2015-12-31": "$685", "2015-09-30": "$321", "2015-06-30": "$342", "2015-03-31": "$-483", "2014-12-31": "$-665", "2014-09-30": "$-2,217", "2014-06-30": "$587", "2014-03-31": "$456", "2013-12-31": "$236", "2013-09-30": "$546", "2013-06-30": "$307", "2013-03-31": "$318", "2012-12-31": "$457", "2012-09-30": "$-381", "2012-06-30": "$-304", "2012-03-31": "$9", "2011-12-31": "$-6,156", "2011-09-30": "$-32", "2011-06-30": "$124", "2011-03-31": "$310", "2010-12-31": "$-834", "2010-09-30": "$368", "2010-06-30": "$715", "2010-03-31": "$677", "2009-12-31": "$723", "2009-09-30": "$710", "2009-06-30": "$806", "2009-03-31": "$942", "2008-12-31": "$754", "2008-09-30": "$1,063", "2008-06-30": "$1,065", "2008-03-31": "$1,149", "2007-12-31": "$1,046", "2007-09-30": "$973", "2007-06-30": "$549", "2007-03-31": "$553", "2006-12-31": "$621", "2006-09-30": "$309", "2006-06-30": "$249", "2006-03-31": "$206", "2005-12-31": "$152", "2005-09-30": "$170", "2005-06-30": "$302", "2005-03-31": "$92"}}, "eps-earnings-per-share-diluted": {"Transocean Annual EPS": {"2019": "$-2.05", "2018": "$-4.27", "2017": "$-8.00", "2016": "$2.08", "2015": "$2.36", "2014": "$-5.08", "2013": "$3.87", "2012": "$-0.62", "2011": "$-17.88", "2010": "$2.88", "2009": "$9.84", "2008": "$12.53", "2007": "$14.08", "2006": "$6.10", "2005": "$3.03"}, "Transocean Quarterly EPS": {"2020-09-30": "$0.51", "2020-06-30": "$-0.81", "2020-03-31": "$-0.64", "2019-12-31": "$-0.08", "2019-09-30": "$-1.35", "2019-06-30": "$-0.34", "2019-03-31": "$-0.28", "2018-12-31": "$-0.45", "2018-09-30": "$-0.88", "2018-06-30": "$-2.46", "2018-03-31": "$-0.48", "2017-12-31": "$-0.29", "2017-09-30": "$-3.62", "2017-06-30": "$-4.32", "2017-03-31": "$0.23", "2016-12-31": "$0.63", "2016-09-30": "$0.59", "2016-06-30": "$0.22", "2016-03-31": "$0.64", "2015-12-31": "$1.88", "2015-09-30": "$0.88", "2015-06-30": "$0.93", "2015-03-31": "$-1.33", "2014-12-31": "$-1.82", "2014-09-30": "$-6.12", "2014-06-30": "$1.61", "2014-03-31": "$1.25", "2013-12-31": "$0.65", "2013-09-30": "$1.50", "2013-06-30": "$0.84", "2013-03-31": "$0.88", "2012-12-31": "$1.27", "2012-09-30": "$-1.06", "2012-06-30": "$-0.86", "2012-03-31": "$0.03", "2011-12-31": "$-19.13", "2011-09-30": "$-0.10", "2011-06-30": "$0.39", "2011-03-31": "$0.96", "2010-12-31": "$-2.58", "2010-09-30": "$1.15", "2010-06-30": "$2.22", "2010-03-31": "$2.09", "2009-12-31": "$2.23", "2009-09-30": "$2.19", "2009-06-30": "$2.49", "2009-03-31": "$2.93", "2008-12-31": "$2.34", "2008-09-30": "$3.30", "2008-06-30": "$3.31", "2008-03-31": "$3.58", "2007-12-31": "$4.20", "2007-09-30": "$4.63", "2007-06-30": "$2.63", "2007-03-31": "$2.62", "2006-12-31": "$2.78", "2006-09-30": "$1.37", "2006-06-30": "$1.07", "2006-03-31": "$0.87", "2005-12-31": "$0.63", "2005-09-30": "$0.72", "2005-06-30": "$1.29", "2005-03-31": "$0.40"}}, "shares-outstanding": {"Transocean Annual Shares Outstanding (Millions of Shares)": {"2019": "612", "2018": "468", "2017": "391", "2016": "367", "2015": "363", "2014": "362", "2013": "360", "2012": "356", "2011": "322", "2010": "320", "2009": "321", "2008": "321", "2007": "222", "2006": "228", "2005": "238"}, "Transocean Quarterly Shares Outstanding (Millions of Shares)": {"2020-09-30": "702", "2020-06-30": "615", "2020-03-31": "614", "2019-12-31": "612", "2019-09-30": "613", "2019-06-30": "612", "2019-03-31": "611", "2018-12-31": "468", "2018-09-30": "463", "2018-06-30": "462", "2018-03-31": "438", "2017-12-31": "391", "2017-09-30": "391", "2017-06-30": "391", "2017-03-31": "390", "2016-12-31": "367", "2016-09-30": "365", "2016-06-30": "365", "2016-03-31": "364", "2015-12-31": "363", "2015-09-30": "364", "2015-06-30": "363", "2015-03-31": "363", "2014-12-31": "362", "2014-09-30": "362", "2014-06-30": "362", "2014-03-31": "361", "2013-12-31": "360", "2013-09-30": "361", "2013-06-30": "360", "2013-03-31": "360", "2012-12-31": "356", "2012-09-30": "359", "2012-06-30": "353", "2012-03-31": "350", "2011-12-31": "322", "2011-09-30": "320", "2011-06-30": "320", "2011-03-31": "320", "2010-12-31": "320", "2010-09-30": "319", "2010-06-30": "320", "2010-03-31": "322", "2009-12-31": "321", "2009-09-30": "322", "2009-06-30": "321", "2009-03-31": "320", "2008-12-31": "321", "2008-09-30": "321", "2008-06-30": "321", "2008-03-31": "321", "2007-12-31": "222", "2007-09-30": "210", "2007-06-30": "210", "2007-03-31": "212", "2006-12-31": "228", "2006-09-30": "226", "2006-06-30": "235", "2006-03-31": "236", "2005-12-31": "238", "2005-09-30": "238", "2005-06-30": "236", "2005-03-31": "232"}}, "total-assets": {"Transocean Annual Total Assets (Millions of US $)": {"2019": "$24,105", "2018": "$25,665", "2017": "$22,410", "2016": "$26,889", "2015": "$26,431", "2014": "$28,571", "2013": "$32,546", "2012": "$34,255", "2011": "$35,032", "2010": "$36,811", "2009": "$36,436", "2008": "$35,182", "2007": "$34,364", "2006": "$11,476", "2005": "$10,457"}, "Transocean Quarterly Total Assets (Millions of US $)": {"2020-09-30": "$22,472", "2020-06-30": "$22,825", "2020-03-31": "$23,451", "2019-12-31": "$24,105", "2019-09-30": "$24,449", "2019-06-30": "$25,624", "2019-03-31": "$25,450", "2018-12-31": "$25,665", "2018-09-30": "$23,462", "2018-06-30": "$24,246", "2018-03-31": "$25,695", "2017-12-31": "$22,410", "2017-09-30": "$22,441", "2017-06-30": "$23,847", "2017-03-31": "$26,717", "2016-12-31": "$26,889", "2016-09-30": "$26,167", "2016-06-30": "$25,839", "2016-03-31": "$26,245", "2015-12-31": "$26,431", "2015-09-30": "$25,835", "2015-06-30": "$26,973", "2015-03-31": "$27,105", "2014-12-31": "$28,571", "2014-09-30": "$29,964", "2014-06-30": "$32,067", "2014-03-31": "$31,897", "2013-12-31": "$32,546", "2013-09-30": "$32,601", "2013-06-30": "$32,215", "2013-03-31": "$32,675", "2012-12-31": "$34,255", "2012-09-30": "$35,312", "2012-06-30": "$34,442", "2012-03-31": "$34,715", "2011-12-31": "$35,032", "2011-09-30": "$36,645", "2011-06-30": "$36,936", "2011-03-31": "$37,210", "2010-12-31": "$36,811", "2010-09-30": "$39,330", "2010-06-30": "$37,552", "2010-03-31": "$36,838", "2009-12-31": "$36,436", "2009-09-30": "$36,018", "2009-06-30": "$35,257", "2009-03-31": "$35,259", "2008-12-31": "$35,182", "2008-09-30": "$35,165", "2008-06-30": "$34,477", "2008-03-31": "$34,862", "2007-12-31": "$34,364", "2007-09-30": "$12,700", "2007-06-30": "$12,149", "2007-03-31": "$11,883", "2006-12-31": "$11,476", "2006-09-30": "$11,178", "2006-06-30": "$10,555", "2006-03-31": "$10,590", "2005-12-31": "$10,457", "2005-09-30": "$10,773", "2005-06-30": "$11,159", "2005-03-31": "$10,692"}}, "cash-on-hand": {"Transocean Annual Cash on Hand (Millions of US $)": {"2019": "$2,348", "2018": "$2,711", "2017": "$3,435", "2016": "$3,518", "2015": "$2,679", "2014": "$2,749", "2013": "$3,243", "2012": "$5,134", "2011": "$4,017", "2010": "$3,394", "2009": "$1,130", "2008": "$1,296", "2007": "$1,241", "2006": "$467", "2005": "$445"}, "Transocean Quarterly Cash on Hand (Millions of US $)": {"2020-09-30": "$1,830", "2020-06-30": "$1,948", "2020-03-31": "$2,014", "2019-12-31": "$2,348", "2019-09-30": "$2,457", "2019-06-30": "$2,853", "2019-03-31": "$2,469", "2018-12-31": "$2,711", "2018-09-30": "$2,868", "2018-06-30": "$2,996", "2018-03-31": "$3,346", "2017-12-31": "$3,435", "2017-09-30": "$3,197", "2017-06-30": "$3,008", "2017-03-31": "$3,535", "2016-12-31": "$3,518", "2016-09-30": "$2,900", "2016-06-30": "$2,513", "2016-03-31": "$2,912", "2015-12-31": "$2,679", "2015-09-30": "$2,234", "2015-06-30": "$3,769", "2015-03-31": "$2,682", "2014-12-31": "$2,749", "2014-09-30": "$2,873", "2014-06-30": "$2,117", "2014-03-31": "$1,987", "2013-12-31": "$3,243", "2013-09-30": "$3,559", "2013-06-30": "$3,357", "2013-03-31": "$3,689", "2012-12-31": "$5,134", "2012-09-30": "$6,001", "2012-06-30": "$3,964", "2012-03-31": "$3,982", "2011-12-31": "$4,017", "2011-09-30": "$3,286", "2011-06-30": "$3,389", "2011-03-31": "$3,812", "2010-12-31": "$3,394", "2010-09-30": "$4,636", "2010-06-30": "$2,888", "2010-03-31": "$1,586", "2009-12-31": "$1,130", "2009-09-30": "$1,066", "2009-06-30": "$1,081", "2009-03-31": "$1,414", "2008-12-31": "$1,296", "2008-09-30": "$1,221", "2008-06-30": "$976", "2008-03-31": "$1,567", "2007-12-31": "$1,241", "2007-09-30": "$618", "2007-06-30": "$445", "2007-03-31": "$502", "2006-12-31": "$467", "2006-09-30": "$407", "2006-06-30": "$282", "2006-03-31": "$462", "2005-12-31": "$445", "2005-09-30": "$597", "2005-06-30": "$943", "2005-03-31": "$421"}}, "long-term-debt": {"Transocean Annual Long Term Debt (Millions of US $)": {"2019": "$8,693", "2018": "$9,605", "2017": "$7,146", "2016": "$7,740", "2015": "$7,397", "2014": "$9,019", "2013": "$10,379", "2012": "$11,092", "2011": "$11,349", "2010": "$9,209", "2009": "$9,849", "2008": "$12,893", "2007": "$11,085", "2006": "$3,203", "2005": "$1,197"}, "Transocean Quarterly Long Term Debt (Millions of US $)": {"2020-09-30": "$7,794", "2020-06-30": "$8,480", "2020-03-31": "$8,576", "2019-12-31": "$8,693", "2019-09-30": "$9,041", "2019-06-30": "$9,378", "2019-03-31": "$9,071", "2018-12-31": "$9,605", "2018-09-30": "$8,955", "2018-06-30": "$7,814", "2018-03-31": "$7,976", "2017-12-31": "$7,146", "2017-09-30": "$6,501", "2017-06-30": "$6,525", "2017-03-31": "$6,937", "2016-12-31": "$7,740", "2016-09-30": "$7,191", "2016-06-30": "$7,155", "2016-03-31": "$7,253", "2015-12-31": "$7,397", "2015-09-30": "$8,630", "2015-06-30": "$8,989", "2015-03-31": "$8,996", "2014-12-31": "$9,019", "2014-09-30": "$9,991", "2014-06-30": "$10,298", "2014-03-31": "$10,308", "2013-12-31": "$10,379", "2013-09-30": "$10,508", "2013-06-30": "$10,608", "2013-03-31": "$10,967", "2012-12-31": "$11,092", "2012-09-30": "$11,388", "2012-06-30": "$10,039", "2012-03-31": "$10,664", "2011-12-31": "$11,349", "2011-09-30": "$9,174", "2011-06-30": "$9,165", "2011-03-31": "$9,181", "2010-12-31": "$9,209", "2010-09-30": "$11,123", "2010-06-30": "$9,764", "2010-03-31": "$9,910", "2009-12-31": "$9,849", "2009-09-30": "$11,220", "2009-06-30": "$10,890", "2009-03-31": "$10,924", "2008-12-31": "$12,893", "2008-09-30": "$13,851", "2008-06-30": "$13,134", "2008-03-31": "$13,239", "2007-12-31": "$11,085", "2007-09-30": "$1,575", "2007-06-30": "$3,046", "2007-03-31": "$3,484", "2006-12-31": "$3,203", "2006-09-30": "$3,400", "2006-06-30": "$1,501", "2006-03-31": "$1,197", "2005-12-31": "$1,197", "2005-09-30": "$1,198", "2005-06-30": "$1,794", "2005-03-31": "$2,196"}}, "total-liabilities": {"Transocean Annual Total Liabilities (Millions of US $)": {"2019": "$12,238", "2018": "$12,551", "2017": "$9,699", "2016": "$11,084", "2015": "$11,431", "2014": "$14,589", "2013": "$15,861", "2012": "$18,525", "2011": "$19,405", "2010": "$15,436", "2009": "$15,877", "2008": "$18,015", "2007": "$21,798", "2006": "$4,640", "2005": "$2,475"}, "Transocean Quarterly Total Liabilities (Millions of US $)": {"2020-09-30": "$11,069", "2020-06-30": "$11,838", "2020-03-31": "$11,976", "2019-12-31": "$12,238", "2019-09-30": "$12,507", "2019-06-30": "$12,867", "2019-03-31": "$12,497", "2018-12-31": "$12,551", "2018-09-30": "$11,501", "2018-06-30": "$11,884", "2018-03-31": "$12,268", "2017-12-31": "$9,699", "2017-09-30": "$9,638", "2017-06-30": "$9,638", "2017-03-31": "$10,817", "2016-12-31": "$11,084", "2016-09-30": "$10,775", "2016-06-30": "$10,699", "2016-03-31": "$11,189", "2015-12-31": "$11,431", "2015-09-30": "$11,809", "2015-06-30": "$13,325", "2015-03-31": "$13,595", "2014-12-31": "$14,589", "2014-09-30": "$15,012", "2014-06-30": "$15,292", "2014-03-31": "$14,722", "2013-12-31": "$15,861", "2013-09-30": "$16,342", "2013-06-30": "$16,551", "2013-03-31": "$16,648", "2012-12-31": "$18,525", "2012-09-30": "$20,056", "2012-06-30": "$18,833", "2012-03-31": "$18,992", "2011-12-31": "$19,405", "2011-09-30": "$15,833", "2011-06-30": "$16,063", "2011-03-31": "$15,505", "2010-12-31": "$15,436", "2010-09-30": "$18,291", "2010-06-30": "$16,825", "2010-03-31": "$15,632", "2009-12-31": "$15,877", "2009-09-30": "$16,312", "2009-06-30": "$16,262", "2009-03-31": "$17,139", "2008-12-31": "$18,015", "2008-09-30": "$19,090", "2008-06-30": "$19,512", "2008-03-31": "$21,075", "2007-12-31": "$21,798", "2007-09-30": "$4,198", "2007-06-30": "$4,671", "2007-03-31": "$5,005", "2006-12-31": "$4,640", "2006-09-30": "$4,712", "2006-06-30": "$2,651", "2006-03-31": "$2,555", "2005-12-31": "$2,475", "2005-09-30": "$2,575", "2005-06-30": "$3,196", "2005-03-31": "$3,130"}}, "total-share-holder-equity": {"Transocean Annual Share Holder Equity (Millions of US $)": {"2019": "$11,867", "2018": "$13,114", "2017": "$12,711", "2016": "$15,805", "2015": "$15,000", "2014": "$13,982", "2013": "$16,685", "2012": "$15,730", "2011": "$15,627", "2010": "$21,375", "2009": "$20,559", "2008": "$17,167", "2007": "$12,566", "2006": "$6,836", "2005": "$7,982"}, "Transocean Quarterly Share Holder Equity (Millions of US $)": {"2020-09-30": "$11,403", "2020-06-30": "$10,987", "2020-03-31": "$11,475", "2019-12-31": "$11,867", "2019-09-30": "$11,942", "2019-06-30": "$12,757", "2019-03-31": "$12,953", "2018-12-31": "$13,114", "2018-09-30": "$11,961", "2018-06-30": "$12,362", "2018-03-31": "$13,427", "2017-12-31": "$12,711", "2017-09-30": "$12,803", "2017-06-30": "$14,209", "2017-03-31": "$15,900", "2016-12-31": "$15,805", "2016-09-30": "$15,392", "2016-06-30": "$15,140", "2016-03-31": "$15,056", "2015-12-31": "$15,000", "2015-09-30": "$14,026", "2015-06-30": "$13,648", "2015-03-31": "$13,510", "2014-12-31": "$13,982", "2014-09-30": "$14,952", "2014-06-30": "$16,775", "2014-03-31": "$17,175", "2013-12-31": "$16,685", "2013-09-30": "$16,259", "2013-06-30": "$15,664", "2013-03-31": "$16,027", "2012-12-31": "$15,730", "2012-09-30": "$15,256", "2012-06-30": "$15,609", "2012-03-31": "$15,723", "2011-12-31": "$15,627", "2011-09-30": "$20,812", "2011-06-30": "$20,873", "2011-03-31": "$21,705", "2010-12-31": "$21,375", "2010-09-30": "$21,039", "2010-06-30": "$20,727", "2010-03-31": "$21,206", "2009-12-31": "$20,559", "2009-09-30": "$19,706", "2009-06-30": "$18,995", "2009-03-31": "$18,120", "2008-12-31": "$17,167", "2008-09-30": "$16,075", "2008-06-30": "$14,965", "2008-03-31": "$13,787", "2007-12-31": "$12,566", "2007-09-30": "$8,502", "2007-06-30": "$7,478", "2007-03-31": "$6,878", "2006-12-31": "$6,836", "2006-09-30": "$6,466", "2006-06-30": "$7,904", "2006-03-31": "$8,035", "2005-12-31": "$7,982", "2005-09-30": "$8,198", "2005-06-30": "$7,964", "2005-03-31": "$7,562"}}, "profit-margins": {"current": "-17.85%"}, "gross margin": {"2020-09-30": "100.00%", "2020-06-30": "100.00%", "2020-03-31": "100.00%", "2019-12-31": "100.00%", "2019-09-30": "100.00%", "2019-06-30": "100.00%", "2019-03-31": "100.00%", "2018-12-31": "100.00%", "2018-09-30": "100.00%", "2018-06-30": "100.00%", "2018-03-31": "100.00%", "2017-12-31": "100.00%", "2017-09-30": "100.00%", "2017-06-30": "100.00%", "2017-03-31": "100.00%", "2016-12-31": "100.00%", "2016-09-30": "100.00%", "2016-06-30": "100.00%", "2016-03-31": "100.00%", "2015-12-31": "100.00%", "2015-09-30": "100.00%", "2015-06-30": "100.00%", "2015-03-31": "100.00%", "2014-12-31": "100.00%", "2014-09-30": "100.00%", "2014-06-30": "100.00%", "2014-03-31": "100.00%", "2013-12-31": "100.00%", "2013-09-30": "100.00%", "2013-06-30": "100.00%", "2013-03-31": "100.00%", "2012-12-31": "100.00%", "2012-09-30": "100.00%", "2012-06-30": "100.00%", "2012-03-31": "100.00%", "2011-12-31": "100.00%", "2011-09-30": "100.00%", "2011-06-30": "100.00%", "2011-03-31": "100.00%", "2010-12-31": "100.00%", "2010-09-30": "100.00%", "2010-06-30": "100.00%", "2010-03-31": "100.00%", "2009-12-31": "100.00%", "2009-09-30": "100.00%", "2009-06-30": "100.00%", "2009-03-31": "100.00%", "2008-12-31": "100.00%", "2008-09-30": "100.00%", "2008-06-30": "100.00%", "2008-03-31": "100.00%", "2007-12-31": "100.00%", "2007-09-30": "100.00%", "2007-06-30": "100.00%", "2007-03-31": "100.00%", "2006-12-31": "100.00%", "2006-09-30": "100.00%", "2006-06-30": "100.00%", "2006-03-31": "100.00%", "2005-12-31": "100.00%"}, "operating margin": {"2020-09-30": "-16.38%", "2020-06-30": "-35.04%", "2020-03-31": "-29.32%", "2019-12-31": "-23.35%", "2019-09-30": "-22.08%", "2019-06-30": "-12.03%", "2019-03-31": "-40.54%", "2018-12-31": "-41.45%", "2018-09-30": "-41.77%", "2018-06-30": "-71.01%", "2018-03-31": "-93.90%", "2017-12-31": "-84.26%", "2017-09-30": "-67.21%", "2017-06-30": "-25.00%", "2017-03-31": "23.61%", "2016-12-31": "26.58%", "2016-09-30": "30.79%", "2016-06-30": "30.78%", "2016-03-31": "31.57%", "2015-12-31": "18.48%", "2015-09-30": "0.18%", "2015-06-30": "-30.78%", "2015-03-31": "-26.32%", "2014-12-31": "-14.67%", "2014-09-30": "-3.66%", "2014-06-30": "27.43%", "2014-03-31": "25.63%", "2013-12-31": "23.97%", "2013-09-30": "26.26%", "2013-06-30": "27.12%", "2013-03-31": "18.94%", "2012-12-31": "17.89%", "2012-09-30": "-56.32%", "2012-06-30": "-65.85%", "2012-03-31": "-59.59%", "2011-12-31": "-59.32%", "2011-09-30": "17.38%", "2011-06-30": "21.25%", "2011-03-31": "28.75%", "2010-12-31": "34.34%", "2010-09-30": "35.33%", "2010-06-30": "36.58%", "2010-03-31": "36.81%", "2009-12-31": "38.37%", "2009-09-30": "37.05%", "2009-06-30": "39.38%", "2009-03-31": "40.50%", "2008-12-31": "42.27%", "2008-09-30": "47.26%", "2008-06-30": "48.80%", "2008-03-31": "50.52%", "2007-12-31": "50.79%", "2007-09-30": "50.38%", "2007-06-30": "48.28%", "2007-03-31": "45.85%", "2006-12-31": "42.27%", "2006-09-30": "33.20%", "2006-06-30": "30.11%", "2006-03-31": "27.97%", "2005-12-31": "24.90%"}, "ebitda margin": {"2020-09-30": "14.47%", "2020-06-30": "-3.89%", "2020-03-31": "4.11%", "2019-12-31": "10.40%", "2019-09-30": "11.63%", "2019-06-30": "-12.61%", "2019-03-31": "-9.30%", "2018-12-31": "-10.64%", "2018-09-30": "-11.56%", "2018-06-30": "-6.78%", "2018-03-31": "-65.11%", "2017-12-31": "-56.27%", "2017-09-30": "-40.87%", "2017-06-30": "1.41%", "2017-03-31": "48.79%", "2016-12-31": "48.04%", "2016-09-30": "48.25%", "2016-06-30": "45.85%", "2016-03-31": "44.87%", "2015-12-31": "31.52%", "2015-09-30": "13.57%", "2015-06-30": "-17.56%", "2015-03-31": "-13.38%", "2014-12-31": "-2.37%", "2014-09-30": "8.51%", "2014-06-30": "39.20%", "2014-03-31": "37.29%", "2013-12-31": "35.80%", "2013-09-30": "38.35%", "2013-06-30": "39.98%", "2013-03-31": "32.64%", "2012-12-31": "32.78%", "2012-09-30": "-39.27%", "2012-06-30": "-47.22%", "2012-03-31": "-40.54%", "2011-12-31": "-40.25%", "2011-09-30": "40.03%", "2011-06-30": "43.37%", "2011-03-31": "50.84%", "2010-12-31": "55.48%", "2010-09-30": "54.49%", "2010-06-30": "54.25%", "2010-03-31": "53.16%", "2009-12-31": "53.19%", "2009-09-30": "50.57%", "2009-06-30": "51.51%", "2009-03-31": "51.23%", "2008-12-31": "52.07%", "2008-09-30": "53.68%", "2008-06-30": "54.94%", "2008-03-31": "56.81%", "2007-12-31": "57.52%", "2007-09-30": "57.71%", "2007-06-30": "56.28%", "2007-03-31": "54.93%", "2006-12-31": "52.60%", "2006-09-30": "45.08%", "2006-06-30": "43.03%", "2006-03-31": "41.33%", "2005-12-31": "38.97%"}, "pre tax profit margin": {"2020-09-30": "-18.56%", "2020-06-30": "-52.37%", "2020-03-31": "-45.72%", "2019-12-31": "-38.80%", "2019-09-30": "-41.13%", "2019-06-30": "-29.91%", "2019-03-31": "-58.08%", "2018-12-31": "-58.81%", "2018-09-30": "-60.47%", "2018-06-30": "-88.03%", "2018-03-31": "-112.45%", "2017-12-31": "-101.01%", "2017-09-30": "-79.87%", "2017-06-30": "-34.46%", "2017-03-31": "18.00%", "2016-12-31": "22.45%", "2016-09-30": "26.99%", "2016-06-30": "25.47%", "2016-03-31": "26.02%", "2015-12-31": "13.74%", "2015-09-30": "-5.05%", "2015-06-30": "-35.70%", "2015-03-31": "-30.67%", "2014-12-31": "-19.47%", "2014-09-30": "-8.56%", "2014-06-30": "22.35%", "2014-03-31": "19.91%", "2013-12-31": "17.90%", "2013-09-30": "19.52%", "2013-06-30": "19.95%", "2013-03-31": "11.46%", "2012-12-31": "9.88%", "2012-09-30": "-64.78%", "2012-06-30": "-75.38%", "2012-03-31": "-68.75%", "2011-12-31": "-67.75%", "2011-09-30": "7.90%", "2011-06-30": "13.14%", "2011-03-31": "20.89%", "2010-12-31": "27.11%", "2010-09-30": "30.32%", "2010-06-30": "32.16%", "2010-03-31": "32.65%", "2009-12-31": "34.25%", "2009-09-30": "33.00%", "2009-06-30": "35.16%", "2009-03-31": "36.22%", "2008-12-31": "37.65%", "2008-09-30": "42.47%", "2008-06-30": "47.47%", "2008-03-31": "50.30%", "2007-12-31": "52.91%", "2007-09-30": "54.65%", "2007-06-30": "47.19%", "2007-03-31": "45.05%", "2006-12-31": "41.40%", "2006-09-30": "31.35%", "2006-06-30": "28.36%", "2006-03-31": "31.16%", "2005-12-31": "27.77%"}, "net profit margin": {"2020-09-30": "-17.85%", "2020-06-30": "-54.06%", "2020-03-31": "-47.72%", "2019-12-31": "-40.64%", "2019-09-30": "-47.50%", "2019-06-30": "-33.49%", "2019-03-31": "-62.97%", "2018-12-31": "-66.14%", "2018-09-30": "-64.33%", "2018-06-30": "-99.38%", "2018-03-31": "-120.20%", "2017-12-31": "-105.18%", "2017-09-30": "-84.00%", "2017-06-30": "-33.72%", "2017-03-31": "17.20%", "2016-12-31": "18.36%", "2016-09-30": "24.22%", "2016-06-30": "23.05%", "2016-03-31": "23.68%", "2015-12-31": "11.71%", "2015-09-30": "-6.23%", "2015-06-30": "-35.80%", "2015-03-31": "-31.25%", "2014-12-31": "-20.02%", "2014-09-30": "-10.21%", "2014-06-30": "19.48%", "2014-03-31": "16.43%", "2013-12-31": "15.21%", "2013-09-30": "17.95%", "2013-06-30": "7.74%", "2013-03-31": "1.00%", "2012-12-31": "-2.45%", "2012-09-30": "-81.06%", "2012-06-30": "-81.16%", "2012-03-31": "-75.75%", "2011-12-31": "-71.68%", "2011-09-30": "-6.10%", "2011-06-30": "-0.43%", "2011-03-31": "7.44%", "2010-12-31": "11.65%", "2010-09-30": "24.94%", "2010-06-30": "26.91%", "2010-03-31": "26.75%", "2009-12-31": "27.80%", "2009-09-30": "26.56%", "2009-06-30": "28.61%", "2009-03-31": "30.15%", "2008-12-31": "31.81%", "2008-09-30": "37.65%", "2008-06-30": "43.08%", "2008-03-31": "45.56%", "2007-12-31": "48.94%", "2007-09-30": "49.14%", "2007-06-30": "40.86%", "2007-03-31": "39.43%", "2006-12-31": "35.68%", "2006-09-30": "26.42%", "2006-06-30": "24.24%", "2006-03-31": "26.97%", "2005-12-31": "24.76%"}, "pe ratio": {"current": "0.00", "2021-02-05": "0.00", "2020-09-30": "0.00", "2020-06-30": "0.00", "2020-03-31": "0.00", "2019-12-31": "0.00", "2019-09-30": "0.00", "2019-06-30": "0.00", "2019-03-31": "0.00", "2018-12-31": "0.00", "2018-09-30": "0.00", "2018-06-30": "0.00", "2018-03-31": "0.00", "2017-12-31": "0.00", "2017-09-30": "0.00", "2017-06-30": "0.00", "2017-03-31": "7.50", "2016-12-31": "6.99", "2016-09-30": "3.36", "2016-06-30": "3.47", "2016-03-31": "2.20", "2015-12-31": "5.79", "2015-09-30": "0.00", "2015-06-30": "0.00", "2015-03-31": "0.00", "2014-12-31": "0.00", "2014-09-30": "0.00", "2014-06-30": "8.15", "2014-03-31": "8.69", "2013-12-31": "11.39", "2013-09-30": "8.75", "2013-06-30": "21.72", "2013-03-31": "203.26", "2012-12-31": "0.00", "2012-09-30": "0.00", "2012-06-30": "0.00", "2012-03-31": "0.00", "2011-12-31": "0.00", "2011-09-30": "0.00", "2011-06-30": "661.68", "2011-03-31": "34.71", "2010-12-31": "18.97", "2010-09-30": "6.75", "2010-06-30": "4.29", "2010-03-31": "7.75", "2009-12-31": "6.81", "2009-09-30": "6.86", "2009-06-30": "5.30", "2009-03-31": "3.87", "2008-12-31": "2.92", "2008-09-30": "6.03", "2008-06-30": "7.74", "2008-03-31": "7.24", "2007-12-31": "8.25", "2007-09-30": "8.22", "2007-06-30": "10.34", "2007-03-31": "9.53", "2006-12-31": "12.09"}, "price sales": {"2021-02-05": "0.68", "2020-09-30": "0.16", "2020-06-30": "0.34", "2020-03-31": "0.23", "2019-12-31": "1.36", "2019-09-30": "0.84", "2019-06-30": "1.10", "2019-03-31": "1.38", "2018-12-31": "1.05", "2018-09-30": "2.11", "2018-06-30": "1.95", "2018-03-31": "1.39", "2017-12-31": "1.40", "2017-09-30": "1.24", "2017-06-30": "0.91", "2017-03-31": "1.28", "2016-12-31": "1.29", "2016-09-30": "0.77", "2016-06-30": "0.75", "2016-03-31": "0.50", "2015-12-31": "0.61", "2015-09-30": "0.60", "2015-06-30": "0.68", "2015-03-31": "0.59", "2014-12-31": "0.68", "2014-09-30": "1.16", "2014-06-30": "1.57", "2014-03-31": "1.41", "2013-12-31": "1.71", "2013-09-30": "1.55", "2013-06-30": "1.65", "2013-03-31": "1.77", "2012-12-31": "1.52", "2012-09-30": "1.59", "2012-06-30": "1.63", "2012-03-31": "1.93", "2011-12-31": "1.30", "2011-09-30": "1.80", "2011-06-30": "2.30", "2011-03-31": "2.69", "2010-12-31": "2.27", "2010-09-30": "1.68", "2010-06-30": "1.15", "2010-03-31": "2.06", "2009-12-31": "1.88", "2009-09-30": "1.84", "2009-06-30": "1.55", "2009-03-31": "1.21", "2008-12-31": "0.97", "2008-09-30": "2.30", "2008-06-30": "3.43", "2008-03-31": "3.30", "2007-12-31": "3.90", "2007-09-30": "4.11", "2007-06-30": "4.33", "2007-03-31": "3.88", "2006-12-31": "4.48"}, "price book": {"current": "0.19", "2021-02-05": "0.19", "2020-09-30": "0.04", "2020-06-30": "0.10", "2020-03-31": "0.06", "2019-12-31": "0.35", "2019-09-30": "0.23", "2019-06-30": "0.31", "2019-03-31": "0.41", "2018-12-31": "0.32", "2018-09-30": "0.54", "2018-06-30": "0.50", "2018-03-31": "0.34", "2017-12-31": "0.33", "2017-09-30": "0.33", "2017-06-30": "0.23", "2017-03-31": "0.31", "2016-12-31": "0.36", "2016-09-30": "0.25", "2016-06-30": "0.29", "2016-03-31": "0.22", "2015-12-31": "0.30", "2015-09-30": "0.34", "2015-06-30": "0.42", "2015-03-31": "0.39", "2014-12-31": "0.45", "2014-09-30": "0.71", "2014-06-30": "0.88", "2014-03-31": "0.77", "2013-12-31": "0.95", "2013-09-30": "0.87", "2013-06-30": "0.96", "2013-03-31": "1.01", "2012-12-31": "0.88", "2012-09-30": "0.91", "2012-06-30": "0.89", "2012-03-31": "1.05", "2011-12-31": "0.73", "2011-09-30": "0.61", "2011-06-30": "0.81", "2011-03-31": "0.93", "2010-12-31": "0.84", "2010-09-30": "0.79", "2010-06-30": "0.58", "2010-03-31": "1.10", "2009-12-31": "1.05", "2009-09-30": "1.13", "2009-06-30": "1.02", "2009-03-31": "0.84", "2008-12-31": "0.71", "2008-09-30": "1.77", "2008-06-30": "2.63", "2008-03-31": "2.53", "2007-12-31": "2.93", "2007-09-30": "2.52", "2007-06-30": "2.67", "2007-03-31": "2.23", "2006-12-31": "2.26", "2006-09-30": "2.18", "2006-06-30": "2.12", "2006-03-31": "2.11"}, "price fcf": {"2021-02-05": "", "2020-09-30": "$-0.06", "2020-06-30": "$-0.15", "2020-03-31": "$-0.06", "2019-12-31": "$0.04", "2019-09-30": "$0.40", "2019-06-30": "$0.82", "2019-03-31": "$0.60", "2018-12-31": "$0.89", "2018-09-30": "$0.86", "2018-06-30": "$1.12", "2018-03-31": "$2.60", "2017-12-31": "$2.62", "2017-09-30": "$3.43", "2017-06-30": "$3.31", "2017-03-31": "$1.24", "2016-12-31": "$1.81", "2016-09-30": "$1.48", "2016-06-30": "$0.14", "2016-03-31": "$3.94", "2015-12-31": "$4.13", "2015-09-30": "$3.97", "2015-06-30": "$6.59", "2015-03-31": "$4.27", "2014-12-31": "$0.84", "2014-09-30": "$0.21", "2014-06-30": "$-0.65", "2014-03-31": "$-1.28", "2013-12-31": "$0.16", "2013-09-30": "$0.78", "2013-06-30": "$1.87", "2013-03-31": "$2.31", "2012-12-31": "$4.19", "2012-09-30": "$4.23", "2012-06-30": "$3.28", "2012-03-31": "$2.81", "2011-12-31": "$2.50", "2011-09-30": "$2.63", "2011-06-30": "$2.83", "2011-03-31": "$5.75", "2010-12-31": "$7.86", "2010-09-30": "$8.01", "2010-06-30": "$9.39", "2010-03-31": "$8.27", "2009-12-31": "$7.97", "2009-09-30": "$9.09", "2009-06-30": "$8.78", "2009-03-31": "$8.96", "2008-12-31": "$9.65", "2008-09-30": "$9.62", "2008-06-30": "$10.16", "2008-03-31": "$9.56", "2007-12-31": "$7.63", "2007-09-30": "$5.69", "2007-06-30": "$3.47", "2007-03-31": "$1.93", "2006-12-31": "$1.58"}, "net worth": {"value": "$2.16B"}, "current ratio": {"2020-09-30": "2.05", "2020-06-30": "2.07", "2020-03-31": "2.07", "2019-12-31": "2.11", "2019-09-30": "2.53", "2019-06-30": "2.88", "2019-03-31": "2.72", "2018-12-31": "2.71", "2018-09-30": "3.08", "2018-06-30": "1.49", "2018-03-31": "1.50", "2017-12-31": "3.36", "2017-09-30": "2.36", "2017-06-30": "2.31", "2017-03-31": "1.99", "2016-12-31": "2.57", "2016-09-30": "1.95", "2016-06-30": "1.88", "2016-03-31": "1.82", "2015-12-31": "1.80", "2015-09-30": "2.68", "2015-06-30": "2.32", "2015-03-31": "1.84", "2014-12-31": "1.55", "2014-09-30": "1.80", "2014-06-30": "1.70", "2014-03-31": "2.04", "2013-12-31": "1.91", "2013-09-30": "1.95", "2013-06-30": "1.81", "2013-03-31": "2.11", "2012-12-31": "1.58", "2012-09-30": "1.54", "2012-06-30": "1.10", "2012-03-31": "1.33", "2011-12-31": "1.36", "2011-09-30": "1.54", "2011-06-30": "1.50", "2011-03-31": "1.80", "2010-12-31": "1.62", "2010-09-30": "1.63", "2010-06-30": "1.27", "2010-03-31": "1.43", "2009-12-31": "1.24", "2009-09-30": "1.78", "2009-06-30": "1.57", "2009-03-31": "1.38", "2008-12-31": "1.98", "2008-09-30": "1.79", "2008-06-30": "1.21", "2008-03-31": "1.03", "2007-12-31": "0.54", "2007-09-30": "1.11", "2007-06-30": "1.90", "2007-03-31": "1.90", "2006-12-31": "1.59", "2006-09-30": "1.78", "2006-06-30": "1.76", "2006-03-31": "1.43", "2005-12-31": "1.39", "2005-09-30": "1.55", "2005-06-30": "1.87", "2005-03-31": "2.55"}, "quick ratio": {"2020-09-30": "1.75", "2020-06-30": "1.78", "2020-03-31": "1.78", "2019-12-31": "1.83", "2019-09-30": "2.21", "2019-06-30": "2.55", "2019-03-31": "2.37", "2018-12-31": "2.38", "2018-09-30": "2.77", "2018-06-30": "1.35", "2018-03-31": "1.35", "2017-12-31": "3.06", "2017-09-30": "2.13", "2017-06-30": "2.03", "2017-03-31": "1.77", "2016-12-31": "2.29", "2016-09-30": "1.69", "2016-06-30": "1.61", "2016-03-31": "1.58", "2015-12-31": "1.57", "2015-09-30": "2.30", "2015-06-30": "2.06", "2015-03-31": "1.59", "2014-12-31": "1.33", "2014-09-30": "1.56", "2014-06-30": "1.46", "2014-03-31": "1.76", "2013-12-31": "1.70", "2013-09-30": "1.76", "2013-06-30": "1.63", "2013-03-31": "1.92", "2012-12-31": "1.47", "2012-09-30": "1.45", "2012-06-30": "1.00", "2012-03-31": "1.22", "2011-12-31": "1.27", "2011-09-30": "1.40", "2011-06-30": "1.38", "2011-03-31": "1.66", "2010-12-31": "1.48", "2010-09-30": "1.53", "2010-06-30": "1.17", "2010-03-31": "1.29", "2009-12-31": "1.11", "2009-09-30": "1.60", "2009-06-30": "1.41", "2009-03-31": "1.26", "2008-12-31": "1.82", "2008-09-30": "1.65", "2008-06-30": "1.10", "2008-03-31": "0.96", "2007-12-31": "0.50", "2007-09-30": "1.02", "2007-06-30": "1.73", "2007-03-31": "1.72", "2006-12-31": "1.44", "2006-09-30": "1.59", "2006-06-30": "1.53", "2006-03-31": "1.26", "2005-12-31": "1.22", "2005-09-30": "1.38", "2005-06-30": "1.71", "2005-03-31": "2.21"}, "debt equity ratio": {"current": "0.68", "2020-09-30": "0.97", "2020-06-30": "1.08", "2020-03-31": "1.04", "2019-12-31": "1.03", "2019-09-30": "1.05", "2019-06-30": "1.01", "2019-03-31": "0.97", "2018-12-31": "0.96", "2018-09-30": "0.96", "2018-06-30": "0.96", "2018-03-31": "0.91", "2017-12-31": "0.76", "2017-09-30": "0.75", "2017-06-30": "0.68", "2017-03-31": "0.68", "2016-12-31": "0.70", "2016-09-30": "0.70", "2016-06-30": "0.71", "2016-03-31": "0.74", "2015-12-31": "0.76", "2015-09-30": "0.84", "2015-06-30": "0.98", "2015-03-31": "1.01", "2014-12-31": "1.04", "2014-09-30": "1.00", "2014-06-30": "0.91", "2014-03-31": "0.86", "2013-12-31": "0.95", "2013-09-30": "1.01", "2013-06-30": "1.06", "2013-03-31": "1.04", "2012-12-31": "1.18", "2012-09-30": "1.32", "2012-06-30": "1.21", "2012-03-31": "1.21", "2011-12-31": "1.24", "2011-09-30": "0.76", "2011-06-30": "0.77", "2011-03-31": "0.71", "2010-12-31": "0.72", "2010-09-30": "0.87", "2010-06-30": "0.81", "2010-03-31": "0.74", "2009-12-31": "0.77", "2009-09-30": "0.83", "2009-06-30": "0.86", "2009-03-31": "0.95", "2008-12-31": "1.05", "2008-09-30": "1.19", "2008-06-30": "1.30", "2008-03-31": "1.53", "2007-12-31": "1.74", "2007-09-30": "0.49", "2007-06-30": "0.63", "2007-03-31": "0.73", "2006-12-31": "0.68", "2006-09-30": "0.73", "2006-06-30": "0.34", "2006-03-31": "0.32", "2005-12-31": "0.31", "2005-09-30": "0.31", "2005-06-30": "0.40", "2005-03-31": "0.41"}, "return on equity": {"2020-09-30": "-5.08%", "2020-06-30": "-15.26%", "2020-03-31": "-12.29%", "2019-12-31": "-10.14%", "2019-09-30": "-11.39%", "2019-06-30": "-8.11%", "2019-03-31": "-15.53%", "2018-12-31": "-15.70%", "2018-09-30": "-14.78%", "2018-06-30": "-22.40%", "2018-03-31": "-25.80%", "2017-12-31": "-22.49%", "2017-09-30": "-18.99%", "2017-06-30": "-7.52%", "2017-03-31": "3.98%", "2016-12-31": "4.98%", "2016-09-30": "8.05%", "2016-06-30": "8.94%", "2016-03-31": "10.97%", "2015-12-31": "6.16%", "2015-09-30": "-3.52%", "2015-06-30": "-21.56%", "2015-03-31": "-18.76%", "2014-12-31": "-11.70%", "2014-09-30": "-5.72%", "2014-06-30": "10.91%", "2014-03-31": "9.39%", "2013-12-31": "8.71%", "2013-09-30": "10.23%", "2013-06-30": "4.47%", "2013-03-31": "0.57%", "2012-12-31": "-1.41%", "2012-09-30": "-43.93%", "2012-06-30": "-38.26%", "2012-03-31": "-33.16%", "2011-12-31": "-29.13%", "2011-09-30": "-2.04%", "2011-06-30": "-0.15%", "2011-03-31": "2.64%", "2010-12-31": "4.39%", "2010-09-30": "11.89%", "2010-06-30": "13.75%", "2010-03-31": "14.50%", "2009-12-31": "16.44%", "2009-09-30": "17.36%", "2009-06-30": "20.27%", "2009-03-31": "23.06%", "2008-12-31": "26.01%", "2008-09-30": "30.13%", "2008-06-30": "33.99%", "2008-03-31": "35.12%", "2007-12-31": "35.24%", "2007-09-30": "36.32%", "2007-06-30": "29.39%", "2007-03-31": "24.67%", "2006-12-31": "18.95%", "2006-09-30": "12.06%", "2006-06-30": "9.68%", "2006-03-31": "10.32%", "2005-12-31": "9.03%"}, "return on assets": {"2020-09-30": "-2.50%", "2020-06-30": "-7.44%", "2020-03-31": "-6.05%", "2019-12-31": "-5.04%", "2019-09-30": "-5.72%", "2019-06-30": "-4.11%", "2019-03-31": "-7.92%", "2018-12-31": "-8.06%", "2018-09-30": "-7.79%", "2018-06-30": "-12.12%", "2018-03-31": "-14.53%", "2017-12-31": "-13.11%", "2017-09-30": "-11.16%", "2017-06-30": "-4.45%", "2017-03-31": "2.35%", "2016-12-31": "2.91%", "2016-09-30": "4.66%", "2016-06-30": "5.07%", "2016-03-31": "6.00%", "2015-12-31": "3.25%", "2015-09-30": "-1.79%", "2015-06-30": "-10.74%", "2015-03-31": "-9.44%", "2014-12-31": "-6.00%", "2014-09-30": "-2.97%", "2014-06-30": "5.65%", "2014-03-31": "4.78%", "2013-12-31": "4.33%", "2013-09-30": "4.94%", "2013-06-30": "2.09%", "2013-03-31": "0.26%", "2012-12-31": "-0.63%", "2012-09-30": "-19.59%", "2012-06-30": "-18.41%", "2012-03-31": "-16.90%", "2011-12-31": "-15.78%", "2011-09-30": "-1.17%", "2011-06-30": "-0.09%", "2011-03-31": "1.48%", "2010-12-31": "2.46%", "2010-09-30": "6.61%", "2010-06-30": "7.70%", "2010-03-31": "8.07%", "2009-12-31": "8.90%", "2009-09-30": "9.07%", "2009-06-30": "10.12%", "2009-03-31": "10.92%", "2008-12-31": "11.54%", "2008-09-30": "12.45%", "2008-06-30": "14.55%", "2008-03-31": "15.80%", "2007-12-31": "17.56%", "2007-09-30": "22.37%", "2007-06-30": "17.41%", "2007-03-31": "15.36%", "2006-12-31": "12.65%", "2006-09-30": "8.56%", "2006-06-30": "7.33%", "2006-03-31": "7.72%", "2005-12-31": "6.65%"}, "return on investments": {"2020-09-30": "-2.69%", "2020-06-30": "-5.65%", "2020-03-31": "-4.33%", "2019-12-31": "-3.37%", "2019-09-30": "-3.06%", "2019-06-30": "-1.69%", "2019-03-31": "-5.87%", "2018-12-31": "-5.87%", "2018-09-30": "-5.88%", "2018-06-30": "-10.17%", "2018-03-31": "-13.18%", "2017-12-31": "-12.11%", "2017-09-30": "-10.32%", "2017-06-30": "-3.81%", "2017-03-31": "3.73%", "2016-12-31": "4.88%", "2016-09-30": "6.93%", "2016-06-30": "7.88%", "2016-03-31": "9.38%", "2015-12-31": "6.05%", "2015-09-30": "0.06%", "2015-06-30": "-11.17%", "2015-03-31": "-9.60%", "2014-12-31": "-5.26%", "2014-09-30": "-1.26%", "2014-06-30": "9.48%", "2014-03-31": "8.96%", "2013-12-31": "8.28%", "2013-09-30": "8.92%", "2013-06-30": "9.20%", "2013-03-31": "6.44%", "2012-12-31": "6.07%", "2012-09-30": "-17.97%", "2012-06-30": "-19.30%", "2012-03-31": "-16.80%", "2011-12-31": "-16.16%", "2011-09-30": "4.05%", "2011-06-30": "5.07%", "2011-03-31": "6.96%", "2010-12-31": "8.78%", "2010-09-30": "11.33%", "2010-06-30": "12.50%", "2010-03-31": "13.12%", "2009-12-31": "14.60%", "2009-09-30": "14.95%", "2009-06-30": "16.51%", "2009-03-31": "17.54%", "2008-12-31": "18.62%", "2008-09-30": "19.97%", "2008-06-30": "21.59%", "2008-03-31": "23.13%", "2007-12-31": "23.72%", "2007-09-30": "26.96%", "2007-06-30": "23.54%", "2007-03-31": "20.31%", "2006-12-31": "17.03%", "2006-09-30": "12.22%", "2006-06-30": "10.37%", "2006-03-31": "9.17%", "2005-12-31": "7.56%"}, "return on tangible equity": {"2020-09-30": "-5.33%", "2020-06-30": "-16.07%", "2020-03-31": "-12.97%", "2019-12-31": "-10.73%", "2019-09-30": "-12.08%", "2019-06-30": "-8.59%", "2019-03-31": "-16.41%", "2018-12-31": "-16.68%", "2018-09-30": "-15.46%", "2018-06-30": "-23.15%", "2018-03-31": "-26.33%", "2017-12-31": "-22.49%", "2017-09-30": "-18.99%", "2017-06-30": "-7.52%", "2017-03-31": "3.98%", "2016-12-31": "4.98%", "2016-09-30": "8.05%", "2016-06-30": "8.94%", "2016-03-31": "10.97%", "2015-12-31": "6.16%", "2015-09-30": "-3.52%", "2015-06-30": "-21.95%", "2015-03-31": "-20.12%", "2014-12-31": "-13.16%", "2014-09-30": "-6.75%", "2014-06-30": "13.29%", "2014-03-31": "11.48%", "2013-12-31": "10.68%", "2013-09-30": "12.59%", "2013-06-30": "5.53%", "2013-03-31": "0.71%", "2012-12-31": "-1.75%", "2012-09-30": "-54.85%", "2012-06-30": "-51.62%", "2012-03-31": "-47.99%", "2011-12-31": "-44.77%", "2011-09-30": "-3.31%", "2011-06-30": "-0.24%", "2011-03-31": "4.27%", "2010-12-31": "7.15%", "2010-09-30": "19.47%", "2010-06-30": "22.75%", "2010-03-31": "24.33%", "2009-12-31": "28.37%", "2009-09-30": "30.99%", "2009-06-30": "37.91%", "2009-03-31": "45.84%", "2008-12-31": "56.09%", "2008-09-30": "71.89%", "2008-06-30": "74.79%", "2008-03-31": "69.78%", "2007-12-31": "60.52%", "2007-09-30": "51.54%", "2007-06-30": "43.09%", "2007-03-31": "35.94%", "2006-12-31": "27.13%", "2006-09-30": "17.00%", "2006-06-30": "13.38%", "2006-03-31": "14.28%", "2005-12-31": "12.60%"}, "dividend yield history": {"last payout": "$0.00", "last yield": "0.00%"}}