{"ticker": "THS", "price": {"title": "TreeHouse Foods Historical Annual Stock Price Data", "value": 41.04, "historical": {"2020": {"Average Stock Price": "43.7555", "Year Open": "47.4200", "Year High": "53.4900", "Year Low": "34.5700", "Year Close": "42.4900", "Annual % Change": "-12.39%"}, "2019": {"Average Stock Price": "55.7857", "Year Open": "50.7000", "Year High": "66.9800", "Year Low": "47.7200", "Year Close": "48.5000", "Annual % Change": "-4.36%"}, "2018": {"Average Stock Price": "47.4010", "Year Open": "49.1000", "Year High": "55.4300", "Year Low": "36.6200", "Year Close": "50.7100", "Annual % Change": "2.53%"}, "2017": {"Average Stock Price": "72.2629", "Year Open": "72.7100", "Year High": "89.9400", "Year Low": "41.8700", "Year Close": "49.4600", "Annual % Change": "-31.49%"}, "2016": {"Average Stock Price": "86.2846", "Year Open": "76.1100", "Year High": "104.3500", "Year Low": "63.3400", "Year Close": "72.1900", "Annual % Change": "-7.99%"}, "2015": {"Average Stock Price": "81.7381", "Year Open": "84.4700", "Year High": "92.9000", "Year Low": "69.4400", "Year Close": "78.4600", "Annual % Change": "-8.27%"}, "2014": {"Average Stock Price": "76.4422", "Year Open": "68.4300", "Year High": "87.9500", "Year Low": "63.5900", "Year Close": "85.5300", "Annual % Change": "24.10%"}, "2013": {"Average Stock Price": "65.1969", "Year Open": "53.8300", "Year High": "75.1900", "Year Low": "52.2300", "Year Close": "68.9200", "Annual % Change": "32.21%"}, "2012": {"Average Stock Price": "55.8709", "Year Open": "64.7000", "Year High": "65.5200", "Year Low": "48.4200", "Year Close": "52.1300", "Annual % Change": "-20.27%"}, "2011": {"Average Stock Price": "56.5350", "Year Open": "50.9700", "Year High": "66.4600", "Year Low": "47.8500", "Year Close": "65.3800", "Annual % Change": "27.97%"}, "2010": {"Average Stock Price": "45.4104", "Year Open": "39.9000", "Year High": "52.8500", "Year Low": "37.3700", "Year Close": "51.0900", "Annual % Change": "31.47%"}, "2009": {"Average Stock Price": "31.2340", "Year Open": "27.2600", "Year High": "40.1500", "Year Low": "24.8800", "Year Close": "38.8600", "Annual % Change": "42.66%"}, "2008": {"Average Stock Price": "25.2376", "Year Open": "22.8600", "Year High": "31.2300", "Year Low": "19.4700", "Year Close": "27.2400", "Annual % Change": "18.49%"}, "2007": {"Average Stock Price": "27.4326", "Year Open": "31.3800", "Year High": "32.1400", "Year Low": "21.3800", "Year Close": "22.9900", "Annual % Change": "-26.31%"}, "2006": {"Average Stock Price": "25.0991", "Year Open": "18.6000", "Year High": "32.9200", "Year Low": "18.6000", "Year Close": "31.2000", "Annual % Change": "66.67%"}, "2005": {"Average Stock Price": "25.7054", "Year Open": "29.6500", "Year High": "31.1400", "Year Low": "18.1500", "Year Close": "18.7200", "Annual % Change": "0.00%"}}}, "market cap": {"value": "$2.32B"}, "income statement": {"Revenue": {"2019-12-31": "4288.90000", "2018-12-31": "4587.80000", "2017-12-31": "4852.60000", "2016-12-31": "6175.10000", "2015-12-31": "3206.40000", "2014-12-31": "2946.10200", "2013-12-31": "2293.92700", "2012-12-31": "2182.12500", "2011-12-31": "2049.98500", "2010-12-31": "1817.02400", "2009-12-31": "1511.65300", "2008-12-31": "1500.65000", "2007-12-31": "1157.90200", "2006-12-31": "939.39600", "2005-12-31": "707.73100"}, "Cost Of Goods Sold": {"2019-12-31": "3492.10000", "2018-12-31": "3695.60000", "2017-12-31": "3874.50000", "2016-12-31": "5049.00000", "2015-12-31": "2562.10000", "2014-12-31": "2339.49800", "2013-12-31": "1818.37800", "2012-12-31": "1728.21500", "2011-12-31": "1576.68800", "2010-12-31": "1385.69000", "2009-12-31": "1185.28300", "2008-12-31": "1208.62600", "2007-12-31": "917.61100", "2006-12-31": "738.81800", "2005-12-31": "560.09400"}, "Gross Profit": {"2019-12-31": "796.79980", "2018-12-31": "892.19970", "2017-12-31": "978.10010", "2016-12-31": "1126.10000", "2015-12-31": "644.29980", "2014-12-31": "606.60400", "2013-12-31": "475.54900", "2012-12-31": "453.91000", "2011-12-31": "473.29710", "2010-12-31": "431.33410", "2009-12-31": "326.37000", "2008-12-31": "292.02400", "2007-12-31": "240.29100", "2006-12-31": "200.57800", "2005-12-31": "147.63700"}, "Research And Development Expenses": {"2019-12-31": "", "2018-12-31": "", "2017-12-31": "", "2016-12-31": "", "2015-12-31": "", "2014-12-31": "", "2013-12-31": "", "2012-12-31": "", "2011-12-31": "", "2010-12-31": "", "2009-12-31": "", "2008-12-31": "", "2007-12-31": "", "2006-12-31": "", "2005-12-31": ""}, "SG&A Expenses": {"2019-12-31": "510.10000", "2018-12-31": "592.90000", "2017-12-31": "629.20000", "2016-12-31": "744.80000", "2015-12-31": "342.20000", "2014-12-31": "333.39500", "2013-12-31": "256.06300", "2012-12-31": "239.75200", "2011-12-31": "244.15800", "2010-12-31": "227.24600", "2009-12-31": "188.40400", "2008-12-31": "177.47200", "2007-12-31": "148.56700", "2006-12-31": "132.79800", "2005-12-31": "95.89300"}, "Other Operating Income Or Expenses": {"2019-12-31": "-228.70000", "2018-12-31": "-135.70000", "2017-12-31": "-184.20000", "2016-12-31": "-14.70000", "2015-12-31": "-1.80000", "2014-12-31": "-2.42100", "2013-12-31": "-5.94700", "2012-12-31": "-3.78500", "2011-12-31": "-6.46200", "2010-12-31": "-1.18300", "2009-12-31": "6.22400", "2008-12-31": "-13.89900", "2007-12-31": "0.41500", "2006-12-31": "19.84200", "2005-12-31": "-21.42300"}, "Operating Expenses": {"2019-12-31": "4305.00000", "2018-12-31": "4504.40000", "2017-12-31": "4773.40000", "2016-12-31": "6270.60000", "2015-12-31": "2966.70000", "2014-12-31": "2727.94800", "2013-12-31": "2115.76300", "2012-12-31": "2005.29800", "2011-12-31": "1861.71000", "2010-12-31": "1640.47100", "2009-12-31": "1380.84400", "2008-12-31": "1413.52500", "2007-12-31": "1072.95800", "2006-12-31": "855.04210", "2005-12-31": "679.14200"}, "Operating Income": {"2019-12-31": "-16.10060", "2018-12-31": "83.39940", "2017-12-31": "79.19970", "2016-12-31": "-95.50000", "2015-12-31": "239.69970", "2014-12-31": "218.15410", "2013-12-31": "178.16410", "2012-12-31": "176.82700", "2011-12-31": "188.27510", "2010-12-31": "176.55310", "2009-12-31": "130.80900", "2008-12-31": "87.12500", "2007-12-31": "84.94400", "2006-12-31": "84.35390", "2005-12-31": "28.58910"}, "Total Non-Operating Income/Expense": {"2019-12-31": "-139.70000", "2018-12-31": "-141.00000", "2017-12-31": "-107.70000", "2016-12-31": "-99.90000", "2015-12-31": "-68.50000", "2014-12-31": "-81.58400", "2013-12-31": "-53.25400", "2012-12-31": "-52.61800", "2011-12-31": "-48.47700", "2010-12-31": "-40.15300", "2009-12-31": "-8.73500", "2008-12-31": "-47.67000", "2007-12-31": "-18.41900", "2006-12-31": "-12.32000", "2005-12-31": "-1.15000"}, "Pre-Tax Income": {"2019-12-31": "-155.80000", "2018-12-31": "-57.60000", "2017-12-31": "-28.50000", "2016-12-31": "-195.40000", "2015-12-31": "171.20000", "2014-12-31": "136.57000", "2013-12-31": "124.91000", "2012-12-31": "124.20900", "2011-12-31": "139.79800", "2010-12-31": "136.40000", "2009-12-31": "122.07400", "2008-12-31": "39.45500", "2007-12-31": "66.52500", "2006-12-31": "72.03400", "2005-12-31": "27.43900"}, "Income Taxes": {"2019-12-31": "-45.50000", "2018-12-31": "-11.40000", "2017-12-31": "-139.80000", "2016-12-31": "33.20000", "2015-12-31": "56.30000", "2014-12-31": "46.69000", "2013-12-31": "37.92200", "2012-12-31": "35.84600", "2011-12-31": "45.39100", "2010-12-31": "45.48100", "2009-12-31": "40.76000", "2008-12-31": "10.89500", "2007-12-31": "24.87300", "2006-12-31": "27.33300", "2005-12-31": "15.17400"}, "Income After Taxes": {"2019-12-31": "-110.30000", "2018-12-31": "-46.20000", "2017-12-31": "111.30000", "2016-12-31": "-228.60000", "2015-12-31": "114.90000", "2014-12-31": "89.88000", "2013-12-31": "86.98800", "2012-12-31": "88.36300", "2011-12-31": "94.40700", "2010-12-31": "90.91900", "2009-12-31": "81.31400", "2008-12-31": "28.56000", "2007-12-31": "41.65200", "2006-12-31": "44.70100", "2005-12-31": "12.26500"}, "Other Income": {"2019-12-31": "", "2018-12-31": "", "2017-12-31": "", "2016-12-31": "", "2015-12-31": "", "2014-12-31": "", "2013-12-31": "", "2012-12-31": "", "2011-12-31": "", "2010-12-31": "", "2009-12-31": "", "2008-12-31": "", "2007-12-31": "", "2006-12-31": "", "2005-12-31": ""}, "Income From Continuous Operations": {"2019-12-31": "-110.30000", "2018-12-31": "-46.20000", "2017-12-31": "111.30000", "2016-12-31": "-228.60000", "2015-12-31": "114.90000", "2014-12-31": "89.88000", "2013-12-31": "86.98800", "2012-12-31": "88.36300", "2011-12-31": "94.40700", "2010-12-31": "90.91900", "2009-12-31": "81.31400", "2008-12-31": "28.56000", "2007-12-31": "41.65200", "2006-12-31": "44.70100", "2005-12-31": "12.26500"}, "Income From Discontinued Operations": {"2019-12-31": "-250.70000", "2018-12-31": "-18.20000", "2017-12-31": "-390.80000", "2016-12-31": "", "2015-12-31": "", "2014-12-31": "", "2013-12-31": "", "2012-12-31": "", "2011-12-31": "", "2010-12-31": "", "2009-12-31": "", "2008-12-31": "-0.33600", "2007-12-31": "-0.03000", "2006-12-31": "0.15500", "2005-12-31": "-0.68900"}, "Net Income": {"2019-12-31": "-361.00000", "2018-12-31": "-64.40000", "2017-12-31": "-279.50000", "2016-12-31": "-228.60000", "2015-12-31": "114.90000", "2014-12-31": "89.88000", "2013-12-31": "86.98800", "2012-12-31": "88.36300", "2011-12-31": "94.40700", "2010-12-31": "90.91900", "2009-12-31": "81.31400", "2008-12-31": "28.22400", "2007-12-31": "41.62200", "2006-12-31": "44.85600", "2005-12-31": "11.57600"}, "EBITDA": {"2019-12-31": "194.49940", "2018-12-31": "308.59940", "2017-12-31": "312.09970", "2016-12-31": "545.00000", "2015-12-31": "361.79970", "2014-12-31": "334.06900", "2013-12-31": "286.80610", "2012-12-31": "275.04200", "2011-12-31": "271.29320", "2010-12-31": "246.33110", "2009-12-31": "178.15200", "2008-12-31": "132.97900", "2007-12-31": "119.93000", "2006-12-31": "109.00490", "2005-12-31": "45.53010"}, "EBIT": {"2019-12-31": "-16.10060", "2018-12-31": "83.39940", "2017-12-31": "79.19970", "2016-12-31": "-95.50000", "2015-12-31": "239.69970", "2014-12-31": "218.15410", "2013-12-31": "178.16410", "2012-12-31": "176.82700", "2011-12-31": "188.27510", "2010-12-31": "176.55310", "2009-12-31": "130.80900", "2008-12-31": "87.12500", "2007-12-31": "84.94400", "2006-12-31": "84.35390", "2005-12-31": "28.58910"}, "Basic Shares Outstanding": {"2019-12-31": "56.20000", "2018-12-31": "56.00000", "2017-12-31": "57.10000", "2016-12-31": "55.70000", "2015-12-31": "43.10000", "2014-12-31": "39.34800", "2013-12-31": "36.41800", "2012-12-31": "36.15500", "2011-12-31": "35.80500", "2010-12-31": "35.07900", "2009-12-31": "31.98200", "2008-12-31": "31.34100", "2007-12-31": "31.20300", "2006-12-31": "31.15800", "2005-12-31": "30.90500"}, "Shares Outstanding": {"2019-12-31": "56.20000", "2018-12-31": "56.00000", "2017-12-31": "57.60000", "2016-12-31": "55.70000", "2015-12-31": "43.70000", "2014-12-31": "40.23800", "2013-12-31": "37.39600", "2012-12-31": "37.11800", "2011-12-31": "36.95000", "2010-12-31": "36.17200", "2009-12-31": "32.79800", "2008-12-31": "31.46900", "2007-12-31": "31.35100", "2006-12-31": "31.39600", "2005-12-31": "31.10800"}, "Basic EPS": {"2019-12-31": "-6.42000", "2018-12-31": "-1.15000", "2017-12-31": "-4.89000", "2016-12-31": "-4.10000", "2015-12-31": "2.67000", "2014-12-31": "2.28000", "2013-12-31": "2.39000", "2012-12-31": "2.44000", "2011-12-31": "2.64000", "2010-12-31": "2.59000", "2009-12-31": "2.54000", "2008-12-31": "0.90000", "2007-12-31": "1.33000", "2006-12-31": "1.44000", "2005-12-31": "0.38000"}, "EPS - Earnings Per Share": {"2019-12-31": "-6.42000", "2018-12-31": "-1.15000", "2017-12-31": "-4.85000", "2016-12-31": "-4.10000", "2015-12-31": "2.63000", "2014-12-31": "2.23000", "2013-12-31": "2.33000", "2012-12-31": "2.38000", "2011-12-31": "2.56000", "2010-12-31": "2.51000", "2009-12-31": "2.48000", "2008-12-31": "0.90000", "2007-12-31": "1.33000", "2006-12-31": "1.43000", "2005-12-31": "0.37000"}}, "income statement, quarterly": {"Revenue": {"2020-09-30": "1045.70000", "2020-06-30": "1041.90000", "2020-03-31": "1084.90000", "2019-12-31": "1139.50000", "2019-09-30": "1057.30000", "2019-06-30": "1025.30000", "2019-03-31": "1066.80000", "2018-12-31": "532.89990", "2018-09-30": "1117.90000", "2018-06-30": "1455.80000", "2018-03-31": "1481.20000", "2017-12-31": "245.40010", "2017-09-30": "1548.80000", "2017-06-30": "1522.20000", "2017-03-31": "1536.20000", "2016-12-31": "1776.60000", "2016-09-30": "1586.90000", "2016-06-30": "1541.40000", "2016-03-31": "1270.20000", "2015-12-31": "865.40890", "2015-09-30": "798.63800", "2015-06-30": "759.20800", "2015-03-31": "783.14500", "2014-12-31": "903.51300", "2014-09-30": "795.72600", "2014-06-30": "627.96000", "2014-03-31": "618.90300", "2013-12-31": "660.32090", "2013-09-30": "567.15000", "2013-06-30": "526.34600", "2013-03-31": "540.11000", "2012-12-31": "592.78090", "2012-09-30": "538.11200", "2012-06-30": "527.42100", "2012-03-31": "523.81100", "2011-12-31": "535.80210", "2011-09-30": "528.05000", "2011-06-30": "492.62000", "2011-03-31": "493.51300", "2010-12-31": "509.46300", "2010-09-30": "464.24200", "2010-06-30": "446.19500", "2010-03-31": "397.12400", "2009-12-31": "404.78700", "2009-09-30": "378.86500", "2009-06-30": "372.60500", "2009-03-31": "355.39600", "2008-12-31": "398.08200", "2008-09-30": "374.57600", "2008-06-30": "367.36900", "2008-03-31": "360.62300", "2007-12-31": "370.93600", "2007-09-30": "271.95100", "2007-06-30": "256.03100", "2007-03-31": "258.98400", "2006-12-31": "282.87000", "2006-09-30": "251.68400", "2006-06-30": "232.11800", "2006-03-31": "172.72400", "2005-12-31": "184.47600", "2005-09-30": "171.87200", "2005-06-30": "185.00800", "2005-03-31": "166.37500"}, "Cost Of Goods Sold": {"2020-09-30": "857.50000", "2020-06-30": "850.70000", "2020-03-31": "890.00000", "2019-12-31": "914.40010", "2019-09-30": "871.00000", "2019-06-30": "836.10000", "2019-03-31": "870.60000", "2018-12-31": "323.10010", "2018-09-30": "903.90000", "2018-06-30": "1219.30000", "2018-03-31": "1249.30000", "2017-12-31": "89.99990", "2017-09-30": "1289.10000", "2017-06-30": "1245.60000", "2017-03-31": "1249.80000", "2016-12-31": "1426.50000", "2016-09-30": "1301.30000", "2016-06-30": "1275.60000", "2016-03-31": "1045.60000", "2015-12-31": "683.61430", "2015-09-30": "639.94100", "2015-06-30": "607.83700", "2015-03-31": "630.70800", "2014-12-31": "724.16520", "2014-09-30": "637.13800", "2014-06-30": "492.28300", "2014-03-31": "485.91200", "2013-12-31": "523.77510", "2013-09-30": "451.88700", "2013-06-30": "416.77800", "2013-03-31": "425.93800", "2012-12-31": "473.60310", "2012-09-30": "424.90300", "2012-06-30": "420.83000", "2012-03-31": "408.87900", "2011-12-31": "418.40290", "2011-09-30": "402.51800", "2011-06-30": "383.18000", "2011-03-31": "372.58700", "2010-12-31": "383.29390", "2010-09-30": "354.00500", "2010-06-30": "340.04500", "2010-03-31": "308.34600", "2009-12-31": "310.49000", "2009-09-30": "298.34700", "2009-06-30": "292.76100", "2009-03-31": "283.68500", "2008-12-31": "318.23600", "2008-09-30": "301.41600", "2008-06-30": "298.74000", "2008-03-31": "290.23400", "2007-12-31": "295.07300", "2007-09-30": "213.21900", "2007-06-30": "202.42400", "2007-03-31": "206.89500", "2006-12-31": "225.39500", "2006-09-30": "197.49400", "2006-06-30": "183.59500", "2006-03-31": "132.33400", "2005-12-31": "149.42300", "2005-09-30": "137.59600", "2005-06-30": "144.54400", "2005-03-31": "128.53100"}, "Gross Profit": {"2020-09-30": "188.20000", "2020-06-30": "191.20000", "2020-03-31": "194.90000", "2019-12-31": "225.09960", "2019-09-30": "186.30000", "2019-06-30": "189.20010", "2019-03-31": "196.20010", "2018-12-31": "209.79980", "2018-09-30": "214.00000", "2018-06-30": "236.50000", "2018-03-31": "231.89990", "2017-12-31": "155.40030", "2017-09-30": "259.70010", "2017-06-30": "276.60000", "2017-03-31": "286.39990", "2016-12-31": "350.10020", "2016-09-30": "285.60000", "2016-06-30": "265.80000", "2016-03-31": "224.60000", "2015-12-31": "181.79470", "2015-09-30": "158.69700", "2015-06-30": "151.37100", "2015-03-31": "152.43700", "2014-12-31": "179.34780", "2014-09-30": "158.58800", "2014-06-30": "135.67700", "2014-03-31": "132.99100", "2013-12-31": "136.54580", "2013-09-30": "115.26300", "2013-06-30": "109.56800", "2013-03-31": "114.17200", "2012-12-31": "119.17790", "2012-09-30": "113.20900", "2012-06-30": "106.59100", "2012-03-31": "114.93200", "2011-12-31": "117.39910", "2011-09-30": "125.53200", "2011-06-30": "109.44000", "2011-03-31": "120.92600", "2010-12-31": "126.16910", "2010-09-30": "110.23700", "2010-06-30": "106.15000", "2010-03-31": "88.77800", "2009-12-31": "94.29700", "2009-09-30": "80.51800", "2009-06-30": "79.84400", "2009-03-31": "71.71100", "2008-12-31": "79.84600", "2008-09-30": "73.16000", "2008-06-30": "68.62900", "2008-03-31": "70.38900", "2007-12-31": "75.86300", "2007-09-30": "58.73200", "2007-06-30": "53.60700", "2007-03-31": "52.08900", "2006-12-31": "57.47500", "2006-09-30": "54.19000", "2006-06-30": "48.52300", "2006-03-31": "40.39000", "2005-12-31": "35.05300", "2005-09-30": "34.27600", "2005-06-30": "40.46400", "2005-03-31": "37.84400"}, "Research And Development Expenses": {"2020-09-30": "", "2020-06-30": "", "2020-03-31": "", "2019-12-31": "", "2019-09-30": "", "2019-06-30": "", "2019-03-31": "", "2018-12-31": "", "2018-09-30": "", "2018-06-30": "", "2018-03-31": "", "2017-12-31": "", "2017-09-30": "", "2017-06-30": "", "2017-03-31": "", "2016-12-31": "", "2016-09-30": "", "2016-06-30": "", "2016-03-31": "", "2015-12-31": "", "2015-09-30": "", "2015-06-30": "", "2015-03-31": "", "2014-12-31": "", "2014-09-30": "", "2014-06-30": "", "2014-03-31": "", "2013-12-31": "", "2013-09-30": "", "2013-06-30": "", "2013-03-31": "", "2012-12-31": "", "2012-09-30": "", "2012-06-30": "", "2012-03-31": "", "2011-12-31": "", "2011-09-30": "", "2011-06-30": "", "2011-03-31": "", "2010-12-31": "", "2010-09-30": "", "2010-06-30": "", "2010-03-31": "", "2009-12-31": "", "2009-09-30": "", "2009-06-30": "", "2009-03-31": "", "2008-12-31": "", "2008-09-30": "", "2008-06-30": "", "2008-03-31": "", "2007-12-31": "", "2007-09-30": "", "2007-06-30": "", "2007-03-31": "", "2006-12-31": "", "2006-09-30": "", "2006-06-30": "", "2006-03-31": "", "2005-12-31": "", "2005-09-30": "", "2005-06-30": "", "2005-03-31": ""}, "SG&A Expenses": {"2020-09-30": "110.80000", "2020-06-30": "136.70000", "2020-03-31": "128.70000", "2019-12-31": "119.00000", "2019-09-30": "112.70000", "2019-06-30": "145.90000", "2019-03-31": "132.50000", "2018-12-31": "105.00000", "2018-09-30": "133.80000", "2018-06-30": "164.60000", "2018-03-31": "189.50000", "2017-12-31": "105.30000", "2017-09-30": "162.50000", "2017-06-30": "177.70000", "2017-03-31": "183.70000", "2016-12-31": "208.20000", "2016-09-30": "174.10000", "2016-06-30": "182.40000", "2016-03-31": "180.10000", "2015-12-31": "89.41600", "2015-09-30": "81.42200", "2015-06-30": "81.16400", "2015-03-31": "90.19800", "2014-12-31": "85.91100", "2014-09-30": "95.49500", "2014-06-30": "80.20400", "2014-03-31": "71.78500", "2013-12-31": "71.02900", "2013-09-30": "64.65900", "2013-06-30": "60.50000", "2013-03-31": "59.87500", "2012-12-31": "61.81700", "2012-09-30": "60.47500", "2012-06-30": "56.56200", "2012-03-31": "60.89800", "2011-12-31": "50.18700", "2011-09-30": "62.30800", "2011-06-30": "66.16000", "2011-03-31": "65.50300", "2010-12-31": "61.70000", "2010-09-30": "54.30100", "2010-06-30": "55.97100", "2010-03-31": "55.27400", "2009-12-31": "52.04700", "2009-09-30": "46.42300", "2009-06-30": "48.38000", "2009-03-31": "41.55400", "2008-12-31": "43.83900", "2008-09-30": "45.01900", "2008-06-30": "44.70800", "2008-03-31": "43.90600", "2007-12-31": "44.76700", "2007-09-30": "35.17500", "2007-06-30": "33.57900", "2007-03-31": "35.04600", "2006-12-31": "35.68900", "2006-09-30": "36.65200", "2006-06-30": "32.63800", "2006-03-31": "27.81900", "2005-12-31": "28.02100", "2005-09-30": "24.76900", "2005-06-30": "23.80700", "2005-03-31": "19.29600"}, "Other Operating Income Or Expenses": {"2020-09-30": "-20.00000", "2020-06-30": "-11.80000", "2020-03-31": "-18.50000", "2019-12-31": "-56.50000", "2019-09-30": "-111.50000", "2019-06-30": "-32.60000", "2019-03-31": "-28.10000", "2018-12-31": "-38.70000", "2018-09-30": "-21.40000", "2018-06-30": "-46.70000", "2018-03-31": "-28.90000", "2017-12-31": "-72.30000", "2017-09-30": "-11.10000", "2017-06-30": "-94.00000", "2017-03-31": "-6.80000", "2016-12-31": "-4.40000", "2016-09-30": "-5.30000", "2016-06-30": "-3.30000", "2016-03-31": "-1.70000", "2015-12-31": "-1.29600", "2015-09-30": "-0.15400", "2015-06-30": "-0.13500", "2015-03-31": "-0.21500", "2014-12-31": "-1.01300", "2014-09-30": "-0.17000", "2014-06-30": "-0.36500", "2014-03-31": "-0.87300", "2013-12-31": "-3.80400", "2013-09-30": "-0.86100", "2013-06-30": "0.13600", "2013-03-31": "-1.41800", "2012-12-31": "0.16700", "2012-09-30": "-3.54100", "2012-06-30": "0.04900", "2012-03-31": "-0.46000", "2011-12-31": "-0.73100", "2011-09-30": "-1.73300", "2011-06-30": "-1.34800", "2011-03-31": "-2.65000", "2010-12-31": "-0.32200", "2010-09-30": "-1.10300", "2010-06-30": "-2.01900", "2010-03-31": "2.26100", "2009-12-31": "-7.70500", "2009-09-30": "14.35400", "2009-06-30": "-0.18300", "2009-03-31": "-0.24200", "2008-12-31": "-1.32700", "2008-09-30": "-0.72200", "2008-06-30": "-0.92800", "2008-03-31": "-10.92200", "2007-12-31": "0.05200", "2007-09-30": "-0.00200", "2007-06-30": "0.36500", "2007-03-31": "", "2006-12-31": "20.13600", "2006-09-30": "0.71200", "2006-06-30": "-1.00600", "2006-03-31": "", "2005-12-31": "-14.60500", "2005-09-30": "0.31700", "2005-06-30": "-7.13500", "2005-03-31": ""}, "Operating Expenses": {"2020-09-30": "1005.90000", "2020-06-30": "1016.60000", "2020-03-31": "1054.70000", "2019-12-31": "1107.60100", "2019-09-30": "1112.90000", "2019-06-30": "1033.20000", "2019-03-31": "1051.30000", "2018-12-31": "483.70040", "2018-09-30": "1078.90000", "2018-06-30": "1451.90000", "2018-03-31": "1489.90000", "2017-12-31": "267.30050", "2017-09-30": "1491.20000", "2017-06-30": "1546.00000", "2017-03-31": "1468.90000", "2016-12-31": "2020.30000", "2016-09-30": "1509.30000", "2016-06-30": "1489.80000", "2016-03-31": "1251.20000", "2015-12-31": "789.15420", "2015-09-30": "736.41000", "2015-06-30": "704.68700", "2015-03-31": "736.44900", "2014-12-31": "828.19900", "2014-09-30": "747.76100", "2014-06-30": "583.38400", "2014-03-31": "568.60390", "2013-12-31": "608.67400", "2013-09-30": "525.99010", "2013-06-30": "485.36900", "2013-03-31": "495.73000", "2012-12-31": "544.06400", "2012-09-30": "496.76700", "2012-06-30": "485.96700", "2012-03-31": "478.50000", "2011-12-31": "478.51610", "2011-09-30": "475.39800", "2011-06-30": "459.00700", "2011-03-31": "448.78900", "2010-12-31": "452.89390", "2010-09-30": "416.44900", "2010-06-30": "405.32200", "2010-03-31": "365.80600", "2009-12-31": "373.66890", "2009-09-30": "333.79100", "2009-06-30": "344.64500", "2009-03-31": "328.73900", "2008-12-31": "366.58400", "2008-09-30": "350.48800", "2008-06-30": "347.90400", "2008-03-31": "348.54900", "2007-12-31": "343.05710", "2007-09-30": "250.01200", "2007-06-30": "236.88200", "2007-03-31": "243.00700", "2006-12-31": "241.94110", "2006-09-30": "234.40000", "2006-06-30": "218.08400", "2006-03-31": "160.61700", "2005-12-31": "192.50090", "2005-09-30": "162.50000", "2005-06-30": "175.90000", "2005-03-31": "148.24100"}, "Operating Income": {"2020-09-30": "39.80000", "2020-06-30": "25.30000", "2020-03-31": "30.20010", "2019-12-31": "31.89910", "2019-09-30": "-55.60000", "2019-06-30": "-7.89990", "2019-03-31": "15.50010", "2018-12-31": "49.19950", "2018-09-30": "39.00000", "2018-06-30": "3.90000", "2018-03-31": "-8.70010", "2017-12-31": "-21.90040", "2017-09-30": "57.60010", "2017-06-30": "-23.79990", "2017-03-31": "67.29990", "2016-12-31": "-243.69950", "2016-09-30": "77.60000", "2016-06-30": "51.60000", "2016-03-31": "19.00000", "2015-12-31": "76.25470", "2015-09-30": "62.22800", "2015-06-30": "54.52100", "2015-03-31": "46.69600", "2014-12-31": "75.31400", "2014-09-30": "47.96500", "2014-06-30": "44.57610", "2014-03-31": "50.29910", "2013-12-31": "51.64700", "2013-09-30": "41.16000", "2013-06-30": "40.97700", "2013-03-31": "44.38000", "2012-12-31": "48.71690", "2012-09-30": "41.34500", "2012-06-30": "41.45400", "2012-03-31": "45.31100", "2011-12-31": "57.28600", "2011-09-30": "52.65200", "2011-06-30": "33.61300", "2011-03-31": "44.72400", "2010-12-31": "56.56910", "2010-09-30": "47.79300", "2010-06-30": "40.87300", "2010-03-31": "31.31800", "2009-12-31": "31.11800", "2009-09-30": "45.07400", "2009-06-30": "27.96000", "2009-03-31": "26.65700", "2008-12-31": "31.49790", "2008-09-30": "24.08800", "2008-06-30": "19.46500", "2008-03-31": "12.07400", "2007-12-31": "27.87890", "2007-09-30": "21.93900", "2007-06-30": "19.14900", "2007-03-31": "15.97700", "2006-12-31": "40.92890", "2006-09-30": "17.28400", "2006-06-30": "14.03400", "2006-03-31": "12.10700", "2005-12-31": "-8.02490", "2005-09-30": "9.37200", "2005-06-30": "9.10800", "2005-03-31": "18.13400"}, "Total Non-Operating Income/Expense": {"2020-09-30": "-17.40000", "2020-06-30": "-14.10000", "2020-03-31": "-103.20000", "2019-12-31": "-12.00000", "2019-09-30": "-41.80000", "2019-06-30": "-49.00000", "2019-03-31": "-36.90000", "2018-12-31": "-52.60000", "2018-09-30": "-23.80000", "2018-06-30": "-29.40000", "2018-03-31": "-35.20000", "2017-12-31": "-20.40000", "2017-09-30": "-27.50000", "2017-06-30": "-32.20000", "2017-03-31": "-27.60000", "2016-12-31": "-21.70000", "2016-09-30": "-25.00000", "2016-06-30": "-29.40000", "2016-03-31": "-23.80000", "2015-12-31": "-18.91800", "2015-09-30": "-21.95300", "2015-06-30": "-6.73400", "2015-03-31": "-20.89500", "2014-12-31": "-23.32200", "2014-09-30": "-17.17000", "2014-06-30": "-10.83600", "2014-03-31": "-30.25600", "2013-12-31": "-17.34600", "2013-09-30": "-11.78800", "2013-06-30": "-13.09400", "2013-03-31": "-11.02600", "2012-12-31": "-12.67000", "2012-09-30": "-12.38300", "2012-06-30": "-13.95800", "2012-03-31": "-13.60700", "2011-12-31": "-13.78100", "2011-09-30": "-7.53700", "2011-06-30": "-12.37000", "2011-03-31": "-14.78900", "2010-12-31": "-13.84000", "2010-09-30": "-10.98300", "2010-06-30": "-8.61600", "2010-03-31": "-6.71400", "2009-12-31": "-0.81800", "2009-09-30": "-1.66700", "2009-06-30": "0.19600", "2009-03-31": "-6.44600", "2008-12-31": "-22.53600", "2008-09-30": "-8.27500", "2008-06-30": "-7.58200", "2008-03-31": "-9.27700", "2007-12-31": "-5.62700", "2007-09-30": "-4.99100", "2007-06-30": "-3.97700", "2007-03-31": "-3.82400", "2006-12-31": "-4.44500", "2006-09-30": "-4.46200", "2006-06-30": "-3.25200", "2006-03-31": "-0.16100", "2005-12-31": "-0.44800", "2005-09-30": "-0.40300", "2005-06-30": "-0.16700", "2005-03-31": "-0.13200"}, "Pre-Tax Income": {"2020-09-30": "22.40000", "2020-06-30": "11.20000", "2020-03-31": "-73.00000", "2019-12-31": "19.90000", "2019-09-30": "-97.40000", "2019-06-30": "-56.90000", "2019-03-31": "-21.40000", "2018-12-31": "-3.40000", "2018-09-30": "15.20000", "2018-06-30": "-25.50000", "2018-03-31": "-43.90000", "2017-12-31": "-42.30000", "2017-09-30": "30.10000", "2017-06-30": "-56.00000", "2017-03-31": "39.70000", "2016-12-31": "-265.40000", "2016-09-30": "52.60000", "2016-06-30": "22.20000", "2016-03-31": "-4.80000", "2015-12-31": "57.33700", "2015-09-30": "40.27500", "2015-06-30": "47.78700", "2015-03-31": "25.80100", "2014-12-31": "51.99200", "2014-09-30": "30.79500", "2014-06-30": "33.74000", "2014-03-31": "20.04300", "2013-12-31": "34.30100", "2013-09-30": "29.37200", "2013-06-30": "27.88300", "2013-03-31": "33.35400", "2012-12-31": "36.04700", "2012-09-30": "28.96200", "2012-06-30": "27.49600", "2012-03-31": "31.70400", "2011-12-31": "43.50500", "2011-09-30": "45.11500", "2011-06-30": "21.24300", "2011-03-31": "29.93500", "2010-12-31": "42.72900", "2010-09-30": "36.81000", "2010-06-30": "32.25700", "2010-03-31": "24.60400", "2009-12-31": "30.30000", "2009-09-30": "43.40700", "2009-06-30": "28.15600", "2009-03-31": "20.21100", "2008-12-31": "8.96200", "2008-09-30": "15.81300", "2008-06-30": "11.88300", "2008-03-31": "2.79700", "2007-12-31": "22.25200", "2007-09-30": "16.94800", "2007-06-30": "15.17200", "2007-03-31": "12.15300", "2006-12-31": "36.48400", "2006-09-30": "12.82200", "2006-06-30": "10.78200", "2006-03-31": "11.94600", "2005-12-31": "-8.47300", "2005-09-30": "8.96900", "2005-06-30": "8.94100", "2005-03-31": "18.00200"}, "Income Taxes": {"2020-09-30": "11.00000", "2020-06-30": "13.80000", "2020-03-31": "-40.20000", "2019-12-31": "4.60000", "2019-09-30": "-36.40000", "2019-06-30": "-6.80000", "2019-03-31": "-6.90000", "2018-12-31": "1.40000", "2018-09-30": "3.00000", "2018-06-30": "-6.00000", "2018-03-31": "-9.80000", "2017-12-31": "-130.80000", "2017-09-30": "1.30000", "2017-06-30": "-21.80000", "2017-03-31": "11.50000", "2016-12-31": "16.40000", "2016-09-30": "15.20000", "2016-06-30": "3.20000", "2016-03-31": "-1.60000", "2015-12-31": "20.09200", "2015-09-30": "11.83400", "2015-06-30": "16.42500", "2015-03-31": "7.94900", "2014-12-31": "18.07500", "2014-09-30": "10.91300", "2014-06-30": "11.98100", "2014-03-31": "5.72100", "2013-12-31": "11.51700", "2013-09-30": "6.70700", "2013-06-30": "9.31800", "2013-03-31": "10.38000", "2012-12-31": "10.82300", "2012-09-30": "7.40800", "2012-06-30": "7.98500", "2012-03-31": "9.63000", "2011-12-31": "13.64100", "2011-09-30": "14.72500", "2011-06-30": "6.89800", "2011-03-31": "10.12700", "2010-12-31": "14.64800", "2010-09-30": "11.94300", "2010-06-30": "10.60500", "2010-03-31": "8.28500", "2009-12-31": "8.20700", "2009-09-30": "15.34300", "2009-06-30": "9.73100", "2009-03-31": "7.47900", "2008-12-31": "1.83500", "2008-09-30": "4.73300", "2008-06-30": "3.59100", "2008-03-31": "0.73600", "2007-12-31": "7.97400", "2007-09-30": "6.38000", "2007-06-30": "5.78900", "2007-03-31": "4.73000", "2006-12-31": "14.05700", "2006-09-30": "4.55400", "2006-06-30": "4.18200", "2006-03-31": "4.54000", "2005-12-31": "-2.86600", "2005-09-30": "4.01600", "2005-06-30": "7.40400", "2005-03-31": "6.62000"}, "Income After Taxes": {"2020-09-30": "11.40000", "2020-06-30": "-2.60000", "2020-03-31": "-32.80000", "2019-12-31": "15.30000", "2019-09-30": "-61.00000", "2019-06-30": "-50.10000", "2019-03-31": "-14.50000", "2018-12-31": "-4.80000", "2018-09-30": "12.20000", "2018-06-30": "-19.50000", "2018-03-31": "-34.10000", "2017-12-31": "88.50000", "2017-09-30": "28.80000", "2017-06-30": "-34.20000", "2017-03-31": "28.20000", "2016-12-31": "-281.80000", "2016-09-30": "37.40000", "2016-06-30": "19.00000", "2016-03-31": "-3.20000", "2015-12-31": "37.24500", "2015-09-30": "28.44100", "2015-06-30": "31.36200", "2015-03-31": "17.85200", "2014-12-31": "33.91700", "2014-09-30": "19.88200", "2014-06-30": "21.75900", "2014-03-31": "14.32200", "2013-12-31": "22.78400", "2013-09-30": "22.66500", "2013-06-30": "18.56500", "2013-03-31": "22.97400", "2012-12-31": "25.22400", "2012-09-30": "21.55400", "2012-06-30": "19.51100", "2012-03-31": "22.07400", "2011-12-31": "29.86400", "2011-09-30": "30.39000", "2011-06-30": "14.34500", "2011-03-31": "19.80800", "2010-12-31": "28.08100", "2010-09-30": "24.86700", "2010-06-30": "21.65200", "2010-03-31": "16.31900", "2009-12-31": "22.09300", "2009-09-30": "28.06400", "2009-06-30": "18.42500", "2009-03-31": "12.73200", "2008-12-31": "7.12700", "2008-09-30": "11.08000", "2008-06-30": "8.29200", "2008-03-31": "2.06100", "2007-12-31": "14.27800", "2007-09-30": "10.56800", "2007-06-30": "9.38300", "2007-03-31": "7.42300", "2006-12-31": "22.42700", "2006-09-30": "8.26800", "2006-06-30": "6.60000", "2006-03-31": "7.40600", "2005-12-31": "-5.60700", "2005-09-30": "4.95300", "2005-06-30": "1.53700", "2005-03-31": "11.38200"}, "Other Income": {"2020-09-30": "", "2020-06-30": "", "2020-03-31": "", "2019-12-31": "", "2019-09-30": "", "2019-06-30": "", "2019-03-31": "", "2018-12-31": "", "2018-09-30": "", "2018-06-30": "", "2018-03-31": "", "2017-12-31": "", "2017-09-30": "", "2017-06-30": "", "2017-03-31": "", "2016-12-31": "", "2016-09-30": "", "2016-06-30": "", "2016-03-31": "", "2015-12-31": "", "2015-09-30": "", "2015-06-30": "", "2015-03-31": "", "2014-12-31": "", "2014-09-30": "", "2014-06-30": "", "2014-03-31": "", "2013-12-31": "", "2013-09-30": "", "2013-06-30": "", "2013-03-31": "", "2012-12-31": "", "2012-09-30": "", "2012-06-30": "", "2012-03-31": "", "2011-12-31": "", "2011-09-30": "", "2011-06-30": "", "2011-03-31": "", "2010-12-31": "", "2010-09-30": "", "2010-06-30": "", "2010-03-31": "", "2009-12-31": "", "2009-09-30": "", "2009-06-30": "", "2009-03-31": "", "2008-12-31": "", "2008-09-30": "", "2008-06-30": "", "2008-03-31": "", "2007-12-31": "", "2007-09-30": "", "2007-06-30": "", "2007-03-31": "", "2006-12-31": "", "2006-09-30": "", "2006-06-30": "", "2006-03-31": "", "2005-12-31": "", "2005-09-30": "", "2005-06-30": "", "2005-03-31": ""}, "Income From Continuous Operations": {"2020-09-30": "11.40000", "2020-06-30": "-2.60000", "2020-03-31": "-32.80000", "2019-12-31": "15.30000", "2019-09-30": "-61.00000", "2019-06-30": "-50.10000", "2019-03-31": "-14.50000", "2018-12-31": "-4.80000", "2018-09-30": "12.20000", "2018-06-30": "-19.50000", "2018-03-31": "-34.10000", "2017-12-31": "88.50000", "2017-09-30": "28.80000", "2017-06-30": "-34.20000", "2017-03-31": "28.20000", "2016-12-31": "-281.80000", "2016-09-30": "37.40000", "2016-06-30": "19.00000", "2016-03-31": "-3.20000", "2015-12-31": "37.24500", "2015-09-30": "28.44100", "2015-06-30": "31.36200", "2015-03-31": "17.85200", "2014-12-31": "33.91700", "2014-09-30": "19.88200", "2014-06-30": "21.75900", "2014-03-31": "14.32200", "2013-12-31": "22.78400", "2013-09-30": "22.66500", "2013-06-30": "18.56500", "2013-03-31": "22.97400", "2012-12-31": "25.22400", "2012-09-30": "21.55400", "2012-06-30": "19.51100", "2012-03-31": "22.07400", "2011-12-31": "29.86400", "2011-09-30": "30.39000", "2011-06-30": "14.34500", "2011-03-31": "19.80800", "2010-12-31": "28.08100", "2010-09-30": "24.86700", "2010-06-30": "21.65200", "2010-03-31": "16.31900", "2009-12-31": "22.09300", "2009-09-30": "28.06400", "2009-06-30": "18.42500", "2009-03-31": "12.73200", "2008-12-31": "7.12700", "2008-09-30": "11.08000", "2008-06-30": "8.29200", "2008-03-31": "2.06100", "2007-12-31": "14.27800", "2007-09-30": "10.56800", "2007-06-30": "9.38300", "2007-03-31": "7.42300", "2006-12-31": "22.42700", "2006-09-30": "8.26800", "2006-06-30": "6.60000", "2006-03-31": "7.40600", "2005-12-31": "-5.60700", "2005-09-30": "4.95300", "2005-06-30": "1.53700", "2005-03-31": "11.38200"}, "Income From Discontinued Operations": {"2020-09-30": "0.70000", "2020-06-30": "1.10000", "2020-03-31": "1.60000", "2019-12-31": "0.20000", "2019-09-30": "-116.80000", "2019-06-30": "-121.70000", "2019-03-31": "-12.40000", "2018-12-31": "-8.60000", "2018-09-30": "-9.60000", "2018-06-30": "", "2018-03-31": "", "2017-12-31": "", "2017-09-30": "", "2017-06-30": "", "2017-03-31": "", "2016-12-31": "", "2016-09-30": "", "2016-06-30": "", "2016-03-31": "", "2015-12-31": "", "2015-09-30": "", "2015-06-30": "", "2015-03-31": "", "2014-12-31": "", "2014-09-30": "", "2014-06-30": "", "2014-03-31": "", "2013-12-31": "", "2013-09-30": "", "2013-06-30": "", "2013-03-31": "", "2012-12-31": "", "2012-09-30": "", "2012-06-30": "", "2012-03-31": "", "2011-12-31": "", "2011-09-30": "", "2011-06-30": "", "2011-03-31": "", "2010-12-31": "", "2010-09-30": "", "2010-06-30": "", "2010-03-31": "", "2009-12-31": "", "2009-09-30": "", "2009-06-30": "", "2009-03-31": "", "2008-12-31": "", "2008-09-30": "", "2008-06-30": "", "2008-03-31": "", "2007-12-31": "", "2007-09-30": "", "2007-06-30": "-0.02100", "2007-03-31": "-0.00900", "2006-12-31": "0.17800", "2006-09-30": "-0.01000", "2006-06-30": "-0.00600", "2006-03-31": "-0.00700", "2005-12-31": "-0.04100", "2005-09-30": "-0.05300", "2005-06-30": "-0.25600", "2005-03-31": "-0.33900"}, "Net Income": {"2020-09-30": "12.10000", "2020-06-30": "-1.50000", "2020-03-31": "-31.20000", "2019-12-31": "15.50000", "2019-09-30": "-177.80000", "2019-06-30": "-171.80000", "2019-03-31": "-26.90000", "2018-12-31": "-13.40000", "2018-09-30": "2.60000", "2018-06-30": "-19.50000", "2018-03-31": "-34.10000", "2017-12-31": "-302.30000", "2017-09-30": "28.80000", "2017-06-30": "-34.20000", "2017-03-31": "28.20000", "2016-12-31": "-281.80000", "2016-09-30": "37.40000", "2016-06-30": "19.00000", "2016-03-31": "-3.20000", "2015-12-31": "37.24500", "2015-09-30": "28.44100", "2015-06-30": "31.36200", "2015-03-31": "17.85200", "2014-12-31": "33.91700", "2014-09-30": "19.88200", "2014-06-30": "21.75900", "2014-03-31": "14.32200", "2013-12-31": "22.78400", "2013-09-30": "22.66500", "2013-06-30": "18.56500", "2013-03-31": "22.97400", "2012-12-31": "25.22400", "2012-09-30": "21.55400", "2012-06-30": "19.51100", "2012-03-31": "22.07400", "2011-12-31": "29.86400", "2011-09-30": "30.39000", "2011-06-30": "14.34500", "2011-03-31": "19.80800", "2010-12-31": "28.08100", "2010-09-30": "24.86700", "2010-06-30": "21.65200", "2010-03-31": "16.31900", "2009-12-31": "22.09300", "2009-09-30": "28.06400", "2009-06-30": "18.42500", "2009-03-31": "12.73200", "2008-12-31": "6.79100", "2008-09-30": "11.08000", "2008-06-30": "8.29200", "2008-03-31": "2.06100", "2007-12-31": "14.27800", "2007-09-30": "10.56800", "2007-06-30": "9.36200", "2007-03-31": "7.41400", "2006-12-31": "22.60500", "2006-09-30": "8.25800", "2006-06-30": "6.59400", "2006-03-31": "7.39900", "2005-12-31": "-5.64800", "2005-09-30": "4.90000", "2005-06-30": "1.28100", "2005-03-31": "11.04300"}, "EBITDA": {"2020-09-30": "90.90000", "2020-06-30": "74.90000", "2020-03-31": "80.00010", "2019-12-31": "85.19910", "2019-09-30": "-4.80000", "2019-06-30": "43.60010", "2019-03-31": "70.50010", "2018-12-31": "97.79950", "2018-09-30": "86.70000", "2018-06-30": "65.80000", "2018-03-31": "58.29990", "2017-12-31": "-2.20040", "2017-09-30": "131.80010", "2017-06-30": "42.80010", "2017-03-31": "139.69990", "2016-12-31": "188.70050", "2016-09-30": "149.30000", "2016-06-30": "127.00000", "2016-03-31": "80.00000", "2015-12-31": "106.42270", "2015-09-30": "92.39300", "2015-06-30": "85.55500", "2015-03-31": "77.42900", "2014-12-31": "108.30400", "2014-09-30": "78.23300", "2014-06-30": "70.22710", "2014-03-31": "77.30510", "2013-12-31": "80.09100", "2013-09-30": "66.22000", "2013-06-30": "69.23100", "2013-03-31": "71.26400", "2012-12-31": "80.10890", "2012-09-30": "65.21700", "2012-06-30": "63.68400", "2012-03-31": "66.03200", "2011-12-31": "78.62400", "2011-09-30": "73.98500", "2011-06-30": "54.12400", "2011-03-31": "64.56000", "2010-12-31": "75.70510", "2010-09-30": "65.93800", "2010-06-30": "59.25300", "2010-03-31": "45.43500", "2009-12-31": "43.52910", "2009-09-30": "57.02900", "2009-06-30": "39.48900", "2009-03-31": "38.10500", "2008-12-31": "41.84590", "2008-09-30": "35.66200", "2008-06-30": "31.42400", "2008-03-31": "24.04700", "2007-12-31": "38.57290", "2007-09-30": "30.37800", "2007-06-30": "27.18500", "2007-03-31": "23.79400", "2006-12-31": "47.56190", "2006-09-30": "24.53600", "2006-06-30": "20.28500", "2006-03-31": "16.62200", "2005-12-31": "-3.77190", "2005-09-30": "13.80400", "2005-06-30": "13.23300", "2005-03-31": "22.26500"}, "EBIT": {"2020-09-30": "39.80000", "2020-06-30": "25.30000", "2020-03-31": "30.20010", "2019-12-31": "31.89920", "2019-09-30": "-55.60000", "2019-06-30": "-7.89990", "2019-03-31": "15.50010", "2018-12-31": "49.19950", "2018-09-30": "39.00000", "2018-06-30": "3.90000", "2018-03-31": "-8.70010", "2017-12-31": "-21.90040", "2017-09-30": "57.60010", "2017-06-30": "-23.79990", "2017-03-31": "67.29990", "2016-12-31": "-243.70000", "2016-09-30": "77.60000", "2016-06-30": "51.60000", "2016-03-31": "19.00000", "2015-12-31": "76.25470", "2015-09-30": "62.22800", "2015-06-30": "54.52100", "2015-03-31": "46.69600", "2014-12-31": "75.31390", "2014-09-30": "47.96500", "2014-06-30": "44.57610", "2014-03-31": "50.29910", "2013-12-31": "51.64710", "2013-09-30": "41.16000", "2013-06-30": "40.97700", "2013-03-31": "44.38000", "2012-12-31": "48.71700", "2012-09-30": "41.34500", "2012-06-30": "41.45400", "2012-03-31": "45.31100", "2011-12-31": "57.28610", "2011-09-30": "52.65200", "2011-06-30": "33.61300", "2011-03-31": "44.72400", "2010-12-31": "56.56920", "2010-09-30": "47.79300", "2010-06-30": "40.87300", "2010-03-31": "31.31800", "2009-12-31": "31.11800", "2009-09-30": "45.07400", "2009-06-30": "27.96000", "2009-03-31": "26.65700", "2008-12-31": "31.49810", "2008-09-30": "24.08800", "2008-06-30": "19.46500", "2008-03-31": "12.07400", "2007-12-31": "27.87900", "2007-09-30": "21.93900", "2007-06-30": "19.14900", "2007-03-31": "15.97700", "2006-12-31": "40.92890", "2006-09-30": "17.28400", "2006-06-30": "14.03400", "2006-03-31": "12.10700", "2005-12-31": "-8.02490", "2005-09-30": "9.37200", "2005-06-30": "9.10800", "2005-03-31": "18.13400"}, "Basic Shares Outstanding": {"2020-09-30": "56.60000", "2020-06-30": "56.50000", "2020-03-31": "56.30000", "2019-12-31": "56.20000", "2019-09-30": "56.30000", "2019-06-30": "56.30000", "2019-03-31": "56.10000", "2018-12-31": "56.00000", "2018-09-30": "56.30000", "2018-06-30": "56.40000", "2018-03-31": "56.50000", "2017-12-31": "57.10000", "2017-09-30": "57.30000", "2017-06-30": "57.00000", "2017-03-31": "56.90000", "2016-12-31": "55.70000", "2016-09-30": "56.80000", "2016-06-30": "56.60000", "2016-03-31": "52.70000", "2015-12-31": "43.10000", "2015-09-30": "43.16800", "2015-06-30": "42.97400", "2015-03-31": "42.87300", "2014-12-31": "39.34800", "2014-09-30": "41.09900", "2014-06-30": "36.96100", "2014-03-31": "36.68200", "2013-12-31": "36.41800", "2013-09-30": "36.48200", "2013-06-30": "36.33700", "2013-03-31": "36.30100", "2012-12-31": "36.15500", "2012-09-30": "36.14900", "2012-06-30": "36.05700", "2012-03-31": "36.01900", "2011-12-31": "35.80500", "2011-09-30": "35.96700", "2011-06-30": "35.60000", "2011-03-31": "35.53400", "2010-12-31": "35.07900", "2010-09-30": "35.42100", "2010-06-30": "34.81400", "2010-03-31": "33.55300", "2009-12-31": "31.98200", "2009-09-30": "32.28000", "2009-06-30": "31.61600", "2009-03-31": "31.54700", "2008-12-31": "31.34100", "2008-09-30": "31.39700", "2008-06-30": "31.20900", "2008-03-31": "31.20400", "2007-12-31": "31.20300", "2007-09-30": "31.20200", "2007-06-30": "31.20200", "2007-03-31": "31.20200", "2006-12-31": "31.15800", "2006-09-30": "31.20200", "2006-06-30": "31.14500", "2006-03-31": "31.08800", "2005-12-31": "30.90500", "2005-09-30": "30.83300", "2005-06-30": "30.80100", "2005-03-31": "30.80100"}, "Shares Outstanding": {"2020-09-30": "56.80000", "2020-06-30": "56.50000", "2020-03-31": "56.30000", "2019-12-31": "56.20000", "2019-09-30": "56.30000", "2019-06-30": "56.30000", "2019-03-31": "56.10000", "2018-12-31": "56.00000", "2018-09-30": "56.70000", "2018-06-30": "56.40000", "2018-03-31": "56.50000", "2017-12-31": "57.60000", "2017-09-30": "57.70000", "2017-06-30": "57.00000", "2017-03-31": "57.60000", "2016-12-31": "55.70000", "2016-09-30": "57.60000", "2016-06-30": "57.50000", "2016-03-31": "52.70000", "2015-12-31": "43.70000", "2015-09-30": "43.72100", "2015-06-30": "43.67900", "2015-03-31": "43.63900", "2014-12-31": "40.23800", "2014-09-30": "42.00200", "2014-06-30": "37.99000", "2014-03-31": "37.66500", "2013-12-31": "37.39600", "2013-09-30": "37.43800", "2013-06-30": "37.37300", "2013-03-31": "37.23400", "2012-12-31": "37.11800", "2012-09-30": "37.07400", "2012-06-30": "37.13200", "2012-03-31": "37.09400", "2011-12-31": "36.95000", "2011-09-30": "36.91100", "2011-06-30": "36.95000", "2011-03-31": "36.78500", "2010-12-31": "36.17200", "2010-09-30": "36.37300", "2010-06-30": "35.99400", "2010-03-31": "34.61400", "2009-12-31": "32.79800", "2009-09-30": "33.12900", "2009-06-30": "31.75200", "2009-03-31": "32.34300", "2008-12-31": "31.46900", "2008-09-30": "31.51400", "2008-06-30": "31.34100", "2008-03-31": "31.30800", "2007-12-31": "31.35100", "2007-09-30": "31.29000", "2007-06-30": "31.31200", "2007-03-31": "31.31300", "2006-12-31": "31.39600", "2006-09-30": "31.27700", "2006-06-30": "31.23100", "2006-03-31": "31.19000", "2005-12-31": "31.10800", "2005-09-30": "31.07500", "2005-06-30": "31.06000", "2005-03-31": "31.06000"}, "Basic EPS": {"2020-09-30": "0.21000", "2020-06-30": "-0.03000", "2020-03-31": "-0.55000", "2019-12-31": "0.27000", "2019-09-30": "-3.16000", "2019-06-30": "-3.05000", "2019-03-31": "-0.48000", "2018-12-31": "-0.25000", "2018-09-30": "0.05000", "2018-06-30": "-0.35000", "2018-03-31": "-0.60000", "2017-12-31": "-5.29000", "2017-09-30": "0.50000", "2017-06-30": "-0.60000", "2017-03-31": "0.50000", "2016-12-31": "-5.04000", "2016-09-30": "0.66000", "2016-06-30": "0.34000", "2016-03-31": "-0.06000", "2015-12-31": "0.86000", "2015-09-30": "0.66000", "2015-06-30": "0.73000", "2015-03-31": "0.42000", "2014-12-31": "0.82000", "2014-09-30": "0.48000", "2014-06-30": "0.59000", "2014-03-31": "0.39000", "2013-12-31": "0.63000", "2013-09-30": "0.62000", "2013-06-30": "0.51000", "2013-03-31": "0.63000", "2012-12-31": "0.69000", "2012-09-30": "0.60000", "2012-06-30": "0.54000", "2012-03-31": "0.61000", "2011-12-31": "0.84000", "2011-09-30": "0.84000", "2011-06-30": "0.40000", "2011-03-31": "0.56000", "2010-12-31": "0.78000", "2010-09-30": "0.70000", "2010-06-30": "0.62000", "2010-03-31": "0.49000", "2009-12-31": "0.69000", "2009-09-30": "0.87000", "2009-06-30": "0.58000", "2009-03-31": "0.40000", "2008-12-31": "0.21000", "2008-09-30": "0.35000", "2008-06-30": "0.27000", "2008-03-31": "0.07000", "2007-12-31": "0.45000", "2007-09-30": "0.34000", "2007-06-30": "0.30000", "2007-03-31": "0.24000", "2006-12-31": "0.73000", "2006-09-30": "0.26000", "2006-06-30": "0.21000", "2006-03-31": "0.24000", "2005-12-31": "-0.18000", "2005-09-30": "0.16000", "2005-06-30": "0.04000", "2005-03-31": "0.36000"}, "EPS - Earnings Per Share": {"2020-09-30": "0.21000", "2020-06-30": "-0.03000", "2020-03-31": "-0.55000", "2019-12-31": "0.27000", "2019-09-30": "-3.16000", "2019-06-30": "-3.05000", "2019-03-31": "-0.48000", "2018-12-31": "-0.25000", "2018-09-30": "0.05000", "2018-06-30": "-0.35000", "2018-03-31": "-0.60000", "2017-12-31": "-5.24000", "2017-09-30": "0.50000", "2017-06-30": "-0.60000", "2017-03-31": "0.49000", "2016-12-31": "-5.02000", "2016-09-30": "0.65000", "2016-06-30": "0.33000", "2016-03-31": "-0.06000", "2015-12-31": "0.85000", "2015-09-30": "0.65000", "2015-06-30": "0.72000", "2015-03-31": "0.41000", "2014-12-31": "0.81000", "2014-09-30": "0.47000", "2014-06-30": "0.57000", "2014-03-31": "0.38000", "2013-12-31": "0.60000", "2013-09-30": "0.61000", "2013-06-30": "0.50000", "2013-03-31": "0.62000", "2012-12-31": "0.67000", "2012-09-30": "0.58000", "2012-06-30": "0.53000", "2012-03-31": "0.60000", "2011-12-31": "0.81000", "2011-09-30": "0.82000", "2011-06-30": "0.39000", "2011-03-31": "0.54000", "2010-12-31": "0.76000", "2010-09-30": "0.68000", "2010-06-30": "0.60000", "2010-03-31": "0.47000", "2009-12-31": "0.66000", "2009-09-30": "0.85000", "2009-06-30": "0.58000", "2009-03-31": "0.39000", "2008-12-31": "0.22000", "2008-09-30": "0.35000", "2008-06-30": "0.26000", "2008-03-31": "0.07000", "2007-12-31": "0.45000", "2007-09-30": "0.34000", "2007-06-30": "0.30000", "2007-03-31": "0.24000", "2006-12-31": "0.72000", "2006-09-30": "0.26000", "2006-06-30": "0.21000", "2006-03-31": "0.24000", "2005-12-31": "-0.19000", "2005-09-30": "0.16000", "2005-06-30": "0.04000", "2005-03-31": "0.36000"}}, "balance sheet": {"Cash On Hand": {"2019-12-31": "202.30000", "2018-12-31": "164.30000", "2017-12-31": "132.80000", "2016-12-31": "72.50000", "2015-12-31": "43.30700", "2014-12-31": "61.12900", "2013-12-31": "55.15500", "2012-12-31": "94.40700", "2011-12-31": "3.27900", "2010-12-31": "6.32300", "2009-12-31": "4.41500", "2008-12-31": "2.68700", "2007-12-31": "9.23000", "2006-12-31": "0.00600", "2005-12-31": "8.00100"}, "Receivables": {"2019-12-31": "270.60000", "2018-12-31": "351.30000", "2017-12-31": "329.80000", "2016-12-31": "429.00000", "2015-12-31": "203.19800", "2014-12-31": "233.65600", "2013-12-31": "152.76300", "2012-12-31": "124.64800", "2011-12-31": "115.16800", "2010-12-31": "126.64400", "2009-12-31": "86.55700", "2008-12-31": "86.83700", "2007-12-31": "76.95100", "2006-12-31": "56.39300", "2005-12-31": "34.63600"}, "Inventory": {"2019-12-31": "544.00000", "2018-12-31": "615.60000", "2017-12-31": "918.30000", "2016-12-31": "978.00000", "2015-12-31": "584.11500", "2014-12-31": "594.09800", "2013-12-31": "405.69800", "2012-12-31": "347.35300", "2011-12-31": "329.37400", "2010-12-31": "287.39500", "2009-12-31": "264.93300", "2008-12-31": "245.79000", "2007-12-31": "297.69200", "2006-12-31": "215.76600", "2005-12-31": "114.56200"}, "Pre-Paid Expenses": {"2019-12-31": "44.50000", "2018-12-31": "61.00000", "2017-12-31": "103.80000", "2016-12-31": "77.60000", "2015-12-31": "16.58300", "2014-12-31": "24.98900", "2013-12-31": "14.16400", "2012-12-31": "14.00500", "2011-12-31": "12.63800", "2010-12-31": "12.86100", "2009-12-31": "7.26900", "2008-12-31": "10.31500", "2007-12-31": "7.06800", "2006-12-31": "11.00200", "2005-12-31": "4.92200"}, "Other Current Assets": {"2019-12-31": "27.00000", "2018-12-31": "", "2017-12-31": "", "2016-12-31": "3.60000", "2015-12-31": "", "2014-12-31": "", "2013-12-31": "", "2012-12-31": "", "2011-12-31": "4.08100", "2010-12-31": "4.08100", "2009-12-31": "4.08100", "2008-12-31": "4.08100", "2007-12-31": "", "2006-12-31": "", "2005-12-31": ""}, "Total Current Assets": {"2019-12-31": "1219.50000", "2018-12-31": "1678.00000", "2017-12-31": "1484.70000", "2016-12-31": "1560.70000", "2015-12-31": "847.20300", "2014-12-31": "913.87200", "2013-12-31": "649.68900", "2012-12-31": "588.41100", "2011-12-31": "468.39400", "2010-12-31": "440.80300", "2009-12-31": "370.65200", "2008-12-31": "356.47900", "2007-12-31": "394.27500", "2006-12-31": "284.77100", "2005-12-31": "166.66000"}, "Property, Plant, And Equipment": {"2019-12-31": "1045.20000", "2018-12-31": "1142.30000", "2017-12-31": "1294.40000", "2016-12-31": "1359.30000", "2015-12-31": "541.52800", "2014-12-31": "543.77800", "2013-12-31": "462.27500", "2012-12-31": "425.30700", "2011-12-31": "406.55800", "2010-12-31": "386.19100", "2009-12-31": "276.03300", "2008-12-31": "270.66400", "2007-12-31": "265.00700", "2006-12-31": "207.19700", "2005-12-31": "117.43800"}, "Long-Term Investments": {"2019-12-31": "", "2018-12-31": "", "2017-12-31": "", "2016-12-31": "", "2015-12-31": "", "2014-12-31": "", "2013-12-31": "", "2012-12-31": "", "2011-12-31": "", "2010-12-31": "", "2009-12-31": "", "2008-12-31": "", "2007-12-31": "", "2006-12-31": "", "2005-12-31": ""}, "Goodwill And Intangible Assets": {"2019-12-31": "2662.00000", "2018-12-31": "2764.30000", "2017-12-31": "2955.00000", "2016-12-31": "3584.80000", "2015-12-31": "2296.44900", "2014-12-31": "2384.28300", "2013-12-31": "1594.96000", "2012-12-31": "1490.75200", "2011-12-31": "1506.27900", "2010-12-31": "1564.25400", "2009-12-31": "737.74300", "2008-12-31": "728.53900", "2007-12-31": "793.17200", "2006-12-31": "443.65500", "2005-12-31": "325.59900"}, "Other Long-Term Assets": {"2019-12-31": "37.40000", "2018-12-31": "44.70000", "2017-12-31": "45.20000", "2016-12-31": "41.00000", "2015-12-31": "17.61600", "2014-12-31": "16.38900", "2013-12-31": "14.13000", "2012-12-31": "21.40300", "2011-12-31": "23.29800", "2010-12-31": "", "2009-12-31": "", "2008-12-31": "", "2007-12-31": "", "2006-12-31": "", "2005-12-31": ""}, "Total Long-Term Assets": {"2019-12-31": "3919.90000", "2018-12-31": "3951.30000", "2017-12-31": "4294.60000", "2016-12-31": "4985.10000", "2015-12-31": "2855.59300", "2014-12-31": "2944.45000", "2013-12-31": "2071.36500", "2012-12-31": "1937.46200", "2011-12-31": "1936.13500", "2010-12-31": "1950.44500", "2009-12-31": "1013.77600", "2008-12-31": "999.20300", "2007-12-31": "1061.68300", "2006-12-31": "650.85200", "2005-12-31": "443.03700"}, "Total Assets": {"2019-12-31": "5139.40000", "2018-12-31": "5629.30000", "2017-12-31": "5779.30000", "2016-12-31": "6545.80000", "2015-12-31": "3702.79600", "2014-12-31": "3858.32200", "2013-12-31": "2721.05400", "2012-12-31": "2525.87300", "2011-12-31": "2404.52900", "2010-12-31": "2391.24800", "2009-12-31": "1384.42800", "2008-12-31": "1355.68200", "2007-12-31": "1455.95800", "2006-12-31": "935.62300", "2005-12-31": "609.69700"}, "Total Current Liabilities": {"2019-12-31": "813.40000", "2018-12-31": "837.60000", "2017-12-31": "599.80000", "2016-12-31": "693.20000", "2015-12-31": "275.47300", "2014-12-31": "309.85400", "2013-12-31": "240.36400", "2012-12-31": "187.03000", "2011-12-31": "171.47900", "2010-12-31": "203.36000", "2009-12-31": "149.72500", "2008-12-31": "188.27000", "2007-12-31": "144.76700", "2006-12-31": "89.44600", "2005-12-31": "61.87100"}, "Long Term Debt": {"2019-12-31": "2091.70000", "2018-12-31": "2297.40000", "2017-12-31": "2535.70000", "2016-12-31": "2724.80000", "2015-12-31": "1221.74100", "2014-12-31": "1437.74900", "2013-12-31": "938.94500", "2012-12-31": "898.10000", "2011-12-31": "902.92900", "2010-12-31": "976.45200", "2009-12-31": "401.64000", "2008-12-31": "475.23300", "2007-12-31": "620.45200", "2006-12-31": "239.11500", "2005-12-31": "6.14400"}, "Other Non-Current Liabilities": {"2019-12-31": "143.40000", "2018-12-31": "168.20000", "2017-12-31": "202.10000", "2016-12-31": "202.30000", "2015-12-31": "71.61500", "2014-12-31": "67.57200", "2013-12-31": "40.05800", "2012-12-31": "49.02700", "2011-12-31": "54.34600", "2010-12-31": "38.55300", "2009-12-31": "31.45300", "2008-12-31": "44.56300", "2007-12-31": "33.91300", "2006-12-31": "26.52000", "2005-12-31": "18.90600"}, "Total Long Term Liabilities": {"2019-12-31": "2495.10000", "2018-12-31": "2631.70000", "2017-12-31": "2916.20000", "2016-12-31": "3349.30000", "2015-12-31": "1572.46400", "2014-12-31": "1789.21100", "2013-12-31": "1207.57200", "2012-12-31": "1159.58800", "2011-12-31": "1159.53300", "2010-12-31": "1209.92200", "2009-12-31": "478.47400", "2008-12-31": "547.28100", "2007-12-31": "681.88210", "2006-12-31": "269.92800", "2005-12-31": "34.47100"}, "Total Liabilities": {"2019-12-31": "3308.50000", "2018-12-31": "3469.30000", "2017-12-31": "3516.00000", "2016-12-31": "4042.50000", "2015-12-31": "1847.93700", "2014-12-31": "2099.06500", "2013-12-31": "1447.93600", "2012-12-31": "1346.61800", "2011-12-31": "1331.01200", "2010-12-31": "1413.28200", "2009-12-31": "628.19900", "2008-12-31": "735.55100", "2007-12-31": "826.64900", "2006-12-31": "359.37400", "2005-12-31": "96.34200"}, "Common Stock Net": {"2019-12-31": "0.60000", "2018-12-31": "0.60000", "2017-12-31": "0.60000", "2016-12-31": "0.60000", "2015-12-31": "0.43100", "2014-12-31": "0.42700", "2013-12-31": "0.36500", "2012-12-31": "0.36200", "2011-12-31": "0.35900", "2010-12-31": "0.35400", "2009-12-31": "0.32000", "2008-12-31": "0.31500", "2007-12-31": "0.31200", "2006-12-31": "0.31200", "2005-12-31": "0.31100"}, "Retained Earnings (Accumulated Deficit)": {"2019-12-31": "-157.00000", "2018-12-31": "204.00000", "2017-12-31": "245.90000", "2016-12-31": "532.10000", "2015-12-31": "760.72900", "2014-12-31": "645.81900", "2013-12-31": "555.93900", "2012-12-31": "468.95100", "2011-12-31": "380.58800", "2010-12-31": "286.18100", "2009-12-31": "195.26200", "2008-12-31": "113.94800", "2007-12-31": "85.72400", "2006-12-31": "44.10800", "2005-12-31": "-0.74800"}, "Comprehensive Income": {"2019-12-31": "-84.00000", "2018-12-31": "-97.10000", "2017-12-31": "-61.50000", "2016-12-31": "-101.30000", "2015-12-31": "-113.46800", "2014-12-31": "-64.33100", "2013-12-31": "-31.76300", "2012-12-31": "-16.64000", "2011-12-31": "-22.36200", "2010-12-31": "-12.03400", "2009-12-31": "-26.95100", "2008-12-31": "-63.39400", "2007-12-31": "-7.09700", "2006-12-31": "-5.10500", "2005-12-31": "-2.27900"}, "Other Share Holders Equity": {"2019-12-31": "", "2018-12-31": "", "2017-12-31": "", "2016-12-31": "", "2015-12-31": "", "2014-12-31": "", "2013-12-31": "", "2012-12-31": "", "2011-12-31": "", "2010-12-31": "", "2009-12-31": "", "2008-12-31": "", "2007-12-31": "", "2006-12-31": "", "2005-12-31": ""}, "Share Holder Equity": {"2019-12-31": "1830.90000", "2018-12-31": "2160.00000", "2017-12-31": "2263.30000", "2016-12-31": "2503.30000", "2015-12-31": "1854.85900", "2014-12-31": "1759.25700", "2013-12-31": "1273.11800", "2012-12-31": "1179.25500", "2011-12-31": "1073.51700", "2010-12-31": "977.96600", "2009-12-31": "756.22900", "2008-12-31": "620.13100", "2007-12-31": "629.30900", "2006-12-31": "576.24900", "2005-12-31": "513.35500"}, "Total Liabilities And Share Holders Equity": {"2019-12-31": "5139.40000", "2018-12-31": "5629.30000", "2017-12-31": "5779.30000", "2016-12-31": "6545.80000", "2015-12-31": "3702.79600", "2014-12-31": "3858.32200", "2013-12-31": "2721.05400", "2012-12-31": "2525.87300", "2011-12-31": "2404.52900", "2010-12-31": "2391.24800", "2009-12-31": "1384.42800", "2008-12-31": "1355.68200", "2007-12-31": "1455.95800", "2006-12-31": "935.62300", "2005-12-31": "609.69700"}}, "balance sheet, quarterly": {"Cash On Hand": {"2020-09-30": "365.10000", "2020-06-30": "293.90000", "2020-03-31": "330.40000", "2019-12-31": "202.30000", "2019-09-30": "45.10000", "2019-06-30": "63.70000", "2019-03-31": "79.00000", "2018-12-31": "164.30000", "2018-09-30": "68.20000", "2018-06-30": "112.90000", "2018-03-31": "142.20000", "2017-12-31": "132.80000", "2017-09-30": "145.10000", "2017-06-30": "186.30000", "2017-03-31": "78.50000", "2016-12-31": "72.50000", "2016-09-30": "57.34400", "2016-06-30": "61.23200", "2016-03-31": "70.31800", "2015-12-31": "43.30700", "2015-09-30": "30.91500", "2015-06-30": "53.56800", "2015-03-31": "63.36300", "2014-12-31": "61.12900", "2014-09-30": "31.29800", "2014-06-30": "26.39900", "2014-03-31": "24.40100", "2013-12-31": "55.15500", "2013-09-30": "116.32500", "2013-06-30": "35.89600", "2013-03-31": "99.46400", "2012-12-31": "94.40700", "2012-09-30": "83.79700", "2012-06-30": "74.24400", "2012-03-31": "67.32400", "2011-12-31": "3.27900", "2011-09-30": "3.08000", "2011-06-30": "2.34700", "2011-03-31": "2.37500", "2010-12-31": "6.32300", "2010-09-30": "3.45600", "2010-06-30": "3.44700", "2010-03-31": "4.09700", "2009-12-31": "4.41500", "2009-09-30": "3.65400", "2009-06-30": "2.09700", "2009-03-31": "2.14800", "2008-12-31": "2.68700", "2008-09-30": "1.87400", "2008-06-30": "3.66300", "2008-03-31": "2.75500", "2007-12-31": "9.23000", "2007-09-30": "0.00600", "2007-06-30": "0.09000", "2007-03-31": "0.01400", "2006-12-31": "0.00600", "2006-09-30": "0.00400", "2006-06-30": "0.00400", "2006-03-31": "24.49900", "2005-12-31": "8.00100", "2005-09-30": "2.61600", "2005-06-30": "2.29600", "2005-03-31": ""}, "Receivables": {"2020-09-30": "268.40000", "2020-06-30": "265.10000", "2020-03-31": "292.80000", "2019-12-31": "270.60000", "2019-09-30": "305.20000", "2019-06-30": "301.30000", "2019-03-31": "367.30000", "2018-12-31": "351.30000", "2018-09-30": "285.60000", "2018-06-30": "258.30000", "2018-03-31": "345.20000", "2017-12-31": "329.80000", "2017-09-30": "432.10000", "2017-06-30": "352.70000", "2017-03-31": "384.30000", "2016-12-31": "429.00000", "2016-09-30": "384.90100", "2016-06-30": "362.46100", "2016-03-31": "359.74400", "2015-12-31": "203.19800", "2015-09-30": "213.63100", "2015-06-30": "172.79900", "2015-03-31": "217.80500", "2014-12-31": "233.65600", "2014-09-30": "225.18500", "2014-06-30": "154.88800", "2014-03-31": "151.07200", "2013-12-31": "152.76300", "2013-09-30": "133.94500", "2013-06-30": "115.60400", "2013-03-31": "127.56300", "2012-12-31": "124.64800", "2012-09-30": "128.49500", "2012-06-30": "119.02700", "2012-03-31": "120.41000", "2011-12-31": "115.16800", "2011-09-30": "147.93800", "2011-06-30": "117.00500", "2011-03-31": "129.47200", "2010-12-31": "126.64400", "2010-09-30": "125.43200", "2010-06-30": "107.35400", "2010-03-31": "102.13400", "2009-12-31": "86.55700", "2009-09-30": "105.76500", "2009-06-30": "84.00900", "2009-03-31": "81.74000", "2008-12-31": "86.83700", "2008-09-30": "92.59400", "2008-06-30": "87.23500", "2008-03-31": "81.29900", "2007-12-31": "76.95100", "2007-09-30": "65.42100", "2007-06-30": "57.03900", "2007-03-31": "52.28100", "2006-12-31": "56.39300", "2006-09-30": "54.71500", "2006-06-30": "56.16500", "2006-03-31": "36.03100", "2005-12-31": "34.63600", "2005-09-30": "32.59200", "2005-06-30": "33.89200", "2005-03-31": ""}, "Inventory": {"2020-09-30": "664.10000", "2020-06-30": "629.40000", "2020-03-31": "537.80000", "2019-12-31": "544.00000", "2019-09-30": "702.80000", "2019-06-30": "842.10000", "2019-03-31": "854.20000", "2018-12-31": "615.60000", "2018-09-30": "999.30000", "2018-06-30": "944.30000", "2018-03-31": "940.60000", "2017-12-31": "918.30000", "2017-09-30": "1137.50000", "2017-06-30": "993.10000", "2017-03-31": "989.50000", "2016-12-31": "978.00000", "2016-09-30": "1040.97800", "2016-06-30": "989.40600", "2016-03-31": "978.50800", "2015-12-31": "584.11500", "2015-09-30": "647.08500", "2015-06-30": "613.27600", "2015-03-31": "559.17700", "2014-12-31": "594.09800", "2014-09-30": "677.36200", "2014-06-30": "498.93300", "2014-03-31": "413.29600", "2013-12-31": "405.69800", "2013-09-30": "423.34000", "2013-06-30": "389.44700", "2013-03-31": "364.63500", "2012-12-31": "347.35300", "2012-09-30": "391.30600", "2012-06-30": "349.90100", "2012-03-31": "338.72500", "2011-12-31": "329.37400", "2011-09-30": "367.44600", "2011-06-30": "320.67200", "2011-03-31": "299.15300", "2010-12-31": "287.39500", "2010-09-30": "312.69300", "2010-06-30": "295.63500", "2010-03-31": "299.32400", "2009-12-31": "264.93300", "2009-09-30": "303.95500", "2009-06-30": "275.80300", "2009-03-31": "255.20600", "2008-12-31": "245.79000", "2008-09-30": "288.28700", "2008-06-30": "275.66100", "2008-03-31": "285.72900", "2007-12-31": "297.69200", "2007-09-30": "271.51900", "2007-06-30": "220.06400", "2007-03-31": "199.23700", "2006-12-31": "215.76600", "2006-09-30": "238.89500", "2006-06-30": "195.41700", "2006-03-31": "114.63700", "2005-12-31": "114.56200", "2005-09-30": "138.16800", "2005-06-30": "103.37200", "2005-03-31": ""}, "Pre-Paid Expenses": {"2020-09-30": "128.70000", "2020-06-30": "94.10000", "2020-03-31": "97.50000", "2019-12-31": "44.50000", "2019-09-30": "82.00000", "2019-06-30": "83.70000", "2019-03-31": "78.80000", "2018-12-31": "61.00000", "2018-09-30": "92.50000", "2018-06-30": "118.50000", "2018-03-31": "104.90000", "2017-12-31": "103.80000", "2017-09-30": "110.40000", "2017-06-30": "93.10000", "2017-03-31": "68.00000", "2016-12-31": "77.60000", "2016-09-30": "75.96600", "2016-06-30": "85.99800", "2016-03-31": "50.38500", "2015-12-31": "16.58300", "2015-09-30": "36.84600", "2015-06-30": "24.03800", "2015-03-31": "23.46500", "2014-12-31": "24.98900", "2014-09-30": "31.91300", "2014-06-30": "25.48700", "2014-03-31": "16.86300", "2013-12-31": "14.16400", "2013-09-30": "17.16400", "2013-06-30": "20.04400", "2013-03-31": "8.41600", "2012-12-31": "14.00500", "2012-09-30": "13.74600", "2012-06-30": "11.39500", "2012-03-31": "14.21700", "2011-12-31": "12.63800", "2011-09-30": "14.87200", "2011-06-30": "10.68500", "2011-03-31": "12.07100", "2010-12-31": "12.86100", "2010-09-30": "16.62400", "2010-06-30": "23.49600", "2010-03-31": "12.94800", "2009-12-31": "7.26900", "2009-09-30": "8.99100", "2009-06-30": "7.13000", "2009-03-31": "7.37900", "2008-12-31": "10.31500", "2008-09-30": "14.34500", "2008-06-30": "12.22600", "2008-03-31": "7.64300", "2007-12-31": "7.06800", "2007-09-30": "7.60200", "2007-06-30": "5.00300", "2007-03-31": "7.47000", "2006-12-31": "11.00200", "2006-09-30": "8.67400", "2006-06-30": "5.83500", "2006-03-31": "3.97300", "2005-12-31": "4.92200", "2005-09-30": "3.48200", "2005-06-30": "1.33700", "2005-03-31": ""}, "Other Current Assets": {"2020-09-30": "", "2020-06-30": "", "2020-03-31": "26.30000", "2019-12-31": "27.00000", "2019-09-30": "", "2019-06-30": "142.50000", "2019-03-31": "", "2018-12-31": "", "2018-09-30": "", "2018-06-30": "", "2018-03-31": "", "2017-12-31": "", "2017-09-30": "", "2017-06-30": "2.70000", "2017-03-31": "3.60000", "2016-12-31": "3.60000", "2016-09-30": "2.67400", "2016-06-30": "2.67400", "2016-03-31": "2.67400", "2015-12-31": "", "2015-09-30": "", "2015-06-30": "", "2015-03-31": "", "2014-12-31": "", "2014-09-30": "", "2014-06-30": "", "2014-03-31": "", "2013-12-31": "", "2013-09-30": "", "2013-06-30": "", "2013-03-31": "4.08100", "2012-12-31": "", "2012-09-30": "4.08100", "2012-06-30": "4.08100", "2012-03-31": "4.08100", "2011-12-31": "4.08100", "2011-09-30": "4.08100", "2011-06-30": "4.08100", "2011-03-31": "4.08100", "2010-12-31": "4.08100", "2010-09-30": "4.08100", "2010-06-30": "4.08100", "2010-03-31": "4.08100", "2009-12-31": "4.08100", "2009-09-30": "4.08100", "2009-06-30": "4.08100", "2009-03-31": "4.08100", "2008-12-31": "4.08100", "2008-09-30": "4.08100", "2008-06-30": "4.37700", "2008-03-31": "", "2007-12-31": "", "2007-09-30": "", "2007-06-30": "", "2007-03-31": "", "2006-12-31": "", "2006-09-30": "", "2006-06-30": "", "2006-03-31": "", "2005-12-31": "", "2005-09-30": "", "2005-06-30": "", "2005-03-31": ""}, "Total Current Assets": {"2020-09-30": "1551.80000", "2020-06-30": "1405.20000", "2020-03-31": "1413.10000", "2019-12-31": "1219.50000", "2019-09-30": "1269.00000", "2019-06-30": "1433.30000", "2019-03-31": "1379.30000", "2018-12-31": "1678.00000", "2018-09-30": "1445.60000", "2018-06-30": "1434.00000", "2018-03-31": "1532.90000", "2017-12-31": "1484.70000", "2017-09-30": "1825.10000", "2017-06-30": "1627.90000", "2017-03-31": "1523.90000", "2016-12-31": "1560.70000", "2016-09-30": "1561.86300", "2016-06-30": "1501.77100", "2016-03-31": "1461.62900", "2015-12-31": "847.20300", "2015-09-30": "957.12100", "2015-06-30": "899.57500", "2015-03-31": "898.90300", "2014-12-31": "913.87200", "2014-09-30": "974.26000", "2014-06-30": "718.94000", "2014-03-31": "627.46200", "2013-12-31": "649.68900", "2013-09-30": "699.20300", "2013-06-30": "569.23600", "2013-03-31": "614.58800", "2012-12-31": "588.41100", "2012-09-30": "625.64900", "2012-06-30": "561.95400", "2012-03-31": "548.27700", "2011-12-31": "468.39400", "2011-09-30": "538.40900", "2011-06-30": "458.15000", "2011-03-31": "450.77900", "2010-12-31": "440.80300", "2010-09-30": "466.24800", "2010-06-30": "437.65800", "2010-03-31": "426.08800", "2009-12-31": "370.65200", "2009-09-30": "433.86400", "2009-06-30": "379.92900", "2009-03-31": "357.58000", "2008-12-31": "356.47900", "2008-09-30": "404.72100", "2008-06-30": "386.42400", "2008-03-31": "383.06100", "2007-12-31": "394.27500", "2007-09-30": "345.09200", "2007-06-30": "283.33400", "2007-03-31": "260.29800", "2006-12-31": "284.77100", "2006-09-30": "306.79200", "2006-06-30": "261.84300", "2006-03-31": "182.99900", "2005-12-31": "166.66000", "2005-09-30": "180.12700", "2005-06-30": "146.20300", "2005-03-31": ""}, "Property, Plant, And Equipment": {"2020-09-30": "1013.40000", "2020-06-30": "1014.30000", "2020-03-31": "1022.30000", "2019-12-31": "1045.20000", "2019-09-30": "1080.20000", "2019-06-30": "1149.20000", "2019-03-31": "1260.00000", "2018-12-31": "1142.30000", "2018-09-30": "1272.10000", "2018-06-30": "1270.40000", "2018-03-31": "1279.20000", "2017-12-31": "1294.40000", "2017-09-30": "1289.80000", "2017-06-30": "1296.30000", "2017-03-31": "1338.30000", "2016-12-31": "1359.30000", "2016-09-30": "1364.67200", "2016-06-30": "1361.27000", "2016-03-31": "1345.78600", "2015-12-31": "541.52800", "2015-09-30": "543.55900", "2015-06-30": "549.34800", "2015-03-31": "542.59200", "2014-12-31": "543.77800", "2014-09-30": "540.06700", "2014-06-30": "496.67100", "2014-03-31": "455.76700", "2013-12-31": "462.27500", "2013-09-30": "424.57200", "2013-06-30": "419.87200", "2013-03-31": "419.02500", "2012-12-31": "425.30700", "2012-09-30": "424.24100", "2012-06-30": "423.71200", "2012-03-31": "408.21700", "2011-12-31": "406.55800", "2011-09-30": "400.41900", "2011-06-30": "392.25500", "2011-03-31": "381.21900", "2010-12-31": "386.19100", "2010-09-30": "358.24300", "2010-06-30": "357.29200", "2010-03-31": "360.78300", "2009-12-31": "276.03300", "2009-09-30": "278.70200", "2009-06-30": "278.08100", "2009-03-31": "275.48300", "2008-12-31": "270.66400", "2008-09-30": "266.42300", "2008-06-30": "265.66000", "2008-03-31": "255.70900", "2007-12-31": "265.00700", "2007-09-30": "214.59800", "2007-06-30": "213.49900", "2007-03-31": "202.96400", "2006-12-31": "207.19700", "2006-09-30": "210.81300", "2006-06-30": "214.50100", "2006-03-31": "115.05900", "2005-12-31": "117.43800", "2005-09-30": "129.30200", "2005-06-30": "129.90700", "2005-03-31": ""}, "Long-Term Investments": {"2020-09-30": "", "2020-06-30": "", "2020-03-31": "", "2019-12-31": "", "2019-09-30": "", "2019-06-30": "", "2019-03-31": "", "2018-12-31": "", "2018-09-30": "", "2018-06-30": "", "2018-03-31": "", "2017-12-31": "", "2017-09-30": "", "2017-06-30": "", "2017-03-31": "", "2016-12-31": "", "2016-09-30": "", "2016-06-30": "", "2016-03-31": "", "2015-12-31": "", "2015-09-30": "", "2015-06-30": "", "2015-03-31": "", "2014-12-31": "", "2014-09-30": "", "2014-06-30": "", "2014-03-31": "", "2013-12-31": "", "2013-09-30": "", "2013-06-30": "", "2013-03-31": "", "2012-12-31": "", "2012-09-30": "", "2012-06-30": "", "2012-03-31": "", "2011-12-31": "", "2011-09-30": "", "2011-06-30": "", "2011-03-31": "", "2010-12-31": "", "2010-09-30": "", "2010-06-30": "", "2010-03-31": "", "2009-12-31": "", "2009-09-30": "", "2009-06-30": "", "2009-03-31": "", "2008-12-31": "", "2008-09-30": "", "2008-06-30": "", "2008-03-31": "", "2007-12-31": "", "2007-09-30": "", "2007-06-30": "", "2007-03-31": "", "2006-12-31": "", "2006-09-30": "", "2006-06-30": "", "2006-03-31": "", "2005-12-31": "", "2005-09-30": "", "2005-06-30": "", "2005-03-31": ""}, "Goodwill And Intangible Assets": {"2020-09-30": "2628.40000", "2020-06-30": "2626.90000", "2020-03-31": "2634.80000", "2019-12-31": "2662.00000", "2019-09-30": "2688.20000", "2019-06-30": "2748.20000", "2019-03-31": "2854.40000", "2018-12-31": "2764.30000", "2018-09-30": "2890.30000", "2018-06-30": "2913.50000", "2018-03-31": "2931.50000", "2017-12-31": "2955.00000", "2017-09-30": "3527.50000", "2017-06-30": "3543.60000", "2017-03-31": "3569.60000", "2016-12-31": "3584.80000", "2016-09-30": "3946.31800", "2016-06-30": "3983.52100", "2016-03-31": "4001.19100", "2015-12-31": "2296.44900", "2015-09-30": "2315.64900", "2015-06-30": "2344.06200", "2015-03-31": "2349.67200", "2014-12-31": "2384.28300", "2014-09-30": "2411.58500", "2014-06-30": "1676.34000", "2014-03-31": "1577.03300", "2013-12-31": "1594.96000", "2013-09-30": "1483.51500", "2013-06-30": "1467.61800", "2013-03-31": "1500.53900", "2012-12-31": "1490.75200", "2012-09-30": "1518.84400", "2012-06-30": "1516.90200", "2012-03-31": "1526.50900", "2011-12-31": "1506.27900", "2011-09-30": "1537.23200", "2011-06-30": "1534.20900", "2011-03-31": "1541.43500", "2010-12-31": "1564.25400", "2010-09-30": "1358.31900", "2010-06-30": "1353.84800", "2010-03-31": "1367.28400", "2009-12-31": "737.74300", "2009-09-30": "742.94200", "2009-06-30": "733.00900", "2009-03-31": "720.90000", "2008-12-31": "728.53900", "2008-09-30": "768.61100", "2008-06-30": "778.28900", "2008-03-31": "779.22500", "2007-12-31": "793.17200", "2007-09-30": "521.83800", "2007-06-30": "519.13600", "2007-03-31": "442.46700", "2006-12-31": "443.65500", "2006-09-30": "465.86900", "2006-06-30": "475.73900", "2006-03-31": "331.48000", "2005-12-31": "325.59900", "2005-09-30": "345.41200", "2005-06-30": "345.97800", "2005-03-31": ""}, "Other Long-Term Assets": {"2020-09-30": "29.70000", "2020-06-30": "34.00000", "2020-03-31": "34.80000", "2019-12-31": "37.40000", "2019-09-30": "40.50000", "2019-06-30": "43.60000", "2019-03-31": "42.50000", "2018-12-31": "44.70000", "2018-09-30": "36.20000", "2018-06-30": "42.60000", "2018-03-31": "41.90000", "2017-12-31": "45.20000", "2017-09-30": "43.20000", "2017-06-30": "42.10000", "2017-03-31": "43.20000", "2016-12-31": "41.00000", "2016-09-30": "50.37900", "2016-06-30": "52.04100", "2016-03-31": "55.64100", "2015-12-31": "17.61600", "2015-09-30": "27.39300", "2015-06-30": "24.10300", "2015-03-31": "24.21700", "2014-12-31": "16.38900", "2014-09-30": "20.68700", "2014-06-30": "20.40500", "2014-03-31": "16.16000", "2013-12-31": "14.13000", "2013-09-30": "19.17900", "2013-06-30": "19.75700", "2013-03-31": "", "2012-12-31": "21.40300", "2012-09-30": "", "2012-06-30": "", "2012-03-31": "", "2011-12-31": "23.29800", "2011-09-30": "", "2011-06-30": "23.10500", "2011-03-31": "23.75300", "2010-12-31": "", "2010-09-30": "19.25200", "2010-06-30": "19.43300", "2010-03-31": "18.82300", "2009-12-31": "", "2009-09-30": "", "2009-06-30": "", "2009-03-31": "", "2008-12-31": "", "2008-09-30": "", "2008-06-30": "", "2008-03-31": "", "2007-12-31": "", "2007-09-30": "", "2007-06-30": "", "2007-03-31": "", "2006-12-31": "", "2006-09-30": "", "2006-06-30": "", "2006-03-31": "", "2005-12-31": "", "2005-09-30": "", "2005-06-30": "", "2005-03-31": ""}, "Total Long-Term Assets": {"2020-09-30": "3834.10000", "2020-06-30": "3836.80000", "2020-03-31": "3857.90000", "2019-12-31": "3919.90000", "2019-09-30": "3992.20000", "2019-06-30": "4159.60000", "2019-03-31": "4385.70000", "2018-12-31": "3951.30000", "2018-09-30": "4198.60000", "2018-06-30": "4226.50000", "2018-03-31": "4252.60000", "2017-12-31": "4294.60000", "2017-09-30": "4860.50000", "2017-06-30": "4882.00000", "2017-03-31": "4951.10100", "2016-12-31": "4985.10000", "2016-09-30": "5361.36900", "2016-06-30": "5396.83200", "2016-03-31": "5402.61800", "2015-12-31": "2855.59300", "2015-09-30": "2886.60100", "2015-06-30": "2917.51300", "2015-03-31": "2916.48100", "2014-12-31": "2944.45000", "2014-09-30": "2972.33900", "2014-06-30": "2193.41600", "2014-03-31": "2048.96000", "2013-12-31": "2071.36500", "2013-09-30": "1927.26600", "2013-06-30": "1907.24700", "2013-03-31": "1919.56400", "2012-12-31": "1937.46200", "2012-09-30": "1943.08500", "2012-06-30": "1940.61400", "2012-03-31": "1934.72600", "2011-12-31": "1936.13500", "2011-09-30": "1937.65100", "2011-06-30": "1949.56900", "2011-03-31": "1946.40700", "2010-12-31": "1950.44500", "2010-09-30": "1735.81400", "2010-06-30": "1730.57300", "2010-03-31": "1746.89000", "2009-12-31": "1013.77600", "2009-09-30": "1021.64400", "2009-06-30": "1011.09000", "2009-03-31": "996.38290", "2008-12-31": "999.20300", "2008-09-30": "1035.03400", "2008-06-30": "1043.94900", "2008-03-31": "1037.83200", "2007-12-31": "1061.68300", "2007-09-30": "736.43600", "2007-06-30": "732.63500", "2007-03-31": "645.43100", "2006-12-31": "650.85200", "2006-09-30": "676.68200", "2006-06-30": "690.24000", "2006-03-31": "446.53900", "2005-12-31": "443.03700", "2005-09-30": "474.71400", "2005-06-30": "475.88500", "2005-03-31": ""}, "Total Assets": {"2020-09-30": "5385.90000", "2020-06-30": "5242.00000", "2020-03-31": "5271.00000", "2019-12-31": "5139.40000", "2019-09-30": "5261.20000", "2019-06-30": "5592.90000", "2019-03-31": "5765.00000", "2018-12-31": "5629.30000", "2018-09-30": "5644.20000", "2018-06-30": "5660.50000", "2018-03-31": "5785.50000", "2017-12-31": "5779.30000", "2017-09-30": "6685.60000", "2017-06-30": "6509.90000", "2017-03-31": "6475.00000", "2016-12-31": "6545.80000", "2016-09-30": "6923.23200", "2016-06-30": "6898.60300", "2016-03-31": "6864.24700", "2015-12-31": "3702.79600", "2015-09-30": "3843.72200", "2015-06-30": "3817.08800", "2015-03-31": "3815.38400", "2014-12-31": "3858.32200", "2014-09-30": "3946.59900", "2014-06-30": "2912.35600", "2014-03-31": "2676.42200", "2013-12-31": "2721.05400", "2013-09-30": "2626.46900", "2013-06-30": "2476.48300", "2013-03-31": "2534.15200", "2012-12-31": "2525.87300", "2012-09-30": "2568.73400", "2012-06-30": "2502.56800", "2012-03-31": "2483.00300", "2011-12-31": "2404.52900", "2011-09-30": "2476.06000", "2011-06-30": "2407.71900", "2011-03-31": "2397.18600", "2010-12-31": "2391.24800", "2010-09-30": "2202.06200", "2010-06-30": "2168.23100", "2010-03-31": "2172.97800", "2009-12-31": "1384.42800", "2009-09-30": "1455.50800", "2009-06-30": "1391.01900", "2009-03-31": "1353.96300", "2008-12-31": "1355.68200", "2008-09-30": "1439.75500", "2008-06-30": "1430.37300", "2008-03-31": "1420.89300", "2007-12-31": "1455.95800", "2007-09-30": "1081.52800", "2007-06-30": "1015.96900", "2007-03-31": "905.72900", "2006-12-31": "935.62300", "2006-09-30": "983.47400", "2006-06-30": "952.08300", "2006-03-31": "629.53800", "2005-12-31": "609.69700", "2005-09-30": "654.84100", "2005-06-30": "622.08800", "2005-03-31": "0.00000"}, "Total Current Liabilities": {"2020-09-30": "920.60000", "2020-06-30": "951.70000", "2020-03-31": "893.70000", "2019-12-31": "813.40000", "2019-09-30": "851.40000", "2019-06-30": "836.70000", "2019-03-31": "841.30000", "2018-12-31": "837.60000", "2018-09-30": "761.30000", "2018-06-30": "708.90000", "2018-03-31": "658.80000", "2017-12-31": "599.80000", "2017-09-30": "845.90000", "2017-06-30": "783.00000", "2017-03-31": "628.80000", "2016-12-31": "693.20000", "2016-09-30": "664.89200", "2016-06-30": "656.35200", "2016-03-31": "562.59300", "2015-12-31": "275.47300", "2015-09-30": "330.45000", "2015-06-30": "296.20100", "2015-03-31": "279.12100", "2014-12-31": "309.85400", "2014-09-30": "326.53400", "2014-06-30": "292.85700", "2014-03-31": "218.57700", "2013-12-31": "240.36400", "2013-09-30": "215.70400", "2013-06-30": "197.07700", "2013-03-31": "211.25200", "2012-12-31": "187.03000", "2012-09-30": "203.00900", "2012-06-30": "193.19700", "2012-03-31": "187.71600", "2011-12-31": "171.47900", "2011-09-30": "204.21900", "2011-06-30": "206.73200", "2011-03-31": "196.87300", "2010-12-31": "203.36000", "2010-09-30": "206.61300", "2010-06-30": "183.04500", "2010-03-31": "171.89900", "2009-12-31": "149.72500", "2009-09-30": "177.09600", "2009-06-30": "164.42800", "2009-03-31": "173.06300", "2008-12-31": "188.27000", "2008-09-30": "176.43400", "2008-06-30": "141.89600", "2008-03-31": "150.72000", "2007-12-31": "144.76700", "2007-09-30": "116.21800", "2007-06-30": "96.69700", "2007-03-31": "94.46900", "2006-12-31": "89.44600", "2006-09-30": "100.82000", "2006-06-30": "343.76500", "2006-03-31": "71.96500", "2005-12-31": "61.87100", "2005-09-30": "87.54900", "2005-06-30": "68.48500", "2005-03-31": ""}, "Long Term Debt": {"2020-09-30": "2201.50000", "2020-06-30": "2086.60000", "2020-03-31": "2189.50000", "2019-12-31": "2091.70000", "2019-09-30": "2158.00000", "2019-06-30": "2257.60000", "2019-03-31": "2285.20000", "2018-12-31": "2297.40000", "2018-09-30": "2333.10000", "2018-06-30": "2390.80000", "2018-03-31": "2533.20000", "2017-12-31": "2535.70000", "2017-09-30": "2620.40000", "2017-06-30": "2568.40000", "2017-03-31": "2677.10000", "2016-12-31": "2724.80000", "2016-09-30": "2849.75900", "2016-06-30": "2859.50200", "2016-03-31": "2942.33600", "2015-12-31": "1221.74100", "2015-09-30": "1307.26200", "2015-06-30": "1328.87600", "2015-03-31": "1383.44800", "2014-12-31": "1437.74900", "2014-09-30": "1558.84300", "2014-06-30": "1016.57600", "2014-03-31": "900.46300", "2013-12-31": "938.94500", "2013-09-30": "908.51400", "2013-06-30": "813.22400", "2013-03-31": "862.28200", "2012-12-31": "898.10000", "2012-09-30": "953.47400", "2012-06-30": "940.22000", "2012-03-31": "931.30100", "2011-12-31": "902.92900", "2011-09-30": "990.47400", "2011-06-30": "940.32400", "2011-03-31": "951.86500", "2010-12-31": "976.45200", "2010-09-30": "875.52200", "2010-06-30": "886.20500", "2010-03-31": "921.18100", "2009-12-31": "401.64000", "2009-09-30": "475.47700", "2009-06-30": "482.83700", "2009-03-31": "480.34600", "2008-12-31": "475.23300", "2008-09-30": "551.47400", "2008-06-30": "588.00800", "2008-03-31": "584.02600", "2007-12-31": "620.45200", "2007-09-30": "316.42300", "2007-06-30": "284.41300", "2007-03-31": "190.61300", "2006-12-31": "239.11500", "2006-09-30": "270.16900", "2006-06-30": "9.16300", "2006-03-31": "6.07600", "2005-12-31": "6.14400", "2005-09-30": "6.20000", "2005-06-30": "6.33800", "2005-03-31": ""}, "Other Non-Current Liabilities": {"2020-09-30": "141.30000", "2020-06-30": "131.70000", "2020-03-31": "133.70000", "2019-12-31": "143.40000", "2019-09-30": "149.50000", "2019-06-30": "159.90000", "2019-03-31": "155.50000", "2018-12-31": "168.20000", "2018-09-30": "186.80000", "2018-06-30": "201.50000", "2018-03-31": "197.90000", "2017-12-31": "202.10000", "2017-09-30": "200.60000", "2017-06-30": "205.60000", "2017-03-31": "217.50000", "2016-12-31": "202.30000", "2016-09-30": "205.25700", "2016-06-30": "220.61500", "2016-03-31": "228.91000", "2015-12-31": "71.61500", "2015-09-30": "67.48100", "2015-06-30": "68.59600", "2015-03-31": "69.39000", "2014-12-31": "67.57200", "2014-09-30": "35.90500", "2014-06-30": "25.83000", "2014-03-31": "37.53000", "2013-12-31": "40.05800", "2013-09-30": "40.17400", "2013-06-30": "44.49100", "2013-03-31": "49.42500", "2012-12-31": "49.02700", "2012-09-30": "43.67600", "2012-06-30": "45.79600", "2012-03-31": "54.20700", "2011-12-31": "54.34600", "2011-09-30": "43.26100", "2011-06-30": "41.51200", "2011-03-31": "40.92700", "2010-12-31": "38.55300", "2010-09-30": "36.22900", "2010-06-30": "35.75300", "2010-03-31": "31.84400", "2009-12-31": "31.45300", "2009-09-30": "38.31900", "2009-06-30": "37.44100", "2009-03-31": "37.90900", "2008-12-31": "44.56300", "2008-09-30": "29.30700", "2008-06-30": "33.92000", "2008-03-31": "34.14200", "2007-12-31": "33.91300", "2007-09-30": "25.57400", "2007-06-30": "27.12000", "2007-03-31": "27.62900", "2006-12-31": "26.52000", "2006-09-30": "53.00800", "2006-06-30": "52.64900", "2006-03-31": "18.95300", "2005-12-31": "18.90600", "2005-09-30": "18.92400", "2005-06-30": "19.23400", "2005-03-31": ""}, "Total Long Term Liabilities": {"2020-09-30": "2638.00000", "2020-06-30": "2486.60000", "2020-03-31": "2589.20000", "2019-12-31": "2495.10000", "2019-09-30": "2603.80000", "2019-06-30": "2772.90000", "2019-03-31": "2800.50000", "2018-12-31": "2631.70000", "2018-09-30": "2693.20000", "2018-06-30": "2766.10000", "2018-03-31": "2906.90000", "2017-12-31": "2916.20000", "2017-09-30": "3242.40000", "2017-06-30": "3184.00000", "2017-03-31": "3297.60000", "2016-12-31": "3349.30000", "2016-09-30": "3471.09500", "2016-06-30": "3493.47500", "2016-03-31": "3582.31700", "2015-12-31": "1572.46400", "2015-09-30": "1694.39800", "2015-06-30": "1716.12400", "2015-03-31": "1771.04100", "2014-12-31": "1789.21100", "2014-09-30": "1901.36800", "2014-06-30": "1283.05000", "2014-03-31": "1165.86800", "2013-12-31": "1207.57200", "2013-09-30": "1164.91400", "2013-06-30": "1071.76300", "2013-03-31": "1123.97200", "2012-12-31": "1159.58800", "2012-09-30": "1208.02600", "2012-06-30": "1191.00600", "2012-03-31": "1189.43200", "2011-12-31": "1159.53300", "2011-09-30": "1231.23100", "2011-06-30": "1177.28700", "2011-03-31": "1188.31800", "2010-12-31": "1209.92200", "2010-09-30": "1058.54600", "2010-06-30": "1082.73400", "2010-03-31": "1103.35700", "2009-12-31": "478.47400", "2009-09-30": "557.88790", "2009-06-30": "556.64500", "2009-03-31": "549.30000", "2008-12-31": "547.28100", "2008-09-30": "611.78100", "2008-06-30": "649.69300", "2008-03-31": "646.29000", "2007-12-31": "681.88210", "2007-09-30": "351.13100", "2007-06-30": "319.21600", "2007-03-31": "223.76700", "2006-12-31": "269.92800", "2006-09-30": "332.09900", "2006-06-30": "70.21800", "2006-03-31": "32.00500", "2005-12-31": "34.47100", "2005-09-30": "53.63000", "2005-06-30": "55.53500", "2005-03-31": ""}, "Total Liabilities": {"2020-09-30": "3558.60000", "2020-06-30": "3438.30000", "2020-03-31": "3482.90000", "2019-12-31": "3308.50000", "2019-09-30": "3455.20000", "2019-06-30": "3609.60000", "2019-03-31": "3641.80000", "2018-12-31": "3469.30000", "2018-09-30": "3454.50000", "2018-06-30": "3475.00000", "2018-03-31": "3565.70000", "2017-12-31": "3516.00000", "2017-09-30": "4088.30000", "2017-06-30": "3967.00000", "2017-03-31": "3926.40000", "2016-12-31": "4042.50000", "2016-09-30": "4135.98700", "2016-06-30": "4149.82700", "2016-03-31": "4144.91000", "2015-12-31": "1847.93700", "2015-09-30": "2024.84800", "2015-06-30": "2012.32500", "2015-03-31": "2050.16200", "2014-12-31": "2099.06500", "2014-09-30": "2227.90200", "2014-06-30": "1575.90700", "2014-03-31": "1384.44500", "2013-12-31": "1447.93600", "2013-09-30": "1380.61800", "2013-06-30": "1268.84000", "2013-03-31": "1335.22400", "2012-12-31": "1346.61800", "2012-09-30": "1411.03500", "2012-06-30": "1384.20300", "2012-03-31": "1377.14800", "2011-12-31": "1331.01200", "2011-09-30": "1435.45000", "2011-06-30": "1384.01900", "2011-03-31": "1385.19100", "2010-12-31": "1413.28200", "2010-09-30": "1265.15900", "2010-06-30": "1265.77900", "2010-03-31": "1275.25600", "2009-12-31": "628.19900", "2009-09-30": "734.98400", "2009-06-30": "721.07300", "2009-03-31": "722.36300", "2008-12-31": "735.55100", "2008-09-30": "788.21500", "2008-06-30": "791.58900", "2008-03-31": "797.01000", "2007-12-31": "826.64900", "2007-09-30": "467.34900", "2007-06-30": "415.91300", "2007-03-31": "318.23600", "2006-12-31": "359.37400", "2006-09-30": "432.91900", "2006-06-30": "413.98300", "2006-03-31": "103.97000", "2005-12-31": "96.34200", "2005-09-30": "141.17900", "2005-06-30": "124.02000", "2005-03-31": ""}, "Common Stock Net": {"2020-09-30": "0.60000", "2020-06-30": "0.60000", "2020-03-31": "0.60000", "2019-12-31": "0.60000", "2019-09-30": "0.60000", "2019-06-30": "0.60000", "2019-03-31": "0.60000", "2018-12-31": "0.60000", "2018-09-30": "0.60000", "2018-06-30": "0.60000", "2018-03-31": "0.60000", "2017-12-31": "0.60000", "2017-09-30": "0.60000", "2017-06-30": "0.60000", "2017-03-31": "0.60000", "2016-12-31": "0.60000", "2016-09-30": "0.56700", "2016-06-30": "0.56700", "2016-03-31": "0.56400", "2015-12-31": "0.43100", "2015-09-30": "0.43100", "2015-06-30": "0.43000", "2015-03-31": "0.42900", "2014-12-31": "0.42700", "2014-09-30": "0.42300", "2014-06-30": "0.37100", "2014-03-31": "0.36700", "2013-12-31": "0.36500", "2013-09-30": "0.36400", "2013-06-30": "0.36300", "2013-03-31": "0.36200", "2012-12-31": "0.36200", "2012-09-30": "0.36200", "2012-06-30": "0.36100", "2012-03-31": "0.35900", "2011-12-31": "0.35900", "2011-09-30": "0.35900", "2011-06-30": "0.35900", "2011-03-31": "0.35500", "2010-12-31": "0.35400", "2010-09-30": "0.35400", "2010-06-30": "0.35400", "2010-03-31": "0.34800", "2009-12-31": "0.32000", "2009-09-30": "0.31900", "2009-06-30": "0.31800", "2009-03-31": "0.31500", "2008-12-31": "0.31500", "2008-09-30": "0.31500", "2008-06-30": "0.31200", "2008-03-31": "0.31200", "2007-12-31": "0.31200", "2007-09-30": "0.31200", "2007-06-30": "0.31200", "2007-03-31": "0.31200", "2006-12-31": "0.31200", "2006-09-30": "0.31200", "2006-06-30": "0.31200", "2006-03-31": "0.31100", "2005-12-31": "0.31100", "2005-09-30": "0.31100", "2005-06-30": "0.30800", "2005-03-31": ""}, "Retained Earnings (Accumulated Deficit)": {"2020-09-30": "-177.60000", "2020-06-30": "-189.70000", "2020-03-31": "-188.20000", "2019-12-31": "-157.00000", "2019-09-30": "-172.50000", "2019-06-30": "5.30000", "2019-03-31": "158.60000", "2018-12-31": "204.00000", "2018-09-30": "198.50000", "2018-06-30": "193.20000", "2018-03-31": "213.30000", "2017-12-31": "245.90000", "2017-09-30": "554.90000", "2017-06-30": "526.10000", "2017-03-31": "560.30000", "2016-12-31": "532.10000", "2016-09-30": "810.20500", "2016-06-30": "773.03100", "2016-03-31": "757.38300", "2015-12-31": "760.72900", "2015-09-30": "723.47400", "2015-06-30": "695.03300", "2015-03-31": "663.67100", "2014-12-31": "645.81900", "2014-09-30": "611.90100", "2014-06-30": "592.02100", "2014-03-31": "570.26000", "2013-12-31": "555.93900", "2013-09-30": "533.15400", "2013-06-30": "510.48900", "2013-03-31": "491.92400", "2012-12-31": "468.95100", "2012-09-30": "443.72500", "2012-06-30": "422.17100", "2012-03-31": "402.66000", "2011-12-31": "380.58800", "2011-09-30": "350.72300", "2011-06-30": "320.33300", "2011-03-31": "305.98800", "2010-12-31": "286.18100", "2010-09-30": "258.10000", "2010-06-30": "233.23300", "2010-03-31": "211.58100", "2009-12-31": "195.26200", "2009-09-30": "173.17300", "2009-06-30": "145.10900", "2009-03-31": "126.68400", "2008-12-31": "113.94800", "2008-09-30": "107.09900", "2008-06-30": "96.01900", "2008-03-31": "87.88000", "2007-12-31": "85.72400", "2007-09-30": "71.44600", "2007-06-30": "60.87800", "2007-03-31": "51.51600", "2006-12-31": "44.10800", "2006-09-30": "21.50300", "2006-06-30": "13.24500", "2006-03-31": "6.65200", "2005-12-31": "-0.74800", "2005-09-30": "4.90000", "2005-06-30": "", "2005-03-31": ""}, "Comprehensive Income": {"2020-09-30": "-86.40000", "2020-06-30": "-92.30000", "2020-03-31": "-99.80000", "2019-12-31": "-84.00000", "2019-09-30": "-88.20000", "2019-06-30": "-82.80000", "2019-03-31": "-90.20000", "2018-12-31": "-97.10000", "2018-09-30": "-75.20000", "2018-06-30": "-81.80000", "2018-03-31": "-72.50000", "2017-12-31": "-61.50000", "2017-09-30": "-59.60000", "2017-06-30": "-77.70000", "2017-03-31": "-97.40000", "2016-12-31": "-101.30000", "2016-09-30": "-91.09600", "2016-06-30": "-84.06900", "2016-03-31": "-88.94400", "2015-12-31": "-113.46800", "2015-09-30": "-104.09700", "2015-06-30": "-84.13700", "2015-03-31": "-90.61200", "2014-12-31": "-64.33100", "2014-09-30": "-46.72400", "2014-06-30": "-32.55800", "2014-03-31": "-43.56700", "2013-12-31": "-31.76300", "2013-09-30": "-27.81400", "2013-06-30": "-35.26700", "2013-03-31": "-24.04800", "2012-12-31": "-16.64000", "2012-09-30": "-9.09900", "2012-06-30": "-23.50400", "2012-03-31": "-14.55600", "2011-12-31": "-22.36200", "2011-09-30": "-21.86000", "2011-06-30": "-4.24100", "2011-03-31": "-3.02200", "2010-12-31": "-12.03400", "2010-09-30": "-19.65100", "2010-06-30": "-24.94500", "2010-03-31": "-17.34900", "2009-12-31": "-26.95100", "2009-09-30": "-35.31600", "2009-06-30": "-50.92400", "2009-03-31": "-67.66300", "2008-12-31": "-63.39400", "2008-09-30": "-19.99600", "2008-06-30": "-13.46600", "2008-03-31": "-17.40600", "2007-12-31": "-7.09700", "2007-09-30": "-4.73400", "2007-06-30": "-4.85700", "2007-03-31": "-4.98100", "2006-12-31": "-5.10500", "2006-09-30": "-3.39400", "2006-06-30": "-2.27900", "2006-03-31": "-2.27900", "2005-12-31": "-2.27900", "2005-09-30": "-2.46200", "2005-06-30": "-2.46200", "2005-03-31": ""}, "Other Share Holders Equity": {"2020-09-30": "", "2020-06-30": "", "2020-03-31": "", "2019-12-31": "", "2019-09-30": "", "2019-06-30": "", "2019-03-31": "", "2018-12-31": "", "2018-09-30": "", "2018-06-30": "", "2018-03-31": "", "2017-12-31": "", "2017-09-30": "", "2017-06-30": "", "2017-03-31": "", "2016-12-31": "", "2016-09-30": "", "2016-06-30": "", "2016-03-31": "", "2015-12-31": "", "2015-09-30": "", "2015-06-30": "", "2015-03-31": "", "2014-12-31": "", "2014-09-30": "", "2014-06-30": "", "2014-03-31": "", "2013-12-31": "", "2013-09-30": "", "2013-06-30": "", "2013-03-31": "", "2012-12-31": "", "2012-09-30": "", "2012-06-30": "", "2012-03-31": "", "2011-12-31": "", "2011-09-30": "", "2011-06-30": "", "2011-03-31": "", "2010-12-31": "", "2010-09-30": "", "2010-06-30": "", "2010-03-31": "", "2009-12-31": "", "2009-09-30": "", "2009-06-30": "", "2009-03-31": "", "2008-12-31": "", "2008-09-30": "", "2008-06-30": "", "2008-03-31": "", "2007-12-31": "", "2007-09-30": "", "2007-06-30": "", "2007-03-31": "", "2006-12-31": "", "2006-09-30": "", "2006-06-30": "", "2006-03-31": "", "2005-12-31": "", "2005-09-30": "", "2005-06-30": "", "2005-03-31": ""}, "Share Holder Equity": {"2020-09-30": "1827.30000", "2020-06-30": "1803.70000", "2020-03-31": "1788.10000", "2019-12-31": "1830.90000", "2019-09-30": "1806.00000", "2019-06-30": "1983.30000", "2019-03-31": "2123.20000", "2018-12-31": "2160.00000", "2018-09-30": "2189.70000", "2018-06-30": "2185.50000", "2018-03-31": "2219.80000", "2017-12-31": "2263.30000", "2017-09-30": "2597.30000", "2017-06-30": "2542.90000", "2017-03-31": "2548.60000", "2016-12-31": "2503.30000", "2016-09-30": "2787.24500", "2016-06-30": "2748.77600", "2016-03-31": "2719.33700", "2015-12-31": "1854.85900", "2015-09-30": "1818.87400", "2015-06-30": "1804.76300", "2015-03-31": "1765.22200", "2014-12-31": "1759.25700", "2014-09-30": "1718.69700", "2014-06-30": "1336.44900", "2014-03-31": "1291.97700", "2013-12-31": "1273.11800", "2013-09-30": "1245.85100", "2013-06-30": "1207.64300", "2013-03-31": "1198.92800", "2012-12-31": "1179.25500", "2012-09-30": "1157.69900", "2012-06-30": "1118.36500", "2012-03-31": "1105.85500", "2011-12-31": "1073.51700", "2011-09-30": "1040.61000", "2011-06-30": "1023.70000", "2011-03-31": "1011.99500", "2010-12-31": "977.96600", "2010-09-30": "936.90300", "2010-06-30": "902.45200", "2010-03-31": "897.72200", "2009-12-31": "756.22900", "2009-09-30": "720.52400", "2009-06-30": "669.94600", "2009-03-31": "631.60000", "2008-12-31": "620.13100", "2008-09-30": "651.54000", "2008-06-30": "638.78400", "2008-03-31": "623.88300", "2007-12-31": "629.30900", "2007-09-30": "614.17900", "2007-06-30": "600.05600", "2007-03-31": "587.49300", "2006-12-31": "576.24900", "2006-09-30": "550.55500", "2006-06-30": "538.10000", "2006-03-31": "525.56800", "2005-12-31": "513.35500", "2005-09-30": "513.66200", "2005-06-30": "498.06800", "2005-03-31": ""}, "Total Liabilities And Share Holders Equity": {"2020-09-30": "5385.90000", "2020-06-30": "5242.00000", "2020-03-31": "5271.00000", "2019-12-31": "5139.40000", "2019-09-30": "5261.20000", "2019-06-30": "5592.90000", "2019-03-31": "5765.00000", "2018-12-31": "5629.30000", "2018-09-30": "5644.20000", "2018-06-30": "5660.50000", "2018-03-31": "5785.50000", "2017-12-31": "5779.30000", "2017-09-30": "6685.60000", "2017-06-30": "6509.90000", "2017-03-31": "6475.00000", "2016-12-31": "6545.80000", "2016-09-30": "6923.23200", "2016-06-30": "6898.60300", "2016-03-31": "6864.24700", "2015-12-31": "3702.79600", "2015-09-30": "3843.72200", "2015-06-30": "3817.08800", "2015-03-31": "3815.38400", "2014-12-31": "3858.32200", "2014-09-30": "3946.59900", "2014-06-30": "2912.35600", "2014-03-31": "2676.42200", "2013-12-31": "2721.05400", "2013-09-30": "2626.46900", "2013-06-30": "2476.48300", "2013-03-31": "2534.15200", "2012-12-31": "2525.87300", "2012-09-30": "2568.73400", "2012-06-30": "2502.56800", "2012-03-31": "2483.00300", "2011-12-31": "2404.52900", "2011-09-30": "2476.06000", "2011-06-30": "2407.71900", "2011-03-31": "2397.18600", "2010-12-31": "2391.24800", "2010-09-30": "2202.06200", "2010-06-30": "2168.23100", "2010-03-31": "2172.97800", "2009-12-31": "1384.42800", "2009-09-30": "1455.50800", "2009-06-30": "1391.01900", "2009-03-31": "1353.96300", "2008-12-31": "1355.68200", "2008-09-30": "1439.75500", "2008-06-30": "1430.37300", "2008-03-31": "1420.89300", "2007-12-31": "1455.95800", "2007-09-30": "1081.52800", "2007-06-30": "1015.96900", "2007-03-31": "905.72900", "2006-12-31": "935.62300", "2006-09-30": "983.47400", "2006-06-30": "952.08300", "2006-03-31": "629.53800", "2005-12-31": "609.69700", "2005-09-30": "654.84100", "2005-06-30": "622.08800", "2005-03-31": ""}}, "cash flow statement": {"Net Income/Loss": {"2019-12-31": "-361.00000", "2018-12-31": "-64.40000", "2017-12-31": "-279.50000", "2016-12-31": "-228.60000", "2015-12-31": "114.90000", "2014-12-31": "89.88000", "2013-12-31": "86.98800", "2012-12-31": "88.36300", "2011-12-31": "94.40700", "2010-12-31": "90.91900", "2009-12-31": "81.31400", "2008-12-31": "28.22400", "2007-12-31": "41.62200", "2006-12-31": "44.85600", "2005-12-31": "11.57600"}, "Total Depreciation And Amortization - Cash Flow": {"2019-12-31": "210.60000", "2018-12-31": "225.20000", "2017-12-31": "232.90000", "2016-12-31": "640.50000", "2015-12-31": "122.10000", "2014-12-31": "115.91500", "2013-12-31": "108.64200", "2012-12-31": "98.21500", "2011-12-31": "83.01800", "2010-12-31": "69.77800", "2009-12-31": "47.34300", "2008-12-31": "45.85400", "2007-12-31": "34.98600", "2006-12-31": "24.65100", "2005-12-31": "16.94100"}, "Other Non-Cash Items": {"2019-12-31": "429.40000", "2018-12-31": "99.20000", "2017-12-31": "475.90000", "2016-12-31": "-2.40000", "2015-12-31": "44.50000", "2014-12-31": "80.77200", "2013-12-31": "9.36700", "2012-12-31": "22.09300", "2011-12-31": "29.63800", "2010-12-31": "17.37400", "2009-12-31": "20.57000", "2008-12-31": "39.13000", "2007-12-31": "19.18300", "2006-12-31": "9.49500", "2005-12-31": "21.98500"}, "Total Non-Cash Items": {"2019-12-31": "640.00000", "2018-12-31": "324.40000", "2017-12-31": "708.80000", "2016-12-31": "638.10000", "2015-12-31": "166.60000", "2014-12-31": "196.68700", "2013-12-31": "118.00900", "2012-12-31": "120.30800", "2011-12-31": "112.65600", "2010-12-31": "87.15200", "2009-12-31": "67.91300", "2008-12-31": "84.98400", "2007-12-31": "54.16900", "2006-12-31": "34.14600", "2005-12-31": "38.92600"}, "Change In Accounts Receivable": {"2019-12-31": "80.60000", "2018-12-31": "-29.10000", "2017-12-31": "103.30000", "2016-12-31": "-59.70000", "2015-12-31": "21.50000", "2014-12-31": "-18.56300", "2013-12-31": "-9.27000", "2012-12-31": "-2.64000", "2011-12-31": "7.81200", "2010-12-31": "6.16100", "2009-12-31": "3.73900", "2008-12-31": "-14.39500", "2007-12-31": "10.16400", "2006-12-31": "-20.49500", "2005-12-31": "1.64000"}, "Change In Inventories": {"2019-12-31": "65.50000", "2018-12-31": "50.60000", "2017-12-31": "23.70000", "2016-12-31": "54.30000", "2015-12-31": "", "2014-12-31": "-27.18700", "2013-12-31": "-11.38700", "2012-12-31": "-8.26300", "2011-12-31": "-43.03900", "2010-12-31": "34.31800", "2009-12-31": "-14.06200", "2008-12-31": "43.39600", "2007-12-31": "-27.11500", "2006-12-31": "-23.21900", "2005-12-31": "2.26100"}, "Change In Accounts Payable": {"2019-12-31": "", "2018-12-31": "", "2017-12-31": "", "2016-12-31": "", "2015-12-31": "", "2014-12-31": "", "2013-12-31": "", "2012-12-31": "", "2011-12-31": "", "2010-12-31": "", "2009-12-31": "", "2008-12-31": "", "2007-12-31": "", "2006-12-31": "", "2005-12-31": ""}, "Change In Assets/Liabilities": {"2019-12-31": "-36.50000", "2018-12-31": "118.20000", "2017-12-31": "-40.70000", "2016-12-31": "-11.60000", "2015-12-31": "20.90000", "2014-12-31": "-5.91000", "2013-12-31": "2.65600", "2012-12-31": "5.50800", "2011-12-31": "3.74200", "2010-12-31": "0.22500", "2009-12-31": "-0.64700", "2008-12-31": "-2.06300", "2007-12-31": "4.39000", "2006-12-31": "-1.93800", "2005-12-31": "-3.33100"}, "Total Change In Assets/Liabilities": {"2019-12-31": "28.70000", "2018-12-31": "245.80000", "2017-12-31": "76.70000", "2016-12-31": "69.10000", "2015-12-31": "9.10000", "2014-12-31": "-57.01700", "2013-12-31": "11.69300", "2012-12-31": "-4.11200", "2011-12-31": "-50.99200", "2010-12-31": "66.58000", "2009-12-31": "-44.38300", "2008-12-31": "62.42800", "2007-12-31": "0.61100", "2006-12-31": "-19.37600", "2005-12-31": "1.30600"}, "Cash Flow From Operating Activities": {"2019-12-31": "307.70000", "2018-12-31": "505.80000", "2017-12-31": "506.00000", "2016-12-31": "478.60000", "2015-12-31": "290.60000", "2014-12-31": "229.55000", "2013-12-31": "216.69000", "2012-12-31": "204.55900", "2011-12-31": "156.07100", "2010-12-31": "244.65100", "2009-12-31": "104.84400", "2008-12-31": "175.63600", "2007-12-31": "96.40200", "2006-12-31": "59.62600", "2005-12-31": "51.80800"}, "Net Change In Property, Plant, And Equipment": {"2019-12-31": "-117.90000", "2018-12-31": "-149.30000", "2017-12-31": "-127.10000", "2016-12-31": "-173.50000", "2015-12-31": "-72.10000", "2014-12-31": "-85.73300", "2013-12-31": "-73.82000", "2012-12-31": "-70.16400", "2011-12-31": "-68.27200", "2010-12-31": "-39.50000", "2009-12-31": "-36.98100", "2008-12-31": "-53.79200", "2007-12-31": "-18.34900", "2006-12-31": "-9.22400", "2005-12-31": "-14.23000"}, "Net Change In Intangible Assets": {"2019-12-31": "-24.10000", "2018-12-31": "-22.40000", "2017-12-31": "-26.10000", "2016-12-31": "-11.80000", "2015-12-31": "-13.40000", "2014-12-31": "-10.64300", "2013-12-31": "-6.40300", "2012-12-31": "-9.24300", "2011-12-31": "-9.27300", "2010-12-31": "-22.11000", "2009-12-31": "0.00000", "2008-12-31": "0.00000", "2007-12-31": "", "2006-12-31": "", "2005-12-31": ""}, "Net Acquisitions/Divestitures": {"2019-12-31": "", "2018-12-31": "30.80000", "2017-12-31": "18.80000", "2016-12-31": "-2644.40000", "2015-12-31": "", "2014-12-31": "-993.00900", "2013-12-31": "-218.65200", "2012-12-31": "-29.95500", "2011-12-31": "3.24300", "2010-12-31": "-844.49600", "2009-12-31": "", "2008-12-31": "-0.25100", "2007-12-31": "-449.93700", "2006-12-31": "-287.70100", "2005-12-31": ""}, "Net Change In Short-term Investments": {"2019-12-31": "", "2018-12-31": "", "2017-12-31": "", "2016-12-31": "", "2015-12-31": "", "2014-12-31": "", "2013-12-31": "-7.97500", "2012-12-31": "", "2011-12-31": "", "2010-12-31": "", "2009-12-31": "", "2008-12-31": "", "2007-12-31": "", "2006-12-31": "", "2005-12-31": ""}, "Net Change In Long-Term Investments": {"2019-12-31": "", "2018-12-31": "", "2017-12-31": "", "2016-12-31": "", "2015-12-31": "", "2014-12-31": "", "2013-12-31": "", "2012-12-31": "", "2011-12-31": "", "2010-12-31": "", "2009-12-31": "", "2008-12-31": "", "2007-12-31": "", "2006-12-31": "", "2005-12-31": ""}, "Net Change In Investments - Total": {"2019-12-31": "", "2018-12-31": "", "2017-12-31": "", "2016-12-31": "", "2015-12-31": "", "2014-12-31": "", "2013-12-31": "-7.97500", "2012-12-31": "", "2011-12-31": "", "2010-12-31": "", "2009-12-31": "", "2008-12-31": "", "2007-12-31": "", "2006-12-31": "", "2005-12-31": ""}, "Investing Activities - Other": {"2019-12-31": "73.90000", "2018-12-31": "-20.00000", "2017-12-31": "-25.40000", "2016-12-31": "-1.60000", "2015-12-31": "-0.80000", "2014-12-31": "-0.52100", "2013-12-31": "", "2012-12-31": "", "2011-12-31": "", "2010-12-31": "", "2009-12-31": "2.86300", "2008-12-31": "12.20400", "2007-12-31": "0.46700", "2006-12-31": "0.14700", "2005-12-31": ""}, "Cash Flow From Investing Activities": {"2019-12-31": "-68.10000", "2018-12-31": "-160.90000", "2017-12-31": "-159.80000", "2016-12-31": "-2831.30000", "2015-12-31": "-86.30000", "2014-12-31": "-1089.90600", "2013-12-31": "-306.85000", "2012-12-31": "-109.36200", "2011-12-31": "-74.30200", "2010-12-31": "-906.10600", "2009-12-31": "-34.11800", "2008-12-31": "-41.83900", "2007-12-31": "-467.81900", "2006-12-31": "-296.77800", "2005-12-31": "-14.23000"}, "Net Long-Term Debt": {"2019-12-31": "-201.90000", "2018-12-31": "-253.90000", "2017-12-31": "-249.90010", "2016-12-31": "1577.00000", "2015-12-31": "-215.30000", "2014-12-31": "511.80510", "2013-12-31": "40.05500", "2012-12-31": "-4.74300", "2011-12-31": "-78.21700", "2010-12-31": "573.39000", "2009-12-31": "-74.48400", "2008-12-31": "-145.53700", "2007-12-31": "380.88500", "2006-12-31": "229.63800", "2005-12-31": "-0.06200"}, "Net Current Debt": {"2019-12-31": "", "2018-12-31": "", "2017-12-31": "", "2016-12-31": "", "2015-12-31": "", "2014-12-31": "", "2013-12-31": "", "2012-12-31": "", "2011-12-31": "", "2010-12-31": "", "2009-12-31": "", "2008-12-31": "", "2007-12-31": "", "2006-12-31": "", "2005-12-31": ""}, "Debt Issuance/Retirement Net - Total": {"2019-12-31": "-201.90000", "2018-12-31": "-253.90000", "2017-12-31": "-249.90010", "2016-12-31": "1577.00000", "2015-12-31": "-215.30000", "2014-12-31": "511.80510", "2013-12-31": "40.05500", "2012-12-31": "-4.74300", "2011-12-31": "-78.21700", "2010-12-31": "573.39000", "2009-12-31": "-74.48400", "2008-12-31": "-145.53700", "2007-12-31": "380.88500", "2006-12-31": "229.63800", "2005-12-31": "-0.06200"}, "Net Common Equity Issued/Repurchased": {"2019-12-31": "-5.00000", "2018-12-31": "-58.30000", "2017-12-31": "-23.50000", "2016-12-31": "835.00000", "2015-12-31": "1.80000", "2014-12-31": "386.19600", "2013-12-31": "1.29100", "2012-12-31": "-3.87900", "2011-12-31": "-8.27800", "2010-12-31": "99.91700", "2009-12-31": "4.59000", "2008-12-31": "5.43400", "2007-12-31": "0.04400", "2006-12-31": "1.48200", "2005-12-31": "2.52700"}, "Net Total Equity Issued/Repurchased": {"2019-12-31": "-5.00000", "2018-12-31": "-58.30000", "2017-12-31": "-23.50000", "2016-12-31": "835.00000", "2015-12-31": "1.80000", "2014-12-31": "386.19600", "2013-12-31": "1.29100", "2012-12-31": "-3.87900", "2011-12-31": "-8.27800", "2010-12-31": "99.91700", "2009-12-31": "4.59000", "2008-12-31": "5.43400", "2007-12-31": "0.04400", "2006-12-31": "1.48200", "2005-12-31": "2.52700"}, "Total Common And Preferred Stock Dividends Paid": {"2019-12-31": "", "2018-12-31": "", "2017-12-31": "", "2016-12-31": "", "2015-12-31": "", "2014-12-31": "", "2013-12-31": "", "2012-12-31": "", "2011-12-31": "", "2010-12-31": "", "2009-12-31": "", "2008-12-31": "", "2007-12-31": "", "2006-12-31": "", "2005-12-31": ""}, "Financial Activities - Other": {"2019-12-31": "", "2018-12-31": "1.20000", "2017-12-31": "-4.90000", "2016-12-31": "-34.30000", "2015-12-31": "-0.40000", "2014-12-31": "-30.40500", "2013-12-31": "4.37200", "2012-12-31": "2.65700", "2011-12-31": "2.95500", "2010-12-31": "-10.68600", "2009-12-31": "0.16900", "2008-12-31": "0.37700", "2007-12-31": "-0.23000", "2006-12-31": "-1.96300", "2005-12-31": "-32.20700"}, "Cash Flow From Financial Activities": {"2019-12-31": "-206.90000", "2018-12-31": "-311.00000", "2017-12-31": "-278.30000", "2016-12-31": "2377.70000", "2015-12-31": "-213.90000", "2014-12-31": "867.59600", "2013-12-31": "45.71800", "2012-12-31": "-5.96500", "2011-12-31": "-83.54000", "2010-12-31": "662.62100", "2009-12-31": "-69.72500", "2008-12-31": "-139.72600", "2007-12-31": "380.69900", "2006-12-31": "229.15700", "2005-12-31": "-29.74200"}, "Net Cash Flow": {"2019-12-31": "38.00000", "2018-12-31": "31.50000", "2017-12-31": "70.70000", "2016-12-31": "27.20000", "2015-12-31": "-17.10000", "2014-12-31": "5.50600", "2013-12-31": "-47.93200", "2012-12-31": "91.12800", "2011-12-31": "-3.04400", "2010-12-31": "1.90800", "2009-12-31": "1.72800", "2008-12-31": "-6.54300", "2007-12-31": "9.22400", "2006-12-31": "-7.99500", "2005-12-31": "7.83600"}, "Stock-Based Compensation": {"2019-12-31": "22.60000", "2018-12-31": "30.70000", "2017-12-31": "28.20000", "2016-12-31": "29.90000", "2015-12-31": "22.90000", "2014-12-31": "25.06700", "2013-12-31": "16.11800", "2012-12-31": "12.82400", "2011-12-31": "15.10700", "2010-12-31": "15.83800", "2009-12-31": "13.30300", "2008-12-31": "12.19300", "2007-12-31": "13.58000", "2006-12-31": "18.79400", "2005-12-31": "9.61800"}, "Common Stock Dividends Paid": {"2019-12-31": "", "2018-12-31": "", "2017-12-31": "", "2016-12-31": "", "2015-12-31": "", "2014-12-31": "", "2013-12-31": "", "2012-12-31": "", "2011-12-31": "", "2010-12-31": "", "2009-12-31": "", "2008-12-31": "", "2007-12-31": "", "2006-12-31": "", "2005-12-31": ""}}, "cash flow statement, quarterly": {"Net Income/Loss": {"2020-09-30": 12.1, "2020-06-30": -1.5, "2020-03-31": "-31.20000", "2019-12-31": 15.5, "2019-09-30": -177.8, "2019-06-30": -171.8, "2019-03-31": "-26.90000", "2018-12-31": -13.9, "2018-09-30": 2.6, "2018-06-30": -19, "2018-03-31": "-34.10000", "2017-12-31": -302.3, "2017-09-30": 28.8, "2017-06-30": -34.2, "2017-03-31": "28.20000", "2016-12-31": -281.8, "2016-09-30": 37.4, "2016-06-30": 19, "2016-03-31": "-3.20000", "2015-12-31": 37.245, "2015-09-30": 28.441, "2015-06-30": 31.362, "2015-03-31": "17.85200", "2014-12-31": 33.917, "2014-09-30": 19.882, "2014-06-30": 21.759, "2014-03-31": "14.32200", "2013-12-31": 22.784, "2013-09-30": 22.665, "2013-06-30": 18.565, "2013-03-31": "22.97400", "2012-12-31": 25.224, "2012-09-30": 21.554, "2012-06-30": 19.511, "2012-03-31": "22.07400", "2011-12-31": 29.864, "2011-09-30": 30.39, "2011-06-30": 14.345, "2011-03-31": "19.80800", "2010-12-31": 28.081, "2010-09-30": 24.867, "2010-06-30": 21.652, "2010-03-31": "16.31900", "2009-12-31": 22.093, "2009-09-30": 28.064, "2009-06-30": 18.425, "2009-03-31": "12.73200", "2008-12-31": 6.791, "2008-09-30": 11.08, "2008-06-30": 8.292, "2008-03-31": "2.06100", "2007-12-31": 14.278, "2007-09-30": 10.568, "2007-06-30": 9.362, "2007-03-31": "7.41400", "2006-12-31": 22.605, "2006-09-30": 8.258, "2006-06-30": 6.594, "2006-03-31": "7.39900", "2005-12-31": -5.648, "2005-09-30": 4.9, "2005-06-30": 1.281, "2005-03-31": "11.04300"}, "Total Depreciation And Amortization - Cash Flow": {"2020-09-30": 51.1, "2020-06-30": 49.6, "2020-03-31": "49.80000", "2019-12-31": 53.3, "2019-09-30": 50.8, "2019-06-30": 51.5, "2019-03-31": "55.00000", "2018-12-31": 48.6, "2018-09-30": 47.7, "2018-06-30": 61.9, "2018-03-31": "67.00000", "2017-12-31": 19.7, "2017-09-30": 74.2, "2017-06-30": 66.6, "2017-03-31": "72.40000", "2016-12-31": 432.4, "2016-09-30": 71.7, "2016-06-30": 75.4, "2016-03-31": "61.00000", "2015-12-31": 30.168, "2015-09-30": 30.165, "2015-06-30": 31.034, "2015-03-31": "30.73300", "2014-12-31": 32.99, "2014-09-30": 30.268, "2014-06-30": 25.651, "2014-03-31": "27.00600", "2013-12-31": 28.444, "2013-09-30": 25.06, "2013-06-30": 28.254, "2013-03-31": "26.88400", "2012-12-31": 31.392, "2012-09-30": 23.872, "2012-06-30": 22.23, "2012-03-31": "20.72100", "2011-12-31": 21.338, "2011-09-30": 21.333, "2011-06-30": 20.511, "2011-03-31": "19.83600", "2010-12-31": 19.136, "2010-09-30": 18.145, "2010-06-30": 18.38, "2010-03-31": "14.11700", "2009-12-31": 12.411, "2009-09-30": 11.955, "2009-06-30": 11.529, "2009-03-31": "11.44800", "2008-12-31": 10.348, "2008-09-30": 11.574, "2008-06-30": 11.959, "2008-03-31": "11.97300", "2007-12-31": 10.694, "2007-09-30": 8.439, "2007-06-30": 8.036, "2007-03-31": "7.81700", "2006-12-31": 6.633, "2006-09-30": 7.252, "2006-06-30": 6.251, "2006-03-31": "4.51500", "2005-12-31": 4.253, "2005-09-30": 4.432, "2005-06-30": 4.125, "2005-03-31": "4.13100"}, "Other Non-Cash Items": {"2020-09-30": 20.9, "2020-06-30": 7.8, "2020-03-31": "98.60000", "2019-12-31": 7.3, "2019-09-30": 182.5, "2019-06-30": 177.4, "2019-03-31": "62.20000", "2018-12-31": 106.4, "2018-09-30": -39.6, "2018-06-30": 2.7, "2018-03-31": "29.70000", "2017-12-31": 364.4, "2017-09-30": 14.2, "2017-06-30": 104.8, "2017-03-31": "-7.50000", "2016-12-31": -14.4, "2016-09-30": 5.7, "2016-06-30": 0, "2016-03-31": "6.30000", "2015-12-31": 16.255, "2015-09-30": 18.66, "2015-06-30": -1.843, "2015-03-31": "11.42800", "2014-12-31": 42.943, "2014-09-30": 14.394, "2014-06-30": 6.353, "2014-03-31": "17.08200", "2013-12-31": 0.838, "2013-09-30": 0.942, "2013-06-30": 8.004, "2013-03-31": "-0.41700", "2012-12-31": 2.59, "2012-09-30": 8.556, "2012-06-30": 6.761, "2012-03-31": "4.18600", "2011-12-31": 13.991, "2011-09-30": 6.401, "2011-06-30": 1.823, "2011-03-31": "7.42300", "2010-12-31": -0.953, "2010-09-30": 4.488, "2010-06-30": 10.184, "2010-03-31": "3.65500", "2009-12-31": 17.122, "2009-09-30": -7.134, "2009-06-30": 3.326, "2009-03-31": "7.25600", "2008-12-31": 15.474, "2008-09-30": 7.952, "2008-06-30": 6.78, "2008-03-31": "8.92400", "2007-12-31": 3.811, "2007-09-30": 6.509, "2007-06-30": 3.668, "2007-03-31": "5.19500", "2006-12-31": -3.67, "2006-09-30": 5.235, "2006-06-30": 4.808, "2006-03-31": "3.12200", "2005-12-31": 13.058, "2005-09-30": 5.247, "2005-06-30": -1.626, "2005-03-31": "5.30600"}, "Total Non-Cash Items": {"2020-09-30": 72, "2020-06-30": 57.4, "2020-03-31": "148.40000", "2019-12-31": 60.6, "2019-09-30": 233.3, "2019-06-30": 228.9, "2019-03-31": "117.20000", "2018-12-31": 155, "2018-09-30": 8.1, "2018-06-30": 64.6, "2018-03-31": "96.70000", "2017-12-31": 384.1, "2017-09-30": 88.4, "2017-06-30": 171.4, "2017-03-31": "64.90000", "2016-12-31": 418, "2016-09-30": 77.4, "2016-06-30": 75.4, "2016-03-31": "67.30000", "2015-12-31": 46.423, "2015-09-30": 48.825, "2015-06-30": 29.191, "2015-03-31": "42.16100", "2014-12-31": 75.933, "2014-09-30": 44.662, "2014-06-30": 32.004, "2014-03-31": "44.08800", "2013-12-31": 29.282, "2013-09-30": 26.002, "2013-06-30": 36.258, "2013-03-31": "26.46700", "2012-12-31": 33.982, "2012-09-30": 32.428, "2012-06-30": 28.991, "2012-03-31": "24.90700", "2011-12-31": 35.329, "2011-09-30": 27.734, "2011-06-30": 22.334, "2011-03-31": "27.25900", "2010-12-31": 18.183, "2010-09-30": 22.633, "2010-06-30": 28.564, "2010-03-31": "17.77200", "2009-12-31": 29.533, "2009-09-30": 4.821, "2009-06-30": 14.855, "2009-03-31": "18.70400", "2008-12-31": 25.822, "2008-09-30": 19.526, "2008-06-30": 18.739, "2008-03-31": "20.89700", "2007-12-31": 14.505, "2007-09-30": 14.948, "2007-06-30": 11.704, "2007-03-31": "13.01200", "2006-12-31": 2.963, "2006-09-30": 12.487, "2006-06-30": 11.059, "2006-03-31": "7.63700", "2005-12-31": 17.311, "2005-09-30": 9.679, "2005-06-30": 2.499, "2005-03-31": "9.43700"}, "Change In Accounts Receivable": {"2020-09-30": -2.2, "2020-06-30": 28.8, "2020-03-31": "-24.00000", "2019-12-31": 35.2, "2019-09-30": -4.4, "2019-06-30": 66.2, "2019-03-31": "-16.40000", "2018-12-31": -69.2, "2018-09-30": -28.4, "2018-06-30": 85, "2018-03-31": "-16.50000", "2017-12-31": 103.1, "2017-09-30": -77, "2017-06-30": 32.2, "2017-03-31": "45.00000", "2016-12-31": -42.9, "2016-09-30": -30.4, "2016-06-30": -1.9, "2016-03-31": "15.50000", "2015-12-31": 7.007, "2015-09-30": -43.706, "2015-06-30": 46.453, "2015-03-31": "11.74600", "2014-12-31": -10.691, "2014-09-30": -17.906, "2014-06-30": 9.337, "2014-03-31": "0.69700", "2013-12-31": -3.427, "2013-09-30": -13.573, "2013-06-30": 10.598, "2013-03-31": "-2.86800", "2012-12-31": 3.288, "2012-09-30": -8.583, "2012-06-30": 7.38, "2012-03-31": "-4.72500", "2011-12-31": 31.618, "2011-09-30": -30.569, "2011-06-30": 10.545, "2011-03-31": "-3.78200", "2010-12-31": 3.917, "2010-09-30": -18.312, "2010-06-30": 0.008, "2010-03-31": "20.54800", "2009-12-31": 9.353, "2009-09-30": -9.7, "2009-06-30": -0.557, "2009-03-31": "4.64300", "2008-12-31": 2.235, "2008-09-30": -5.34, "2008-06-30": -6.254, "2008-03-31": "-5.03600", "2007-12-31": 13.807, "2007-09-30": -8.42, "2007-06-30": 0.665, "2007-03-31": "4.11200", "2006-12-31": -1.678, "2006-09-30": -1.524, "2006-06-30": -17.134, "2006-03-31": "-0.15900", "2005-12-31": 1.869, "2005-09-30": 1.3, "2005-06-30": -1.801, "2005-03-31": "0.27200"}, "Change In Inventories": {"2020-09-30": -35.3, "2020-06-30": -85.5, "2020-03-31": "1.10000", "2019-12-31": 150, "2019-09-30": -5.3, "2019-06-30": -32.6, "2019-03-31": "-46.60000", "2018-12-31": 87.8, "2018-09-30": -5, "2018-06-30": -7.3, "2018-03-31": "-24.90000", "2017-12-31": 228.7, "2017-09-30": -139.3, "2017-06-30": -55.1, "2017-03-31": "-10.60000", "2016-12-31": 62.4, "2016-09-30": -55.1, "2016-06-30": 0.2, "2016-03-31": "46.80000", "2015-12-31": 61.715, "2015-09-30": -37.588, "2015-06-30": -53.291, "2015-03-31": "29.16400", "2014-12-31": 81.968, "2014-09-30": -53.611, "2014-06-30": -45.637, "2014-03-31": "-9.90700", "2013-12-31": 55.923, "2013-09-30": -23.822, "2013-06-30": -25.905, "2013-03-31": "-17.58300", "2012-12-31": 43.33, "2012-09-30": -39.308, "2012-06-30": -3.978, "2012-03-31": "-8.30700", "2011-12-31": 38.501, "2011-09-30": -49.113, "2011-06-30": -21.734, "2011-03-31": "-10.69300", "2010-12-31": 33.859, "2010-09-30": -16.416, "2010-06-30": 2.693, "2010-03-31": "14.18200", "2009-12-31": 40.021, "2009-09-30": -26.203, "2009-06-30": -17.756, "2009-03-31": "-10.12400", "2008-12-31": 36.861, "2008-09-30": -13.641, "2008-06-30": 10.598, "2008-03-31": "9.57800", "2007-12-31": 19.172, "2007-09-30": -51.469, "2007-06-30": -11.347, "2007-03-31": "16.52900", "2006-12-31": 23.13, "2006-09-30": -41.129, "2006-06-30": -10.112, "2006-03-31": "4.89200", "2005-12-31": 23.606, "2005-09-30": -34.796, "2005-06-30": 3.397, "2005-03-31": "10.05400"}, "Change In Accounts Payable": {"2020-09-30": 0, "2020-06-30": 0, "2020-03-31": "", "2019-12-31": 0, "2019-09-30": 0, "2019-06-30": 0, "2019-03-31": "", "2018-12-31": 0, "2018-09-30": 0, "2018-06-30": 0, "2018-03-31": "", "2017-12-31": 0, "2017-09-30": 0, "2017-06-30": 0, "2017-03-31": "", "2016-12-31": 0, "2016-09-30": 0, "2016-06-30": 0, "2016-03-31": "", "2015-12-31": 0, "2015-09-30": 0, "2015-06-30": 0, "2015-03-31": "", "2014-12-31": 0, "2014-09-30": 0, "2014-06-30": 0, "2014-03-31": "", "2013-12-31": 0, "2013-09-30": 0, "2013-06-30": 0, "2013-03-31": "", "2012-12-31": 0, "2012-09-30": 0, "2012-06-30": 0, "2012-03-31": "", "2011-12-31": 0, "2011-09-30": 0, "2011-06-30": 0, "2011-03-31": "", "2010-12-31": 0, "2010-09-30": 0, "2010-06-30": 0, "2010-03-31": "", "2009-12-31": 0, "2009-09-30": 0, "2009-06-30": 0, "2009-03-31": "", "2008-12-31": 0, "2008-09-30": 0, "2008-06-30": 0, "2008-03-31": "", "2007-12-31": 0, "2007-09-30": 0, "2007-06-30": 0, "2007-03-31": "", "2006-12-31": 0, "2006-09-30": 0, "2006-06-30": 0, "2006-03-31": "", "2005-12-31": 0, "2005-09-30": 0, "2005-06-30": 0, "2005-03-31": ""}, "Change In Assets/Liabilities": {"2020-09-30": -38.9, "2020-06-30": 43.7, "2020-03-31": "-71.50000", "2019-12-31": 19.8, "2019-09-30": -11.1, "2019-06-30": 31.9, "2019-03-31": "-77.10000", "2018-12-31": 110.3, "2018-09-30": 27.3, "2018-06-30": -8.9, "2018-03-31": "-10.50000", "2017-12-31": -1.5, "2017-09-30": -16.4, "2017-06-30": -26.1, "2017-03-31": "3.30000", "2016-12-31": 20.6, "2016-09-30": 12.3, "2016-06-30": -27.7, "2016-03-31": "-16.80000", "2015-12-31": 26.05, "2015-09-30": -6.977, "2015-06-30": 0.083, "2015-03-31": "1.74400", "2014-12-31": 4.926, "2014-09-30": -0.608, "2014-06-30": -8.283, "2014-03-31": "-1.94500", "2013-12-31": 3.318, "2013-09-30": 4.066, "2013-06-30": -4.639, "2013-03-31": "-0.08900", "2012-12-31": 4.195, "2012-09-30": -1.086, "2012-06-30": 2.417, "2012-03-31": "-0.01800", "2011-12-31": 1.295, "2011-09-30": -1.163, "2011-06-30": 1.862, "2011-03-31": "1.74800", "2010-12-31": 4.817, "2010-09-30": 7.306, "2010-06-30": -10.195, "2010-03-31": "-1.70300", "2009-12-31": -2.231, "2009-09-30": -1.64, "2009-06-30": 0.194, "2009-03-31": "3.03000", "2008-12-31": 4.295, "2008-09-30": -1.659, "2008-06-30": -4.838, "2008-03-31": "0.13900", "2007-12-31": 3.575, "2007-09-30": -4.805, "2007-06-30": 1.966, "2007-03-31": "3.65400", "2006-12-31": -0.514, "2006-09-30": -2.828, "2006-06-30": 0.446, "2006-03-31": "0.95800", "2005-12-31": 0.198, "2005-09-30": -2.031, "2005-06-30": 0.156, "2005-03-31": "-1.65400"}, "Total Change In Assets/Liabilities": {"2020-09-30": -85, "2020-06-30": 5.4, "2020-03-31": "-54.70000", "2019-12-31": 185.9, "2019-09-30": -19.2, "2019-06-30": -9.8, "2019-03-31": "-128.20000", "2018-12-31": 94.2, "2018-09-30": 28.5, "2018-06-30": 127.9, "2018-03-31": "-4.80000", "2017-12-31": 160.8, "2017-09-30": -181.2, "2017-06-30": 111.7, "2017-03-31": "-14.60000", "2016-12-31": 44, "2016-09-30": -56.9, "2016-06-30": 35.2, "2016-03-31": "46.80000", "2015-12-31": 37.742, "2015-09-30": -56.875, "2015-06-30": 6.644, "2015-03-31": "21.58900", "2014-12-31": 42.739, "2014-09-30": -70.976, "2014-06-30": -6.24, "2014-03-31": "-22.54000", "2013-12-31": 62.738, "2013-09-30": -16.823, "2013-06-30": -41.767, "2013-03-31": "7.54500", "2012-12-31": 40.783, "2012-09-30": -44.03, "2012-06-30": -6.118, "2012-03-31": "5.25300", "2011-12-31": 39.999, "2011-09-30": -78.281, "2011-06-30": 1.609, "2011-03-31": "-14.31900", "2010-12-31": 47.735, "2010-09-30": -13.61, "2010-06-30": 12.434, "2010-03-31": "20.02100", "2009-12-31": 24.291, "2009-09-30": -18.987, "2009-06-30": -27.077, "2009-03-31": "-22.61000", "2008-12-31": 50.331, "2008-09-30": 6.171, "2008-06-30": -3.734, "2008-03-31": "9.66000", "2007-12-31": 27.587, "2007-09-30": -48.048, "2007-06-30": -9.218, "2007-03-31": "30.29000", "2006-12-31": 9.874, "2006-09-30": -37.242, "2006-06-30": -7.83, "2006-03-31": "15.82200", "2005-12-31": 11.509, "2005-09-30": -29.779, "2005-06-30": 8.416, "2005-03-31": "11.16000"}, "Cash Flow From Operating Activities": {"2020-09-30": -0.9, "2020-06-30": 61.3, "2020-03-31": "62.50000", "2019-12-31": 262, "2019-09-30": 36.3, "2019-06-30": 47.3, "2019-03-31": "-37.90000", "2018-12-31": 235.3, "2018-09-30": 39.2, "2018-06-30": 173.5, "2018-03-31": "57.80000", "2017-12-31": 242.6, "2017-09-30": -64, "2017-06-30": 248.9, "2017-03-31": "78.50000", "2016-12-31": 180.2, "2016-09-30": 57.9, "2016-06-30": 129.6, "2016-03-31": "110.90000", "2015-12-31": 121.41, "2015-09-30": 20.391, "2015-06-30": 67.197, "2015-03-31": "81.60200", "2014-12-31": 152.589, "2014-09-30": -6.432, "2014-06-30": 47.523, "2014-03-31": "35.87000", "2013-12-31": 114.804, "2013-09-30": 31.844, "2013-06-30": 13.056, "2013-03-31": "56.98600", "2012-12-31": 99.989, "2012-09-30": 9.952, "2012-06-30": 42.384, "2012-03-31": "52.23400", "2011-12-31": 105.192, "2011-09-30": -20.157, "2011-06-30": 38.288, "2011-03-31": "32.74800", "2010-12-31": 93.999, "2010-09-30": 33.89, "2010-06-30": 62.65, "2010-03-31": "54.11200", "2009-12-31": 75.917, "2009-09-30": 13.898, "2009-06-30": 6.203, "2009-03-31": "8.82600", "2008-12-31": 82.944, "2008-09-30": 36.777, "2008-06-30": 23.297, "2008-03-31": "32.61800", "2007-12-31": 56.37, "2007-09-30": -22.532, "2007-06-30": 11.848, "2007-03-31": "50.71600", "2006-12-31": 35.442, "2006-09-30": -16.497, "2006-06-30": 9.823, "2006-03-31": "30.85800", "2005-12-31": 23.172, "2005-09-30": -15.2, "2005-06-30": 12.196, "2005-03-31": "31.64000"}, "Net Change In Property, Plant, And Equipment": {"2020-09-30": -18.2, "2020-06-30": -21.7, "2020-03-31": "-22.20000", "2019-12-31": -37.4, "2019-09-30": -25.2, "2019-06-30": -26.5, "2019-03-31": "-28.80000", "2018-12-31": -51.6, "2018-09-30": -21.7, "2018-06-30": -37.5, "2018-03-31": "-38.50000", "2017-12-31": -31.8, "2017-09-30": -25.6, "2017-06-30": -35.2, "2017-03-31": "-34.50000", "2016-12-31": -43.1, "2016-09-30": -46.5, "2016-06-30": -59.1, "2016-03-31": "-24.80000", "2015-12-31": -15.19, "2015-09-30": -17.965, "2015-06-30": -17.831, "2015-03-31": "-21.11400", "2014-12-31": -20.879, "2014-09-30": -34.892, "2014-06-30": -12.148, "2014-03-31": "-17.81400", "2013-12-31": -23.332, "2013-09-30": -15.919, "2013-06-30": -20.941, "2013-03-31": "-13.62800", "2012-12-31": -25.667, "2012-09-30": -14.524, "2012-06-30": -14.441, "2012-03-31": "-15.53200", "2011-12-31": -15.688, "2011-09-30": -22.801, "2011-06-30": -19.238, "2011-03-31": "-10.54500", "2010-12-31": -9.039, "2010-09-30": -13.836, "2010-06-30": -10.079, "2010-03-31": "-6.54600", "2009-12-31": -6.139, "2009-09-30": -8.313, "2009-06-30": -8.598, "2009-03-31": "-13.93100", "2008-12-31": -14.652, "2008-09-30": -10.2, "2008-06-30": -21.348, "2008-03-31": "-7.59200", "2007-12-31": -5.381, "2007-09-30": -8.005, "2007-06-30": -2.451, "2007-03-31": "-2.51200", "2006-12-31": -4.189, "2006-09-30": -0.755, "2006-06-30": -2.563, "2006-03-31": "-1.71700", "2005-12-31": -3.177, "2005-09-30": -3.321, "2005-06-30": -5.106, "2005-03-31": "-2.62600"}, "Net Change In Intangible Assets": {"2020-09-30": -4.3, "2020-06-30": -3.8, "2020-03-31": "-3.80000", "2019-12-31": -4.8, "2019-09-30": -5.5, "2019-06-30": -7.3, "2019-03-31": "-6.50000", "2018-12-31": -6, "2018-09-30": -7.4, "2018-06-30": -6.1, "2018-03-31": "-2.90000", "2017-12-31": -7.5, "2017-09-30": -4.6, "2017-06-30": -5.3, "2017-03-31": "-8.70000", "2016-12-31": -0.9, "2016-09-30": -5, "2016-06-30": -3.9, "2016-03-31": "-2.00000", "2015-12-31": -3.737, "2015-09-30": -2.98, "2015-06-30": -2.842, "2015-03-31": "-3.84100", "2014-12-31": -2.805, "2014-09-30": -2.438, "2014-06-30": -2.084, "2014-03-31": "-3.31600", "2013-12-31": -2.603, "2013-09-30": -0.545, "2013-06-30": -2.195, "2013-03-31": "-1.06000", "2012-12-31": -2.431, "2012-09-30": -2.51, "2012-06-30": -1.795, "2012-03-31": "-2.50700", "2011-12-31": -1.658, "2011-09-30": -1.432, "2011-06-30": -2.033, "2011-03-31": "-4.15000", "2010-12-31": -5.322, "2010-09-30": -10.174, "2010-06-30": -2.218, "2010-03-31": "-4.39600", "2009-12-31": 0, "2009-09-30": 0, "2009-06-30": 0, "2009-03-31": "", "2008-12-31": 0, "2008-09-30": 0, "2008-06-30": 0, "2008-03-31": "", "2007-12-31": 0, "2007-09-30": 0, "2007-06-30": 0, "2007-03-31": "", "2006-12-31": 0, "2006-09-30": 0, "2006-06-30": 0, "2006-03-31": "", "2005-12-31": 0, "2005-09-30": 0, "2005-06-30": 0, "2005-03-31": ""}, "Net Acquisitions/Divestitures": {"2020-09-30": -17.5, "2020-06-30": 26.9, "2020-03-31": "", "2019-12-31": 0, "2019-09-30": 0, "2019-06-30": 0, "2019-03-31": "", "2018-12-31": 0, "2018-09-30": 30.8, "2018-06-30": 0, "2018-03-31": "", "2017-12-31": -0.5, "2017-09-30": 0, "2017-06-30": 19.3, "2017-03-31": "", "2016-12-31": 0, "2016-09-30": -4.2, "2016-06-30": 0, "2016-03-31": "-2640.20000", "2015-12-31": 0, "2015-09-30": 0, "2015-06-30": 0, "2015-03-31": "", "2014-12-31": 7.939, "2014-09-30": -860.113, "2014-06-30": -142.16, "2014-03-31": "1.32500", "2013-12-31": -184.042, "2013-09-30": -34.61, "2013-06-30": 0, "2013-03-31": "", "2012-12-31": -4.955, "2012-09-30": 0, "2012-06-30": -25, "2012-03-31": "", "2011-12-31": 0, "2011-09-30": 0, "2011-06-30": 1.842, "2011-03-31": "1.40100", "2010-12-31": -179.841, "2010-09-30": 0, "2010-06-30": 0, "2010-03-31": "-664.65500", "2009-12-31": 0, "2009-09-30": 0, "2009-06-30": 0, "2009-03-31": "", "2008-12-31": 0, "2008-09-30": 0.151, "2008-06-30": -0.371, "2008-03-31": "-0.03100", "2007-12-31": -349.835, "2007-09-30": 0.483, "2007-06-30": -100.585, "2007-03-31": "", "2006-12-31": -0.012, "2006-09-30": 6.988, "2006-06-30": -282.12, "2006-03-31": "-12.55700", "2005-12-31": 0, "2005-09-30": 0, "2005-06-30": 0, "2005-03-31": ""}, "Net Change In Short-term Investments": {"2020-09-30": 0, "2020-06-30": 0, "2020-03-31": "", "2019-12-31": 0, "2019-09-30": 0, "2019-06-30": 0, "2019-03-31": "", "2018-12-31": 0, "2018-09-30": 0, "2018-06-30": 0, "2018-03-31": "", "2017-12-31": 0, "2017-09-30": 0, "2017-06-30": 0, "2017-03-31": "", "2016-12-31": 0, "2016-09-30": 0, "2016-06-30": 0, "2016-03-31": "", "2015-12-31": 0.572, "2015-09-30": -0.261, "2015-06-30": -0.208, "2015-03-31": "-0.10300", "2014-12-31": 0.408, "2014-09-30": -0.118, "2014-06-30": -0.117, "2014-03-31": "-0.17300", "2013-12-31": -0.082, "2013-09-30": -0.308, "2013-06-30": -0.108, "2013-03-31": "-7.47700", "2012-12-31": 0, "2012-09-30": 0, "2012-06-30": 0, "2012-03-31": "", "2011-12-31": 0, "2011-09-30": 0, "2011-06-30": 0, "2011-03-31": "", "2010-12-31": 0, "2010-09-30": 0, "2010-06-30": 0, "2010-03-31": "", "2009-12-31": 0, "2009-09-30": 0, "2009-06-30": 0, "2009-03-31": "", "2008-12-31": 0, "2008-09-30": 0, "2008-06-30": 0, "2008-03-31": "", "2007-12-31": 0, "2007-09-30": 0, "2007-06-30": 0, "2007-03-31": "", "2006-12-31": 0, "2006-09-30": 0, "2006-06-30": 0, "2006-03-31": "", "2005-12-31": 0, "2005-09-30": 0, "2005-06-30": 0, "2005-03-31": ""}, "Net Change In Long-Term Investments": {"2020-09-30": 0, "2020-06-30": 0, "2020-03-31": "", "2019-12-31": 0, "2019-09-30": 0, "2019-06-30": 0, "2019-03-31": "", "2018-12-31": 0, "2018-09-30": 0, "2018-06-30": 0, "2018-03-31": "", "2017-12-31": 0, "2017-09-30": 0, "2017-06-30": 0, "2017-03-31": "", "2016-12-31": 0, "2016-09-30": 0, "2016-06-30": 0, "2016-03-31": "", "2015-12-31": 0, "2015-09-30": 0, "2015-06-30": 0, "2015-03-31": "", "2014-12-31": 0, "2014-09-30": 0, "2014-06-30": 0, "2014-03-31": "", "2013-12-31": 0, "2013-09-30": 0, "2013-06-30": 0, "2013-03-31": "", "2012-12-31": 0, "2012-09-30": 0, "2012-06-30": 0, "2012-03-31": "", "2011-12-31": 0, "2011-09-30": 0, "2011-06-30": 0, "2011-03-31": "", "2010-12-31": 0, "2010-09-30": 0, "2010-06-30": 0, "2010-03-31": "", "2009-12-31": 0, "2009-09-30": 0, "2009-06-30": 0, "2009-03-31": "", "2008-12-31": 0, "2008-09-30": 0, "2008-06-30": 0, "2008-03-31": "", "2007-12-31": 4.471, "2007-09-30": -1.785, "2007-06-30": -2.686, "2007-03-31": "", "2006-12-31": 0, "2006-09-30": 0, "2006-06-30": 0, "2006-03-31": "", "2005-12-31": 0, "2005-09-30": 0, "2005-06-30": 0, "2005-03-31": ""}, "Net Change In Investments - Total": {"2020-09-30": 0, "2020-06-30": 0, "2020-03-31": "", "2019-12-31": 0, "2019-09-30": 0, "2019-06-30": 0, "2019-03-31": "", "2018-12-31": 0, "2018-09-30": 0, "2018-06-30": 0, "2018-03-31": "", "2017-12-31": 0, "2017-09-30": 0, "2017-06-30": 0, "2017-03-31": "", "2016-12-31": 0, "2016-09-30": 0, "2016-06-30": 0, "2016-03-31": "", "2015-12-31": 0.572, "2015-09-30": -0.261, "2015-06-30": -0.208, "2015-03-31": "-0.10300", "2014-12-31": 0.408, "2014-09-30": -0.118, "2014-06-30": -0.117, "2014-03-31": "-0.17300", "2013-12-31": -0.082, "2013-09-30": -0.308, "2013-06-30": -0.108, "2013-03-31": "-7.47700", "2012-12-31": 0, "2012-09-30": 0, "2012-06-30": 0, "2012-03-31": "", "2011-12-31": 0, "2011-09-30": 0, "2011-06-30": 0, "2011-03-31": "", "2010-12-31": 0, "2010-09-30": 0, "2010-06-30": 0, "2010-03-31": "", "2009-12-31": 0, "2009-09-30": 0, "2009-06-30": 0, "2009-03-31": "", "2008-12-31": 0, "2008-09-30": 0, "2008-06-30": 0, "2008-03-31": "", "2007-12-31": 4.471, "2007-09-30": -1.785, "2007-06-30": -2.686, "2007-03-31": "", "2006-12-31": 0, "2006-09-30": 0, "2006-06-30": 0, "2006-03-31": "", "2005-12-31": 0, "2005-09-30": 0, "2005-06-30": 0, "2005-03-31": ""}, "Investing Activities - Other": {"2020-09-30": -0.4, "2020-06-30": -0.1, "2020-03-31": "-0.30000", "2019-12-31": 2.2, "2019-09-30": 75.3, "2019-06-30": -2.4, "2019-03-31": "-1.20000", "2018-12-31": -4.6, "2018-09-30": -14.7, "2018-06-30": -0.4, "2018-03-31": "-0.30000", "2017-12-31": -24.4, "2017-09-30": -0.4, "2017-06-30": -0.3, "2017-03-31": "-0.30000", "2016-12-31": -0.2, "2016-09-30": -0.3, "2016-06-30": -0.8, "2016-03-31": "-0.30000", "2015-12-31": -0.8, "2015-09-30": 0, "2015-06-30": 0, "2015-03-31": "", "2014-12-31": -1.046, "2014-09-30": 0.525, "2014-06-30": 0, "2014-03-31": "", "2013-12-31": 0, "2013-09-30": 0, "2013-06-30": 0, "2013-03-31": "", "2012-12-31": 0, "2012-09-30": 0, "2012-06-30": 0, "2012-03-31": "", "2011-12-31": 0, "2011-09-30": 0, "2011-06-30": 0, "2011-03-31": "", "2010-12-31": 0, "2010-09-30": 0, "2010-06-30": 0, "2010-03-31": "", "2009-12-31": 2.863, "2009-09-30": 0, "2009-06-30": 0, "2009-03-31": "", "2008-12-31": 7.404, "2008-09-30": 4.202, "2008-06-30": 0.598, "2008-03-31": "", "2007-12-31": 0, "2007-09-30": 0, "2007-06-30": 0.159, "2007-03-31": "0.30800", "2006-12-31": 0.147, "2006-09-30": 0, "2006-06-30": 0, "2006-03-31": "", "2005-12-31": 0, "2005-09-30": 0, "2005-06-30": 0, "2005-03-31": ""}, "Cash Flow From Investing Activities": {"2020-09-30": -40.4, "2020-06-30": 1.3, "2020-03-31": "-26.30000", "2019-12-31": -40, "2019-09-30": 44.6, "2019-06-30": -36.2, "2019-03-31": "-36.50000", "2018-12-31": -62.2, "2018-09-30": -13, "2018-06-30": -44, "2018-03-31": "-41.70000", "2017-12-31": -64.2, "2017-09-30": -30.6, "2017-06-30": -21.5, "2017-03-31": "-43.50000", "2016-12-31": -44.2, "2016-09-30": -56, "2016-06-30": -63.8, "2016-03-31": "-2667.30000", "2015-12-31": -19.155, "2015-09-30": -21.206, "2015-06-30": -20.881, "2015-03-31": "-25.05800", "2014-12-31": -16.383, "2014-09-30": -897.036, "2014-06-30": -156.509, "2014-03-31": "-19.97800", "2013-12-31": -210.059, "2013-09-30": -51.382, "2013-06-30": -23.244, "2013-03-31": "-22.16500", "2012-12-31": -33.053, "2012-09-30": -17.034, "2012-06-30": -41.236, "2012-03-31": "-18.03900", "2011-12-31": -17.346, "2011-09-30": -24.233, "2011-06-30": -19.429, "2011-03-31": "-13.29400", "2010-12-31": -194.202, "2010-09-30": -24.01, "2010-06-30": -12.297, "2010-03-31": "-675.59700", "2009-12-31": -3.276, "2009-09-30": -8.313, "2009-06-30": -8.598, "2009-03-31": "-13.93100", "2008-12-31": -7.248, "2008-09-30": -5.847, "2008-06-30": -21.121, "2008-03-31": "-7.62300", "2007-12-31": -350.745, "2007-09-30": -9.307, "2007-06-30": -105.563, "2007-03-31": "-2.20400", "2006-12-31": -4.054, "2006-09-30": 6.233, "2006-06-30": -284.683, "2006-03-31": "-14.27400", "2005-12-31": -3.177, "2005-09-30": -3.321, "2005-06-30": -5.106, "2005-03-31": "-2.62600"}, "Net Long-Term Debt": {"2020-09-30": 120, "2020-06-30": -103.8, "2020-03-31": "96.10000", "2019-12-31": -65.4, "2019-09-30": -100.2, "2019-06-30": -25.9, "2019-03-31": "-10.40000", "2018-12-31": -46.3, "2018-09-30": -59.9, "2018-06-30": -143.9, "2018-03-31": "-3.80000", "2017-12-31": -146.8001, "2017-09-30": 51.5, "2017-06-30": -118.5, "2017-03-31": "-36.10000", "2016-12-31": -120.5, "2016-09-30": -3.3, "2016-06-30": -76, "2016-03-31": "1776.80000", "2015-12-31": -79.378, "2015-09-30": -21.905, "2015-06-30": -53.287, "2015-03-31": "-60.73000", "2014-12-31": -103.3149, "2014-09-30": 542.3119, "2014-06-30": 111.3401, "2014-03-31": "-38.53200", "2013-12-31": 30.052, "2013-09-30": 95.152, "2013-06-30": -49.192, "2013-03-31": "-35.95700", "2012-12-31": -55.452, "2012-09-30": 13.242, "2012-06-30": 8.974, "2012-03-31": "28.49300", "2011-12-31": -88.956, "2011-09-30": 47.938, "2011-06-30": -12.603, "2011-03-31": "-24.59600", "2010-12-31": 100.926, "2010-09-30": -10.749, "2010-06-30": -36.185, "2010-03-31": "519.39800", "2009-12-31": -73.535, "2009-09-30": -7.428, "2009-06-30": 1.971, "2009-03-31": "4.50800", "2008-12-31": -76.077, "2008-09-30": -36.576, "2008-06-30": -1.537, "2008-03-31": "-31.34700", "2007-12-31": 303.618, "2007-09-30": 31.98, "2007-06-30": 93.791, "2007-03-31": "-48.50400", "2006-12-31": -31.063, "2006-09-30": 12.529, "2006-06-30": 248.258, "2006-03-31": "-0.08600", "2005-12-31": -14.459, "2005-09-30": 13.02, "2005-06-30": 1.445, "2005-03-31": "-0.06800"}, "Net Current Debt": {"2020-09-30": 0, "2020-06-30": 0, "2020-03-31": "", "2019-12-31": 0, "2019-09-30": 0, "2019-06-30": 0, "2019-03-31": "", "2018-12-31": 0, "2018-09-30": 0, "2018-06-30": 0, "2018-03-31": "", "2017-12-31": 0, "2017-09-30": 0, "2017-06-30": 0, "2017-03-31": "", "2016-12-31": 0, "2016-09-30": 0, "2016-06-30": 0, "2016-03-31": "", "2015-12-31": 0, "2015-09-30": 0, "2015-06-30": 0, "2015-03-31": "", "2014-12-31": 0, "2014-09-30": 0, "2014-06-30": 0, "2014-03-31": "", "2013-12-31": 0, "2013-09-30": 0, "2013-06-30": 0, "2013-03-31": "", "2012-12-31": 0, "2012-09-30": 0, "2012-06-30": 0, "2012-03-31": "", "2011-12-31": 0, "2011-09-30": 0, "2011-06-30": 0, "2011-03-31": "", "2010-12-31": 0, "2010-09-30": 0, "2010-06-30": 0, "2010-03-31": "", "2009-12-31": 0, "2009-09-30": 0, "2009-06-30": 0, "2009-03-31": "", "2008-12-31": 0, "2008-09-30": 0, "2008-06-30": 0, "2008-03-31": "", "2007-12-31": 0, "2007-09-30": 0, "2007-06-30": 0, "2007-03-31": "", "2006-12-31": 0, "2006-09-30": 0, "2006-06-30": 0, "2006-03-31": "", "2005-12-31": 0, "2005-09-30": 0, "2005-06-30": 0, "2005-03-31": ""}, "Debt Issuance/Retirement Net - Total": {"2020-09-30": 120, "2020-06-30": -103.8, "2020-03-31": "96.10000", "2019-12-31": -65.4, "2019-09-30": -100.2, "2019-06-30": -25.9, "2019-03-31": "-10.40000", "2018-12-31": -46.3, "2018-09-30": -59.9, "2018-06-30": -143.9, "2018-03-31": "-3.80000", "2017-12-31": -146.8001, "2017-09-30": 51.5, "2017-06-30": -118.5, "2017-03-31": "-36.10000", "2016-12-31": -120.5, "2016-09-30": -3.3, "2016-06-30": -76, "2016-03-31": "1776.80000", "2015-12-31": -79.378, "2015-09-30": -21.905, "2015-06-30": -53.287, "2015-03-31": "-60.73000", "2014-12-31": -103.3149, "2014-09-30": 542.3119, "2014-06-30": 111.3401, "2014-03-31": "-38.53200", "2013-12-31": 30.052, "2013-09-30": 95.152, "2013-06-30": -49.192, "2013-03-31": "-35.95700", "2012-12-31": -55.452, "2012-09-30": 13.242, "2012-06-30": 8.974, "2012-03-31": "28.49300", "2011-12-31": -88.956, "2011-09-30": 47.938, "2011-06-30": -12.603, "2011-03-31": "-24.59600", "2010-12-31": 100.926, "2010-09-30": -10.749, "2010-06-30": -36.185, "2010-03-31": "519.39800", "2009-12-31": -73.535, "2009-09-30": -7.428, "2009-06-30": 1.971, "2009-03-31": "4.50800", "2008-12-31": -76.077, "2008-09-30": -36.576, "2008-06-30": -1.537, "2008-03-31": "-31.34700", "2007-12-31": 303.618, "2007-09-30": 31.98, "2007-06-30": 93.791, "2007-03-31": "-48.50400", "2006-12-31": -31.063, "2006-09-30": 12.529, "2006-06-30": 248.258, "2006-03-31": "-0.08600", "2005-12-31": -14.459, "2005-09-30": 13.02, "2005-06-30": 1.445, "2005-03-31": "-0.06800"}, "Net Common Equity Issued/Repurchased": {"2020-09-30": -0.1, "2020-06-30": 2.4, "2020-03-31": "-3.80000", "2019-12-31": -0.2, "2019-09-30": 0.3, "2019-06-30": -0.7, "2019-03-31": "-4.40000", "2018-12-31": -17.5, "2018-09-30": -12.9, "2018-06-30": -11.6, "2018-03-31": "-16.30000", "2017-12-31": -27.9, "2017-09-30": 1.1, "2017-06-30": -2.5, "2017-03-31": "5.80000", "2016-12-31": 1.0001, "2016-09-30": -0.3001, "2016-06-30": -2.6, "2016-03-31": "836.90000", "2015-12-31": 0.579, "2015-09-30": 0.109, "2015-06-30": -4.161, "2015-03-31": "5.27300", "2014-12-31": 10.639, "2014-09-30": 366.146, "2014-06-30": 1.881, "2014-03-31": "7.53000", "2013-12-31": 1.291, "2013-09-30": 1.192, "2013-06-30": -1.358, "2013-03-31": "0.16600", "2012-12-31": -3.879, "2012-09-30": 3.878, "2012-06-30": -3.878, "2012-03-31": "", "2011-12-31": -8.278, "2011-09-30": 0, "2011-06-30": 0, "2011-03-31": "", "2010-12-31": -10.771, "2010-09-30": 0, "2010-06-30": 0, "2010-03-31": "110.68800", "2009-12-31": 1.185, "2009-09-30": 3.268, "2009-06-30": 0.027, "2009-03-31": "0.11000", "2008-12-31": 1.469, "2008-09-30": 3.778, "2008-06-30": 0.187, "2008-03-31": "", "2007-12-31": 0.044, "2007-09-30": 0, "2007-06-30": 0, "2007-03-31": "", "2006-12-31": 0, "2006-09-30": 0, "2006-06-30": 1.482, "2006-03-31": "", "2005-12-31": 0, "2005-09-30": 2.527, "2005-06-30": 0, "2005-03-31": ""}, "Net Total Equity Issued/Repurchased": {"2020-09-30": -0.1, "2020-06-30": 2.4, "2020-03-31": "-3.80000", "2019-12-31": -0.2, "2019-09-30": 0.3, "2019-06-30": -0.7, "2019-03-31": "-4.40000", "2018-12-31": -17.5, "2018-09-30": -12.9, "2018-06-30": -11.6, "2018-03-31": "-16.30000", "2017-12-31": -27.9, "2017-09-30": 1.1, "2017-06-30": -2.5, "2017-03-31": "5.80000", "2016-12-31": 1.0001, "2016-09-30": -0.3001, "2016-06-30": -2.6, "2016-03-31": "836.90000", "2015-12-31": 0.579, "2015-09-30": 0.109, "2015-06-30": -4.161, "2015-03-31": "5.27300", "2014-12-31": 10.639, "2014-09-30": 366.146, "2014-06-30": 1.881, "2014-03-31": "7.53000", "2013-12-31": 1.291, "2013-09-30": 1.192, "2013-06-30": -1.358, "2013-03-31": "0.16600", "2012-12-31": -3.879, "2012-09-30": 3.878, "2012-06-30": -3.878, "2012-03-31": "", "2011-12-31": -8.278, "2011-09-30": 0, "2011-06-30": 0, "2011-03-31": "", "2010-12-31": -10.771, "2010-09-30": 0, "2010-06-30": 0, "2010-03-31": "110.68800", "2009-12-31": 1.185, "2009-09-30": 3.268, "2009-06-30": 0.027, "2009-03-31": "0.11000", "2008-12-31": 1.469, "2008-09-30": 3.778, "2008-06-30": 0.187, "2008-03-31": "", "2007-12-31": 0.044, "2007-09-30": 0, "2007-06-30": 0, "2007-03-31": "", "2006-12-31": 0, "2006-09-30": 0, "2006-06-30": 1.482, "2006-03-31": "", "2005-12-31": 0, "2005-09-30": 2.527, "2005-06-30": 0, "2005-03-31": ""}, "Total Common And Preferred Stock Dividends Paid": {"2020-09-30": 0, "2020-06-30": 0, "2020-03-31": "", "2019-12-31": 0, "2019-09-30": 0, "2019-06-30": 0, "2019-03-31": "", "2018-12-31": 0, "2018-09-30": 0, "2018-06-30": 0, "2018-03-31": "", "2017-12-31": 0, "2017-09-30": 0, "2017-06-30": 0, "2017-03-31": "", "2016-12-31": 0, "2016-09-30": 0, "2016-06-30": 0, "2016-03-31": "", "2015-12-31": 0, "2015-09-30": 0, "2015-06-30": 0, "2015-03-31": "", "2014-12-31": 0, "2014-09-30": 0, "2014-06-30": 0, "2014-03-31": "", "2013-12-31": 0, "2013-09-30": 0, "2013-06-30": 0, "2013-03-31": "", "2012-12-31": 0, "2012-09-30": 0, "2012-06-30": 0, "2012-03-31": "", "2011-12-31": 0, "2011-09-30": 0, "2011-06-30": 0, "2011-03-31": "", "2010-12-31": 0, "2010-09-30": 0, "2010-06-30": 0, "2010-03-31": "", "2009-12-31": 0, "2009-09-30": 0, "2009-06-30": 0, "2009-03-31": "", "2008-12-31": 0, "2008-09-30": 0, "2008-06-30": 0, "2008-03-31": "", "2007-12-31": 0, "2007-09-30": 0, "2007-06-30": 0, "2007-03-31": "", "2006-12-31": 0, "2006-09-30": 0, "2006-06-30": 0, "2006-03-31": "", "2005-12-31": 0, "2005-09-30": 0, "2005-06-30": 0, "2005-03-31": ""}, "Financial Activities - Other": {"2020-09-30": -6.9, "2020-06-30": 0, "2020-03-31": "", "2019-12-31": 0, "2019-09-30": 0, "2019-06-30": 0, "2019-03-31": "", "2018-12-31": 3.6, "2018-09-30": 0, "2018-06-30": -2.4, "2018-03-31": "", "2017-12-31": -4.9, "2017-09-30": 0, "2017-06-30": 0, "2017-03-31": "", "2016-12-31": 0, "2016-09-30": 0, "2016-06-30": 0, "2016-03-31": "-34.30000", "2015-12-31": -5.404, "2015-09-30": 0.421, "2015-06-30": 1.451, "2015-03-31": "3.13200", "2014-12-31": -11.915, "2014-09-30": 2.391, "2014-06-30": -5.865, "2014-03-31": "-15.01600", "2013-12-31": 2.744, "2013-09-30": 0.531, "2013-06-30": 0.702, "2013-03-31": "0.39500", "2012-12-31": 3.929, "2012-09-30": -3.712, "2012-06-30": 2.793, "2012-03-31": "-0.35300", "2011-12-31": 9.257, "2011-09-30": -0.579, "2011-06-30": -6.127, "2011-03-31": "0.40400", "2010-12-31": 12.265, "2010-09-30": 0.528, "2010-06-30": -14.459, "2010-03-31": "-9.02000", "2009-12-31": 0.433, "2009-09-30": -0.085, "2009-06-30": -0.179, "2009-03-31": "", "2008-12-31": 0.052, "2008-09-30": 0.225, "2008-06-30": 0.1, "2008-03-31": "", "2007-12-31": -0.005, "2007-09-30": -0.225, "2007-06-30": 0, "2007-03-31": "", "2006-12-31": -0.323, "2006-09-30": -2.265, "2006-06-30": 0.625, "2006-03-31": "", "2005-12-31": -0.151, "2005-09-30": 3.294, "2005-06-30": -6.326, "2005-03-31": "-29.02400"}, "Cash Flow From Financial Activities": {"2020-09-30": 113, "2020-06-30": -101.4, "2020-03-31": "92.30000", "2019-12-31": -65.6, "2019-09-30": -99.9, "2019-06-30": -26.6, "2019-03-31": "-14.80000", "2018-12-31": -60.2, "2018-09-30": -72.8, "2018-06-30": -157.9, "2018-03-31": "-20.10000", "2017-12-31": -179.6, "2017-09-30": 52.6, "2017-06-30": -121, "2017-03-31": "-30.30000", "2016-12-31": -119.5, "2016-09-30": -3.6, "2016-06-30": -78.6, "2016-03-31": "2579.40000", "2015-12-31": -84.203, "2015-09-30": -21.375, "2015-06-30": -55.997, "2015-03-31": "-52.32500", "2014-12-31": -104.591, "2014-09-30": 910.849, "2014-06-30": 107.356, "2014-03-31": "-46.01800", "2013-12-31": 34.087, "2013-09-30": 96.875, "2013-06-30": -49.848, "2013-03-31": "-35.39600", "2012-12-31": -55.402, "2012-09-30": 13.408, "2012-06-30": 7.889, "2012-03-31": "28.14000", "2011-12-31": -87.977, "2011-09-30": 47.359, "2011-06-30": -18.73, "2011-03-31": "-24.19200", "2010-12-31": 102.42, "2010-09-30": -10.221, "2010-06-30": -50.644, "2010-03-31": "621.06600", "2009-12-31": -71.917, "2009-09-30": -4.245, "2009-06-30": 1.819, "2009-03-31": "4.61800", "2008-12-31": -74.556, "2008-09-30": -32.573, "2008-06-30": -1.25, "2008-03-31": "-31.34700", "2007-12-31": 303.657, "2007-09-30": 31.755, "2007-06-30": 93.791, "2007-03-31": "-48.50400", "2006-12-31": -31.386, "2006-09-30": 10.264, "2006-06-30": 250.365, "2006-03-31": "-0.08600", "2005-12-31": -14.61, "2005-09-30": 18.841, "2005-06-30": -4.881, "2005-03-31": "-29.09200"}, "Net Cash Flow": {"2020-09-30": 71.2, "2020-06-30": -36.5, "2020-03-31": "128.10000", "2019-12-31": 157.2, "2019-09-30": -18.6, "2019-06-30": -15.3, "2019-03-31": "-85.30000", "2018-12-31": 111.5, "2018-09-30": -46.1, "2018-06-30": -29.6, "2018-03-31": "-4.30000", "2017-12-31": 0.9, "2017-09-30": -42.3, "2017-06-30": 107, "2017-03-31": "5.10000", "2016-12-31": 14.9, "2016-09-30": -4.4, "2016-06-30": -9.5, "2016-03-31": "26.20000", "2015-12-31": 11.998, "2015-09-30": -21.681, "2015-06-30": -10.087, "2015-03-31": "2.67000", "2014-12-31": 29.81, "2014-09-30": 5.158, "2014-06-30": 1.227, "2014-03-31": "-30.68900", "2013-12-31": -61.577, "2013-09-30": 79.707, "2013-06-30": -63.456, "2013-03-31": "-2.60600", "2012-12-31": 10.61, "2012-09-30": 9.553, "2012-06-30": 6.92, "2012-03-31": "64.04500", "2011-12-31": 0.199, "2011-09-30": 0.733, "2011-06-30": -0.028, "2011-03-31": "-3.94800", "2010-12-31": 2.867, "2010-09-30": 0.009, "2010-06-30": -0.65, "2010-03-31": "-0.31800", "2009-12-31": 0.761, "2009-09-30": 1.557, "2009-06-30": -0.051, "2009-03-31": "-0.53900", "2008-12-31": 0.813, "2008-09-30": -1.789, "2008-06-30": 0.908, "2008-03-31": "-6.47500", "2007-12-31": 9.224, "2007-09-30": -0.084, "2007-06-30": 0.076, "2007-03-31": "0.00800", "2006-12-31": 0.002, "2006-09-30": 0, "2006-06-30": -24.495, "2006-03-31": "16.49800", "2005-12-31": 5.385, "2005-09-30": 0.32, "2005-06-30": 2.209, "2005-03-31": "-0.07800"}, "Stock-Based Compensation": {"2020-09-30": 5.8, "2020-06-30": 7, "2020-03-31": "7.90000", "2019-12-31": 5.1, "2019-09-30": 5.5, "2019-06-30": 6.3, "2019-03-31": "5.70000", "2018-12-31": 3.7, "2018-09-30": 3.8, "2018-06-30": 6.9, "2018-03-31": "16.30000", "2017-12-31": 3, "2017-09-30": 6.6, "2017-06-30": 11.1, "2017-03-31": "7.50000", "2016-12-31": 7.1, "2016-09-30": 8.5, "2016-06-30": 8.1, "2016-03-31": "6.20000", "2015-12-31": 7.397, "2015-09-30": 5.04, "2015-06-30": 4.514, "2015-03-31": "5.94900", "2014-12-31": 7.965, "2014-09-30": 7.403, "2014-06-30": 5.519, "2014-03-31": "4.18000", "2013-12-31": 4.417, "2013-09-30": 4.593, "2013-06-30": 3.69, "2013-03-31": "3.41800", "2012-12-31": 3.712, "2012-09-30": 3.364, "2012-06-30": 3.063, "2012-03-31": "2.68500", "2011-12-31": 2.534, "2011-09-30": 3.124, "2011-06-30": 4.675, "2011-03-31": "4.77400", "2010-12-31": 4.021, "2010-09-30": 4.019, "2010-06-30": 4.444, "2010-03-31": "3.35400", "2009-12-31": 3.352, "2009-09-30": 3.892, "2009-06-30": 3.159, "2009-03-31": "2.90000", "2008-12-31": 3.398, "2008-09-30": 3.414, "2008-06-30": 2.6, "2008-03-31": "2.78100", "2007-12-31": 3.359, "2007-09-30": 3.432, "2007-06-30": 3.077, "2007-03-31": "3.71200", "2006-12-31": 4.799, "2006-09-30": 4.757, "2006-06-30": 4.424, "2006-03-31": "4.81400", "2005-12-31": 4.814, "2005-09-30": 4.804, "2005-06-30": 0, "2005-03-31": ""}, "Common Stock Dividends Paid": {"2020-09-30": 0, "2020-06-30": 0, "2020-03-31": "", "2019-12-31": 0, "2019-09-30": 0, "2019-06-30": 0, "2019-03-31": "", "2018-12-31": 0, "2018-09-30": 0, "2018-06-30": 0, "2018-03-31": "", "2017-12-31": 0, "2017-09-30": 0, "2017-06-30": 0, "2017-03-31": "", "2016-12-31": 0, "2016-09-30": 0, "2016-06-30": 0, "2016-03-31": "", "2015-12-31": 0, "2015-09-30": 0, "2015-06-30": 0, "2015-03-31": "", "2014-12-31": 0, "2014-09-30": 0, "2014-06-30": 0, "2014-03-31": "", "2013-12-31": 0, "2013-09-30": 0, "2013-06-30": 0, "2013-03-31": "", "2012-12-31": 0, "2012-09-30": 0, "2012-06-30": 0, "2012-03-31": "", "2011-12-31": 0, "2011-09-30": 0, "2011-06-30": 0, "2011-03-31": "", "2010-12-31": 0, "2010-09-30": 0, "2010-06-30": 0, "2010-03-31": "", "2009-12-31": 0, "2009-09-30": 0, "2009-06-30": 0, "2009-03-31": "", "2008-12-31": 0, "2008-09-30": 0, "2008-06-30": 0, "2008-03-31": "", "2007-12-31": 0, "2007-09-30": 0, "2007-06-30": 0, "2007-03-31": "", "2006-12-31": 0, "2006-09-30": 0, "2006-06-30": 0, "2006-03-31": "", "2005-12-31": 0, "2005-09-30": 0, "2005-06-30": 0, "2005-03-31": ""}}, "financial ratios": {"Current Ratio": {"2019-12-31": "1.49930", "2018-12-31": "2.00330", "2017-12-31": "2.47530", "2016-12-31": "2.25140", "2015-12-31": "3.07540", "2014-12-31": "2.94940", "2013-12-31": "2.70290", "2012-12-31": "3.14610", "2011-12-31": "2.73150", "2010-12-31": "2.16760", "2009-12-31": "2.47560", "2008-12-31": "1.89340", "2007-12-31": "2.72350", "2006-12-31": "3.18370", "2005-12-31": "2.69370"}, "Long-term Debt / Capital": {"2019-12-31": "0.53320", "2018-12-31": "0.51540", "2017-12-31": "0.52840", "2016-12-31": "0.52120", "2015-12-31": "0.39710", "2014-12-31": "0.44970", "2013-12-31": "0.42450", "2012-12-31": "0.43230", "2011-12-31": "0.45680", "2010-12-31": "0.49960", "2009-12-31": "0.34690", "2008-12-31": "0.43390", "2007-12-31": "0.49650", "2006-12-31": "0.29330", "2005-12-31": "0.01180"}, "Debt/Equity Ratio": {"2019-12-31": "1.15080", "2018-12-31": "1.06420", "2017-12-31": "1.12480", "2016-12-31": "1.11500", "2015-12-31": "0.66670", "2014-12-31": "0.82460", "2013-12-31": "0.73870", "2012-12-31": "0.76320", "2011-12-31": "0.84290", "2010-12-31": "0.99940", "2009-12-31": "0.53230", "2008-12-31": "0.76710", "2007-12-31": "0.98700", "2006-12-31": "0.41590", "2005-12-31": "0.01260"}, "Gross Margin": {"2019-12-31": "18.57820", "2018-12-31": "19.44720", "2017-12-31": "20.15620", "2016-12-31": "18.23610", "2015-12-31": "20.09420", "2014-12-31": "20.59010", "2013-12-31": "20.73080", "2012-12-31": "20.80130", "2011-12-31": "23.08780", "2010-12-31": "23.73850", "2009-12-31": "21.59030", "2008-12-31": "19.45980", "2007-12-31": "20.75230", "2006-12-31": "21.35180", "2005-12-31": "20.86060"}, "Operating Margin": {"2019-12-31": "-0.37540", "2018-12-31": "1.81790", "2017-12-31": "1.63210", "2016-12-31": "-1.54650", "2015-12-31": "7.47570", "2014-12-31": "7.40480", "2013-12-31": "7.76680", "2012-12-31": "8.10340", "2011-12-31": "9.18420", "2010-12-31": "9.71660", "2009-12-31": "8.65340", "2008-12-31": "5.80580", "2007-12-31": "7.33600", "2006-12-31": "8.97960", "2005-12-31": "4.03950"}, "EBIT Margin": {"2019-12-31": "-0.37540", "2018-12-31": "1.81790", "2017-12-31": "1.63210", "2016-12-31": "-1.54650", "2015-12-31": "7.47570", "2014-12-31": "7.40480", "2013-12-31": "7.76680", "2012-12-31": "8.10340", "2011-12-31": "9.18420", "2010-12-31": "9.71660", "2009-12-31": "8.65340", "2008-12-31": "5.80580", "2007-12-31": "7.33600", "2006-12-31": "8.97960", "2005-12-31": "4.03950"}, "EBITDA Margin": {"2019-12-31": "4.53490", "2018-12-31": "6.72650", "2017-12-31": "6.43160", "2016-12-31": "8.82580", "2015-12-31": "11.28370", "2014-12-31": "11.33940", "2013-12-31": "12.50280", "2012-12-31": "12.60430", "2011-12-31": "13.23390", "2010-12-31": "13.55680", "2009-12-31": "11.78520", "2008-12-31": "8.86140", "2007-12-31": "10.35750", "2006-12-31": "11.60370", "2005-12-31": "6.43320"}, "Pre-Tax Profit Margin": {"2019-12-31": "-3.63260", "2018-12-31": "-1.25550", "2017-12-31": "-0.58730", "2016-12-31": "-3.16430", "2015-12-31": "5.33930", "2014-12-31": "4.63560", "2013-12-31": "5.44520", "2012-12-31": "5.69210", "2011-12-31": "6.81950", "2010-12-31": "7.50680", "2009-12-31": "8.07550", "2008-12-31": "2.62920", "2007-12-31": "5.74530", "2006-12-31": "7.66810", "2005-12-31": "3.87700"}, "Net Profit Margin": {"2019-12-31": "-8.41710", "2018-12-31": "-1.40370", "2017-12-31": "-5.75980", "2016-12-31": "-3.70200", "2015-12-31": "3.58350", "2014-12-31": "3.05080", "2013-12-31": "3.79210", "2012-12-31": "4.04940", "2011-12-31": "4.60530", "2010-12-31": "5.00370", "2009-12-31": "5.37910", "2008-12-31": "1.88080", "2007-12-31": "3.59460", "2006-12-31": "4.77500", "2005-12-31": "1.63570"}, "Asset Turnover": {"2019-12-31": "0.83450", "2018-12-31": "0.81500", "2017-12-31": "0.83970", "2016-12-31": "0.94340", "2015-12-31": "0.86590", "2014-12-31": "0.76360", "2013-12-31": "0.84300", "2012-12-31": "0.86390", "2011-12-31": "0.85260", "2010-12-31": "0.75990", "2009-12-31": "1.09190", "2008-12-31": "1.10690", "2007-12-31": "0.79530", "2006-12-31": "1.00400", "2005-12-31": "1.16080"}, "Inventory Turnover Ratio": {"2019-12-31": "6.41930", "2018-12-31": "6.00320", "2017-12-31": "4.21920", "2016-12-31": "5.16260", "2015-12-31": "4.38630", "2014-12-31": "3.93790", "2013-12-31": "4.48210", "2012-12-31": "4.97540", "2011-12-31": "4.78690", "2010-12-31": "4.82160", "2009-12-31": "4.47390", "2008-12-31": "4.91730", "2007-12-31": "3.08240", "2006-12-31": "3.42420", "2005-12-31": "4.88900"}, "Receiveable Turnover": {"2019-12-31": "15.84960", "2018-12-31": "13.05950", "2017-12-31": "14.71380", "2016-12-31": "14.39420", "2015-12-31": "15.77970", "2014-12-31": "12.60870", "2013-12-31": "15.01630", "2012-12-31": "17.50630", "2011-12-31": "17.80000", "2010-12-31": "14.34750", "2009-12-31": "17.46430", "2008-12-31": "17.28120", "2007-12-31": "15.04730", "2006-12-31": "16.65800", "2005-12-31": "20.43340"}, "Days Sales In Receivables": {"2019-12-31": "23.02900", "2018-12-31": "27.94900", "2017-12-31": "24.80670", "2016-12-31": "25.35750", "2015-12-31": "23.13100", "2014-12-31": "28.94820", "2013-12-31": "24.30700", "2012-12-31": "20.84960", "2011-12-31": "20.50570", "2010-12-31": "25.44000", "2009-12-31": "20.89980", "2008-12-31": "21.12120", "2007-12-31": "24.25690", "2006-12-31": "21.91140", "2005-12-31": "17.86290"}, "ROE - Return On Equity": {"2019-12-31": "-6.02440", "2018-12-31": "-2.13890", "2017-12-31": "4.91760", "2016-12-31": "-9.13190", "2015-12-31": "6.19450", "2014-12-31": "5.10900", "2013-12-31": "6.83270", "2012-12-31": "7.49310", "2011-12-31": "8.79420", "2010-12-31": "9.29670", "2009-12-31": "10.75260", "2008-12-31": "4.60550", "2007-12-31": "6.61870", "2006-12-31": "7.75720", "2005-12-31": "2.38920"}, "Return On Tangible Equity": {"2019-12-31": "13.27160", "2018-12-31": "7.64520", "2017-12-31": "-16.09080", "2016-12-31": "21.13730", "2015-12-31": "-26.01960", "2014-12-31": "-14.38020", "2013-12-31": "-27.02820", "2012-12-31": "-28.36720", "2011-12-31": "-21.81500", "2010-12-31": "-15.50760", "2009-12-31": "439.86890", "2008-12-31": "-26.34490", "2007-12-31": "-25.41880", "2006-12-31": "33.71270", "2005-12-31": "6.53240"}, "ROA - Return On Assets": {"2019-12-31": "-2.14620", "2018-12-31": "-0.82070", "2017-12-31": "1.92580", "2016-12-31": "-3.49230", "2015-12-31": "3.10310", "2014-12-31": "2.32950", "2013-12-31": "3.19690", "2012-12-31": "3.49830", "2011-12-31": "3.92620", "2010-12-31": "3.80220", "2009-12-31": "5.87350", "2008-12-31": "2.10670", "2007-12-31": "2.86080", "2006-12-31": "4.77770", "2005-12-31": "2.01170"}, "ROI - Return On Investment": {"2019-12-31": "-2.81190", "2018-12-31": "-1.03650", "2017-12-31": "2.31920", "2016-12-31": "-4.37250", "2015-12-31": "3.73460", "2014-12-31": "2.81140", "2013-12-31": "3.93240", "2012-12-31": "4.25360", "2011-12-31": "4.77660", "2010-12-31": "4.65200", "2009-12-31": "7.02270", "2008-12-31": "2.60740", "2007-12-31": "3.33280", "2006-12-31": "5.48230", "2005-12-31": "2.36090"}, "Book Value Per Share": {"2019-12-31": "32.57830", "2018-12-31": "38.57140", "2017-12-31": "39.98760", "2016-12-31": "44.07220", "2015-12-31": "43.01020", "2014-12-31": "41.23610", "2013-12-31": "34.88660", "2012-12-31": "32.57880", "2011-12-31": "29.88550", "2010-12-31": "27.59500", "2009-12-31": "23.63290", "2008-12-31": "19.65860", "2007-12-31": "20.16760", "2006-12-31": "18.46830", "2005-12-31": "16.51300"}, "Operating Cash Flow Per Share": {"2019-12-31": -3.557, "2018-12-31": 0.2474, "2017-12-31": 0.1922, "2016-12-31": 1.9426, "2015-12-31": 0.9451, "2014-12-31": -0.0897, "2013-12-31": 0.2835, "2012-12-31": 1.2872, "2011-12-31": -2.5397, "2010-12-31": 3.5668, "2009-12-31": -2.3845, "2008-12-31": 2.5063, "2007-12-31": 1.1757, "2006-12-31": 0.2338, "2005-12-31": 1.6654}, "Free Cash Flow Per Share": {"2019-12-31": -2.9889, "2018-12-31": -0.212, "2017-12-31": 1.1005, "2016-12-31": 0.4776, "2015-12-31": 1.4258, "2014-12-31": -0.2463, "2013-12-31": 0.1997, "2012-12-31": 1.2446, "2011-12-31": -3.2953, "2010-12-31": 3.6024, "2009-12-31": -1.8028, "2008-12-31": 1.3822, "2007-12-31": 0.8843, "2006-12-31": 0.3974, "2005-12-31": 1.208}}, "financial ratios, quarterly": {"Current Ratio": {"2020-09-30": "1.68560", "2020-06-30": "1.47650", "2020-03-31": "1.58120", "2019-12-31": "1.49930", "2019-09-30": "1.49050", "2019-06-30": "1.71300", "2019-03-31": "1.63950", "2018-12-31": "2.00330", "2018-09-30": "1.89890", "2018-06-30": "2.02290", "2018-03-31": "2.32680", "2017-12-31": "2.47530", "2017-09-30": "2.15760", "2017-06-30": "2.07910", "2017-03-31": "2.42350", "2016-12-31": "2.25140", "2016-09-30": "2.34900", "2016-06-30": "2.28810", "2016-03-31": "2.59800", "2015-12-31": "3.07540", "2015-09-30": "2.89640", "2015-06-30": "3.03700", "2015-03-31": "3.22050", "2014-12-31": "2.94940", "2014-09-30": "2.98360", "2014-06-30": "2.45490", "2014-03-31": "2.87070", "2013-12-31": "2.70290", "2013-09-30": "3.24150", "2013-06-30": "2.88840", "2013-03-31": "2.90930", "2012-12-31": "3.14610", "2012-09-30": "3.08190", "2012-06-30": "2.90870", "2012-03-31": "2.92080", "2011-12-31": "2.73150", "2011-09-30": "2.63640", "2011-06-30": "2.21620", "2011-03-31": "2.28970", "2010-12-31": "2.16760", "2010-09-30": "2.25660", "2010-06-30": "2.39100", "2010-03-31": "2.47870", "2009-12-31": "2.47560", "2009-09-30": "2.44990", "2009-06-30": "2.31060", "2009-03-31": "2.06620", "2008-12-31": "1.89340", "2008-09-30": "2.29390", "2008-06-30": "2.72330", "2008-03-31": "2.54150", "2007-12-31": "2.72350", "2007-09-30": "2.96940", "2007-06-30": "2.93010", "2007-03-31": "2.75540", "2006-12-31": "3.18370", "2006-09-30": "3.04300", "2006-06-30": "0.76170", "2006-03-31": "2.54290", "2005-12-31": "2.69370", "2005-09-30": "2.05740", "2005-06-30": "2.13480", "2005-03-31": ""}, "Long-term Debt / Capital": {"2020-09-30": "0.54640", "2020-06-30": "0.53640", "2020-03-31": "0.55050", "2019-12-31": "0.53320", "2019-09-30": "0.54440", "2019-06-30": "0.53230", "2019-03-31": "0.51840", "2018-12-31": "0.51540", "2018-09-30": "0.51590", "2018-06-30": "0.52240", "2018-03-31": "0.53300", "2017-12-31": "0.52840", "2017-09-30": "0.50220", "2017-06-30": "0.50250", "2017-03-31": "0.51230", "2016-12-31": "0.52120", "2016-09-30": "0.50550", "2016-06-30": "0.50990", "2016-03-31": "0.51970", "2015-12-31": "0.39710", "2015-09-30": "0.41820", "2015-06-30": "0.42410", "2015-03-31": "0.43940", "2014-12-31": "0.44970", "2014-09-30": "0.47560", "2014-06-30": "0.43200", "2014-03-31": "0.41070", "2013-12-31": "0.42450", "2013-09-30": "0.42170", "2013-06-30": "0.40240", "2013-03-31": "0.41830", "2012-12-31": "0.43230", "2012-09-30": "0.45160", "2012-06-30": "0.45670", "2012-03-31": "0.45720", "2011-12-31": "0.45680", "2011-09-30": "0.48770", "2011-06-30": "0.47880", "2011-03-31": "0.48470", "2010-12-31": "0.49960", "2010-09-30": "0.48310", "2010-06-30": "0.49550", "2010-03-31": "0.50640", "2009-12-31": "0.34690", "2009-09-30": "0.39760", "2009-06-30": "0.41880", "2009-03-31": "0.43200", "2008-12-31": "0.43390", "2008-09-30": "0.45840", "2008-06-30": "0.47930", "2008-03-31": "0.48350", "2007-12-31": "0.49650", "2007-09-30": "0.34000", "2007-06-30": "0.32160", "2007-03-31": "0.24500", "2006-12-31": "0.29330", "2006-09-30": "0.32920", "2006-06-30": "0.01670", "2006-03-31": "0.01140", "2005-12-31": "0.01180", "2005-09-30": "0.01190", "2005-06-30": "0.01260", "2005-03-31": ""}, "Debt/Equity Ratio": {"2020-09-30": "1.21330", "2020-06-30": "1.16540", "2020-03-31": "1.23300", "2019-12-31": "1.15080", "2019-09-30": "1.20140", "2019-06-30": "1.14230", "2019-03-31": "1.07850", "2018-12-31": "1.06420", "2018-09-30": "1.07020", "2018-06-30": "1.09860", "2018-03-31": "1.14570", "2017-12-31": "1.12480", "2017-09-30": "1.03670", "2017-06-30": "1.03790", "2017-03-31": "1.08170", "2016-12-31": "1.11500", "2016-09-30": "1.04330", "2016-06-30": "1.05840", "2016-03-31": "1.09730", "2015-12-31": "0.66670", "2015-09-30": "0.72780", "2015-06-30": "0.74570", "2015-03-31": "0.79260", "2014-12-31": "0.82460", "2014-09-30": "0.90930", "2014-06-30": "0.76360", "2014-03-31": "0.69820", "2013-12-31": "0.73870", "2013-09-30": "0.73050", "2013-06-30": "0.67480", "2013-03-31": "0.72070", "2012-12-31": "0.76320", "2012-09-30": "0.82530", "2012-06-30": "0.84250", "2012-03-31": "0.84390", "2011-12-31": "0.84290", "2011-09-30": "0.95400", "2011-06-30": "0.91980", "2011-03-31": "0.94150", "2010-12-31": "0.99940", "2010-09-30": "0.93550", "2010-06-30": "0.98320", "2010-03-31": "1.02730", "2009-12-31": "0.53230", "2009-09-30": "0.66070", "2009-06-30": "0.72160", "2009-03-31": "0.76140", "2008-12-31": "0.76710", "2008-09-30": "0.84700", "2008-06-30": "0.92120", "2008-03-31": "0.93690", "2007-12-31": "0.98700", "2007-09-30": "0.51600", "2007-06-30": "0.47490", "2007-03-31": "0.32540", "2006-12-31": "0.41590", "2006-09-30": "0.49170", "2006-06-30": "0.47940", "2006-03-31": "0.01220", "2005-12-31": "0.01260", "2005-09-30": "0.04070", "2005-06-30": "0.01590", "2005-03-31": ""}, "Gross Margin": {"2020-09-30": "17.99750", "2020-06-30": "18.35110", "2020-03-31": "17.96480", "2019-12-31": "19.75430", "2019-09-30": "17.62040", "2019-06-30": "18.45310", "2019-03-31": "18.39150", "2018-12-31": "39.36950", "2018-09-30": "19.14300", "2018-06-30": "16.24540", "2018-03-31": "15.65620", "2017-12-31": "63.32510", "2017-09-30": "16.76780", "2017-06-30": "18.17110", "2017-03-31": "18.64340", "2016-12-31": "19.70620", "2016-09-30": "17.99740", "2016-06-30": "17.24410", "2016-03-31": "17.68230", "2015-12-31": "21.00680", "2015-09-30": "19.87100", "2015-06-30": "19.93800", "2015-03-31": "19.46470", "2014-12-31": "19.85010", "2014-09-30": "19.93000", "2014-06-30": "21.60600", "2014-03-31": "21.48820", "2013-12-31": "20.67870", "2013-09-30": "20.32320", "2013-06-30": "20.81670", "2013-03-31": "21.13870", "2012-12-31": "20.10490", "2012-09-30": "21.03820", "2012-06-30": "20.20990", "2012-03-31": "21.94150", "2011-12-31": "21.91090", "2011-09-30": "23.77280", "2011-06-30": "22.21590", "2011-03-31": "24.50310", "2010-12-31": "24.76510", "2010-09-30": "23.74560", "2010-06-30": "23.79010", "2010-03-31": "22.35520", "2009-12-31": "23.29550", "2009-09-30": "21.25240", "2009-06-30": "21.42860", "2009-03-31": "20.17780", "2008-12-31": "20.05770", "2008-09-30": "19.53140", "2008-06-30": "18.68120", "2008-03-31": "19.51870", "2007-12-31": "20.45180", "2007-09-30": "21.59650", "2007-06-30": "20.93770", "2007-03-31": "20.11280", "2006-12-31": "20.31850", "2006-09-30": "21.53100", "2006-06-30": "20.90450", "2006-03-31": "23.38410", "2005-12-31": "19.00140", "2005-09-30": "19.94280", "2005-06-30": "21.87150", "2005-03-31": "22.74620"}, "Operating Margin": {"2020-09-30": "3.80610", "2020-06-30": "2.42830", "2020-03-31": "2.78370", "2019-12-31": "2.79940", "2019-09-30": "-5.25870", "2019-06-30": "-0.77050", "2019-03-31": "1.45300", "2018-12-31": "9.23240", "2018-09-30": "3.48870", "2018-06-30": "0.26790", "2018-03-31": "-0.58740", "2017-12-31": "-8.92440", "2017-09-30": "3.71900", "2017-06-30": "-1.56350", "2017-03-31": "4.38090", "2016-12-31": "-13.71720", "2016-09-30": "4.89000", "2016-06-30": "3.34760", "2016-03-31": "1.49580", "2015-12-31": "8.81140", "2015-09-30": "7.79180", "2015-06-30": "7.18130", "2015-03-31": "5.96260", "2014-12-31": "8.33570", "2014-09-30": "6.02780", "2014-06-30": "7.09850", "2014-03-31": "8.12710", "2013-12-31": "7.82150", "2013-09-30": "7.25730", "2013-06-30": "7.78520", "2013-03-31": "8.21680", "2012-12-31": "8.21840", "2012-09-30": "7.68330", "2012-06-30": "7.85980", "2012-03-31": "8.65030", "2011-12-31": "10.69160", "2011-09-30": "9.97100", "2011-06-30": "6.82330", "2011-03-31": "9.06240", "2010-12-31": "11.10370", "2010-09-30": "10.29490", "2010-06-30": "9.16030", "2010-03-31": "7.88620", "2009-12-31": "7.68750", "2009-09-30": "11.89710", "2009-06-30": "7.50390", "2009-03-31": "7.50060", "2008-12-31": "7.91240", "2008-09-30": "6.43070", "2008-06-30": "5.29850", "2008-03-31": "3.34810", "2007-12-31": "7.51580", "2007-09-30": "8.06730", "2007-06-30": "7.47920", "2007-03-31": "6.16910", "2006-12-31": "14.46920", "2006-09-30": "6.86730", "2006-06-30": "6.04610", "2006-03-31": "7.00940", "2005-12-31": "-4.35010", "2005-09-30": "5.45290", "2005-06-30": "4.92300", "2005-03-31": "10.89950"}, "EBIT Margin": {"2020-09-30": "3.80610", "2020-06-30": "2.42830", "2020-03-31": "2.78370", "2019-12-31": "2.79940", "2019-09-30": "-5.25870", "2019-06-30": "-0.77050", "2019-03-31": "1.45300", "2018-12-31": "9.23240", "2018-09-30": "3.48870", "2018-06-30": "0.26790", "2018-03-31": "-0.58740", "2017-12-31": "-8.92440", "2017-09-30": "3.71900", "2017-06-30": "-1.56350", "2017-03-31": "4.38090", "2016-12-31": "-13.71720", "2016-09-30": "4.89000", "2016-06-30": "3.34760", "2016-03-31": "1.49580", "2015-12-31": "8.81140", "2015-09-30": "7.79180", "2015-06-30": "7.18130", "2015-03-31": "5.96260", "2014-12-31": "8.33570", "2014-09-30": "6.02780", "2014-06-30": "7.09850", "2014-03-31": "8.12710", "2013-12-31": "7.82150", "2013-09-30": "7.25730", "2013-06-30": "7.78520", "2013-03-31": "8.21680", "2012-12-31": "8.21840", "2012-09-30": "7.68330", "2012-06-30": "7.85980", "2012-03-31": "8.65030", "2011-12-31": "10.69170", "2011-09-30": "9.97100", "2011-06-30": "6.82330", "2011-03-31": "9.06240", "2010-12-31": "11.10370", "2010-09-30": "10.29490", "2010-06-30": "9.16030", "2010-03-31": "7.88620", "2009-12-31": "7.68750", "2009-09-30": "11.89710", "2009-06-30": "7.50390", "2009-03-31": "7.50060", "2008-12-31": "7.91250", "2008-09-30": "6.43070", "2008-06-30": "5.29850", "2008-03-31": "3.34810", "2007-12-31": "7.51580", "2007-09-30": "8.06730", "2007-06-30": "7.47920", "2007-03-31": "6.16910", "2006-12-31": "14.46920", "2006-09-30": "6.86730", "2006-06-30": "6.04610", "2006-03-31": "7.00940", "2005-12-31": "-4.35010", "2005-09-30": "5.45290", "2005-06-30": "4.92300", "2005-03-31": "10.89950"}, "EBITDA Margin": {"2020-09-30": "", "2020-06-30": "", "2020-03-31": "", "2019-12-31": "", "2019-09-30": "", "2019-06-30": "", "2019-03-31": "", "2018-12-31": "", "2018-09-30": "", "2018-06-30": "", "2018-03-31": "", "2017-12-31": "", "2017-09-30": "", "2017-06-30": "", "2017-03-31": "", "2016-12-31": "", "2016-09-30": "", "2016-06-30": "", "2016-03-31": "", "2015-12-31": "", "2015-09-30": "", "2015-06-30": "", "2015-03-31": "", "2014-12-31": "", "2014-09-30": "", "2014-06-30": "", "2014-03-31": "", "2013-12-31": "", "2013-09-30": "", "2013-06-30": "", "2013-03-31": "", "2012-12-31": "", "2012-09-30": "", "2012-06-30": "", "2012-03-31": "", "2011-12-31": "", "2011-09-30": "", "2011-06-30": "", "2011-03-31": "", "2010-12-31": "", "2010-09-30": "", "2010-06-30": "", "2010-03-31": "", "2009-12-31": "", "2009-09-30": "", "2009-06-30": "", "2009-03-31": "", "2008-12-31": "", "2008-09-30": "", "2008-06-30": "", "2008-03-31": "", "2007-12-31": "", "2007-09-30": "", "2007-06-30": "", "2007-03-31": "", "2006-12-31": "", "2006-09-30": "", "2006-06-30": "", "2006-03-31": "", "2005-12-31": "", "2005-09-30": "", "2005-06-30": "", "2005-03-31": ""}, "Pre-Tax Profit Margin": {"2020-09-30": "2.14210", "2020-06-30": "1.07500", "2020-03-31": "-6.72870", "2019-12-31": "1.74640", "2019-09-30": "-9.21210", "2019-06-30": "-5.54960", "2019-03-31": "-2.00600", "2018-12-31": "-0.63800", "2018-09-30": "1.35970", "2018-06-30": "-1.75160", "2018-03-31": "-2.96380", "2017-12-31": "-17.23720", "2017-09-30": "1.94340", "2017-06-30": "-3.67890", "2017-03-31": "2.58430", "2016-12-31": "-14.93870", "2016-09-30": "3.31460", "2016-06-30": "1.44020", "2016-03-31": "-0.37790", "2015-12-31": "6.62540", "2015-09-30": "5.04300", "2015-06-30": "6.29430", "2015-03-31": "3.29450", "2014-12-31": "5.75440", "2014-09-30": "3.87010", "2014-06-30": "5.37300", "2014-03-31": "3.23850", "2013-12-31": "5.19460", "2013-09-30": "5.17890", "2013-06-30": "5.29750", "2013-03-31": "6.17540", "2012-12-31": "6.08100", "2012-09-30": "5.38220", "2012-06-30": "5.21330", "2012-03-31": "6.05260", "2011-12-31": "8.11960", "2011-09-30": "8.54370", "2011-06-30": "4.31220", "2011-03-31": "6.06570", "2010-12-31": "8.38710", "2010-09-30": "7.92910", "2010-06-30": "7.22940", "2010-03-31": "6.19550", "2009-12-31": "7.48540", "2009-09-30": "11.45710", "2009-06-30": "7.55650", "2009-03-31": "5.68690", "2008-12-31": "2.25130", "2008-09-30": "4.22160", "2008-06-30": "3.23460", "2008-03-31": "0.77560", "2007-12-31": "5.99890", "2007-09-30": "6.23200", "2007-06-30": "5.92580", "2007-03-31": "4.69260", "2006-12-31": "12.89780", "2006-09-30": "5.09450", "2006-06-30": "4.64510", "2006-03-31": "6.91620", "2005-12-31": "-4.59300", "2005-09-30": "5.21840", "2005-06-30": "4.83280", "2005-03-31": "10.82010"}, "Net Profit Margin": {"2020-09-30": "1.15710", "2020-06-30": "-0.14400", "2020-03-31": "-2.87580", "2019-12-31": "1.36020", "2019-09-30": "-16.81640", "2019-06-30": "-16.75610", "2019-03-31": "-2.52160", "2018-12-31": "-2.51450", "2018-09-30": "0.23260", "2018-06-30": "-1.33950", "2018-03-31": "-2.30220", "2017-12-31": "-123.18660", "2017-09-30": "1.85950", "2017-06-30": "-2.24670", "2017-03-31": "1.83570", "2016-12-31": "-15.86180", "2016-09-30": "2.35680", "2016-06-30": "1.23260", "2016-03-31": "-0.25190", "2015-12-31": "4.30370", "2015-09-30": "3.56120", "2015-06-30": "4.13090", "2015-03-31": "2.27950", "2014-12-31": "3.75390", "2014-09-30": "2.49860", "2014-06-30": "3.46500", "2014-03-31": "2.31410", "2013-12-31": "3.45040", "2013-09-30": "3.99630", "2013-06-30": "3.52710", "2013-03-31": "4.25360", "2012-12-31": "4.25520", "2012-09-30": "4.00550", "2012-06-30": "3.69930", "2012-03-31": "4.21410", "2011-12-31": "5.57370", "2011-09-30": "5.75510", "2011-06-30": "2.91200", "2011-03-31": "4.01370", "2010-12-31": "5.51190", "2010-09-30": "5.35650", "2010-06-30": "4.85260", "2010-03-31": "4.10930", "2009-12-31": "5.45790", "2009-09-30": "7.40740", "2009-06-30": "4.94490", "2009-03-31": "3.58250", "2008-12-31": "1.70590", "2008-09-30": "2.95800", "2008-06-30": "2.25710", "2008-03-31": "0.57150", "2007-12-31": "3.84920", "2007-09-30": "3.88600", "2007-06-30": "3.65660", "2007-03-31": "2.86270", "2006-12-31": "7.99130", "2006-09-30": "3.28110", "2006-06-30": "2.84080", "2006-03-31": "4.28370", "2005-12-31": "-3.06160", "2005-09-30": "2.85100", "2005-06-30": "0.69240", "2005-03-31": "6.63740"}, "Asset Turnover": {"2020-09-30": "0.19420", "2020-06-30": "0.19880", "2020-03-31": "0.20580", "2019-12-31": "0.22170", "2019-09-30": "0.20100", "2019-06-30": "0.18330", "2019-03-31": "0.18500", "2018-12-31": "0.09470", "2018-09-30": "0.19810", "2018-06-30": "0.25720", "2018-03-31": "0.25600", "2017-12-31": "0.04250", "2017-09-30": "0.23170", "2017-06-30": "0.23380", "2017-03-31": "0.23730", "2016-12-31": "0.27140", "2016-09-30": "0.22920", "2016-06-30": "0.22340", "2016-03-31": "0.18500", "2015-12-31": "0.23370", "2015-09-30": "0.20780", "2015-06-30": "0.19890", "2015-03-31": "0.20530", "2014-12-31": "0.23420", "2014-09-30": "0.20160", "2014-06-30": "0.21560", "2014-03-31": "0.23120", "2013-12-31": "0.24270", "2013-09-30": "0.21590", "2013-06-30": "0.21250", "2013-03-31": "0.21310", "2012-12-31": "0.23470", "2012-09-30": "0.20950", "2012-06-30": "0.21080", "2012-03-31": "0.21100", "2011-12-31": "0.22280", "2011-09-30": "0.21330", "2011-06-30": "0.20460", "2011-03-31": "0.20590", "2010-12-31": "0.21310", "2010-09-30": "0.21080", "2010-06-30": "0.20580", "2010-03-31": "0.18280", "2009-12-31": "0.29240", "2009-09-30": "0.26030", "2009-06-30": "0.26790", "2009-03-31": "0.26250", "2008-12-31": "0.29360", "2008-09-30": "0.26020", "2008-06-30": "0.25680", "2008-03-31": "0.25380", "2007-12-31": "0.25480", "2007-09-30": "0.25150", "2007-06-30": "0.25200", "2007-03-31": "0.28590", "2006-12-31": "0.30230", "2006-09-30": "0.25590", "2006-06-30": "0.24380", "2006-03-31": "0.27440", "2005-12-31": "0.30260", "2005-09-30": "0.26250", "2005-06-30": "0.29740", "2005-03-31": ""}, "Inventory Turnover Ratio": {"2020-09-30": "1.29120", "2020-06-30": "1.35160", "2020-03-31": "1.65490", "2019-12-31": "1.68090", "2019-09-30": "1.23930", "2019-06-30": "0.99290", "2019-03-31": "1.01920", "2018-12-31": "0.52490", "2018-09-30": "0.90450", "2018-06-30": "1.29120", "2018-03-31": "1.32820", "2017-12-31": "0.09800", "2017-09-30": "1.13330", "2017-06-30": "1.25430", "2017-03-31": "1.26310", "2016-12-31": "1.45860", "2016-09-30": "1.25010", "2016-06-30": "1.28930", "2016-03-31": "1.06860", "2015-12-31": "1.17030", "2015-09-30": "0.98900", "2015-06-30": "0.99110", "2015-03-31": "1.12790", "2014-12-31": "1.21890", "2014-09-30": "0.94060", "2014-06-30": "0.98670", "2014-03-31": "1.17570", "2013-12-31": "1.29100", "2013-09-30": "1.06740", "2013-06-30": "1.07020", "2013-03-31": "1.16810", "2012-12-31": "1.36350", "2012-09-30": "1.08590", "2012-06-30": "1.20270", "2012-03-31": "1.20710", "2011-12-31": "1.27030", "2011-09-30": "1.09540", "2011-06-30": "1.19490", "2011-03-31": "1.24550", "2010-12-31": "1.33370", "2010-09-30": "1.13210", "2010-06-30": "1.15020", "2010-03-31": "1.03010", "2009-12-31": "1.17200", "2009-09-30": "0.98150", "2009-06-30": "1.06150", "2009-03-31": "1.11160", "2008-12-31": "1.29470", "2008-09-30": "1.04550", "2008-06-30": "1.08370", "2008-03-31": "1.01580", "2007-12-31": "0.99120", "2007-09-30": "0.78530", "2007-06-30": "0.91980", "2007-03-31": "1.03840", "2006-12-31": "1.04460", "2006-09-30": "0.82670", "2006-06-30": "0.93950", "2006-03-31": "1.15440", "2005-12-31": "1.30430", "2005-09-30": "0.99590", "2005-06-30": "1.39830", "2005-03-31": ""}, "Receiveable Turnover": {"2020-09-30": "3.89610", "2020-06-30": "3.93020", "2020-03-31": "3.70530", "2019-12-31": "4.21100", "2019-09-30": "3.46430", "2019-06-30": "3.40290", "2019-03-31": "2.90440", "2018-12-31": "1.51690", "2018-09-30": "3.91420", "2018-06-30": "5.63610", "2018-03-31": "4.29080", "2017-12-31": "0.74410", "2017-09-30": "3.58440", "2017-06-30": "4.31580", "2017-03-31": "3.99740", "2016-12-31": "4.14130", "2016-09-30": "4.12290", "2016-06-30": "4.25260", "2016-03-31": "3.53080", "2015-12-31": "4.25890", "2015-09-30": "3.73840", "2015-06-30": "4.39360", "2015-03-31": "3.59560", "2014-12-31": "3.86690", "2014-09-30": "3.53370", "2014-06-30": "4.05430", "2014-03-31": "4.09670", "2013-12-31": "4.32250", "2013-09-30": "4.23420", "2013-06-30": "4.55300", "2013-03-31": "4.23410", "2012-12-31": "4.75560", "2012-09-30": "4.18780", "2012-06-30": "4.43110", "2012-03-31": "4.35020", "2011-12-31": "4.65240", "2011-09-30": "3.56940", "2011-06-30": "4.21020", "2011-03-31": "3.81170", "2010-12-31": "4.02280", "2010-09-30": "3.70110", "2010-06-30": "4.15630", "2010-03-31": "3.88830", "2009-12-31": "4.67650", "2009-09-30": "3.58210", "2009-06-30": "4.43530", "2009-03-31": "4.34790", "2008-12-31": "4.58420", "2008-09-30": "4.04540", "2008-06-30": "4.21130", "2008-03-31": "4.43580", "2007-12-31": "4.82040", "2007-09-30": "4.15690", "2007-06-30": "4.48870", "2007-03-31": "4.95370", "2006-12-31": "5.01600", "2006-09-30": "4.59990", "2006-06-30": "4.13280", "2006-03-31": "4.79380", "2005-12-31": "5.32610", "2005-09-30": "5.27340", "2005-06-30": "5.45880", "2005-03-31": ""}, "Days Sales In Receivables": {"2020-09-30": "23.10030", "2020-06-30": "22.89950", "2020-03-31": "24.28980", "2019-12-31": "21.37250", "2019-09-30": "25.97940", "2019-06-30": "26.44790", "2019-03-31": "30.98710", "2018-12-31": "59.33010", "2018-09-30": "22.99310", "2018-06-30": "15.96850", "2018-03-31": "20.97490", "2017-12-31": "120.95350", "2017-09-30": "25.10910", "2017-06-30": "20.85340", "2017-03-31": "22.51470", "2016-12-31": "21.73250", "2016-09-30": "21.82940", "2016-06-30": "21.16360", "2016-03-31": "25.48970", "2015-12-31": "21.13200", "2015-09-30": "24.07450", "2015-06-30": "20.48440", "2015-03-31": "25.03040", "2014-12-31": "23.27480", "2014-09-30": "25.46940", "2014-06-30": "22.19870", "2014-03-31": "21.96870", "2013-12-31": "20.82120", "2013-09-30": "21.25550", "2013-06-30": "19.76720", "2013-03-31": "21.25620", "2012-12-31": "18.92490", "2012-09-30": "21.49100", "2012-06-30": "20.31100", "2012-03-31": "20.68860", "2011-12-31": "19.34510", "2011-09-30": "25.21430", "2011-06-30": "21.37640", "2011-03-31": "23.61130", "2010-12-31": "22.37250", "2010-09-30": "24.31680", "2010-06-30": "21.65390", "2010-03-31": "23.14660", "2009-12-31": "19.24500", "2009-09-30": "25.12470", "2009-06-30": "20.29180", "2009-03-31": "20.69970", "2008-12-31": "19.63250", "2008-09-30": "22.24770", "2008-06-30": "21.37130", "2008-03-31": "20.28960", "2007-12-31": "18.67060", "2007-09-30": "21.65060", "2007-06-30": "20.05030", "2007-03-31": "18.16830", "2006-12-31": "17.94240", "2006-09-30": "19.56560", "2006-06-30": "21.77710", "2006-03-31": "18.77440", "2005-12-31": "16.89780", "2005-09-30": "17.06670", "2005-06-30": "16.48730", "2005-03-31": ""}, "ROE - Return On Equity": {"2020-09-30": "0.62390", "2020-06-30": "-0.14410", "2020-03-31": "-1.83430", "2019-12-31": "0.83570", "2019-09-30": "-3.37760", "2019-06-30": "-2.52610", "2019-03-31": "-0.68290", "2018-12-31": "-0.22220", "2018-09-30": "0.55720", "2018-06-30": "-0.89220", "2018-03-31": "-1.53620", "2017-12-31": "3.91020", "2017-09-30": "1.10880", "2017-06-30": "-1.34490", "2017-03-31": "1.10650", "2016-12-31": "-11.25710", "2016-09-30": "1.34180", "2016-06-30": "0.69120", "2016-03-31": "-0.11770", "2015-12-31": "2.00800", "2015-09-30": "1.56370", "2015-06-30": "1.73770", "2015-03-31": "1.01130", "2014-12-31": "1.92790", "2014-09-30": "1.15680", "2014-06-30": "1.62810", "2014-03-31": "1.10850", "2013-12-31": "1.78960", "2013-09-30": "1.81920", "2013-06-30": "1.53730", "2013-03-31": "1.91620", "2012-12-31": "2.13900", "2012-09-30": "1.86180", "2012-06-30": "1.74460", "2012-03-31": "1.99610", "2011-12-31": "2.78190", "2011-09-30": "2.92040", "2011-06-30": "1.40130", "2011-03-31": "1.95730", "2010-12-31": "2.87140", "2010-09-30": "2.65420", "2010-06-30": "2.39920", "2010-03-31": "1.81780", "2009-12-31": "2.92150", "2009-09-30": "3.89490", "2009-06-30": "2.75020", "2009-03-31": "2.01580", "2008-12-31": "1.14930", "2008-09-30": "1.70060", "2008-06-30": "1.29810", "2008-03-31": "0.33040", "2007-12-31": "2.26880", "2007-09-30": "1.72070", "2007-06-30": "1.56370", "2007-03-31": "1.26350", "2006-12-31": "3.89190", "2006-09-30": "1.50180", "2006-06-30": "1.22650", "2006-03-31": "1.40910", "2005-12-31": "-1.09220", "2005-09-30": "0.96430", "2005-06-30": "0.30860", "2005-03-31": ""}, "Return On Tangible Equity": {"2020-09-30": "-1.42300", "2020-06-30": "0.31580", "2020-03-31": "3.87390", "2019-12-31": "-1.84090", "2019-09-30": "6.91450", "2019-06-30": "6.54990", "2019-03-31": "1.98300", "2018-12-31": "0.79430", "2018-09-30": "-1.74140", "2018-06-30": "2.67860", "2018-03-31": "4.79130", "2017-12-31": "-12.79460", "2017-09-30": "-3.09610", "2017-06-30": "3.41760", "2017-03-31": "-2.76200", "2016-12-31": "26.05640", "2016-09-30": "-3.22670", "2016-06-30": "-1.53880", "2016-03-31": "0.24960", "2015-12-31": "-8.43430", "2015-09-30": "-5.72510", "2015-06-30": "-5.81530", "2015-03-31": "-3.05450", "2014-12-31": "-5.42650", "2014-09-30": "-2.86940", "2014-06-30": "-6.40180", "2014-03-31": "-5.02430", "2013-12-31": "-7.07930", "2013-09-30": "-9.53660", "2013-06-30": "-7.14110", "2013-03-31": "-7.61710", "2012-12-31": "-8.09770", "2012-09-30": "-5.96820", "2012-06-30": "-4.89570", "2012-03-31": "-5.24750", "2011-12-31": "-6.90080", "2011-09-30": "-6.11930", "2011-06-30": "-2.80990", "2011-03-31": "-3.74130", "2010-12-31": "-4.78960", "2010-09-30": "-5.90080", "2010-06-30": "-4.79670", "2010-03-31": "-3.47540", "2009-12-31": "119.51230", "2009-09-30": "-125.18530", "2009-06-30": "-29.21680", "2009-03-31": "-14.25760", "2008-12-31": "-6.57420", "2008-09-30": "-9.46430", "2008-06-30": "-5.94390", "2008-03-31": "-1.32680", "2007-12-31": "-8.71340", "2007-09-30": "11.44450", "2007-06-30": "11.59540", "2007-03-31": "5.11840", "2006-12-31": "16.91400", "2006-09-30": "9.76310", "2006-06-30": "10.58350", "2006-03-31": "3.81580", "2005-12-31": "-2.98630", "2005-09-30": "2.94380", "2005-06-30": "1.01060", "2005-03-31": ""}, "ROA - Return On Assets": {"2020-09-30": "0.21170", "2020-06-30": "-0.04960", "2020-03-31": "-0.62230", "2019-12-31": "0.29770", "2019-09-30": "-1.15940", "2019-06-30": "-0.89580", "2019-03-31": "-0.25150", "2018-12-31": "-0.08530", "2018-09-30": "0.21620", "2018-06-30": "-0.34450", "2018-03-31": "-0.58940", "2017-12-31": "1.53130", "2017-09-30": "0.43080", "2017-06-30": "-0.52540", "2017-03-31": "0.43550", "2016-12-31": "-4.30510", "2016-09-30": "0.54020", "2016-06-30": "0.27540", "2016-03-31": "-0.04660", "2015-12-31": "1.00590", "2015-09-30": "0.73990", "2015-06-30": "0.82160", "2015-03-31": "0.46790", "2014-12-31": "0.87910", "2014-09-30": "0.50380", "2014-06-30": "0.74710", "2014-03-31": "0.53510", "2013-12-31": "0.83730", "2013-09-30": "0.86290", "2013-06-30": "0.74970", "2013-03-31": "0.90660", "2012-12-31": "0.99860", "2012-09-30": "0.83910", "2012-06-30": "0.77960", "2012-03-31": "0.88900", "2011-12-31": "1.24200", "2011-09-30": "1.22740", "2011-06-30": "0.59580", "2011-03-31": "0.82630", "2010-12-31": "1.17430", "2010-09-30": "1.12930", "2010-06-30": "0.99860", "2010-03-31": "0.75100", "2009-12-31": "1.59580", "2009-09-30": "1.92810", "2009-06-30": "1.32460", "2009-03-31": "0.94040", "2008-12-31": "0.52570", "2008-09-30": "0.76960", "2008-06-30": "0.57970", "2008-03-31": "0.14500", "2007-12-31": "0.98070", "2007-09-30": "0.97710", "2007-06-30": "0.92360", "2007-03-31": "0.81960", "2006-12-31": "2.39700", "2006-09-30": "0.84070", "2006-06-30": "0.69320", "2006-03-31": "1.17640", "2005-12-31": "-0.91960", "2005-09-30": "0.75640", "2005-06-30": "0.24710", "2005-03-31": ""}, "ROI - Return On Investment": {"2020-09-30": "0.28300", "2020-06-30": "-0.06680", "2020-03-31": "-0.82460", "2019-12-31": "0.39000", "2019-09-30": "-1.53890", "2019-06-30": "-1.18140", "2019-03-31": "-0.32890", "2018-12-31": "-0.10770", "2018-09-30": "0.26970", "2018-06-30": "-0.42610", "2018-03-31": "-0.71740", "2017-12-31": "1.84410", "2017-09-30": "0.55200", "2017-06-30": "-0.66910", "2017-03-31": "0.53960", "2016-12-31": "-5.39010", "2016-09-30": "0.66350", "2016-06-30": "0.33880", "2016-03-31": "-0.05650", "2015-12-31": "1.21060", "2015-09-30": "0.90980", "2015-06-30": "1.00080", "2015-03-31": "0.56700", "2014-12-31": "1.06090", "2014-09-30": "0.60660", "2014-06-30": "0.92470", "2014-03-31": "0.65320", "2013-12-31": "1.03000", "2013-09-30": "1.05210", "2013-06-30": "0.91870", "2013-03-31": "1.11460", "2012-12-31": "1.21420", "2012-09-30": "1.02090", "2012-06-30": "0.94780", "2012-03-31": "1.08360", "2011-12-31": "1.51100", "2011-09-30": "1.49620", "2011-06-30": "0.73040", "2011-03-31": "1.00860", "2010-12-31": "1.43680", "2010-09-30": "1.37200", "2010-06-30": "1.21050", "2010-03-31": "0.89720", "2009-12-31": "1.90810", "2009-09-30": "2.34650", "2009-06-30": "1.59830", "2009-03-31": "1.14500", "2008-12-31": "0.65070", "2008-09-30": "0.92100", "2008-06-30": "0.67590", "2008-03-31": "0.17060", "2007-12-31": "1.14250", "2007-09-30": "1.13560", "2007-06-30": "1.06090", "2007-03-31": "0.95400", "2006-12-31": "2.75060", "2006-09-30": "1.00740", "2006-06-30": "1.20600", "2006-03-31": "1.39300", "2005-12-31": "-1.07930", "2005-09-30": "0.95280", "2005-06-30": "0.30470", "2005-03-31": ""}, "Book Value Per Share": {"2020-09-30": "32.34160", "2020-06-30": "31.92390", "2020-03-31": "31.70390", "2019-12-31": "32.57830", "2019-09-30": "32.13520", "2019-06-30": "35.29000", "2019-03-31": "37.77940", "2018-12-31": "38.57140", "2018-09-30": "39.03210", "2018-06-30": "38.81880", "2018-03-31": "39.35820", "2017-12-31": "39.98760", "2017-09-30": "45.40730", "2017-06-30": "44.45630", "2017-03-31": "44.79090", "2016-12-31": "44.07220", "2016-09-30": "49.13260", "2016-06-30": "48.47760", "2016-03-31": "48.18700", "2015-12-31": "43.01020", "2015-09-30": "42.21010", "2015-06-30": "41.91660", "2015-03-31": "41.18580", "2014-12-31": "41.23610", "2014-09-30": "40.65900", "2014-06-30": "36.05010", "2014-03-31": "35.15200", "2013-12-31": "34.88660", "2013-09-30": "34.23230", "2013-06-30": "33.22260", "2013-03-31": "33.08120", "2012-12-31": "32.57880", "2012-09-30": "32.00810", "2012-06-30": "30.93170", "2012-03-31": "30.76010", "2011-12-31": "29.88550", "2011-09-30": "28.98310", "2011-06-30": "28.54080", "2011-03-31": "28.50530", "2010-12-31": "27.59500", "2010-09-30": "26.46840", "2010-06-30": "25.50020", "2010-03-31": "25.81960", "2009-12-31": "23.63290", "2009-09-30": "22.56640", "2009-06-30": "21.05690", "2009-03-31": "20.01970", "2008-12-31": "19.65860", "2008-09-30": "20.70810", "2008-06-30": "20.45940", "2008-03-31": "19.99370", "2007-12-31": "20.16760", "2007-09-30": "19.68400", "2007-06-30": "19.23130", "2007-03-31": "18.82870", "2006-12-31": "18.46830", "2006-09-30": "17.64490", "2006-06-30": "17.24570", "2006-03-31": "16.90580", "2005-12-31": "16.51300", "2005-09-30": "16.52280", "2005-06-30": "16.17050", "2005-03-31": ""}, "Operating Cash Flow Per Share": {"2020-09-30": -0.0275, "2020-06-30": 1.0811, "2020-03-31": "1.11010", "2019-12-31": 4.6634, "2019-09-30": 0.6447, "2019-06-30": 0.8426, "2019-03-31": "-0.67560", "2018-12-31": 4.2614, "2018-09-30": 0.6696, "2018-06-30": 3.0781, "2018-03-31": "1.02300", "2017-12-31": 4.2197, "2017-09-30": -1.1789, "2017-06-30": 4.3811, "2017-03-31": "1.36280", "2016-12-31": 3.4119, "2016-09-30": 0.998, "2016-06-30": 2.0782, "2016-03-31": "2.10440", "2015-12-31": 2.7801, "2015-09-30": 0.4632, "2015-06-30": 1.5367, "2015-03-31": "1.86990", "2014-12-31": 3.8725, "2014-09-30": -0.3628, "2014-06-30": 1.2428, "2014-03-31": "0.95230", "2013-12-31": 3.073, "2013-09-30": 0.8474, "2013-06-30": 0.3436, "2013-03-31": "1.53050", "2012-12-31": 2.6904, "2012-09-30": 0.2724, "2012-06-30": 1.14, "2012-03-31": "1.40820", "2011-12-31": 2.8454, "2011-09-30": -0.5441, "2011-06-30": 1.0322, "2011-03-31": "0.89030", "2010-12-31": 2.6216, "2010-09-30": 0.898, "2010-06-30": 1.6806, "2010-03-31": "1.56330", "2009-12-31": 2.3235, "2009-09-30": 0.3999, "2009-06-30": 0.2004, "2009-03-31": "0.27290", "2008-12-31": 2.6399, "2008-09-30": 1.1572, "2008-06-30": 0.7423, "2008-03-31": "1.04180", "2007-12-31": 1.7955, "2007-09-30": -0.7187, "2007-06-30": 0.3785, "2007-03-31": "1.61960", "2006-12-31": 1.126, "2006-09-30": -0.5294, "2006-06-30": 0.3132, "2006-03-31": "0.98940", "2005-12-31": 0.7439, "2005-09-30": -0.4898, "2005-06-30": 0.3926, "2005-03-31": "1.01870"}, "Free Cash Flow Per Share": {"2020-09-30": -0.3438, "2020-06-30": 0.6984, "2020-03-31": "0.71580", "2019-12-31": 3.9953, "2019-09-30": 0.1972, "2019-06-30": 0.3736, "2019-03-31": "-1.18890", "2018-12-31": 3.3185, "2018-09-30": 0.2941, "2018-06-30": 2.4119, "2018-03-31": "0.34160", "2017-12-31": 3.6648, "2017-09-30": -1.6078, "2017-06-30": 3.7572, "2017-03-31": "0.76390", "2016-12-31": 2.5609, "2016-09-30": 0.1932, "2016-06-30": 1.0897, "2016-03-31": "1.63380", "2015-12-31": 2.4319, "2015-09-30": 0.0531, "2015-06-30": 1.1289, "2015-03-31": "1.38610", "2014-12-31": 3.286, "2014-09-30": -1.1182, "2014-06-30": 0.927, "2014-03-31": "0.47940", "2013-12-31": 2.4476, "2013-09-30": 0.4237, "2013-06-30": -0.2153, "2013-03-31": "1.16450", "2012-12-31": 2.0004, "2012-09-30": -0.1206, "2012-06-30": 0.7516, "2012-03-31": "0.98940", "2011-12-31": 2.4224, "2011-09-30": -1.1627, "2011-06-30": 0.5129, "2011-03-31": "0.60360", "2010-12-31": 2.3671, "2010-09-30": 0.5224, "2010-06-30": 1.4078, "2010-03-31": "1.37420", "2009-12-31": 2.1269, "2009-09-30": 0.1784, "2009-06-30": -0.0784, "2009-03-31": "-0.15780", "2008-12-31": 2.1726, "2008-09-30": 0.8386, "2008-06-30": 0.0614, "2008-03-31": "0.79930", "2007-12-31": 1.6248, "2007-09-30": -0.9747, "2007-06-30": 0.3002, "2007-03-31": "1.53940", "2006-12-31": 0.9932, "2006-09-30": -0.5533, "2006-06-30": 0.2312, "2006-03-31": "0.93430", "2005-12-31": 0.6422, "2005-09-30": -0.5966, "2005-06-30": 0.2283, "2005-03-31": "0.93410"}}, "revenue": {"TreeHouse Foods Annual Revenue (Millions of US $)": {"2019": "$4,289", "2018": "$4,588", "2017": "$4,853", "2016": "$6,175", "2015": "$3,206", "2014": "$2,946", "2013": "$2,294", "2012": "$2,182", "2011": "$2,050", "2010": "$1,817", "2009": "$1,512", "2008": "$1,501", "2007": "$1,158", "2006": "$939", "2005": "$708"}, "TreeHouse Foods Quarterly Revenue (Millions of US $)": {"2020-09-30": "$1,046", "2020-06-30": "$1,042", "2020-03-31": "$1,085", "2019-12-31": "$1,140", "2019-09-30": "$1,057", "2019-06-30": "$1,025", "2019-03-31": "$1,067", "2018-12-31": "$533", "2018-09-30": "$1,118", "2018-06-30": "$1,456", "2018-03-31": "$1,481", "2017-12-31": "$245", "2017-09-30": "$1,549", "2017-06-30": "$1,522", "2017-03-31": "$1,536", "2016-12-31": "$1,777", "2016-09-30": "$1,587", "2016-06-30": "$1,541", "2016-03-31": "$1,270", "2015-12-31": "$865", "2015-09-30": "$799", "2015-06-30": "$759", "2015-03-31": "$783", "2014-12-31": "$904", "2014-09-30": "$796", "2014-06-30": "$628", "2014-03-31": "$619", "2013-12-31": "$660", "2013-09-30": "$567", "2013-06-30": "$526", "2013-03-31": "$540", "2012-12-31": "$593", "2012-09-30": "$538", "2012-06-30": "$527", "2012-03-31": "$524", "2011-12-31": "$536", "2011-09-30": "$528", "2011-06-30": "$493", "2011-03-31": "$494", "2010-12-31": "$509", "2010-09-30": "$464", "2010-06-30": "$446", "2010-03-31": "$397", "2009-12-31": "$405", "2009-09-30": "$379", "2009-06-30": "$373", "2009-03-31": "$355", "2008-12-31": "$398", "2008-09-30": "$375", "2008-06-30": "$367", "2008-03-31": "$361", "2007-12-31": "$371", "2007-09-30": "$272", "2007-06-30": "$256", "2007-03-31": "$259", "2006-12-31": "$283", "2006-09-30": "$252", "2006-06-30": "$232", "2006-03-31": "$173", "2005-12-31": "$184", "2005-09-30": "$172", "2005-06-30": "$185", "2005-03-31": "$166"}}, "gross-profit": {"TreeHouse Foods Annual Gross Profit (Millions of US $)": {"2019": "$797", "2018": "$892", "2017": "$978", "2016": "$1,126", "2015": "$644", "2014": "$607", "2013": "$476", "2012": "$454", "2011": "$473", "2010": "$431", "2009": "$326", "2008": "$292", "2007": "$240", "2006": "$201", "2005": "$148"}, "TreeHouse Foods Quarterly Gross Profit (Millions of US $)": {"2020-09-30": "$188", "2020-06-30": "$191", "2020-03-31": "$195", "2019-12-31": "$225", "2019-09-30": "$186", "2019-06-30": "$189", "2019-03-31": "$196", "2018-12-31": "$210", "2018-09-30": "$214", "2018-06-30": "$237", "2018-03-31": "$232", "2017-12-31": "$155", "2017-09-30": "$260", "2017-06-30": "$277", "2017-03-31": "$286", "2016-12-31": "$350", "2016-09-30": "$286", "2016-06-30": "$266", "2016-03-31": "$225", "2015-12-31": "$182", "2015-09-30": "$159", "2015-06-30": "$151", "2015-03-31": "$152", "2014-12-31": "$179", "2014-09-30": "$159", "2014-06-30": "$136", "2014-03-31": "$133", "2013-12-31": "$137", "2013-09-30": "$115", "2013-06-30": "$110", "2013-03-31": "$114", "2012-12-31": "$119", "2012-09-30": "$113", "2012-06-30": "$107", "2012-03-31": "$115", "2011-12-31": "$117", "2011-09-30": "$126", "2011-06-30": "$109", "2011-03-31": "$121", "2010-12-31": "$126", "2010-09-30": "$110", "2010-06-30": "$106", "2010-03-31": "$89", "2009-12-31": "$94", "2009-09-30": "$81", "2009-06-30": "$80", "2009-03-31": "$72", "2008-12-31": "$80", "2008-09-30": "$73", "2008-06-30": "$69", "2008-03-31": "$70", "2007-12-31": "$76", "2007-09-30": "$59", "2007-06-30": "$54", "2007-03-31": "$52", "2006-12-31": "$57", "2006-09-30": "$54", "2006-06-30": "$49", "2006-03-31": "$40", "2005-12-31": "$35", "2005-09-30": "$34", "2005-06-30": "$40", "2005-03-31": "$38"}}, "operating-income": {"TreeHouse Foods Annual Operating Income (Millions of US $)": {"2019": "$-16", "2018": "$83", "2017": "$79", "2016": "$-96", "2015": "$240", "2014": "$218", "2013": "$178", "2012": "$177", "2011": "$188", "2010": "$177", "2009": "$131", "2008": "$87", "2007": "$85", "2006": "$84", "2005": "$29"}, "TreeHouse Foods Quarterly Operating Income (Millions of US $)": {"2020-09-30": "$40", "2020-06-30": "$25", "2020-03-31": "$30", "2019-12-31": "$32", "2019-09-30": "$-56", "2019-06-30": "$-8", "2019-03-31": "$16", "2018-12-31": "$49", "2018-09-30": "$39", "2018-06-30": "$4", "2018-03-31": "$-9", "2017-12-31": "$-22", "2017-09-30": "$58", "2017-06-30": "$-24", "2017-03-31": "$67", "2016-12-31": "$-244", "2016-09-30": "$78", "2016-06-30": "$52", "2016-03-31": "$19", "2015-12-31": "$76", "2015-09-30": "$62", "2015-06-30": "$55", "2015-03-31": "$47", "2014-12-31": "$75", "2014-09-30": "$48", "2014-06-30": "$45", "2014-03-31": "$50", "2013-12-31": "$52", "2013-09-30": "$41", "2013-06-30": "$41", "2013-03-31": "$44", "2012-12-31": "$49", "2012-09-30": "$41", "2012-06-30": "$41", "2012-03-31": "$45", "2011-12-31": "$57", "2011-09-30": "$53", "2011-06-30": "$34", "2011-03-31": "$45", "2010-12-31": "$57", "2010-09-30": "$48", "2010-06-30": "$41", "2010-03-31": "$31", "2009-12-31": "$31", "2009-09-30": "$45", "2009-06-30": "$28", "2009-03-31": "$27", "2008-12-31": "$31", "2008-09-30": "$24", "2008-06-30": "$19", "2008-03-31": "$12", "2007-12-31": "$28", "2007-09-30": "$22", "2007-06-30": "$19", "2007-03-31": "$16", "2006-12-31": "$41", "2006-09-30": "$17", "2006-06-30": "$14", "2006-03-31": "$12", "2005-12-31": "$-8", "2005-09-30": "$9", "2005-06-30": "$9", "2005-03-31": "$18"}}, "ebitda": {"TreeHouse Foods Annual EBITDA (Millions of US $)": {"2019": "$194", "2018": "$309", "2017": "$312", "2016": "$545", "2015": "$362", "2014": "$334", "2013": "$287", "2012": "$275", "2011": "$271", "2010": "$246", "2009": "$178", "2008": "$133", "2007": "$120", "2006": "$109", "2005": "$46"}, "TreeHouse Foods Quarterly EBITDA (Millions of US $)": {"2020-09-30": "$91", "2020-06-30": "$75", "2020-03-31": "$80", "2019-12-31": "$85", "2019-09-30": "$-5", "2019-06-30": "$44", "2019-03-31": "$71", "2018-12-31": "$98", "2018-09-30": "$87", "2018-06-30": "$66", "2018-03-31": "$58", "2017-12-31": "$-2", "2017-09-30": "$132", "2017-06-30": "$43", "2017-03-31": "$140", "2016-12-31": "$189", "2016-09-30": "$149", "2016-06-30": "$127", "2016-03-31": "$80", "2015-12-31": "$106", "2015-09-30": "$92", "2015-06-30": "$86", "2015-03-31": "$77", "2014-12-31": "$108", "2014-09-30": "$78", "2014-06-30": "$70", "2014-03-31": "$77", "2013-12-31": "$80", "2013-09-30": "$66", "2013-06-30": "$69", "2013-03-31": "$71", "2012-12-31": "$80", "2012-09-30": "$65", "2012-06-30": "$64", "2012-03-31": "$66", "2011-12-31": "$79", "2011-09-30": "$74", "2011-06-30": "$54", "2011-03-31": "$65", "2010-12-31": "$76", "2010-09-30": "$66", "2010-06-30": "$59", "2010-03-31": "$45", "2009-12-31": "$44", "2009-09-30": "$57", "2009-06-30": "$39", "2009-03-31": "$38", "2008-12-31": "$42", "2008-09-30": "$36", "2008-06-30": "$31", "2008-03-31": "$24", "2007-12-31": "$39", "2007-09-30": "$30", "2007-06-30": "$27", "2007-03-31": "$24", "2006-12-31": "$48", "2006-09-30": "$25", "2006-06-30": "$20", "2006-03-31": "$17", "2005-12-31": "$-4", "2005-09-30": "$14", "2005-06-30": "$13", "2005-03-31": "$22"}}, "net-income": {"TreeHouse Foods Annual Net Income (Millions of US $)": {"2019": "$-361", "2018": "$-64", "2017": "$-280", "2016": "$-229", "2015": "$115", "2014": "$90", "2013": "$87", "2012": "$88", "2011": "$94", "2010": "$91", "2009": "$81", "2008": "$28", "2007": "$42", "2006": "$45", "2005": "$12"}, "TreeHouse Foods Quarterly Net Income (Millions of US $)": {"2020-09-30": "$12", "2020-06-30": "$-2", "2020-03-31": "$-31", "2019-12-31": "$16", "2019-09-30": "$-178", "2019-06-30": "$-172", "2019-03-31": "$-27", "2018-12-31": "$-13", "2018-09-30": "$3", "2018-06-30": "$-20", "2018-03-31": "$-34", "2017-12-31": "$-302", "2017-09-30": "$29", "2017-06-30": "$-34", "2017-03-31": "$28", "2016-12-31": "$-282", "2016-09-30": "$37", "2016-06-30": "$19", "2016-03-31": "$-3", "2015-12-31": "$37", "2015-09-30": "$28", "2015-06-30": "$31", "2015-03-31": "$18", "2014-12-31": "$34", "2014-09-30": "$20", "2014-06-30": "$22", "2014-03-31": "$14", "2013-12-31": "$23", "2013-09-30": "$23", "2013-06-30": "$19", "2013-03-31": "$23", "2012-12-31": "$25", "2012-09-30": "$22", "2012-06-30": "$20", "2012-03-31": "$22", "2011-12-31": "$30", "2011-09-30": "$30", "2011-06-30": "$14", "2011-03-31": "$20", "2010-12-31": "$28", "2010-09-30": "$25", "2010-06-30": "$22", "2010-03-31": "$16", "2009-12-31": "$22", "2009-09-30": "$28", "2009-06-30": "$18", "2009-03-31": "$13", "2008-12-31": "$7", "2008-09-30": "$11", "2008-06-30": "$8", "2008-03-31": "$2", "2007-12-31": "$14", "2007-09-30": "$11", "2007-06-30": "$9", "2007-03-31": "$7", "2006-12-31": "$23", "2006-09-30": "$8", "2006-06-30": "$7", "2006-03-31": "$7", "2005-12-31": "$-6", "2005-09-30": "$5", "2005-06-30": "$1", "2005-03-31": "$11"}}, "eps-earnings-per-share-diluted": {"TreeHouse Foods Annual EPS": {"2019": "$-6.42", "2018": "$-1.15", "2017": "$-4.85", "2016": "$-4.10", "2015": "$2.63", "2014": "$2.23", "2013": "$2.33", "2012": "$2.38", "2011": "$2.56", "2010": "$2.51", "2009": "$2.48", "2008": "$0.90", "2007": "$1.33", "2006": "$1.43", "2005": "$0.37"}, "TreeHouse Foods Quarterly EPS": {"2020-09-30": "$0.21", "2020-06-30": "$-0.03", "2020-03-31": "$-0.55", "2019-12-31": "$0.27", "2019-09-30": "$-3.16", "2019-06-30": "$-3.05", "2019-03-31": "$-0.48", "2018-12-31": "$-0.25", "2018-09-30": "$0.05", "2018-06-30": "$-0.35", "2018-03-31": "$-0.60", "2017-12-31": "$-5.24", "2017-09-30": "$0.50", "2017-06-30": "$-0.60", "2017-03-31": "$0.49", "2016-12-31": "$-5.02", "2016-09-30": "$0.65", "2016-06-30": "$0.33", "2016-03-31": "$-0.06", "2015-12-31": "$0.85", "2015-09-30": "$0.65", "2015-06-30": "$0.72", "2015-03-31": "$0.41", "2014-12-31": "$0.81", "2014-09-30": "$0.47", "2014-06-30": "$0.57", "2014-03-31": "$0.38", "2013-12-31": "$0.60", "2013-09-30": "$0.61", "2013-06-30": "$0.50", "2013-03-31": "$0.62", "2012-12-31": "$0.67", "2012-09-30": "$0.58", "2012-06-30": "$0.53", "2012-03-31": "$0.60", "2011-12-31": "$0.81", "2011-09-30": "$0.82", "2011-06-30": "$0.39", "2011-03-31": "$0.54", "2010-12-31": "$0.76", "2010-09-30": "$0.68", "2010-06-30": "$0.60", "2010-03-31": "$0.47", "2009-12-31": "$0.66", "2009-09-30": "$0.85", "2009-06-30": "$0.58", "2009-03-31": "$0.39", "2008-12-31": "$0.22", "2008-09-30": "$0.35", "2008-06-30": "$0.26", "2008-03-31": "$0.07", "2007-12-31": "$0.45", "2007-09-30": "$0.34", "2007-06-30": "$0.30", "2007-03-31": "$0.24", "2006-12-31": "$0.72", "2006-09-30": "$0.26", "2006-06-30": "$0.21", "2006-03-31": "$0.24", "2005-12-31": "$-0.19", "2005-09-30": "$0.16", "2005-06-30": "$0.04", "2005-03-31": "$0.36"}}, "shares-outstanding": {"TreeHouse Foods Annual Shares Outstanding (Millions of Shares)": {"2019": "56", "2018": "56", "2017": "58", "2016": "56", "2015": "44", "2014": "40", "2013": "37", "2012": "37", "2011": "37", "2010": "36", "2009": "33", "2008": "31", "2007": "31", "2006": "31", "2005": "31"}, "TreeHouse Foods Quarterly Shares Outstanding (Millions of Shares)": {"2020-09-30": "57", "2020-06-30": "57", "2020-03-31": "56", "2019-12-31": "56", "2019-09-30": "56", "2019-06-30": "56", "2019-03-31": "56", "2018-12-31": "56", "2018-09-30": "57", "2018-06-30": "56", "2018-03-31": "57", "2017-12-31": "58", "2017-09-30": "58", "2017-06-30": "57", "2017-03-31": "58", "2016-12-31": "56", "2016-09-30": "58", "2016-06-30": "58", "2016-03-31": "53", "2015-12-31": "44", "2015-09-30": "44", "2015-06-30": "44", "2015-03-31": "44", "2014-12-31": "40", "2014-09-30": "42", "2014-06-30": "38", "2014-03-31": "38", "2013-12-31": "37", "2013-09-30": "37", "2013-06-30": "37", "2013-03-31": "37", "2012-12-31": "37", "2012-09-30": "37", "2012-06-30": "37", "2012-03-31": "37", "2011-12-31": "37", "2011-09-30": "37", "2011-06-30": "37", "2011-03-31": "37", "2010-12-31": "36", "2010-09-30": "36", "2010-06-30": "36", "2010-03-31": "35", "2009-12-31": "33", "2009-09-30": "33", "2009-06-30": "32", "2009-03-31": "32", "2008-12-31": "31", "2008-09-30": "32", "2008-06-30": "31", "2008-03-31": "31", "2007-12-31": "31", "2007-09-30": "31", "2007-06-30": "31", "2007-03-31": "31", "2006-12-31": "31", "2006-09-30": "31", "2006-06-30": "31", "2006-03-31": "31", "2005-12-31": "31", "2005-09-30": "31", "2005-06-30": "31", "2005-03-31": "31"}}, "total-assets": {"TreeHouse Foods Annual Total Assets (Millions of US $)": {"2019": "$5,139", "2018": "$5,629", "2017": "$5,779", "2016": "$6,546", "2015": "$3,703", "2014": "$3,858", "2013": "$2,721", "2012": "$2,526", "2011": "$2,405", "2010": "$2,391", "2009": "$1,384", "2008": "$1,356", "2007": "$1,456", "2006": "$936", "2005": "$610"}, "TreeHouse Foods Quarterly Total Assets (Millions of US $)": {"2020-09-30": "$5,386", "2020-06-30": "$5,242", "2020-03-31": "$5,271", "2019-12-31": "$5,139", "2019-09-30": "$5,261", "2019-06-30": "$5,593", "2019-03-31": "$5,765", "2018-12-31": "$5,629", "2018-09-30": "$5,644", "2018-06-30": "$5,661", "2018-03-31": "$5,786", "2017-12-31": "$5,779", "2017-09-30": "$6,686", "2017-06-30": "$6,510", "2017-03-31": "$6,475", "2016-12-31": "$6,546", "2016-09-30": "$6,923", "2016-06-30": "$6,899", "2016-03-31": "$6,864", "2015-12-31": "$3,703", "2015-09-30": "$3,844", "2015-06-30": "$3,817", "2015-03-31": "$3,815", "2014-12-31": "$3,858", "2014-09-30": "$3,947", "2014-06-30": "$2,912", "2014-03-31": "$2,676", "2013-12-31": "$2,721", "2013-09-30": "$2,626", "2013-06-30": "$2,476", "2013-03-31": "$2,534", "2012-12-31": "$2,526", "2012-09-30": "$2,569", "2012-06-30": "$2,503", "2012-03-31": "$2,483", "2011-12-31": "$2,405", "2011-09-30": "$2,476", "2011-06-30": "$2,408", "2011-03-31": "$2,397", "2010-12-31": "$2,391", "2010-09-30": "$2,202", "2010-06-30": "$2,168", "2010-03-31": "$2,173", "2009-12-31": "$1,384", "2009-09-30": "$1,456", "2009-06-30": "$1,391", "2009-03-31": "$1,354", "2008-12-31": "$1,356", "2008-09-30": "$1,440", "2008-06-30": "$1,430", "2008-03-31": "$1,421", "2007-12-31": "$1,456", "2007-09-30": "$1,082", "2007-06-30": "$1,016", "2007-03-31": "$906", "2006-12-31": "$936", "2006-09-30": "$983", "2006-06-30": "$952", "2006-03-31": "$630", "2005-12-31": "$610", "2005-09-30": "$655", "2005-06-30": "$622", "2005-03-31": "$0"}}, "cash-on-hand": {"TreeHouse Foods Annual Cash on Hand (Millions of US $)": {"2019": "$202", "2018": "$164", "2017": "$133", "2016": "$73", "2015": "$43", "2014": "$61", "2013": "$55", "2012": "$94", "2011": "$3", "2010": "$6", "2009": "$4", "2008": "$3", "2007": "$9", "2006": "$0", "2005": "$8"}, "TreeHouse Foods Quarterly Cash on Hand (Millions of US $)": {"2020-09-30": "$365", "2020-06-30": "$294", "2020-03-31": "$330", "2019-12-31": "$202", "2019-09-30": "$45", "2019-06-30": "$64", "2019-03-31": "$79", "2018-12-31": "$164", "2018-09-30": "$68", "2018-06-30": "$113", "2018-03-31": "$142", "2017-12-31": "$133", "2017-09-30": "$145", "2017-06-30": "$186", "2017-03-31": "$79", "2016-12-31": "$73", "2016-09-30": "$57", "2016-06-30": "$61", "2016-03-31": "$70", "2015-12-31": "$43", "2015-09-30": "$31", "2015-06-30": "$54", "2015-03-31": "$63", "2014-12-31": "$61", "2014-09-30": "$31", "2014-06-30": "$26", "2014-03-31": "$24", "2013-12-31": "$55", "2013-09-30": "$116", "2013-06-30": "$36", "2013-03-31": "$99", "2012-12-31": "$94", "2012-09-30": "$84", "2012-06-30": "$74", "2012-03-31": "$67", "2011-12-31": "$3", "2011-09-30": "$3", "2011-06-30": "$2", "2011-03-31": "$2", "2010-12-31": "$6", "2010-09-30": "$3", "2010-06-30": "$3", "2010-03-31": "$4", "2009-12-31": "$4", "2009-09-30": "$4", "2009-06-30": "$2", "2009-03-31": "$2", "2008-12-31": "$3", "2008-09-30": "$2", "2008-06-30": "$4", "2008-03-31": "$3", "2007-12-31": "$9", "2007-09-30": "$0", "2007-06-30": "$0", "2007-03-31": "$0", "2006-12-31": "$0", "2006-09-30": "$0", "2006-06-30": "$0", "2006-03-31": "$24", "2005-12-31": "$8", "2005-09-30": "$3", "2005-06-30": "$2", "2005-03-31": ""}}, "long-term-debt": {"TreeHouse Foods Annual Long Term Debt (Millions of US $)": {"2019": "$2,092", "2018": "$2,297", "2017": "$2,536", "2016": "$2,725", "2015": "$1,222", "2014": "$1,438", "2013": "$939", "2012": "$898", "2011": "$903", "2010": "$976", "2009": "$402", "2008": "$475", "2007": "$620", "2006": "$239", "2005": "$6"}, "TreeHouse Foods Quarterly Long Term Debt (Millions of US $)": {"2020-09-30": "$2,202", "2020-06-30": "$2,087", "2020-03-31": "$2,190", "2019-12-31": "$2,092", "2019-09-30": "$2,158", "2019-06-30": "$2,258", "2019-03-31": "$2,285", "2018-12-31": "$2,297", "2018-09-30": "$2,333", "2018-06-30": "$2,391", "2018-03-31": "$2,533", "2017-12-31": "$2,536", "2017-09-30": "$2,620", "2017-06-30": "$2,568", "2017-03-31": "$2,677", "2016-12-31": "$2,725", "2016-09-30": "$2,850", "2016-06-30": "$2,860", "2016-03-31": "$2,942", "2015-12-31": "$1,222", "2015-09-30": "$1,307", "2015-06-30": "$1,329", "2015-03-31": "$1,383", "2014-12-31": "$1,438", "2014-09-30": "$1,559", "2014-06-30": "$1,017", "2014-03-31": "$900", "2013-12-31": "$939", "2013-09-30": "$909", "2013-06-30": "$813", "2013-03-31": "$862", "2012-12-31": "$898", "2012-09-30": "$953", "2012-06-30": "$940", "2012-03-31": "$931", "2011-12-31": "$903", "2011-09-30": "$990", "2011-06-30": "$940", "2011-03-31": "$952", "2010-12-31": "$976", "2010-09-30": "$876", "2010-06-30": "$886", "2010-03-31": "$921", "2009-12-31": "$402", "2009-09-30": "$475", "2009-06-30": "$483", "2009-03-31": "$480", "2008-12-31": "$475", "2008-09-30": "$551", "2008-06-30": "$588", "2008-03-31": "$584", "2007-12-31": "$620", "2007-09-30": "$316", "2007-06-30": "$284", "2007-03-31": "$191", "2006-12-31": "$239", "2006-09-30": "$270", "2006-06-30": "$9", "2006-03-31": "$6", "2005-12-31": "$6", "2005-09-30": "$6", "2005-06-30": "$6", "2005-03-31": ""}}, "total-liabilities": {"TreeHouse Foods Annual Total Liabilities (Millions of US $)": {"2019": "$3,309", "2018": "$3,469", "2017": "$3,516", "2016": "$4,043", "2015": "$1,848", "2014": "$2,099", "2013": "$1,448", "2012": "$1,347", "2011": "$1,331", "2010": "$1,413", "2009": "$628", "2008": "$736", "2007": "$827", "2006": "$359", "2005": "$96"}, "TreeHouse Foods Quarterly Total Liabilities (Millions of US $)": {"2020-09-30": "$3,559", "2020-06-30": "$3,438", "2020-03-31": "$3,483", "2019-12-31": "$3,309", "2019-09-30": "$3,455", "2019-06-30": "$3,610", "2019-03-31": "$3,642", "2018-12-31": "$3,469", "2018-09-30": "$3,455", "2018-06-30": "$3,475", "2018-03-31": "$3,566", "2017-12-31": "$3,516", "2017-09-30": "$4,088", "2017-06-30": "$3,967", "2017-03-31": "$3,926", "2016-12-31": "$4,043", "2016-09-30": "$4,136", "2016-06-30": "$4,150", "2016-03-31": "$4,145", "2015-12-31": "$1,848", "2015-09-30": "$2,025", "2015-06-30": "$2,012", "2015-03-31": "$2,050", "2014-12-31": "$2,099", "2014-09-30": "$2,228", "2014-06-30": "$1,576", "2014-03-31": "$1,384", "2013-12-31": "$1,448", "2013-09-30": "$1,381", "2013-06-30": "$1,269", "2013-03-31": "$1,335", "2012-12-31": "$1,347", "2012-09-30": "$1,411", "2012-06-30": "$1,384", "2012-03-31": "$1,377", "2011-12-31": "$1,331", "2011-09-30": "$1,435", "2011-06-30": "$1,384", "2011-03-31": "$1,385", "2010-12-31": "$1,413", "2010-09-30": "$1,265", "2010-06-30": "$1,266", "2010-03-31": "$1,275", "2009-12-31": "$628", "2009-09-30": "$735", "2009-06-30": "$721", "2009-03-31": "$722", "2008-12-31": "$736", "2008-09-30": "$788", "2008-06-30": "$792", "2008-03-31": "$797", "2007-12-31": "$827", "2007-09-30": "$467", "2007-06-30": "$416", "2007-03-31": "$318", "2006-12-31": "$359", "2006-09-30": "$433", "2006-06-30": "$414", "2006-03-31": "$104", "2005-12-31": "$96", "2005-09-30": "$141", "2005-06-30": "$124", "2005-03-31": ""}}, "total-share-holder-equity": {"TreeHouse Foods Annual Share Holder Equity (Millions of US $)": {"2019": "$1,831", "2018": "$2,160", "2017": "$2,263", "2016": "$2,503", "2015": "$1,855", "2014": "$1,759", "2013": "$1,273", "2012": "$1,179", "2011": "$1,074", "2010": "$978", "2009": "$756", "2008": "$620", "2007": "$629", "2006": "$576", "2005": "$513"}, "TreeHouse Foods Quarterly Share Holder Equity (Millions of US $)": {"2020-09-30": "$1,827", "2020-06-30": "$1,804", "2020-03-31": "$1,788", "2019-12-31": "$1,831", "2019-09-30": "$1,806", "2019-06-30": "$1,983", "2019-03-31": "$2,123", "2018-12-31": "$2,160", "2018-09-30": "$2,190", "2018-06-30": "$2,186", "2018-03-31": "$2,220", "2017-12-31": "$2,263", "2017-09-30": "$2,597", "2017-06-30": "$2,543", "2017-03-31": "$2,549", "2016-12-31": "$2,503", "2016-09-30": "$2,787", "2016-06-30": "$2,749", "2016-03-31": "$2,719", "2015-12-31": "$1,855", "2015-09-30": "$1,819", "2015-06-30": "$1,805", "2015-03-31": "$1,765", "2014-12-31": "$1,759", "2014-09-30": "$1,719", "2014-06-30": "$1,336", "2014-03-31": "$1,292", "2013-12-31": "$1,273", "2013-09-30": "$1,246", "2013-06-30": "$1,208", "2013-03-31": "$1,199", "2012-12-31": "$1,179", "2012-09-30": "$1,158", "2012-06-30": "$1,118", "2012-03-31": "$1,106", "2011-12-31": "$1,074", "2011-09-30": "$1,041", "2011-06-30": "$1,024", "2011-03-31": "$1,012", "2010-12-31": "$978", "2010-09-30": "$937", "2010-06-30": "$902", "2010-03-31": "$898", "2009-12-31": "$756", "2009-09-30": "$721", "2009-06-30": "$670", "2009-03-31": "$632", "2008-12-31": "$620", "2008-09-30": "$652", "2008-06-30": "$639", "2008-03-31": "$624", "2007-12-31": "$629", "2007-09-30": "$614", "2007-06-30": "$600", "2007-03-31": "$587", "2006-12-31": "$576", "2006-09-30": "$551", "2006-06-30": "$538", "2006-03-31": "$526", "2005-12-31": "$513", "2005-09-30": "$514", "2005-06-30": "$498", "2005-03-31": ""}}, "profit-margins": {"current": "-0.12%"}, "gross margin": {"2020-09-30": "18.53%", "2020-06-30": "18.43%", "2020-03-31": "18.46%", "2019-12-31": "18.56%", "2019-09-30": "21.21%", "2019-06-30": "21.61%", "2019-03-31": "20.53%", "2018-12-31": "19.46%", "2018-09-30": "19.49%", "2018-06-30": "18.69%", "2018-03-31": "19.26%", "2017-12-31": "20.16%", "2017-09-30": "18.37%", "2017-06-30": "18.67%", "2017-03-31": "18.44%", "2016-12-31": "18.25%", "2016-09-30": "18.22%", "2016-06-30": "18.59%", "2016-03-31": "19.42%", "2015-12-31": "20.09%", "2015-09-30": "19.75%", "2015-06-30": "19.77%", "2015-03-31": "20.12%", "2014-12-31": "20.60%", "2014-09-30": "20.90%", "2014-06-30": "21.06%", "2014-03-31": "20.87%", "2013-12-31": "20.76%", "2013-09-30": "20.58%", "2013-06-30": "20.76%", "2013-03-31": "20.61%", "2012-12-31": "20.81%", "2012-09-30": "21.27%", "2012-06-30": "21.99%", "2012-03-31": "22.44%", "2011-12-31": "23.06%", "2011-09-30": "23.81%", "2011-06-30": "23.78%", "2011-03-31": "24.20%", "2010-12-31": "23.73%", "2010-09-30": "23.31%", "2010-06-30": "22.74%", "2010-03-31": "22.14%", "2009-12-31": "21.63%", "2009-09-30": "20.80%", "2009-06-30": "20.32%", "2009-03-31": "19.67%", "2008-12-31": "19.45%", "2008-09-30": "19.54%", "2008-06-30": "19.99%", "2008-03-31": "20.56%", "2007-12-31": "20.81%", "2007-09-30": "20.75%", "2007-06-30": "20.67%", "2007-03-31": "20.66%", "2006-12-31": "21.28%", "2006-09-30": "21.17%", "2006-06-30": "20.76%", "2006-03-31": "20.87%", "2005-12-31": "20.79%"}, "operating margin": {"2020-09-30": "2.94%", "2020-06-30": "0.72%", "2020-03-31": "-0.05%", "2019-12-31": "-0.37%", "2019-09-30": "0.03%", "2019-06-30": "2.56%", "2019-03-31": "2.59%", "2018-12-31": "1.81%", "2018-09-30": "0.28%", "2018-06-30": "0.66%", "2018-03-31": "0.06%", "2017-12-31": "1.63%", "2017-09-30": "-2.24%", "2017-06-30": "-1.92%", "2017-03-31": "-0.73%", "2016-12-31": "-1.54%", "2016-09-30": "4.28%", "2016-06-30": "4.67%", "2016-03-31": "5.74%", "2015-12-31": "7.49%", "2015-09-30": "7.37%", "2015-06-30": "6.94%", "2015-03-31": "6.91%", "2014-12-31": "7.40%", "2014-09-30": "7.21%", "2014-06-30": "7.60%", "2014-03-31": "7.76%", "2013-12-31": "7.76%", "2013-09-30": "7.86%", "2013-06-30": "7.97%", "2013-03-31": "7.96%", "2012-12-31": "8.07%", "2012-09-30": "8.66%", "2012-06-30": "9.27%", "2012-03-31": "9.08%", "2011-12-31": "9.22%", "2011-09-30": "9.34%", "2011-06-30": "9.39%", "2011-03-31": "9.98%", "2010-12-31": "9.75%", "2010-09-30": "8.82%", "2010-06-30": "9.10%", "2010-03-31": "8.69%", "2009-12-31": "8.66%", "2009-09-30": "8.70%", "2009-06-30": "7.33%", "2009-03-31": "6.76%", "2008-12-31": "5.73%", "2008-09-30": "5.63%", "2008-06-30": "5.91%", "2008-03-31": "6.43%", "2007-12-31": "7.34%", "2007-09-30": "9.16%", "2007-06-30": "8.86%", "2007-03-31": "8.58%", "2006-12-31": "8.94%", "2006-09-30": "4.16%", "2006-06-30": "3.55%", "2006-03-31": "3.08%", "2005-12-31": "3.96%"}, "ebitda margin": {"2020-09-30": "7.67%", "2020-06-30": "5.43%", "2020-03-31": "4.74%", "2019-12-31": "4.55%", "2019-09-30": "5.65%", "2019-06-30": "8.01%", "2019-03-31": "7.71%", "2018-12-31": "6.73%", "2018-09-30": "4.86%", "2018-06-30": "5.37%", "2018-03-31": "4.82%", "2017-12-31": "6.45%", "2017-09-30": "7.89%", "2017-06-30": "8.11%", "2017-03-31": "9.39%", "2016-12-31": "8.83%", "2016-09-30": "8.78%", "2016-06-30": "9.05%", "2016-03-31": "9.86%", "2015-12-31": "11.26%", "2015-09-30": "11.19%", "2015-06-30": "10.76%", "2015-03-31": "10.70%", "2014-12-31": "11.30%", "2014-09-30": "11.28%", "2014-06-30": "11.84%", "2014-03-31": "12.31%", "2013-12-31": "12.47%", "2013-09-30": "12.85%", "2013-06-30": "12.97%", "2013-03-31": "12.74%", "2012-12-31": "12.60%", "2012-09-30": "12.89%", "2012-06-30": "13.38%", "2012-03-31": "13.12%", "2011-12-31": "13.26%", "2011-09-30": "13.29%", "2011-06-30": "13.32%", "2011-03-31": "13.90%", "2010-12-31": "13.55%", "2010-09-30": "12.50%", "2010-06-30": "12.60%", "2010-03-31": "11.90%", "2009-12-31": "11.77%", "2009-09-30": "11.69%", "2009-06-30": "10.33%", "2009-03-31": "9.83%", "2008-12-31": "8.86%", "2008-09-30": "8.82%", "2008-06-30": "9.04%", "2008-03-31": "9.52%", "2007-12-31": "10.36%", "2007-09-30": "12.06%", "2007-06-30": "11.81%", "2007-03-31": "11.40%", "2006-12-31": "11.70%", "2006-09-30": "6.90%", "2006-06-30": "6.18%", "2006-03-31": "5.60%", "2005-12-31": "6.36%"}, "pre tax profit margin": {"2020-09-30": "-0.46%", "2020-06-30": "-3.21%", "2020-03-31": "-4.81%", "2019-12-31": "-3.61%", "2019-09-30": "-4.83%", "2019-06-30": "-1.76%", "2019-03-31": "-0.84%", "2018-12-31": "-1.26%", "2018-09-30": "-2.26%", "2018-06-30": "-1.73%", "2018-03-31": "-2.33%", "2017-12-31": "-0.58%", "2017-09-30": "-3.93%", "2017-06-30": "-3.55%", "2017-03-31": "-2.33%", "2016-12-31": "-3.16%", "2016-09-30": "2.41%", "2016-06-30": "2.55%", "2016-03-31": "3.79%", "2015-12-31": "5.33%", "2015-09-30": "5.12%", "2015-06-30": "4.84%", "2015-03-31": "4.60%", "2014-12-31": "4.65%", "2014-09-30": "4.40%", "2014-06-30": "4.73%", "2014-03-31": "4.68%", "2013-12-31": "5.41%", "2013-09-30": "5.66%", "2013-06-30": "5.74%", "2013-03-31": "5.69%", "2012-12-31": "5.68%", "2012-09-30": "6.21%", "2012-06-30": "7.00%", "2012-03-31": "6.82%", "2011-12-31": "6.83%", "2011-09-30": "6.87%", "2011-06-30": "6.68%", "2011-03-31": "7.42%", "2010-12-31": "7.54%", "2010-09-30": "7.24%", "2010-06-30": "7.99%", "2010-03-31": "8.11%", "2009-12-31": "8.00%", "2009-09-30": "6.64%", "2009-06-30": "4.86%", "2009-03-31": "3.81%", "2008-12-31": "2.66%", "2008-09-30": "3.60%", "2008-06-30": "3.94%", "2008-03-31": "4.52%", "2007-12-31": "5.70%", "2007-09-30": "7.48%", "2007-06-30": "7.24%", "2007-03-31": "7.02%", "2006-12-31": "7.66%", "2006-09-30": "3.33%", "2006-06-30": "3.15%", "2006-03-31": "3.08%", "2005-12-31": "3.96%"}, "net profit margin": {"2020-09-30": "-0.12%", "2020-06-30": "-4.51%", "2020-03-31": "-8.47%", "2019-12-31": "-8.42%", "2019-09-30": "-10.59%", "2019-06-30": "-5.58%", "2019-03-31": "-1.37%", "2018-12-31": "-1.39%", "2018-09-30": "-8.21%", "2018-06-30": "-6.91%", "2018-03-31": "-7.11%", "2017-12-31": "-5.75%", "2017-09-30": "-4.06%", "2017-06-30": "-3.91%", "2017-03-31": "-3.07%", "2016-12-31": "-3.71%", "2016-09-30": "1.71%", "2016-06-30": "1.81%", "2016-03-31": "2.52%", "2015-12-31": "3.56%", "2015-09-30": "3.42%", "2015-06-30": "3.18%", "2015-03-31": "3.02%", "2014-12-31": "3.05%", "2014-09-30": "2.92%", "2014-06-30": "3.31%", "2014-03-31": "3.33%", "2013-12-31": "3.84%", "2013-09-30": "4.04%", "2013-06-30": "4.05%", "2013-03-31": "4.09%", "2012-12-31": "4.08%", "2012-09-30": "4.42%", "2012-06-30": "4.82%", "2012-03-31": "4.61%", "2011-12-31": "4.58%", "2011-09-30": "4.55%", "2011-06-30": "4.44%", "2011-03-31": "4.97%", "2010-12-31": "5.01%", "2010-09-30": "4.96%", "2010-06-30": "5.41%", "2010-03-31": "5.41%", "2009-12-31": "5.36%", "2009-09-30": "4.39%", "2009-06-30": "3.26%", "2009-03-31": "2.61%", "2008-12-31": "1.87%", "2008-09-30": "2.37%", "2008-06-30": "2.55%", "2008-03-31": "2.86%", "2007-12-31": "3.54%", "2007-09-30": "4.67%", "2007-06-30": "4.48%", "2007-03-31": "4.39%", "2006-12-31": "4.79%", "2006-09-30": "1.90%", "2006-06-30": "1.71%", "2006-03-31": "0.98%", "2005-12-31": "1.56%"}, "pe ratio": {"current": "14.87", "2021-02-05": "0.00", "2020-09-30": "0.00", "2020-06-30": "0.00", "2020-03-31": "0.00", "2019-12-31": "0.00", "2019-09-30": "0.00", "2019-06-30": "0.00", "2019-03-31": "0.00", "2018-12-31": "0.00", "2018-09-30": "0.00", "2018-06-30": "0.00", "2018-03-31": "0.00", "2017-12-31": "0.00", "2017-09-30": "0.00", "2017-06-30": "0.00", "2017-03-31": "0.00", "2016-12-31": "0.00", "2016-09-30": "50.99", "2016-06-30": "60.03", "2016-03-31": "40.16", "2015-12-31": "29.83", "2015-09-30": "30.39", "2015-06-30": "34.05", "2015-03-31": "38.13", "2014-12-31": "38.88", "2014-09-30": "39.66", "2014-06-30": "36.90", "2014-03-31": "34.28", "2013-12-31": "29.45", "2013-09-30": "27.73", "2013-06-30": "27.54", "2013-03-31": "27.03", "2012-12-31": "21.81", "2012-09-30": "20.83", "2012-06-30": "22.57", "2012-03-31": "22.71", "2011-12-31": "25.54", "2011-09-30": "24.54", "2011-06-30": "22.95", "2011-03-31": "21.96", "2010-12-31": "20.27", "2010-09-30": "19.13", "2010-06-30": "17.70", "2010-03-31": "17.14", "2009-12-31": "15.67", "2009-09-30": "17.57", "2009-06-30": "18.80", "2009-03-31": "23.60", "2008-12-31": "30.27", "2008-09-30": "25.83", "2008-06-30": "21.28", "2008-03-31": "19.54", "2007-12-31": "17.16", "2007-09-30": "17.01", "2007-06-30": "17.62", "2007-03-31": "21.46", "2006-12-31": "21.97"}, "price sales": {"2021-02-05": "0.54", "2020-09-30": "0.53", "2020-06-30": "0.57", "2020-03-31": "0.58", "2019-12-31": "0.64", "2019-09-30": "0.85", "2019-06-30": "0.81", "2019-03-31": "0.87", "2018-12-31": "0.62", "2018-09-30": "0.63", "2018-06-30": "0.63", "2018-03-31": "0.46", "2017-12-31": "0.59", "2017-09-30": "0.60", "2017-06-30": "0.72", "2017-03-31": "0.75", "2016-12-31": "0.65", "2016-09-30": "0.89", "2016-06-30": "1.15", "2016-03-31": "1.09", "2015-12-31": "1.07", "2015-09-30": "1.02", "2015-06-30": "1.06", "2015-03-31": "1.12", "2014-12-31": "1.15", "2014-09-30": "1.16", "2014-06-30": "1.22", "2014-03-31": "1.14", "2013-12-31": "1.12", "2013-09-30": "1.12", "2013-06-30": "1.11", "2013-03-31": "1.10", "2012-12-31": "0.89", "2012-09-30": "0.92", "2012-06-30": "1.09", "2012-03-31": "1.06", "2011-12-31": "1.18", "2011-09-30": "1.12", "2011-06-30": "1.02", "2011-03-31": "1.08", "2010-12-31": "1.01", "2010-09-30": "0.94", "2010-06-30": "0.96", "2010-03-31": "0.93", "2009-12-31": "0.84", "2009-09-30": "0.76", "2009-06-30": "0.61", "2009-03-31": "0.61", "2008-12-31": "0.57", "2008-09-30": "0.63", "2008-06-30": "0.55", "2008-03-31": "0.57", "2007-12-31": "0.62", "2007-09-30": "0.79", "2007-06-30": "0.79", "2007-03-31": "0.93", "2006-12-31": "1.04"}, "price book": {"current": "1.27", "2021-02-05": "1.27", "2020-09-30": "1.25", "2020-06-30": "1.37", "2020-03-31": "1.39", "2019-12-31": "1.49", "2019-09-30": "1.73", "2019-06-30": "1.53", "2019-03-31": "1.71", "2018-12-31": "1.31", "2018-09-30": "1.23", "2018-06-30": "1.35", "2018-03-31": "0.97", "2017-12-31": "1.24", "2017-09-30": "1.49", "2017-06-30": "1.84", "2017-03-31": "1.89", "2016-12-31": "1.64", "2016-09-30": "1.77", "2016-06-30": "2.12", "2016-03-31": "1.80", "2015-12-31": "1.82", "2015-09-30": "1.84", "2015-06-30": "1.93", "2015-03-31": "2.06", "2014-12-31": "2.07", "2014-09-30": "1.98", "2014-06-30": "2.22", "2014-03-31": "2.05", "2013-12-31": "1.98", "2013-09-30": "1.95", "2013-06-30": "1.97", "2013-03-31": "1.97", "2012-12-31": "1.60", "2012-09-30": "1.64", "2012-06-30": "2.01", "2012-03-31": "1.93", "2011-12-31": "2.19", "2011-09-30": "2.13", "2011-06-30": "1.91", "2011-03-31": "2.00", "2010-12-31": "1.85", "2010-09-30": "1.74", "2010-06-30": "1.79", "2010-03-31": "1.70", "2009-12-31": "1.64", "2009-09-30": "1.58", "2009-06-30": "1.37", "2009-03-31": "1.44", "2008-12-31": "1.39", "2008-09-30": "1.43", "2008-06-30": "1.19", "2008-03-31": "1.14", "2007-12-31": "1.14", "2007-09-30": "1.37", "2007-06-30": "1.38", "2007-03-31": "1.62", "2006-12-31": "1.69", "2006-09-30": "1.34", "2006-06-30": "1.39", "2006-03-31": "1.57"}, "price fcf": {"2021-02-05": "", "2020-09-30": "$5.07", "2020-06-30": "$5.61", "2020-03-31": "$5.28", "2019-12-31": "$3.38", "2019-09-30": "$2.70", "2019-06-30": "$2.80", "2019-03-31": "$4.84", "2018-12-31": "$6.37", "2018-09-30": "$6.71", "2018-06-30": "$4.81", "2018-03-31": "$6.16", "2017-12-31": "$6.58", "2017-09-30": "$5.47", "2017-06-30": "$7.28", "2017-03-31": "$4.61", "2016-12-31": "$5.48", "2016-09-30": "$5.35", "2016-06-30": "$5.21", "2016-03-31": "$5.25", "2015-12-31": "$5.00", "2015-09-30": "$5.85", "2015-06-30": "$4.68", "2015-03-31": "$4.48", "2014-12-31": "$3.57", "2014-09-30": "$2.74", "2014-06-30": "$4.28", "2014-03-31": "$3.14", "2013-12-31": "$3.82", "2013-09-30": "$3.37", "2013-06-30": "$2.83", "2013-03-31": "$3.80", "2012-12-31": "$3.62", "2012-09-30": "$4.04", "2012-06-30": "$3.00", "2012-03-31": "$2.76", "2011-12-31": "$2.38", "2011-09-30": "$2.32", "2011-06-30": "$4.01", "2011-03-31": "$4.90", "2010-12-31": "$5.67", "2010-09-30": "$5.43", "2010-06-30": "$5.09", "2010-03-31": "$3.60", "2009-12-31": "$2.07", "2009-09-30": "$2.11", "2009-06-30": "$2.78", "2009-03-31": "$2.91", "2008-12-31": "$3.87", "2008-09-30": "$3.32", "2008-06-30": "$1.51", "2008-03-31": "$1.75", "2007-12-31": "$2.49", "2007-09-30": "$1.86", "2007-06-30": "$2.28", "2007-03-31": "$2.21", "2006-12-31": "$1.61"}, "net worth": {"value": "$2.32B"}, "current ratio": {"2020-09-30": "1.69", "2020-06-30": "1.48", "2020-03-31": "1.58", "2019-12-31": "1.50", "2019-09-30": "1.49", "2019-06-30": "1.71", "2019-03-31": "1.64", "2018-12-31": "2.00", "2018-09-30": "1.90", "2018-06-30": "2.02", "2018-03-31": "2.33", "2017-12-31": "2.48", "2017-09-30": "2.16", "2017-06-30": "2.08", "2017-03-31": "2.42", "2016-12-31": "2.25", "2016-09-30": "2.35", "2016-06-30": "2.29", "2016-03-31": "2.60", "2015-12-31": "3.08", "2015-09-30": "2.90", "2015-06-30": "3.04", "2015-03-31": "3.22", "2014-12-31": "2.95", "2014-09-30": "2.98", "2014-06-30": "2.46", "2014-03-31": "2.87", "2013-12-31": "2.70", "2013-09-30": "3.24", "2013-06-30": "2.89", "2013-03-31": "2.91", "2012-12-31": "3.15", "2012-09-30": "3.08", "2012-06-30": "2.91", "2012-03-31": "2.92", "2011-12-31": "2.73", "2011-09-30": "2.64", "2011-06-30": "2.22", "2011-03-31": "2.29", "2010-12-31": "2.17", "2010-09-30": "2.26", "2010-06-30": "2.39", "2010-03-31": "2.48", "2009-12-31": "2.48", "2009-09-30": "2.45", "2009-06-30": "2.31", "2009-03-31": "2.07", "2008-12-31": "1.89", "2008-09-30": "2.29", "2008-06-30": "2.72", "2008-03-31": "2.54", "2007-12-31": "2.72", "2007-09-30": "2.97", "2007-06-30": "2.93", "2007-03-31": "2.76", "2006-12-31": "3.18", "2006-09-30": "3.04", "2006-06-30": "0.76", "2006-03-31": "2.54", "2005-12-31": "2.69", "2005-09-30": "2.06", "2005-06-30": "2.14", "2005-03-31": "0.00"}, "quick ratio": {"2020-09-30": "0.96", "2020-06-30": "0.82", "2020-03-31": "0.98", "2019-12-31": "0.83", "2019-09-30": "0.67", "2019-06-30": "0.71", "2019-03-31": "0.62", "2018-12-31": "1.27", "2018-09-30": "0.59", "2018-06-30": "0.69", "2018-03-31": "0.90", "2017-12-31": "0.94", "2017-09-30": "0.81", "2017-06-30": "0.81", "2017-03-31": "0.85", "2016-12-31": "0.84", "2016-09-30": "0.78", "2016-06-30": "0.78", "2016-03-31": "0.86", "2015-12-31": "0.96", "2015-09-30": "0.94", "2015-06-30": "0.97", "2015-03-31": "1.22", "2014-12-31": "1.03", "2014-09-30": "0.91", "2014-06-30": "0.75", "2014-03-31": "0.98", "2013-12-31": "1.02", "2013-09-30": "1.28", "2013-06-30": "0.91", "2013-03-31": "1.18", "2012-12-31": "1.29", "2012-09-30": "1.15", "2012-06-30": "1.10", "2012-03-31": "1.12", "2011-12-31": "0.81", "2011-09-30": "0.84", "2011-06-30": "0.67", "2011-03-31": "0.77", "2010-12-31": "0.75", "2010-09-30": "0.74", "2010-06-30": "0.78", "2010-03-31": "0.74", "2009-12-31": "0.71", "2009-09-30": "0.73", "2009-06-30": "0.63", "2009-03-31": "0.59", "2008-12-31": "0.59", "2008-09-30": "0.66", "2008-06-30": "0.78", "2008-03-31": "0.65", "2007-12-31": "0.67", "2007-09-30": "0.63", "2007-06-30": "0.65", "2007-03-31": "0.65", "2006-12-31": "0.77", "2006-09-30": "0.67", "2006-06-30": "0.19", "2006-03-31": "0.95", "2005-12-31": "0.84", "2005-09-30": "0.48", "2005-06-30": "0.63", "2005-03-31": "0.00"}, "debt equity ratio": {"current": "1.20", "2020-09-30": "1.95", "2020-06-30": "1.91", "2020-03-31": "1.95", "2019-12-31": "1.81", "2019-09-30": "1.91", "2019-06-30": "1.82", "2019-03-31": "1.72", "2018-12-31": "1.61", "2018-09-30": "1.58", "2018-06-30": "1.59", "2018-03-31": "1.61", "2017-12-31": "1.55", "2017-09-30": "1.57", "2017-06-30": "1.56", "2017-03-31": "1.54", "2016-12-31": "1.62", "2016-09-30": "1.48", "2016-06-30": "1.51", "2016-03-31": "1.52", "2015-12-31": "1.00", "2015-09-30": "1.11", "2015-06-30": "1.12", "2015-03-31": "1.16", "2014-12-31": "1.19", "2014-09-30": "1.30", "2014-06-30": "1.18", "2014-03-31": "1.07", "2013-12-31": "1.14", "2013-09-30": "1.11", "2013-06-30": "1.05", "2013-03-31": "1.11", "2012-12-31": "1.14", "2012-09-30": "1.22", "2012-06-30": "1.24", "2012-03-31": "1.25", "2011-12-31": "1.24", "2011-09-30": "1.38", "2011-06-30": "1.35", "2011-03-31": "1.37", "2010-12-31": "1.45", "2010-09-30": "1.35", "2010-06-30": "1.40", "2010-03-31": "1.42", "2009-12-31": "0.83", "2009-09-30": "1.02", "2009-06-30": "1.08", "2009-03-31": "1.14", "2008-12-31": "1.19", "2008-09-30": "1.21", "2008-06-30": "1.24", "2008-03-31": "1.28", "2007-12-31": "1.31", "2007-09-30": "0.76", "2007-06-30": "0.69", "2007-03-31": "0.54", "2006-12-31": "0.62", "2006-09-30": "0.79", "2006-06-30": "0.77", "2006-03-31": "0.20", "2005-12-31": "0.19", "2005-09-30": "0.28", "2005-06-30": "0.25", "2005-03-31": "0.00"}, "return on equity": {"2020-09-30": "-0.28%", "2020-06-30": "-10.79%", "2020-03-31": "-19.71%", "2019-12-31": "-18.65%", "2019-09-30": "-19.33%", "2019-06-30": "-9.89%", "2019-03-31": "-2.63%", "2018-12-31": "-2.92%", "2018-09-30": "-15.94%", "2018-06-30": "-14.12%", "2018-03-31": "-14.17%", "2017-12-31": "-11.21%", "2017-09-30": "-10.16%", "2017-06-30": "-9.67%", "2017-03-31": "-7.48%", "2016-12-31": "-8.51%", "2016-09-30": "3.56%", "2016-06-30": "3.54%", "2016-03-31": "4.54%", "2015-12-31": "6.29%", "2015-09-30": "6.21%", "2015-06-30": "5.85%", "2015-03-31": "5.72%", "2014-12-31": "5.90%", "2014-09-30": "5.62%", "2014-06-30": "6.37%", "2014-03-31": "6.30%", "2013-12-31": "7.15%", "2013-09-30": "7.45%", "2013-06-30": "7.50%", "2013-03-31": "7.74%", "2012-12-31": "7.81%", "2012-09-30": "8.44%", "2012-06-30": "9.40%", "2012-03-31": "9.05%", "2011-12-31": "9.06%", "2011-09-30": "9.08%", "2011-06-30": "8.81%", "2011-03-31": "9.92%", "2010-12-31": "9.80%", "2010-09-30": "9.73%", "2010-06-30": "10.74%", "2010-03-31": "11.03%", "2009-12-31": "11.66%", "2009-09-30": "9.99%", "2009-06-30": "7.61%", "2009-03-31": "6.13%", "2008-12-31": "4.42%", "2008-09-30": "5.50%", "2008-06-30": "5.59%", "2008-03-31": "5.84%", "2007-12-31": "6.75%", "2007-09-30": "8.41%", "2007-06-30": "8.12%", "2007-03-31": "7.99%", "2006-12-31": "8.22%", "2006-09-30": "3.01%", "2006-06-30": "2.49%", "2006-03-31": "1.37%", "2005-12-31": "2.89%"}, "return on assets": {"2020-09-30": "-0.10%", "2020-06-30": "-3.73%", "2020-03-31": "-6.87%", "2019-12-31": "-6.64%", "2019-09-30": "-7.01%", "2019-06-30": "-3.69%", "2019-03-31": "-1.00%", "2018-12-31": "-1.13%", "2018-09-30": "-6.17%", "2018-06-30": "-5.47%", "2018-03-31": "-5.51%", "2017-12-31": "-4.39%", "2017-09-30": "-3.95%", "2017-06-30": "-3.80%", "2017-03-31": "-2.95%", "2016-12-31": "-3.36%", "2016-09-30": "1.48%", "2016-06-30": "1.52%", "2016-03-31": "2.04%", "2015-12-31": "3.00%", "2015-09-30": "2.90%", "2015-06-30": "2.67%", "2015-03-31": "2.59%", "2014-12-31": "2.69%", "2014-09-30": "2.58%", "2014-06-30": "3.00%", "2014-03-31": "3.01%", "2013-12-31": "3.40%", "2013-09-30": "3.54%", "2013-06-30": "3.52%", "2013-03-31": "3.55%", "2012-12-31": "3.53%", "2012-09-30": "3.78%", "2012-06-30": "4.13%", "2012-03-31": "3.93%", "2011-12-31": "3.88%", "2011-09-30": "3.80%", "2011-06-30": "3.70%", "2011-03-31": "4.15%", "2010-12-31": "4.07%", "2010-09-30": "4.29%", "2010-06-30": "4.90%", "2010-03-31": "5.25%", "2009-12-31": "5.80%", "2009-09-30": "4.75%", "2009-06-30": "3.54%", "2009-03-31": "2.80%", "2008-12-31": "1.98%", "2008-09-30": "2.44%", "2008-06-30": "2.60%", "2008-03-31": "2.89%", "2007-12-31": "3.68%", "2007-09-30": "5.08%", "2007-06-30": "4.89%", "2007-03-31": "4.77%", "2006-12-31": "5.14%", "2006-09-30": "2.02%", "2006-06-30": "1.83%", "2006-03-31": "1.11%", "2005-12-31": "2.33%"}, "return on investments": {"2020-09-30": "3.21%", "2020-06-30": "0.79%", "2020-03-31": "-0.05%", "2019-12-31": "-0.39%", "2019-09-30": "0.02%", "2019-06-30": "2.18%", "2019-03-31": "2.40%", "2018-12-31": "1.81%", "2018-09-30": "0.26%", "2018-06-30": "0.64%", "2018-03-31": "0.06%", "2017-12-31": "1.55%", "2017-09-30": "-2.75%", "2017-06-30": "-2.32%", "2017-03-31": "-0.87%", "2016-12-31": "-1.72%", "2016-09-30": "4.50%", "2016-06-30": "4.78%", "2016-03-31": "5.65%", "2015-12-31": "7.69%", "2015-09-30": "7.58%", "2015-06-30": "7.05%", "2015-03-31": "7.18%", "2014-12-31": "7.91%", "2014-09-30": "7.77%", "2014-06-30": "8.44%", "2014-03-31": "8.58%", "2013-12-31": "8.43%", "2013-09-30": "8.42%", "2013-06-30": "8.46%", "2013-03-31": "8.43%", "2012-12-31": "8.50%", "2012-09-30": "8.99%", "2012-06-30": "9.68%", "2012-03-31": "9.44%", "2011-12-31": "9.53%", "2011-09-30": "9.55%", "2011-06-30": "9.57%", "2011-03-31": "10.16%", "2010-12-31": "9.60%", "2010-09-30": "9.18%", "2010-06-30": "9.93%", "2010-03-31": "10.14%", "2009-12-31": "11.34%", "2009-09-30": "11.50%", "2009-06-30": "9.64%", "2009-03-31": "8.71%", "2008-12-31": "7.27%", "2008-09-30": "6.79%", "2008-06-30": "7.02%", "2008-03-31": "7.58%", "2007-12-31": "8.85%", "2007-09-30": "11.50%", "2007-06-30": "11.28%", "2007-03-31": "11.89%", "2006-12-31": "12.38%", "2006-09-30": "5.79%", "2006-06-30": "5.10%", "2006-03-31": "4.24%", "2005-12-31": "7.26%"}, "return on tangible equity": {"2020-09-30": "0.61%", "2020-06-30": "23.06%", "2020-03-31": "43.91%", "2019-12-31": "45.00%", "2019-09-30": "52.31%", "2019-06-30": "29.85%", "2019-03-31": "8.25%", "2018-12-31": "9.33%", "2018-09-30": "49.84%", "2018-06-30": "42.72%", "2018-03-31": "40.90%", "2017-12-31": "30.63%", "2017-09-30": "25.68%", "2017-06-30": "23.55%", "2017-03-31": "17.61%", "2016-12-31": "19.25%", "2016-09-30": "-8.74%", "2016-06-30": "-9.38%", "2016-03-31": "-13.48%", "2015-12-31": "-22.11%", "2015-09-30": "-19.78%", "2015-06-30": "-16.88%", "2015-03-31": "-16.77%", "2014-12-31": "-18.53%", "2014-09-30": "-19.27%", "2014-06-30": "-27.68%", "2014-03-31": "-28.60%", "2013-12-31": "-31.37%", "2013-09-30": "-32.40%", "2013-06-30": "-28.85%", "2013-03-31": "-26.22%", "2012-12-31": "-23.86%", "2012-09-30": "-23.30%", "2012-06-30": "-23.31%", "2012-03-31": "-20.62%", "2011-12-31": "-19.09%", "2011-09-30": "-17.33%", "2011-06-30": "-17.00%", "2011-03-31": "-19.12%", "2010-12-31": "-18.88%", "2010-09-30": "-25.68%", "2010-06-30": "-38.05%", "2010-03-31": "-62.57%", "2009-12-31": "-207.69%", "2009-09-30": "-93.62%", "2009-06-30": "-51.99%", "2009-03-31": "-34.36%", "2008-12-31": "-21.54%", "2008-09-30": "-24.31%", "2008-06-30": "-38.15%", "2008-03-31": "-98.63%", "2007-12-31": "106.49%", "2007-09-30": "44.35%", "2007-06-30": "42.34%", "2007-03-31": "42.35%", "2006-12-31": "37.97%", "2006-09-30": "12.10%", "2006-06-30": "8.50%", "2006-03-31": "3.99%", "2005-12-31": "8.66%"}, "dividend yield history": {"last payout": "$0.00", "last yield": "0.00%"}}