{"ticker": "TPCO", "price": {"title": "TRIBUNE PUBLISHING CO Historical Annual Stock Price Data", "value": 15.39, "historical": {"2020": {"Average Stock Price": "10.7680", "Year Open": "12.9300", "Year High": "13.7000", "Year Low": "5.5000", "Year Close": "13.7000", "Annual % Change": "4.10%"}, "2019": {"Average Stock Price": "10.1305", "Year Open": "11.8100", "Year High": "13.4700", "Year Low": "7.1300", "Year Close": "13.1600", "Annual % Change": "16.05%"}, "2018": {"Average Stock Price": "16.7551", "Year Open": "18.2300", "Year High": "21.5500", "Year Low": "11.0600", "Year Close": "11.3400", "Annual % Change": "-35.53%"}, "2017": {"Average Stock Price": "14.0573", "Year Open": "13.6800", "Year High": "17.9700", "Year Low": "10.9100", "Year Close": "17.5900", "Annual % Change": "26.82%"}, "2016": {"Average Stock Price": "12.2800", "Year Open": "9.0200", "Year High": "17.5000", "Year Low": "5.6800", "Year Close": "13.8700", "Annual % Change": "50.43%"}, "2015": {"Average Stock Price": "14.6971", "Year Open": "22.8200", "Year High": "22.8200", "Year Low": "7.7200", "Year Close": "9.2200", "Annual % Change": "-59.74%"}, "2014": {"Average Stock Price": "20.3704", "Year Open": "25.5000", "Year High": "25.5000", "Year Low": "15.7400", "Year Close": "22.9000", "Annual % Change": "0.00%"}}}, "market cap": {"value": "$0.56B"}, "income statement": {"Revenue": {"2019-12-31": "983.14900", "2018-12-31": "1030.66900", "2017-12-31": "1015.45300", "2016-12-31": "1063.36300", "2015-12-31": "1672.82000", "2014-12-31": "1707.97800", "2013-12-31": "1795.10700", "2012-12-31": "1913.81400", "2011-12-31": "1915.93200"}, "Cost Of Goods Sold": {"2019-12-31": "", "2018-12-31": "", "2017-12-31": "", "2016-12-31": "", "2015-12-31": "", "2014-12-31": "", "2013-12-31": "309.31000", "2012-12-31": "326.36700", "2011-12-31": "1154.41900"}, "Gross Profit": {"2019-12-31": "983.14900", "2018-12-31": "1030.66900", "2017-12-31": "1015.45300", "2016-12-31": "1063.36300", "2015-12-31": "1672.82000", "2014-12-31": "1707.97800", "2013-12-31": "1485.79700", "2012-12-31": "1587.44700", "2011-12-31": "761.51310"}, "Research And Development Expenses": {"2019-12-31": "", "2018-12-31": "", "2017-12-31": "", "2016-12-31": "", "2015-12-31": "", "2014-12-31": "", "2013-12-31": "", "2012-12-31": "", "2011-12-31": ""}, "SG&A Expenses": {"2019-12-31": "362.45000", "2018-12-31": "443.08400", "2017-12-31": "406.27900", "2016-12-31": "443.72900", "2015-12-31": "649.90500", "2014-12-31": "596.36600", "2013-12-31": "597.88200", "2012-12-31": "725.28500", "2011-12-31": "630.59900"}, "Other Operating Income Or Expenses": {"2019-12-31": "-566.22800", "2018-12-31": "-580.53500", "2017-12-31": "-552.93800", "2016-12-31": "-585.16800", "2015-12-31": "-943.31500", "2014-12-31": "-992.82100", "2013-12-31": "-692.95500", "2012-12-31": "-733.84400", "2011-12-31": ""}, "Operating Expenses": {"2019-12-31": "975.99210", "2018-12-31": "1076.88100", "2017-12-31": "1006.52300", "2016-12-31": "1080.26000", "2015-12-31": "1647.85300", "2014-12-31": "1621.27600", "2013-12-31": "1628.57800", "2012-12-31": "1872.15800", "2011-12-31": "1871.36300"}, "Operating Income": {"2019-12-31": "7.15690", "2018-12-31": "-46.21200", "2017-12-31": "8.93010", "2016-12-31": "-16.89700", "2015-12-31": "24.96690", "2014-12-31": "86.70200", "2013-12-31": "166.52910", "2012-12-31": "41.65600", "2011-12-31": "44.56910"}, "Total Non-Operating Income/Expense": {"2019-12-31": "-2.44400", "2018-12-31": "-6.37400", "2017-12-31": "-31.55500", "2016-12-31": "-28.04200", "2015-12-31": "-28.16200", "2014-12-31": "-9.96100", "2013-12-31": "-1.44300", "2012-12-31": "-9.96700", "2011-12-31": "-0.41600"}, "Pre-Tax Income": {"2019-12-31": "4.71300", "2018-12-31": "-52.58600", "2017-12-31": "-22.62500", "2016-12-31": "-44.93900", "2015-12-31": "-3.19500", "2014-12-31": "76.74100", "2013-12-31": "165.08600", "2012-12-31": "31.68900", "2011-12-31": "44.15300"}, "Income Taxes": {"2019-12-31": "1.62000", "2018-12-31": "-12.72300", "2017-12-31": "7.18800", "2016-12-31": "-9.57600", "2015-12-31": "-0.43000", "2014-12-31": "34.45300", "2013-12-31": "70.99200", "2012-12-31": "3.29400", "2011-12-31": "2.53900"}, "Income After Taxes": {"2019-12-31": "3.09300", "2018-12-31": "-39.86300", "2017-12-31": "-29.81300", "2016-12-31": "-35.36300", "2015-12-31": "-2.76500", "2014-12-31": "42.28800", "2013-12-31": "94.09400", "2012-12-31": "28.39500", "2011-12-31": "41.61400"}, "Other Income": {"2019-12-31": "", "2018-12-31": "", "2017-12-31": "", "2016-12-31": "", "2015-12-31": "", "2014-12-31": "", "2013-12-31": "", "2012-12-31": "", "2011-12-31": ""}, "Income From Continuous Operations": {"2019-12-31": "3.09300", "2018-12-31": "-39.86300", "2017-12-31": "-29.81300", "2016-12-31": "-35.36300", "2015-12-31": "-2.76500", "2014-12-31": "42.28800", "2013-12-31": "94.09400", "2012-12-31": "28.39500", "2011-12-31": "41.61400"}, "Income From Discontinued Operations": {"2019-12-31": "-3.33700", "2018-12-31": "289.51000", "2017-12-31": "35.34800", "2016-12-31": "41.90000", "2015-12-31": "", "2014-12-31": "", "2013-12-31": "", "2012-12-31": "", "2011-12-31": ""}, "Net Income": {"2019-12-31": "-30.58900", "2018-12-31": "248.79100", "2017-12-31": "5.53500", "2016-12-31": "6.53700", "2015-12-31": "-2.76500", "2014-12-31": "42.28800", "2013-12-31": "94.09400", "2012-12-31": "28.39500", "2011-12-31": "41.61400"}, "EBITDA": {"2019-12-31": "54.47090", "2018-12-31": "7.05000", "2017-12-31": "56.23610", "2016-12-31": "34.46600", "2015-12-31": "79.59990", "2014-12-31": "118.79100", "2013-12-31": "194.74210", "2012-12-31": "128.31800", "2011-12-31": "130.91410"}, "EBIT": {"2019-12-31": "7.15690", "2018-12-31": "-46.21200", "2017-12-31": "8.93010", "2016-12-31": "-16.89700", "2015-12-31": "24.96690", "2014-12-31": "86.70200", "2013-12-31": "166.52910", "2012-12-31": "41.65600", "2011-12-31": "44.56910"}, "Basic Shares Outstanding": {"2019-12-31": "35.81000", "2018-12-31": "35.26800", "2017-12-31": "33.99600", "2016-12-31": "33.78800", "2015-12-31": "25.99000", "2014-12-31": "25.42900", "2013-12-31": "25.42400", "2012-12-31": "25.42400", "2011-12-31": ""}, "Shares Outstanding": {"2019-12-31": "35.81000", "2018-12-31": "35.26800", "2017-12-31": "33.99600", "2016-12-31": "33.78800", "2015-12-31": "25.99000", "2014-12-31": "25.54300", "2013-12-31": "25.42400", "2012-12-31": "25.42400", "2011-12-31": ""}, "Basic EPS": {"2019-12-31": "-0.85000", "2018-12-31": "7.05000", "2017-12-31": "0.16000", "2016-12-31": "0.19000", "2015-12-31": "-0.11000", "2014-12-31": "1.66000", "2013-12-31": "3.70000", "2012-12-31": "1.12000", "2011-12-31": ""}, "EPS - Earnings Per Share": {"2019-12-31": "-0.85000", "2018-12-31": "7.05000", "2017-12-31": "0.16000", "2016-12-31": "0.19000", "2015-12-31": "-0.11000", "2014-12-31": "1.66000", "2013-12-31": "3.70000", "2012-12-31": "1.12000", "2011-12-31": "0.00000"}}, "income statement, quarterly": {"Revenue": {"2020-09-30": "188.66800", "2020-06-30": "183.10000", "2020-03-31": "216.48500", "2019-12-31": "252.27000", "2019-09-30": "236.02700", "2019-06-30": "250.32700", "2019-03-31": "244.52500", "2018-12-31": "283.49590", "2018-09-30": "255.77000", "2018-06-30": "253.03700", "2018-03-31": "238.36600", "2017-12-31": "169.74700", "2017-09-30": "236.15500", "2017-06-30": "243.43500", "2017-03-31": "366.11600", "2016-12-31": "-117.59290", "2016-09-30": "378.23600", "2016-06-30": "404.50100", "2016-03-31": "398.21900", "2015-12-31": "456.85700", "2015-09-30": "405.66800", "2015-06-30": "412.02100", "2015-03-31": "398.27400", "2014-12-31": "457.47600", "2014-09-30": "404.05700", "2014-06-30": "429.92300", "2014-03-31": "416.52200", "2013-12-31": "", "2013-09-30": "423.77700", "2013-06-30": "446.86000", "2012-12-31": "", "2011-12-31": ""}, "Cost Of Goods Sold": {"2020-09-30": "", "2020-06-30": "", "2020-03-31": "", "2019-12-31": "", "2019-09-30": "", "2019-06-30": "", "2019-03-31": "", "2018-12-31": "", "2018-09-30": "", "2018-06-30": "", "2018-03-31": "", "2017-12-31": "", "2017-09-30": "", "2017-06-30": "", "2017-03-31": "", "2016-12-31": "", "2016-09-30": "", "2016-06-30": "", "2016-03-31": "", "2015-12-31": "", "2015-09-30": "", "2015-06-30": "", "2015-03-31": "70.70600", "2014-12-31": "", "2014-09-30": "71.40800", "2014-06-30": "73.39200", "2014-03-31": "73.54000", "2013-12-31": "", "2013-09-30": "245.87500", "2013-06-30": "253.62800", "2012-12-31": "", "2011-12-31": ""}, "Gross Profit": {"2020-09-30": "188.66800", "2020-06-30": "183.10000", "2020-03-31": "216.48500", "2019-12-31": "252.27000", "2019-09-30": "236.02700", "2019-06-30": "250.32700", "2019-03-31": "244.52500", "2018-12-31": "283.49590", "2018-09-30": "255.77000", "2018-06-30": "253.03700", "2018-03-31": "238.36600", "2017-12-31": "169.74700", "2017-09-30": "236.15500", "2017-06-30": "243.43500", "2017-03-31": "366.11600", "2016-12-31": "-117.59290", "2016-09-30": "378.23600", "2016-06-30": "404.50100", "2016-03-31": "398.21900", "2015-12-31": "456.85700", "2015-09-30": "405.66800", "2015-06-30": "412.02100", "2015-03-31": "327.56800", "2014-12-31": "457.47600", "2014-09-30": "332.64900", "2014-06-30": "356.53100", "2014-03-31": "342.98200", "2013-12-31": "", "2013-09-30": "177.90200", "2013-06-30": "193.23200", "2012-12-31": "", "2011-12-31": ""}, "Research And Development Expenses": {"2020-09-30": "", "2020-06-30": "", "2020-03-31": "", "2019-12-31": "", "2019-09-30": "", "2019-06-30": "", "2019-03-31": "", "2018-12-31": "", "2018-09-30": "", "2018-06-30": "", "2018-03-31": "", "2017-12-31": "", "2017-09-30": "", "2017-06-30": "", "2017-03-31": "", "2016-12-31": "", "2016-09-30": "", "2016-06-30": "", "2016-03-31": "", "2015-12-31": "", "2015-09-30": "", "2015-06-30": "", "2015-03-31": "", "2014-12-31": "", "2014-09-30": "", "2014-06-30": "", "2014-03-31": "", "2013-12-31": "", "2013-09-30": "", "2013-06-30": "", "2012-12-31": "", "2011-12-31": ""}, "SG&A Expenses": {"2020-09-30": "64.88800", "2020-06-30": "70.26500", "2020-03-31": "96.82800", "2019-12-31": "85.86700", "2019-09-30": "83.06600", "2019-06-30": "95.80800", "2019-03-31": "97.70900", "2018-12-31": "118.10200", "2018-09-30": "107.76200", "2018-06-30": "106.45500", "2018-03-31": "110.76500", "2017-12-31": "83.21900", "2017-09-30": "97.30400", "2017-06-30": "92.60900", "2017-03-31": "133.14700", "2016-12-31": "-9.62400", "2016-09-30": "140.76000", "2016-06-30": "150.49300", "2016-03-31": "162.10000", "2015-12-31": "186.50700", "2015-09-30": "157.78300", "2015-06-30": "156.38400", "2015-03-31": "149.23100", "2014-12-31": "160.95300", "2014-09-30": "150.76200", "2014-06-30": "140.93900", "2014-03-31": "143.71200", "2013-12-31": "", "2013-09-30": "143.72400", "2013-06-30": "146.82300", "2012-12-31": "", "2011-12-31": ""}, "Other Operating Income Or Expenses": {"2020-09-30": "-107.00700", "2020-06-30": "-103.64100", "2020-03-31": "-172.22900", "2019-12-31": "-157.00300", "2019-09-30": "-132.32500", "2019-06-30": "-134.76600", "2019-03-31": "-142.13400", "2018-12-31": "-153.59490", "2018-09-30": "-145.82200", "2018-06-30": "-134.88500", "2018-03-31": "-146.23300", "2017-12-31": "-82.99190", "2017-09-30": "-128.84800", "2017-06-30": "-133.37700", "2017-03-31": "-207.72100", "2016-12-31": "88.37310", "2016-09-30": "-222.26500", "2016-06-30": "-225.37600", "2016-03-31": "-225.90000", "2015-12-31": "-316.56200", "2015-09-30": "-241.15000", "2015-06-30": "-230.87100", "2015-03-31": "-154.73200", "2014-12-31": "-465.37700", "2014-09-30": "-167.22500", "2014-06-30": "-186.06600", "2014-03-31": "-174.15300", "2013-12-31": "", "2013-09-30": "", "2013-06-30": "", "2012-12-31": "", "2011-12-31": ""}, "Operating Expenses": {"2020-09-30": "181.25500", "2020-06-30": "183.77500", "2020-03-31": "278.53000", "2019-12-31": "255.19110", "2019-09-30": "226.65200", "2019-06-30": "242.22200", "2019-03-31": "251.92700", "2018-12-31": "287.39200", "2018-09-30": "265.76300", "2018-06-30": "254.28200", "2018-03-31": "269.44400", "2017-12-31": "175.22790", "2017-09-30": "238.27600", "2017-06-30": "238.97300", "2017-03-31": "354.04600", "2016-12-31": "-89.43300", "2016-09-30": "377.40000", "2016-06-30": "390.16900", "2016-03-31": "402.12400", "2015-12-31": "446.83510", "2015-09-30": "413.23600", "2015-06-30": "400.40400", "2015-03-31": "387.37800", "2014-12-31": "421.07310", "2014-09-30": "399.54000", "2014-06-30": "404.91200", "2014-03-31": "395.75100", "2013-12-31": "", "2013-09-30": "396.89400", "2013-06-30": "407.76100", "2012-12-31": "", "2011-12-31": ""}, "Operating Income": {"2020-09-30": "7.41300", "2020-06-30": "-0.67500", "2020-03-31": "-62.04500", "2019-12-31": "-2.92110", "2019-09-30": "9.37500", "2019-06-30": "8.10500", "2019-03-31": "-7.40200", "2018-12-31": "-3.89610", "2018-09-30": "-9.99300", "2018-06-30": "-1.24500", "2018-03-31": "-31.07800", "2017-12-31": "-5.48090", "2017-09-30": "-2.12100", "2017-06-30": "4.46200", "2017-03-31": "12.07000", "2016-12-31": "-28.15990", "2016-09-30": "0.83600", "2016-06-30": "14.33200", "2016-03-31": "-3.90500", "2015-12-31": "10.02190", "2015-09-30": "-7.56800", "2015-06-30": "11.61700", "2015-03-31": "10.89600", "2014-12-31": "36.40300", "2014-09-30": "4.51700", "2014-06-30": "25.01100", "2014-03-31": "20.77100", "2013-12-31": "", "2013-09-30": "26.88300", "2013-06-30": "39.09900", "2012-12-31": "", "2011-12-31": ""}, "Total Non-Operating Income/Expense": {"2020-09-30": "0.22500", "2020-06-30": "0.14700", "2020-03-31": "0.35700", "2019-12-31": "0.06800", "2019-09-30": "-2.02200", "2019-06-30": "-0.29600", "2019-03-31": "-0.19400", "2018-12-31": "3.85000", "2018-09-30": "3.50900", "2018-06-30": "-10.10300", "2018-03-31": "-3.63000", "2017-12-31": "-5.15800", "2017-09-30": "-6.82700", "2017-06-30": "-6.80400", "2017-03-31": "-12.76600", "2016-12-31": "-7.20300", "2016-09-30": "-6.95600", "2016-06-30": "-6.91600", "2016-03-31": "-6.96700", "2015-12-31": "-7.72600", "2015-09-30": "-7.37800", "2015-06-30": "-6.53300", "2015-03-31": "-6.52500", "2014-12-31": "-6.56300", "2014-09-30": "-4.18900", "2014-06-30": "1.13700", "2014-03-31": "-0.34600", "2013-12-31": "", "2013-09-30": "-0.05700", "2013-06-30": "-0.55900", "2012-12-31": "", "2011-12-31": ""}, "Pre-Tax Income": {"2020-09-30": "7.63800", "2020-06-30": "-0.52800", "2020-03-31": "-61.68800", "2019-12-31": "-2.85300", "2019-09-30": "7.35300", "2019-06-30": "7.80900", "2019-03-31": "-7.59600", "2018-12-31": "-0.04600", "2018-09-30": "-6.48400", "2018-06-30": "-11.34800", "2018-03-31": "-34.70800", "2017-12-31": "-10.63900", "2017-09-30": "-8.94800", "2017-06-30": "-2.34200", "2017-03-31": "-0.69600", "2016-12-31": "-35.36300", "2016-09-30": "-6.12000", "2016-06-30": "7.41600", "2016-03-31": "-10.87200", "2015-12-31": "2.29600", "2015-09-30": "-14.94600", "2015-06-30": "5.08400", "2015-03-31": "4.37100", "2014-12-31": "29.84000", "2014-09-30": "0.32800", "2014-06-30": "26.14800", "2014-03-31": "20.42500", "2013-12-31": "", "2013-09-30": "26.82600", "2013-06-30": "38.54000", "2012-12-31": "", "2011-12-31": ""}, "Income Taxes": {"2020-09-30": "-0.85300", "2020-06-30": "-2.08400", "2020-03-31": "-17.68200", "2019-12-31": "1.55700", "2019-09-30": "0.48000", "2019-06-30": "2.46500", "2019-03-31": "-2.88200", "2018-12-31": "-4.00400", "2018-09-30": "-5.83500", "2018-06-30": "3.75300", "2018-03-31": "-6.63700", "2017-12-31": "1.60000", "2017-09-30": "3.69700", "2017-06-30": "-0.40200", "2017-03-31": "2.29300", "2016-12-31": "-12.87900", "2016-09-30": "4.35200", "2016-06-30": "3.36000", "2016-03-31": "-4.40900", "2015-12-31": "2.37300", "2015-09-30": "-6.34500", "2015-06-30": "1.68600", "2015-03-31": "1.85600", "2014-12-31": "14.37100", "2014-09-30": "0.48400", "2014-06-30": "10.94500", "2014-03-31": "8.65300", "2013-12-31": "", "2013-09-30": "8.54200", "2013-06-30": "16.61400", "2012-12-31": "", "2011-12-31": ""}, "Income After Taxes": {"2020-09-30": "8.49100", "2020-06-30": "1.55600", "2020-03-31": "-44.00600", "2019-12-31": "-4.41000", "2019-09-30": "6.87300", "2019-06-30": "5.34400", "2019-03-31": "-4.71400", "2018-12-31": "3.95800", "2018-09-30": "-0.64900", "2018-06-30": "-15.10100", "2018-03-31": "-28.07100", "2017-12-31": "-12.23900", "2017-09-30": "-12.64500", "2017-06-30": "-1.94000", "2017-03-31": "-2.98900", "2016-12-31": "-22.48400", "2016-09-30": "-10.47200", "2016-06-30": "4.05600", "2016-03-31": "-6.46300", "2015-12-31": "-0.07700", "2015-09-30": "-8.60100", "2015-06-30": "3.39800", "2015-03-31": "2.51500", "2014-12-31": "15.46900", "2014-09-30": "-0.15600", "2014-06-30": "15.20300", "2014-03-31": "11.77200", "2013-12-31": "", "2013-09-30": "18.28400", "2013-06-30": "21.92600", "2012-12-31": "", "2011-12-31": ""}, "Other Income": {"2020-09-30": "", "2020-06-30": "", "2020-03-31": "", "2019-12-31": "", "2019-09-30": "", "2019-06-30": "", "2019-03-31": "", "2018-12-31": "", "2018-09-30": "", "2018-06-30": "", "2018-03-31": "", "2017-12-31": "", "2017-09-30": "", "2017-06-30": "", "2017-03-31": "", "2016-12-31": "", "2016-09-30": "", "2016-06-30": "", "2016-03-31": "", "2015-12-31": "", "2015-09-30": "", "2015-06-30": "", "2015-03-31": "", "2014-12-31": "", "2014-09-30": "", "2014-06-30": "", "2014-03-31": "", "2013-12-31": "", "2013-09-30": "", "2013-06-30": "", "2012-12-31": "", "2011-12-31": ""}, "Income From Continuous Operations": {"2020-09-30": "8.49100", "2020-06-30": "1.55600", "2020-03-31": "-44.00600", "2019-12-31": "-4.41000", "2019-09-30": "6.87300", "2019-06-30": "5.34400", "2019-03-31": "-4.71400", "2018-12-31": "3.95800", "2018-09-30": "-0.64900", "2018-06-30": "-15.10100", "2018-03-31": "-28.07100", "2017-12-31": "-12.23900", "2017-09-30": "-12.64500", "2017-06-30": "-1.94000", "2017-03-31": "-2.98900", "2016-12-31": "-22.48400", "2016-09-30": "-10.47200", "2016-06-30": "4.05600", "2016-03-31": "-6.46300", "2015-12-31": "-0.07700", "2015-09-30": "-8.60100", "2015-06-30": "3.39800", "2015-03-31": "2.51500", "2014-12-31": "15.46900", "2014-09-30": "-0.15600", "2014-06-30": "15.20300", "2014-03-31": "11.77200", "2013-12-31": "", "2013-09-30": "18.28400", "2013-06-30": "21.92600", "2012-12-31": "", "2011-12-31": ""}, "Income From Discontinued Operations": {"2020-09-30": "", "2020-06-30": "", "2020-03-31": "", "2019-12-31": "10.23300", "2019-09-30": "-12.84800", "2019-06-30": "-0.72200", "2019-03-31": "", "2018-12-31": "-1.15500", "2018-09-30": "-3.58600", "2018-06-30": "280.54500", "2018-03-31": "13.70600", "2017-12-31": "11.86600", "2017-09-30": "14.70100", "2017-06-30": "8.78100", "2017-03-31": "", "2016-12-31": "", "2016-09-30": "", "2016-06-30": "", "2016-03-31": "", "2015-12-31": "", "2015-09-30": "", "2015-06-30": "", "2015-03-31": "", "2014-12-31": "", "2014-09-30": "", "2014-06-30": "", "2014-03-31": "", "2013-12-31": "", "2013-09-30": "", "2013-06-30": "", "2012-12-31": "", "2011-12-31": ""}, "Net Income": {"2020-09-30": "6.66700", "2020-06-30": "-0.60600", "2020-03-31": "-45.33600", "2019-12-31": "-21.48500", "2019-09-30": "-7.12500", "2019-06-30": "2.69600", "2019-03-31": "-4.67500", "2018-12-31": "2.41800", "2018-09-30": "-3.99600", "2018-06-30": "264.99600", "2018-03-31": "-14.62700", "2017-12-31": "-0.37300", "2017-09-30": "2.05600", "2017-06-30": "6.84100", "2017-03-31": "-2.98900", "2016-12-31": "19.41600", "2016-09-30": "-10.47200", "2016-06-30": "4.05600", "2016-03-31": "-6.46300", "2015-12-31": "-0.07700", "2015-09-30": "-8.60100", "2015-06-30": "3.39800", "2015-03-31": "2.51500", "2014-12-31": "15.46900", "2014-09-30": "-0.15600", "2014-06-30": "15.20300", "2014-03-31": "11.77200", "2013-12-31": "", "2013-09-30": "18.28400", "2013-06-30": "21.92600", "2012-12-31": "", "2011-12-31": ""}, "EBITDA": {"2020-09-30": "16.77300", "2020-06-30": "9.19400", "2020-03-31": "-52.57200", "2019-12-31": "9.39990", "2019-09-30": "20.63600", "2019-06-30": "19.75300", "2019-03-31": "4.68200", "2018-12-31": "11.79890", "2018-09-30": "1.61500", "2018-06-30": "12.26800", "2018-03-31": "-18.63200", "2017-12-31": "6.72010", "2017-09-30": "9.30200", "2017-06-30": "14.96600", "2017-03-31": "25.24800", "2016-12-31": "-19.59590", "2016-09-30": "15.21100", "2016-06-30": "28.63200", "2016-03-31": "10.21900", "2015-12-31": "24.49390", "2015-09-30": "6.73500", "2015-06-30": "24.79300", "2015-03-31": "23.57800", "2014-12-31": "49.59800", "2014-09-30": "14.63400", "2014-06-30": "29.49000", "2014-03-31": "25.06900", "2013-12-31": "", "2013-09-30": "34.12400", "2013-06-30": "39.09900", "2012-12-31": "", "2011-12-31": ""}, "EBIT": {"2020-09-30": "7.41300", "2020-06-30": "-0.67500", "2020-03-31": "-62.04500", "2019-12-31": "-2.92100", "2019-09-30": "9.37500", "2019-06-30": "8.10500", "2019-03-31": "-7.40200", "2018-12-31": "-3.89600", "2018-09-30": "-9.99300", "2018-06-30": "-1.24500", "2018-03-31": "-31.07800", "2017-12-31": "-5.48090", "2017-09-30": "-2.12100", "2017-06-30": "4.46200", "2017-03-31": "12.07000", "2016-12-31": "-28.16000", "2016-09-30": "0.83600", "2016-06-30": "14.33200", "2016-03-31": "-3.90500", "2015-12-31": "10.02190", "2015-09-30": "-7.56800", "2015-06-30": "11.61700", "2015-03-31": "10.89600", "2014-12-31": "36.40300", "2014-09-30": "4.51700", "2014-06-30": "25.01100", "2014-03-31": "20.77100", "2013-12-31": "", "2013-09-30": "26.88300", "2013-06-30": "39.09900", "2012-12-31": "", "2011-12-31": ""}, "Basic Shares Outstanding": {"2020-09-30": "36.52200", "2020-06-30": "36.46200", "2020-03-31": "36.29400", "2019-12-31": "35.81000", "2019-09-30": "35.86300", "2019-06-30": "35.71100", "2019-03-31": "35.62800", "2018-12-31": "35.26800", "2018-09-30": "35.40900", "2018-06-30": "35.28800", "2018-03-31": "34.80100", "2017-12-31": "33.99600", "2017-09-30": "33.24200", "2017-06-30": "32.82500", "2017-03-31": "36.30600", "2016-12-31": "33.78800", "2016-09-30": "36.41500", "2016-06-30": "32.97500", "2016-03-31": "29.33400", "2015-12-31": "25.99000", "2015-09-30": "26.32100", "2015-06-30": "25.91000", "2015-03-31": "25.49500", "2014-12-31": "25.42900", "2014-09-30": "25.43000", "2014-06-30": "25.42400", "2014-03-31": "25.42400", "2013-12-31": "", "2013-09-30": "25.42400", "2013-06-30": "25.42400", "2012-12-31": "", "2011-12-31": ""}, "Shares Outstanding": {"2020-09-30": "36.63500", "2020-06-30": "36.46200", "2020-03-31": "36.29400", "2019-12-31": "35.81000", "2019-09-30": "35.86300", "2019-06-30": "35.86600", "2019-03-31": "35.62800", "2018-12-31": "35.26800", "2018-09-30": "35.40900", "2018-06-30": "35.28800", "2018-03-31": "34.80100", "2017-12-31": "33.99600", "2017-09-30": "33.24200", "2017-06-30": "32.82500", "2017-03-31": "36.30600", "2016-12-31": "33.78800", "2016-09-30": "36.41500", "2016-06-30": "33.02800", "2016-03-31": "29.33400", "2015-12-31": "25.99000", "2015-09-30": "26.32100", "2015-06-30": "26.03400", "2015-03-31": "25.79000", "2014-12-31": "25.54300", "2014-09-30": "25.43000", "2014-06-30": "25.42400", "2014-03-31": "25.42400", "2013-12-31": "", "2013-09-30": "25.42400", "2013-06-30": "25.42400", "2012-12-31": "", "2011-12-31": ""}, "Basic EPS": {"2020-09-30": "0.18000", "2020-06-30": "-0.02000", "2020-03-31": "-1.26000", "2019-12-31": "-0.19000", "2019-09-30": "-0.61000", "2019-06-30": "0.08000", "2019-03-31": "-0.13000", "2018-12-31": "0.07000", "2018-09-30": "-0.11000", "2018-06-30": "7.51000", "2018-03-31": "-0.42000", "2017-12-31": "-0.03000", "2017-09-30": "0.06000", "2017-06-30": "0.21000", "2017-03-31": "-0.08000", "2016-12-31": "0.58000", "2016-09-30": "-0.29000", "2016-06-30": "0.12000", "2016-03-31": "-0.22000", "2015-12-31": "-0.01000", "2015-09-30": "-0.33000", "2015-06-30": "0.13000", "2015-03-31": "0.10000", "2014-12-31": "0.61000", "2014-09-30": "-0.01000", "2014-06-30": "0.60000", "2014-03-31": "0.46000", "2013-12-31": "", "2013-09-30": "0.72000", "2013-06-30": "0.86000", "2012-12-31": "", "2011-12-31": ""}, "EPS - Earnings Per Share": {"2020-09-30": "0.18000", "2020-06-30": "-0.02000", "2020-03-31": "-1.26000", "2019-12-31": "-0.19000", "2019-09-30": "-0.61000", "2019-06-30": "0.08000", "2019-03-31": "-0.13000", "2018-12-31": "0.07000", "2018-09-30": "-0.11000", "2018-06-30": "7.51000", "2018-03-31": "-0.42000", "2017-12-31": "-0.03000", "2017-09-30": "0.06000", "2017-06-30": "0.21000", "2017-03-31": "-0.08000", "2016-12-31": "0.58000", "2016-09-30": "-0.29000", "2016-06-30": "0.12000", "2016-03-31": "-0.22000", "2015-12-31": "-0.01000", "2015-09-30": "-0.33000", "2015-06-30": "0.13000", "2015-03-31": "0.10000", "2014-12-31": "0.61000", "2014-09-30": "-0.01000", "2014-06-30": "0.60000", "2014-03-31": "0.46000", "2013-12-31": "0.00000", "2013-09-30": "0.72000", "2013-06-30": "0.86000", "2012-12-31": "0.00000", "2011-12-31": "0.00000"}}, "balance sheet": {"Cash On Hand": {"2019-12-31": "60.96300", "2018-12-31": "97.56000", "2017-12-31": "185.35100", "2016-12-31": "198.34900", "2015-12-31": "40.83200", "2014-12-31": "36.67500", "2013-12-31": "9.69400", "2012-12-31": "13.76800", "2011-12-31": ""}, "Receivables": {"2019-12-31": "112.75400", "2018-12-31": "145.46300", "2017-12-31": "122.50100", "2016-12-31": "195.51900", "2015-12-31": "240.81300", "2014-12-31": "234.81200", "2013-12-31": "251.63600", "2012-12-31": "256.98500", "2011-12-31": ""}, "Inventory": {"2019-12-31": "4.82000", "2018-12-31": "9.58700", "2017-12-31": "7.41200", "2016-12-31": "10.95000", "2015-12-31": "13.68800", "2014-12-31": "16.65100", "2013-12-31": "14.22200", "2012-12-31": "12.53700", "2011-12-31": ""}, "Pre-Paid Expenses": {"2019-12-31": "15.11400", "2018-12-31": "18.19700", "2017-12-31": "29.66300", "2016-12-31": "12.87900", "2015-12-31": "12.84500", "2014-12-31": "22.50300", "2013-12-31": "11.60700", "2012-12-31": "14.73300", "2011-12-31": ""}, "Other Current Assets": {"2019-12-31": "", "2018-12-31": "", "2017-12-31": "", "2016-12-31": "5.98400", "2015-12-31": "3.97900", "2014-12-31": "4.09000", "2013-12-31": "1.96300", "2012-12-31": "", "2011-12-31": ""}, "Total Current Assets": {"2019-12-31": "193.65100", "2018-12-31": "270.80700", "2017-12-31": "406.70500", "2016-12-31": "423.68100", "2015-12-31": "312.15700", "2014-12-31": "314.73100", "2013-12-31": "326.49300", "2012-12-31": "299.17000", "2011-12-31": ""}, "Property, Plant, And Equipment": {"2019-12-31": "123.91300", "2018-12-31": "144.96300", "2017-12-31": "94.49800", "2016-12-31": "67.86600", "2015-12-31": "77.45000", "2014-12-31": "162.34500", "2013-12-31": "67.92800", "2012-12-31": "615.37800", "2011-12-31": ""}, "Long-Term Investments": {"2019-12-31": "", "2018-12-31": "", "2017-12-31": "", "2016-12-31": "", "2015-12-31": "", "2014-12-31": "3.37000", "2013-12-31": "2.79900", "2012-12-31": "3.98600", "2011-12-31": ""}, "Goodwill And Intangible Assets": {"2019-12-31": "186.84000", "2018-12-31": "209.37500", "2017-12-31": "110.34400", "2016-12-31": "254.63000", "2015-12-31": "257.85400", "2014-12-31": "128.94100", "2013-12-31": "75.81300", "2012-12-31": "28.91100", "2011-12-31": "0.00000"}, "Other Long-Term Assets": {"2019-12-31": "50.74700", "2018-12-31": "71.95100", "2017-12-31": "31.16300", "2016-12-31": "24.04700", "2015-12-31": "36.87600", "2014-12-31": "27.50500", "2013-12-31": "", "2012-12-31": "3.78700", "2011-12-31": ""}, "Total Long-Term Assets": {"2019-12-31": "488.62700", "2018-12-31": "455.82000", "2017-12-31": "458.42800", "2016-12-31": "465.08500", "2015-12-31": "520.80900", "2014-12-31": "362.97200", "2013-12-31": "187.87300", "2012-12-31": "652.06200", "2011-12-31": ""}, "Total Assets": {"2019-12-31": "682.27800", "2018-12-31": "726.62700", "2017-12-31": "865.13300", "2016-12-31": "888.76600", "2015-12-31": "832.96600", "2014-12-31": "677.70300", "2013-12-31": "514.36600", "2012-12-31": "951.23200", "2011-12-31": "0.00000"}, "Total Current Liabilities": {"2019-12-31": "175.36200", "2018-12-31": "210.52700", "2017-12-31": "260.90400", "2016-12-31": "264.88700", "2015-12-31": "313.43000", "2014-12-31": "279.48800", "2013-12-31": "228.48000", "2012-12-31": "233.98100", "2011-12-31": ""}, "Long Term Debt": {"2019-12-31": "6.85700", "2018-12-31": "6.79900", "2017-12-31": "331.06500", "2016-12-31": "349.12800", "2015-12-31": "367.84700", "2014-12-31": "321.82200", "2013-12-31": "", "2012-12-31": "", "2011-12-31": ""}, "Other Non-Current Liabilities": {"2019-12-31": "5.85100", "2018-12-31": "17.19700", "2017-12-31": "19.08100", "2016-12-31": "60.25800", "2015-12-31": "159.12700", "2014-12-31": "61.44900", "2013-12-31": "54.04600", "2012-12-31": "2922.80400", "2011-12-31": ""}, "Total Long Term Liabilities": {"2019-12-31": "158.58900", "2018-12-31": "103.03200", "2017-12-31": "535.06700", "2016-12-31": "515.99800", "2015-12-31": "533.93400", "2014-12-31": "392.04600", "2013-12-31": "61.06100", "2012-12-31": "2932.19000", "2011-12-31": ""}, "Total Liabilities": {"2019-12-31": "333.95100", "2018-12-31": "313.55900", "2017-12-31": "795.97100", "2016-12-31": "780.88500", "2015-12-31": "847.36400", "2014-12-31": "671.53400", "2013-12-31": "289.54100", "2012-12-31": "3166.17100", "2011-12-31": "0.00000"}, "Common Stock Net": {"2019-12-31": "0.38000", "2018-12-31": "0.37600", "2017-12-31": "0.37600", "2016-12-31": "0.36500", "2015-12-31": "0.26400", "2014-12-31": "0.25400", "2013-12-31": "", "2012-12-31": "", "2011-12-31": "0.00000"}, "Retained Earnings (Accumulated Deficit)": {"2019-12-31": "135.00100", "2018-12-31": "232.40100", "2017-12-31": "-16.39000", "2016-12-31": "-21.92500", "2015-12-31": "-28.63900", "2014-12-31": "-6.93700", "2013-12-31": "", "2012-12-31": "", "2011-12-31": ""}, "Comprehensive Income": {"2019-12-31": "-2.35200", "2018-12-31": "0.02700", "2017-12-31": "-13.52700", "2016-12-31": "-8.81400", "2015-12-31": "-3.90600", "2014-12-31": "10.48200", "2013-12-31": "-0.31000", "2012-12-31": "", "2011-12-31": ""}, "Other Share Holders Equity": {"2019-12-31": "", "2018-12-31": "", "2017-12-31": "", "2016-12-31": "", "2015-12-31": "", "2014-12-31": "", "2013-12-31": "", "2012-12-31": "", "2011-12-31": "0.00000"}, "Share Holder Equity": {"2019-12-31": "348.32700", "2018-12-31": "413.06800", "2017-12-31": "69.16200", "2016-12-31": "107.88100", "2015-12-31": "-14.39800", "2014-12-31": "6.16900", "2013-12-31": "224.82500", "2012-12-31": "-2214.93900", "2011-12-31": "0.00000"}, "Total Liabilities And Share Holders Equity": {"2019-12-31": "682.27800", "2018-12-31": "726.62700", "2017-12-31": "865.13300", "2016-12-31": "888.76600", "2015-12-31": "832.96600", "2014-12-31": "677.70300", "2013-12-31": "514.36600", "2012-12-31": "951.23200", "2011-12-31": "0.00000"}}, "balance sheet, quarterly": {"Cash On Hand": {"2020-09-30": "89.99200", "2020-06-30": "80.51500", "2020-03-31": "48.79100", "2019-12-31": "60.96300", "2019-09-30": "56.52600", "2019-06-30": "102.63200", "2019-03-31": "98.20600", "2018-12-31": "97.56000", "2018-09-30": "97.58200", "2018-06-30": "214.54400", "2018-03-31": "162.73100", "2017-12-31": "185.35100", "2017-09-30": "185.15200", "2017-06-30": "174.20000", "2017-03-31": "160.89000", "2016-12-31": "198.34900", "2016-09-30": "187.12500", "2016-06-30": "169.69500", "2016-03-31": "95.79400", "2015-12-31": "40.83200", "2015-09-30": "54.65100", "2015-06-30": "41.72600", "2015-03-31": "40.21800", "2014-12-31": "36.67500", "2014-09-30": "59.64700", "2014-06-30": "12.53800", "2014-03-31": "", "2013-12-31": "", "2013-09-30": "", "2013-06-30": "", "2012-12-31": "13.76800", "2011-12-31": ""}, "Receivables": {"2020-09-30": "75.90500", "2020-06-30": "77.77100", "2020-03-31": "94.26500", "2019-12-31": "112.75400", "2019-09-30": "103.71300", "2019-06-30": "112.04700", "2019-03-31": "111.61800", "2018-12-31": "145.46300", "2018-09-30": "135.95000", "2018-06-30": "133.10300", "2018-03-31": "153.53300", "2017-12-31": "122.50100", "2017-09-30": "169.79100", "2017-06-30": "159.23000", "2017-03-31": "161.30500", "2016-12-31": "195.51900", "2016-09-30": "185.27100", "2016-06-30": "191.97800", "2016-03-31": "198.04900", "2015-12-31": "240.81300", "2015-09-30": "208.88600", "2015-06-30": "213.85400", "2015-03-31": "209.10600", "2014-12-31": "234.81200", "2014-09-30": "194.18500", "2014-06-30": "210.21000", "2014-03-31": "", "2013-12-31": "", "2013-09-30": "", "2013-06-30": "", "2012-12-31": "256.98500", "2011-12-31": ""}, "Inventory": {"2020-09-30": "3.05600", "2020-06-30": "3.72400", "2020-03-31": "4.79600", "2019-12-31": "4.82000", "2019-09-30": "5.68200", "2019-06-30": "6.51600", "2019-03-31": "9.26700", "2018-12-31": "9.58700", "2018-09-30": "11.40200", "2018-06-30": "11.01700", "2018-03-31": "13.27700", "2017-12-31": "7.41200", "2017-09-30": "9.16700", "2017-06-30": "6.71900", "2017-03-31": "10.13700", "2016-12-31": "10.95000", "2016-09-30": "12.84400", "2016-06-30": "15.58200", "2016-03-31": "15.27700", "2015-12-31": "13.68800", "2015-09-30": "13.65500", "2015-06-30": "15.95200", "2015-03-31": "16.77600", "2014-12-31": "16.65100", "2014-09-30": "15.33400", "2014-06-30": "16.07400", "2014-03-31": "", "2013-12-31": "", "2013-09-30": "", "2013-06-30": "", "2012-12-31": "12.53700", "2011-12-31": ""}, "Pre-Paid Expenses": {"2020-09-30": "24.71200", "2020-06-30": "23.42400", "2020-03-31": "23.90900", "2019-12-31": "15.11400", "2019-09-30": "21.53500", "2019-06-30": "19.53400", "2019-03-31": "20.60500", "2018-12-31": "18.19700", "2018-09-30": "38.99100", "2018-06-30": "22.85900", "2018-03-31": "26.87000", "2017-12-31": "29.66300", "2017-09-30": "29.45700", "2017-06-30": "17.68300", "2017-03-31": "22.18000", "2016-12-31": "12.87900", "2016-09-30": "19.62400", "2016-06-30": "15.62700", "2016-03-31": "21.58800", "2015-12-31": "12.84500", "2015-09-30": "18.93500", "2015-06-30": "16.83800", "2015-03-31": "21.23100", "2014-12-31": "22.50300", "2014-09-30": "27.94400", "2014-06-30": "13.92700", "2014-03-31": "", "2013-12-31": "", "2013-09-30": "", "2013-06-30": "", "2012-12-31": "", "2011-12-31": ""}, "Other Current Assets": {"2020-09-30": "", "2020-06-30": "", "2020-03-31": "", "2019-12-31": "", "2019-09-30": "", "2019-06-30": "", "2019-03-31": "", "2018-12-31": "", "2018-09-30": "", "2018-06-30": "", "2018-03-31": "", "2017-12-31": "", "2017-09-30": "", "2017-06-30": "", "2017-03-31": "", "2016-12-31": "5.98400", "2016-09-30": "", "2016-06-30": "", "2016-03-31": "", "2015-12-31": "3.97900", "2015-09-30": "", "2015-06-30": "", "2015-03-31": "", "2014-12-31": "4.09000", "2014-09-30": "", "2014-06-30": "", "2014-03-31": "", "2013-12-31": "", "2013-09-30": "", "2013-06-30": "", "2012-12-31": "15.88000", "2011-12-31": ""}, "Total Current Assets": {"2020-09-30": "193.66500", "2020-06-30": "185.43400", "2020-03-31": "171.76100", "2019-12-31": "193.65100", "2019-09-30": "187.45600", "2019-06-30": "240.72900", "2019-03-31": "239.69600", "2018-12-31": "270.80700", "2018-09-30": "283.92500", "2018-06-30": "381.52300", "2018-03-31": "356.41100", "2017-12-31": "406.70500", "2017-09-30": "393.56700", "2017-06-30": "357.83200", "2017-03-31": "354.51200", "2016-12-31": "423.68100", "2016-09-30": "404.86400", "2016-06-30": "392.88200", "2016-03-31": "330.70800", "2015-12-31": "312.15700", "2015-09-30": "331.86000", "2015-06-30": "322.62100", "2015-03-31": "320.79000", "2014-12-31": "314.73100", "2014-09-30": "329.54700", "2014-06-30": "286.54900", "2014-03-31": "", "2013-12-31": "", "2013-09-30": "", "2013-06-30": "", "2012-12-31": "299.17000", "2011-12-31": ""}, "Property, Plant, And Equipment": {"2020-09-30": "84.99700", "2020-06-30": "90.08600", "2020-03-31": "94.90100", "2019-12-31": "123.91300", "2019-09-30": "126.95200", "2019-06-30": "131.88300", "2019-03-31": "134.08600", "2018-12-31": "144.96300", "2018-09-30": "146.06700", "2018-06-30": "144.68000", "2018-03-31": "109.75400", "2017-12-31": "94.49800", "2017-09-30": "104.66100", "2017-06-30": "60.46500", "2017-03-31": "64.65100", "2016-12-31": "67.86600", "2016-09-30": "129.99300", "2016-06-30": "134.07700", "2016-03-31": "136.83800", "2015-12-31": "77.45000", "2015-09-30": "150.32300", "2015-06-30": "153.51000", "2015-03-31": "157.70500", "2014-12-31": "162.34500", "2014-09-30": "160.23800", "2014-06-30": "66.32400", "2014-03-31": "", "2013-12-31": "", "2013-09-30": "", "2013-06-30": "", "2012-12-31": "1840.33400", "2011-12-31": ""}, "Long-Term Investments": {"2020-09-30": "", "2020-06-30": "", "2020-03-31": "", "2019-12-31": "", "2019-09-30": "", "2019-06-30": "", "2019-03-31": "", "2018-12-31": "", "2018-09-30": "", "2018-06-30": "", "2018-03-31": "", "2017-12-31": "", "2017-09-30": "", "2017-06-30": "", "2017-03-31": "", "2016-12-31": "", "2016-09-30": "3.85500", "2016-06-30": "3.94600", "2016-03-31": "2.34800", "2015-12-31": "", "2015-09-30": "3.62100", "2015-06-30": "3.90600", "2015-03-31": "3.85500", "2014-12-31": "3.37000", "2014-09-30": "2.72000", "2014-06-30": "1.92100", "2014-03-31": "", "2013-12-31": "", "2013-09-30": "", "2013-06-30": "", "2012-12-31": "3.98000", "2011-12-31": ""}, "Goodwill And Intangible Assets": {"2020-09-30": "172.11400", "2020-06-30": "173.82900", "2020-03-31": "175.54400", "2019-12-31": "186.84000", "2019-09-30": "203.13200", "2019-06-30": "205.06800", "2019-03-31": "206.95200", "2018-12-31": "209.37500", "2018-09-30": "214.13000", "2018-06-30": "218.72600", "2018-03-31": "347.54200", "2017-12-31": "110.34400", "2017-09-30": "249.37800", "2017-06-30": "249.63400", "2017-03-31": "251.81000", "2016-12-31": "254.63000", "2016-09-30": "251.28300", "2016-06-30": "254.50700", "2016-03-31": "256.51800", "2015-12-31": "257.85400", "2015-09-30": "276.59700", "2015-06-30": "279.16400", "2015-03-31": "127.05700", "2014-12-31": "128.94100", "2014-09-30": "107.51000", "2014-06-30": "109.70800", "2014-03-31": "0.00000", "2013-12-31": "", "2013-09-30": "0.00000", "2013-06-30": "0.00000", "2012-12-31": "28.91000", "2011-12-31": "0.00000"}, "Other Long-Term Assets": {"2020-09-30": "46.80000", "2020-06-30": "46.62100", "2020-03-31": "50.51400", "2019-12-31": "50.74700", "2019-09-30": "51.89400", "2019-06-30": "51.43500", "2019-03-31": "69.56000", "2018-12-31": "71.95100", "2018-09-30": "73.94800", "2018-06-30": "72.10200", "2018-03-31": "30.81800", "2017-12-31": "31.16300", "2017-09-30": "22.46800", "2017-06-30": "24.42100", "2017-03-31": "24.09200", "2016-12-31": "24.04700", "2016-09-30": "17.79300", "2016-06-30": "32.83200", "2016-03-31": "33.46200", "2015-12-31": "36.87600", "2015-09-30": "17.00100", "2015-06-30": "27.51100", "2015-03-31": "27.50800", "2014-12-31": "27.50500", "2014-09-30": "27.50000", "2014-06-30": "4.32800", "2014-03-31": "", "2013-12-31": "", "2013-09-30": "", "2013-06-30": "", "2012-12-31": "3.78000", "2011-12-31": ""}, "Total Long-Term Assets": {"2020-09-30": "387.86200", "2020-06-30": "414.12600", "2020-03-31": "431.96900", "2019-12-31": "488.62700", "2019-09-30": "514.22000", "2019-06-30": "519.87100", "2019-03-31": "552.63100", "2018-12-31": "455.82000", "2018-09-30": "463.66000", "2018-06-30": "468.74600", "2018-03-31": "556.77400", "2017-12-31": "458.42800", "2017-09-30": "474.96700", "2017-06-30": "437.85900", "2017-03-31": "446.23000", "2016-12-31": "465.08500", "2016-09-30": "467.67400", "2016-06-30": "497.19000", "2016-03-31": "502.44900", "2015-12-31": "520.80900", "2015-09-30": "511.23500", "2015-06-30": "527.85300", "2015-03-31": "327.11700", "2014-12-31": "362.97200", "2014-09-30": "322.06600", "2014-06-30": "215.97900", "2014-03-31": "", "2013-12-31": "", "2013-09-30": "", "2013-06-30": "", "2012-12-31": "1877.00400", "2011-12-31": ""}, "Total Assets": {"2020-09-30": "581.52700", "2020-06-30": "599.56000", "2020-03-31": "603.73000", "2019-12-31": "682.27800", "2019-09-30": "701.67600", "2019-06-30": "760.60000", "2019-03-31": "792.32700", "2018-12-31": "726.62700", "2018-09-30": "747.58500", "2018-06-30": "850.26900", "2018-03-31": "913.18500", "2017-12-31": "865.13300", "2017-09-30": "868.53400", "2017-06-30": "795.69100", "2017-03-31": "800.74200", "2016-12-31": "888.76600", "2016-09-30": "872.53800", "2016-06-30": "890.07200", "2016-03-31": "833.15700", "2015-12-31": "832.96600", "2015-09-30": "843.09500", "2015-06-30": "850.47400", "2015-03-31": "647.90700", "2014-12-31": "677.70300", "2014-09-30": "651.61300", "2014-06-30": "502.52800", "2014-03-31": "0.00000", "2013-12-31": "0.00000", "2013-09-30": "0.00000", "2013-06-30": "0.00000", "2012-12-31": "951.23200", "2011-12-31": "0.00000"}, "Total Current Liabilities": {"2020-09-30": "150.54800", "2020-06-30": "167.45200", "2020-03-31": "164.77400", "2019-12-31": "175.36200", "2019-09-30": "184.86700", "2019-06-30": "232.44300", "2019-03-31": "198.39600", "2018-12-31": "210.52700", "2018-09-30": "233.67800", "2018-06-30": "328.31600", "2018-03-31": "257.56200", "2017-12-31": "260.90400", "2017-09-30": "250.57300", "2017-06-30": "228.16200", "2017-03-31": "235.81200", "2016-12-31": "264.88700", "2016-09-30": "266.35400", "2016-06-30": "275.19000", "2016-03-31": "289.80400", "2015-12-31": "313.43000", "2015-09-30": "303.16800", "2015-06-30": "290.01600", "2015-03-31": "277.10600", "2014-12-31": "279.48800", "2014-09-30": "277.98800", "2014-06-30": "233.79300", "2014-03-31": "", "2013-12-31": "", "2013-09-30": "", "2013-06-30": "", "2012-12-31": "233.98100", "2011-12-31": ""}, "Long Term Debt": {"2020-09-30": "0.05700", "2020-06-30": "0.05600", "2020-03-31": "0.05500", "2019-12-31": "6.85700", "2019-09-30": "6.77700", "2019-06-30": "6.80100", "2019-03-31": "6.77500", "2018-12-31": "6.79900", "2018-09-30": "6.77300", "2018-06-30": "6.79700", "2018-03-31": "326.97900", "2017-12-31": "331.06500", "2017-09-30": "340.50100", "2017-06-30": "340.10900", "2017-03-31": "344.31200", "2016-12-31": "349.12800", "2016-09-30": "353.96200", "2016-06-30": "358.54700", "2016-03-31": "363.36600", "2015-12-31": "367.84700", "2015-09-30": "381.94600", "2015-06-30": "386.07700", "2015-03-31": "325.36200", "2014-12-31": "321.82200", "2014-09-30": "333.86300", "2014-06-30": "", "2014-03-31": "", "2013-12-31": "", "2013-09-30": "", "2013-06-30": "", "2012-12-31": "", "2011-12-31": ""}, "Other Non-Current Liabilities": {"2020-09-30": "15.84600", "2020-06-30": "11.24800", "2020-03-31": "9.57600", "2019-12-31": "5.85100", "2019-09-30": "7.86100", "2019-06-30": "8.21800", "2019-03-31": "17.54600", "2018-12-31": "17.19700", "2018-09-30": "41.81500", "2018-06-30": "32.81000", "2018-03-31": "90.20100", "2017-12-31": "19.08100", "2017-09-30": "90.17200", "2017-06-30": "62.20500", "2017-03-31": "160.60800", "2016-12-31": "60.25800", "2016-09-30": "155.85600", "2016-06-30": "150.92400", "2016-03-31": "151.30700", "2015-12-31": "159.12700", "2015-09-30": "149.45800", "2015-06-30": "151.96000", "2015-03-31": "33.16000", "2014-12-31": "61.44900", "2014-09-30": "50.95200", "2014-06-30": "51.45300", "2014-03-31": "", "2013-12-31": "", "2013-09-30": "", "2013-06-30": "", "2012-12-31": "2922.80000", "2011-12-31": ""}, "Total Long Term Liabilities": {"2020-09-30": "132.86700", "2020-06-30": "140.81700", "2020-03-31": "148.10400", "2019-12-31": "222.09000", "2019-09-30": "161.38200", "2019-06-30": "167.61500", "2019-03-31": "181.70100", "2018-12-31": "103.03200", "2018-09-30": "100.94300", "2018-06-30": "101.45700", "2018-03-31": "525.20800", "2017-12-31": "535.06700", "2017-09-30": "549.54800", "2017-06-30": "502.67900", "2017-03-31": "509.38400", "2016-12-31": "515.99800", "2016-09-30": "515.14800", "2016-06-30": "515.51000", "2016-03-31": "521.17400", "2015-12-31": "533.93400", "2015-09-30": "538.82100", "2015-06-30": "545.90800", "2015-03-31": "366.84600", "2014-12-31": "392.04600", "2014-09-30": "390.55600", "2014-06-30": "57.59200", "2014-03-31": "", "2013-12-31": "", "2013-09-30": "", "2013-06-30": "", "2012-12-31": "2932.18000", "2011-12-31": ""}, "Total Liabilities": {"2020-09-30": "283.41500", "2020-06-30": "308.26900", "2020-03-31": "312.87800", "2019-12-31": "397.45200", "2019-09-30": "346.24900", "2019-06-30": "400.05800", "2019-03-31": "380.09700", "2018-12-31": "313.55900", "2018-09-30": "334.62100", "2018-06-30": "429.77300", "2018-03-31": "782.77000", "2017-12-31": "795.97100", "2017-09-30": "800.12100", "2017-06-30": "730.84100", "2017-03-31": "745.19600", "2016-12-31": "780.88500", "2016-09-30": "781.50200", "2016-06-30": "790.70000", "2016-03-31": "810.97800", "2015-12-31": "847.36400", "2015-09-30": "841.98900", "2015-06-30": "835.92400", "2015-03-31": "643.95200", "2014-12-31": "671.53400", "2014-09-30": "668.54400", "2014-06-30": "291.38500", "2014-03-31": "0.00000", "2013-12-31": "", "2013-09-30": "0.00000", "2013-06-30": "0.00000", "2012-12-31": "3166.17100", "2011-12-31": "0.00000"}, "Common Stock Net": {"2020-09-30": "0.38500", "2020-06-30": "0.38400", "2020-03-31": "0.38300", "2019-12-31": "0.38000", "2019-09-30": "0.37900", "2019-06-30": "0.37700", "2019-03-31": "0.37600", "2018-12-31": "0.37600", "2018-09-30": "0.37400", "2018-06-30": "0.37200", "2018-03-31": "0.37200", "2017-12-31": "0.37600", "2017-09-30": "0.37400", "2017-06-30": "0.36700", "2017-03-31": "0.36700", "2016-12-31": "0.36500", "2016-09-30": "0.36500", "2016-06-30": "0.36500", "2016-03-31": "0.31800", "2015-12-31": "0.26400", "2015-09-30": "0.26400", "2015-06-30": "0.26300", "2015-03-31": "0.25600", "2014-12-31": "0.25400", "2014-09-30": "0.25400", "2014-06-30": "", "2014-03-31": "0.00000", "2013-12-31": "", "2013-09-30": "0.00000", "2013-06-30": "0.00000", "2012-12-31": "0.00000", "2011-12-31": "0.00000"}, "Retained Earnings (Accumulated Deficit)": {"2020-09-30": "86.16600", "2020-06-30": "79.43200", "2020-03-31": "80.03800", "2019-12-31": "135.00100", "2019-09-30": "150.90200", "2019-06-30": "172.88000", "2019-03-31": "225.93900", "2018-12-31": "232.40100", "2018-09-30": "229.98300", "2018-06-30": "233.83200", "2018-03-31": "-31.16300", "2017-12-31": "-16.39000", "2017-09-30": "-16.01700", "2017-06-30": "-18.07300", "2017-03-31": "-24.91400", "2016-12-31": "-21.92500", "2016-09-30": "-41.38300", "2016-06-30": "-30.92800", "2016-03-31": "-35.03200", "2015-12-31": "-28.63900", "2015-09-30": "-23.80900", "2015-06-30": "-10.47700", "2015-03-31": "-9.04000", "2014-12-31": "-6.93700", "2014-09-30": "-20.07200", "2014-06-30": "", "2014-03-31": "", "2013-12-31": "", "2013-09-30": "", "2013-06-30": "", "2012-12-31": "", "2011-12-31": ""}, "Comprehensive Income": {"2020-09-30": "-2.43700", "2020-06-30": "-2.40300", "2020-03-31": "-2.37500", "2019-12-31": "-2.35200", "2019-09-30": "-0.16700", "2019-06-30": "-0.10300", "2019-03-31": "-0.03400", "2018-12-31": "0.02700", "2018-09-30": "4.73100", "2018-06-30": "7.11300", "2018-03-31": "-15.79500", "2017-12-31": "-13.52700", "2017-09-30": "-9.38200", "2017-06-30": "-9.18800", "2017-03-31": "-9.01800", "2016-12-31": "-8.81400", "2016-09-30": "-3.77700", "2016-06-30": "-3.51300", "2016-03-31": "-4.04300", "2015-12-31": "-3.90600", "2015-09-30": "8.44300", "2015-06-30": "9.20900", "2015-03-31": "10.02000", "2014-12-31": "10.48200", "2014-09-30": "2.08300", "2014-06-30": "", "2014-03-31": "", "2013-12-31": "", "2013-09-30": "", "2013-06-30": "", "2012-12-31": "", "2011-12-31": ""}, "Other Share Holders Equity": {"2020-09-30": "", "2020-06-30": "", "2020-03-31": "", "2019-12-31": "", "2019-09-30": "", "2019-06-30": "", "2019-03-31": "", "2018-12-31": "", "2018-09-30": "", "2018-06-30": "", "2018-03-31": "", "2017-12-31": "", "2017-09-30": "", "2017-06-30": "", "2017-03-31": "", "2016-12-31": "", "2016-09-30": "", "2016-06-30": "", "2016-03-31": "", "2015-12-31": "", "2015-09-30": "", "2015-06-30": "", "2015-03-31": "", "2014-12-31": "", "2014-09-30": "", "2014-06-30": "", "2014-03-31": "0.00000", "2013-12-31": "", "2013-09-30": "0.00000", "2013-06-30": "0.00000", "2012-12-31": "0.00000", "2011-12-31": "0.00000"}, "Share Holder Equity": {"2020-09-30": "298.11200", "2020-06-30": "291.29100", "2020-03-31": "290.85200", "2019-12-31": "284.82600", "2019-09-30": "355.42700", "2019-06-30": "360.54200", "2019-03-31": "412.23000", "2018-12-31": "413.06800", "2018-09-30": "412.96400", "2018-06-30": "420.49600", "2018-03-31": "130.41500", "2017-12-31": "69.16200", "2017-09-30": "68.41300", "2017-06-30": "64.85000", "2017-03-31": "55.54600", "2016-12-31": "107.88100", "2016-09-30": "91.03600", "2016-06-30": "99.37200", "2016-03-31": "22.17900", "2015-12-31": "-14.39800", "2015-09-30": "1.10600", "2015-06-30": "14.55000", "2015-03-31": "3.95500", "2014-12-31": "6.16900", "2014-09-30": "-16.93100", "2014-06-30": "211.14300", "2014-03-31": "0.00000", "2013-12-31": "", "2013-09-30": "0.00000", "2013-06-30": "0.00000", "2012-12-31": "-2214.93900", "2011-12-31": "0.00000"}, "Total Liabilities And Share Holders Equity": {"2020-09-30": "581.52700", "2020-06-30": "599.56000", "2020-03-31": "603.73000", "2019-12-31": "682.27800", "2019-09-30": "701.67600", "2019-06-30": "760.60000", "2019-03-31": "792.32700", "2018-12-31": "726.62700", "2018-09-30": "747.58500", "2018-06-30": "850.26900", "2018-03-31": "913.18500", "2017-12-31": "865.13300", "2017-09-30": "868.53400", "2017-06-30": "795.69100", "2017-03-31": "800.74200", "2016-12-31": "888.76600", "2016-09-30": "872.53800", "2016-06-30": "890.07200", "2016-03-31": "833.15700", "2015-12-31": "832.96600", "2015-09-30": "843.09500", "2015-06-30": "850.47400", "2015-03-31": "647.90700", "2014-12-31": "677.70300", "2014-09-30": "651.61300", "2014-06-30": "502.52800", "2014-03-31": "0.00000", "2013-12-31": "", "2013-09-30": "0.00000", "2013-06-30": "0.00000", "2012-12-31": "951.23000", "2011-12-31": "0.00000"}}, "cash flow statement": {"Net Income/Loss": {"2019-12-31": "3.09300", "2018-12-31": "-39.86300", "2017-12-31": "-29.81300", "2016-12-31": "-35.36300", "2015-12-31": "-2.76500", "2014-12-31": "42.28800", "2013-12-31": "94.09400", "2012-12-31": "28.39500", "2011-12-31": "41.61400"}, "Total Depreciation And Amortization - Cash Flow": {"2019-12-31": "47.31400", "2018-12-31": "53.26200", "2017-12-31": "47.30600", "2016-12-31": "51.36300", "2015-12-31": "54.63300", "2014-12-31": "32.08900", "2013-12-31": "28.21300", "2012-12-31": "86.66200", "2011-12-31": "86.34500"}, "Other Non-Cash Items": {"2019-12-31": "28.07300", "2018-12-31": "21.46900", "2017-12-31": "33.55500", "2016-12-31": "19.95500", "2015-12-31": "-9.24500", "2014-12-31": "26.02500", "2013-12-31": "31.03400", "2012-12-31": "23.80100", "2011-12-31": "1.69000"}, "Total Non-Cash Items": {"2019-12-31": "75.38700", "2018-12-31": "74.73100", "2017-12-31": "80.86100", "2016-12-31": "71.31800", "2015-12-31": "45.38800", "2014-12-31": "58.11400", "2013-12-31": "59.24700", "2012-12-31": "110.46300", "2011-12-31": "88.03500"}, "Change In Accounts Receivable": {"2019-12-31": "32.54200", "2018-12-31": "-6.25900", "2017-12-31": "22.34300", "2016-12-31": "26.96000", "2015-12-31": "5.99300", "2014-12-31": "3.60800", "2013-12-31": "-5.71900", "2012-12-31": "19.99700", "2011-12-31": "-18.64900"}, "Change In Inventories": {"2019-12-31": "", "2018-12-31": "", "2017-12-31": "", "2016-12-31": "", "2015-12-31": "", "2014-12-31": "", "2013-12-31": "", "2012-12-31": "", "2011-12-31": "0.36400"}, "Change In Accounts Payable": {"2019-12-31": "", "2018-12-31": "", "2017-12-31": "", "2016-12-31": "", "2015-12-31": "", "2014-12-31": "", "2013-12-31": "", "2012-12-31": "", "2011-12-31": ""}, "Change In Assets/Liabilities": {"2019-12-31": "-9.45600", "2018-12-31": "11.12500", "2017-12-31": "-0.17500", "2016-12-31": "4.63200", "2015-12-31": "5.67100", "2014-12-31": "-11.55700", "2013-12-31": "2.39800", "2012-12-31": "-10.88800", "2011-12-31": "6.56800"}, "Total Change In Assets/Liabilities": {"2019-12-31": "-25.38100", "2018-12-31": "16.08500", "2017-12-31": "-11.29400", "2016-12-31": "-35.35400", "2015-12-31": "22.85800", "2014-12-31": "30.17200", "2013-12-31": "-5.62200", "2012-12-31": "-0.71200", "2011-12-31": "-26.18500"}, "Cash Flow From Operating Activities": {"2019-12-31": "53.09900", "2018-12-31": "50.95300", "2017-12-31": "39.75400", "2016-12-31": "0.60100", "2015-12-31": "65.48100", "2014-12-31": "130.57400", "2013-12-31": "147.71900", "2012-12-31": "138.14600", "2011-12-31": "103.46400"}, "Net Change In Property, Plant, And Equipment": {"2019-12-31": "-18.55200", "2018-12-31": "-53.16800", "2017-12-31": "-23.45000", "2016-12-31": "-10.73700", "2015-12-31": "-32.27500", "2014-12-31": "-22.26800", "2013-12-31": "-19.73600", "2012-12-31": "-52.26100", "2011-12-31": "-46.24000"}, "Net Change In Intangible Assets": {"2019-12-31": "", "2018-12-31": "", "2017-12-31": "", "2016-12-31": "", "2015-12-31": "", "2014-12-31": "", "2013-12-31": "", "2012-12-31": "", "2011-12-31": ""}, "Net Acquisitions/Divestitures": {"2019-12-31": "", "2018-12-31": "-70.86700", "2017-12-31": "2.55600", "2016-12-31": "-4.42900", "2015-12-31": "-67.82500", "2014-12-31": "-52.28000", "2013-12-31": "-0.20600", "2012-12-31": "-10.28800", "2011-12-31": "-1.58700"}, "Net Change In Short-term Investments": {"2019-12-31": "", "2018-12-31": "", "2017-12-31": "", "2016-12-31": "", "2015-12-31": "", "2014-12-31": "", "2013-12-31": "", "2012-12-31": "", "2011-12-31": ""}, "Net Change In Long-Term Investments": {"2019-12-31": "", "2018-12-31": "", "2017-12-31": "", "2016-12-31": "", "2015-12-31": "", "2014-12-31": "", "2013-12-31": "", "2012-12-31": "", "2011-12-31": ""}, "Net Change In Investments - Total": {"2019-12-31": "", "2018-12-31": "", "2017-12-31": "", "2016-12-31": "", "2015-12-31": "", "2014-12-31": "", "2013-12-31": "", "2012-12-31": "", "2011-12-31": ""}, "Investing Activities - Other": {"2019-12-31": "-0.15500", "2018-12-31": "-4.17500", "2017-12-31": "-2.28100", "2016-12-31": "-2.53500", "2015-12-31": "9.09500", "2014-12-31": "-28.37800", "2013-12-31": "", "2012-12-31": "", "2011-12-31": ""}, "Cash Flow From Investing Activities": {"2019-12-31": "-18.70700", "2018-12-31": "-128.21000", "2017-12-31": "-23.17500", "2016-12-31": "-17.70100", "2015-12-31": "-91.00500", "2014-12-31": "-102.92600", "2013-12-31": "-19.94200", "2012-12-31": "-62.54900", "2011-12-31": "-47.82700"}, "Net Long-Term Debt": {"2019-12-31": "-0.30500", "2018-12-31": "-353.51200", "2017-12-31": "-26.64800", "2016-12-31": "-21.50100", "2015-12-31": "49.17400", "2014-12-31": "346.50000", "2013-12-31": "-0.25600", "2012-12-31": "-0.28200", "2011-12-31": "-0.27200"}, "Net Current Debt": {"2019-12-31": "", "2018-12-31": "", "2017-12-31": "", "2016-12-31": "", "2015-12-31": "", "2014-12-31": "", "2013-12-31": "", "2012-12-31": "", "2011-12-31": ""}, "Debt Issuance/Retirement Net - Total": {"2019-12-31": "-0.30500", "2018-12-31": "-353.51200", "2017-12-31": "-26.64800", "2016-12-31": "-21.50100", "2015-12-31": "49.17400", "2014-12-31": "346.50000", "2013-12-31": "-0.25600", "2012-12-31": "-0.28200", "2011-12-31": "-0.27200"}, "Net Common Equity Issued/Repurchased": {"2019-12-31": "", "2018-12-31": "0.13400", "2017-12-31": "-54.53100", "2016-12-31": "113.52300", "2015-12-31": "-1.08700", "2014-12-31": "0.25300", "2013-12-31": "", "2012-12-31": "", "2011-12-31": ""}, "Net Total Equity Issued/Repurchased": {"2019-12-31": "", "2018-12-31": "0.13400", "2017-12-31": "-54.53100", "2016-12-31": "113.52300", "2015-12-31": "-1.08700", "2014-12-31": "0.25300", "2013-12-31": "", "2012-12-31": "", "2011-12-31": ""}, "Total Common And Preferred Stock Dividends Paid": {"2019-12-31": "-69.46000", "2018-12-31": "-2.00000", "2017-12-31": "-0.15000", "2016-12-31": "-4.86800", "2015-12-31": "-13.74200", "2014-12-31": "-279.61400", "2013-12-31": "-17.81200", "2012-12-31": "", "2011-12-31": ""}, "Financial Activities - Other": {"2019-12-31": "-1.91000", "2018-12-31": "-4.04200", "2017-12-31": "-2.32400", "2016-12-31": "-0.82000", "2015-12-31": "-4.66400", "2014-12-31": "-67.80600", "2013-12-31": "-113.78300", "2012-12-31": "-68.77500", "2011-12-31": "-52.49500"}, "Cash Flow From Financial Activities": {"2019-12-31": "-71.67500", "2018-12-31": "-359.42000", "2017-12-31": "-83.65300", "2016-12-31": "86.33400", "2015-12-31": "29.68100", "2014-12-31": "-0.66700", "2013-12-31": "-131.85100", "2012-12-31": "-69.05700", "2011-12-31": "-52.76700"}, "Net Cash Flow": {"2019-12-31": "-43.25400", "2018-12-31": "-43.84400", "2017-12-31": "-10.78500", "2016-12-31": "140.80800", "2015-12-31": "4.15700", "2014-12-31": "26.98100", "2013-12-31": "-4.07400", "2012-12-31": "6.54000", "2011-12-31": "2.87000"}, "Stock-Based Compensation": {"2019-12-31": "13.17000", "2018-12-31": "10.45300", "2017-12-31": "9.25500", "2016-12-31": "7.57300", "2015-12-31": "6.82200", "2014-12-31": "3.67900", "2013-12-31": "", "2012-12-31": "", "2011-12-31": ""}, "Common Stock Dividends Paid": {"2019-12-31": "-69.46000", "2018-12-31": "-2.00000", "2017-12-31": "-0.15000", "2016-12-31": "-4.86800", "2015-12-31": "-13.74200", "2014-12-31": "-279.61400", "2013-12-31": "-17.81200", "2012-12-31": "", "2011-12-31": ""}}, "cash flow statement, quarterly": {"Net Income/Loss": {"2020-09-30": 8.491, "2020-06-30": 1.556, "2020-03-31": "-44.00600", "2019-12-31": -4.41, "2019-09-30": 6.873, "2019-06-30": 5.344, "2019-03-31": "-4.71400", "2018-12-31": 3.958, "2018-09-30": -0.008, "2018-06-30": -15.742, "2018-03-31": "-28.07100", "2017-12-31": -4.823, "2017-09-30": -12.138, "2017-06-30": -9.863, "2017-03-31": "-2.98900", "2016-12-31": -22.484, "2016-09-30": -10.472, "2016-06-30": 4.056, "2016-03-31": "-6.46300", "2015-12-31": -0.077, "2015-09-30": -8.601, "2015-06-30": 3.398, "2015-03-31": "2.51500", "2014-12-31": 15.469, "2014-09-30": -0.156, "2014-06-30": 15.203, "2014-03-31": "11.77200", "2013-12-31": 32.691, "2013-09-30": 18.284, "2013-06-30": -2827.601, "2012-12-31": 2829.11, "2011-12-31": 41.61}, "Total Depreciation And Amortization - Cash Flow": {"2020-09-30": 9.36, "2020-06-30": 9.869, "2020-03-31": "9.47300", "2019-12-31": 12.321, "2019-09-30": 11.261, "2019-06-30": 11.648, "2019-03-31": "12.08400", "2018-12-31": 15.695, "2018-09-30": 11.608, "2018-06-30": 13.513, "2018-03-31": "12.44600", "2017-12-31": 12.201, "2017-09-30": 11.423, "2017-06-30": 10.504, "2017-03-31": "13.17800", "2016-12-31": 8.564, "2016-09-30": 14.375, "2016-06-30": 14.3, "2016-03-31": "14.12400", "2015-12-31": 14.472, "2015-09-30": 14.303, "2015-06-30": 13.176, "2015-03-31": "12.68200", "2014-12-31": 13.195, "2014-09-30": 10.117, "2014-06-30": 4.479, "2014-03-31": "4.29800", "2013-12-31": 6.811, "2013-09-30": 7.241, "2013-06-30": -72.499, "2012-12-31": 0.32, "2011-12-31": 86.34}, "Other Non-Cash Items": {"2020-09-30": 9.589, "2020-06-30": 3.028, "2020-03-31": "40.77800", "2019-12-31": 17.614, "2019-09-30": -0.274, "2019-06-30": 5.545, "2019-03-31": "5.18800", "2018-12-31": 0.644, "2018-09-30": -0.524, "2018-06-30": 14.537, "2018-03-31": "6.81200", "2017-12-31": 12.535, "2017-09-30": 12.462, "2017-06-30": -4.821, "2017-03-31": "13.37900", "2016-12-31": -13.158, "2016-09-30": 13.649, "2016-06-30": 7.702, "2016-03-31": "11.76200", "2015-12-31": -18.383, "2015-09-30": 4.158, "2015-06-30": 1.43, "2015-03-31": "3.55000", "2014-12-31": 5.732, "2014-09-30": 7.298, "2014-06-30": 4.851, "2014-03-31": "8.14400", "2013-12-31": -25.835, "2013-09-30": 13.703, "2013-06-30": 12.132, "2012-12-31": 0, "2011-12-31": 0}, "Total Non-Cash Items": {"2020-09-30": 18.949, "2020-06-30": 12.897, "2020-03-31": "50.25100", "2019-12-31": 29.935, "2019-09-30": 10.987, "2019-06-30": 17.193, "2019-03-31": "17.27200", "2018-12-31": 16.339, "2018-09-30": 11.084, "2018-06-30": 28.05, "2018-03-31": "19.25800", "2017-12-31": 24.736, "2017-09-30": 23.885, "2017-06-30": 5.683, "2017-03-31": "26.55700", "2016-12-31": -4.594, "2016-09-30": 28.024, "2016-06-30": 22.002, "2016-03-31": "25.88600", "2015-12-31": -3.911, "2015-09-30": 18.461, "2015-06-30": 14.606, "2015-03-31": "16.23200", "2014-12-31": 18.927, "2014-09-30": 17.415, "2014-06-30": 9.33, "2014-03-31": "12.44200", "2013-12-31": -19.024, "2013-09-30": 20.944, "2013-06-30": -60.367, "2012-12-31": 0.32, "2011-12-31": 86.34}, "Change In Accounts Receivable": {"2020-09-30": 1.837, "2020-06-30": 16.46, "2020-03-31": "20.77600", "2019-12-31": -9.059, "2019-09-30": 8.184, "2019-06-30": -2.112, "2019-03-31": "35.52900", "2018-12-31": -8.304, "2018-09-30": -13.756, "2018-06-30": -9.942, "2018-03-31": "25.74300", "2017-12-31": -2.944, "2017-09-30": 2.572, "2017-06-30": -11.378, "2017-03-31": "34.09300", "2016-12-31": -20.319, "2016-09-30": 4.583, "2016-06-30": 2.894, "2016-03-31": "39.80200", "2015-12-31": -36.885, "2015-09-30": 8.76, "2015-06-30": 2.294, "2015-03-31": "31.82400", "2014-12-31": -45.513, "2014-09-30": 10.376, "2014-06-30": -2.674, "2014-03-31": "41.41900", "2013-12-31": -50.936, "2013-09-30": -10.688, "2013-06-30": 61.624, "2012-12-31": 0, "2011-12-31": 0}, "Change In Inventories": {"2020-09-30": 0, "2020-06-30": 0, "2020-03-31": "", "2019-12-31": 0, "2019-09-30": 0, "2019-06-30": 0, "2019-03-31": "", "2018-12-31": 0, "2018-09-30": 0, "2018-06-30": 0, "2018-03-31": "", "2017-12-31": 0, "2017-09-30": 0, "2017-06-30": 0, "2017-03-31": "", "2016-12-31": 0, "2016-09-30": 0, "2016-06-30": 0, "2016-03-31": "", "2015-12-31": 0, "2015-09-30": 0, "2015-06-30": 0, "2015-03-31": "", "2014-12-31": 0, "2014-09-30": 0, "2014-06-30": 0, "2014-03-31": "", "2013-12-31": 0, "2013-09-30": -3.052, "2013-06-30": 3.052, "2012-12-31": 0, "2011-12-31": 0}, "Change In Accounts Payable": {"2020-09-30": 0, "2020-06-30": 0, "2020-03-31": "", "2019-12-31": 0, "2019-09-30": 0, "2019-06-30": 0, "2019-03-31": "", "2018-12-31": 0, "2018-09-30": 0, "2018-06-30": 0, "2018-03-31": "", "2017-12-31": 0, "2017-09-30": 0, "2017-06-30": 0, "2017-03-31": "", "2016-12-31": 0, "2016-09-30": 0, "2016-06-30": 0, "2016-03-31": "", "2015-12-31": 0, "2015-09-30": 0, "2015-06-30": 0, "2015-03-31": "", "2014-12-31": 0, "2014-09-30": 0, "2014-06-30": 0, "2014-03-31": "", "2013-12-31": 0, "2013-09-30": 0, "2013-06-30": 0, "2012-12-31": 0, "2011-12-31": 0}, "Change In Assets/Liabilities": {"2020-09-30": 0.001, "2020-06-30": -1.197, "2020-03-31": "-3.91100", "2019-12-31": 6.858, "2019-09-30": -7.898, "2019-06-30": 5.189, "2019-03-31": "-13.60500", "2018-12-31": 12.333, "2018-09-30": -13.193, "2018-06-30": 22.592, "2018-03-31": "-10.60700", "2017-12-31": 6.883, "2017-09-30": -12.929, "2017-06-30": 11.146, "2017-03-31": "-5.27500", "2016-12-31": 19.935, "2016-09-30": -13.78, "2016-06-30": 9.412, "2016-03-31": "-10.93500", "2015-12-31": -3.794, "2015-09-30": -7.86, "2015-06-30": 8.039, "2015-03-31": "9.28600", "2014-12-31": -9.593, "2014-09-30": 6.202, "2014-06-30": -6.559, "2014-03-31": "-1.60700", "2013-12-31": 0.218, "2013-09-30": -2.804, "2013-06-30": 2.586, "2012-12-31": 0, "2011-12-31": 0}, "Total Change In Assets/Liabilities": {"2020-09-30": -15.229, "2020-06-30": 18.641, "2020-03-31": "-9.02700", "2019-12-31": -4.379, "2019-09-30": -3.476, "2019-06-30": -9.712, "2019-03-31": "-7.81400", "2018-12-31": 37.948, "2018-09-30": -59.547, "2018-06-30": 12.376, "2018-03-31": "25.30800", "2017-12-31": -2.747, "2017-09-30": 4.125, "2017-06-30": -19.652, "2017-03-31": "6.98000", "2016-12-31": -27.963, "2016-09-30": -5.435, "2016-06-30": -10.254, "2016-03-31": "8.29800", "2015-12-31": 8.142, "2015-09-30": 12.738, "2015-06-30": -0.316, "2015-03-31": "2.29400", "2014-12-31": -29.732, "2014-09-30": 31.579, "2014-06-30": -5.084, "2014-03-31": "33.40900", "2013-12-31": -46.037, "2013-09-30": 4.851, "2013-06-30": 26.234, "2012-12-31": 47.15, "2011-12-31": -26.18}, "Cash Flow From Operating Activities": {"2020-09-30": 12.211, "2020-06-30": 33.094, "2020-03-31": "-2.78200", "2019-12-31": 21.146, "2019-09-30": 14.384, "2019-06-30": 12.825, "2019-03-31": "4.74400", "2018-12-31": 58.245, "2018-09-30": -48.471, "2018-06-30": 24.684, "2018-03-31": "16.49500", "2017-12-31": 17.166, "2017-09-30": 15.872, "2017-06-30": -23.832, "2017-03-31": "30.54800", "2016-12-31": -55.041, "2016-09-30": 12.117, "2016-06-30": 15.804, "2016-03-31": "27.72100", "2015-12-31": 4.154, "2015-09-30": 22.598, "2015-06-30": 17.688, "2015-03-31": "21.04100", "2014-12-31": 4.664, "2014-09-30": 48.838, "2014-06-30": 19.449, "2014-03-31": "57.62300", "2013-12-31": -12.976, "2013-09-30": 44.079, "2013-06-30": -21.524, "2012-12-31": 34.68, "2011-12-31": 103.46}, "Net Change In Property, Plant, And Equipment": {"2020-09-30": -2.058, "2020-06-30": -2.582, "2020-03-31": "5.48400", "2019-12-31": -4.686, "2019-09-30": -4.578, "2019-06-30": -5.377, "2019-03-31": "-3.91100", "2018-12-31": -4.212, "2018-09-30": -18.521, "2018-06-30": -23.407, "2018-03-31": "-7.02800", "2017-12-31": -10.313, "2017-09-30": -3.897, "2017-06-30": -4.578, "2017-03-31": "-4.66200", "2016-12-31": 5.156, "2016-09-30": -6.094, "2016-06-30": -5.016, "2016-03-31": "-4.78300", "2015-12-31": -4.788, "2015-09-30": -7.663, "2015-06-30": -6.698, "2015-03-31": "-13.12600", "2014-12-31": -12.779, "2014-09-30": -7.883, "2014-06-30": -0.494, "2014-03-31": "-1.11200", "2013-12-31": -5.686, "2013-09-30": -1.399, "2013-06-30": 39.609, "2012-12-31": -6.02, "2011-12-31": -46.24}, "Net Change In Intangible Assets": {"2020-09-30": 0, "2020-06-30": 0, "2020-03-31": "", "2019-12-31": 0, "2019-09-30": 0, "2019-06-30": 0, "2019-03-31": "", "2018-12-31": 0, "2018-09-30": 0, "2018-06-30": 0, "2018-03-31": "", "2017-12-31": 0, "2017-09-30": 0, "2017-06-30": 0, "2017-03-31": "", "2016-12-31": 0, "2016-09-30": 0, "2016-06-30": 0, "2016-03-31": "", "2015-12-31": 0, "2015-09-30": 0, "2015-06-30": 0, "2015-03-31": "", "2014-12-31": 0, "2014-09-30": 0, "2014-06-30": 0, "2014-03-31": "", "2013-12-31": 0, "2013-09-30": 0, "2013-06-30": 0, "2012-12-31": 0, "2011-12-31": 0}, "Net Acquisitions/Divestitures": {"2020-09-30": 0, "2020-06-30": 0, "2020-03-31": "", "2019-12-31": 0, "2019-09-30": 0, "2019-06-30": 0, "2019-03-31": "", "2018-12-31": 0.132, "2018-09-30": -3.047, "2018-06-30": -34.003, "2018-03-31": "-33.94900", "2017-12-31": -0.749, "2017-09-30": 3.305, "2017-06-30": 0, "2017-03-31": "", "2016-12-31": -4.429, "2016-09-30": 0, "2016-06-30": 0, "2016-03-31": "", "2015-12-31": 0, "2015-09-30": -0.156, "2015-06-30": -67.669, "2015-03-31": "", "2014-12-31": -19.998, "2014-09-30": 0, "2014-06-30": -30.282, "2014-03-31": "-2.00000", "2013-12-31": 0.065, "2013-09-30": -0.271, "2013-06-30": 10.28, "2012-12-31": -8.7, "2011-12-31": -1.58}, "Net Change In Short-term Investments": {"2020-09-30": 0, "2020-06-30": 0, "2020-03-31": "", "2019-12-31": 0, "2019-09-30": 0, "2019-06-30": 0, "2019-03-31": "", "2018-12-31": 0, "2018-09-30": 0, "2018-06-30": 0, "2018-03-31": "", "2017-12-31": 0, "2017-09-30": 0, "2017-06-30": 0, "2017-03-31": "", "2016-12-31": 0, "2016-09-30": 0, "2016-06-30": 0, "2016-03-31": "", "2015-12-31": 0, "2015-09-30": 0, "2015-06-30": 0, "2015-03-31": "", "2014-12-31": 0, "2014-09-30": 0, "2014-06-30": 0, "2014-03-31": "", "2013-12-31": 0, "2013-09-30": 0, "2013-06-30": 0, "2012-12-31": 0, "2011-12-31": 0}, "Net Change In Long-Term Investments": {"2020-09-30": 0, "2020-06-30": 0, "2020-03-31": "", "2019-12-31": 0, "2019-09-30": 0, "2019-06-30": 0, "2019-03-31": "", "2018-12-31": 0, "2018-09-30": 0, "2018-06-30": 0, "2018-03-31": "", "2017-12-31": 0, "2017-09-30": 0, "2017-06-30": 0, "2017-03-31": "", "2016-12-31": 0, "2016-09-30": 0, "2016-06-30": 0, "2016-03-31": "", "2015-12-31": 0, "2015-09-30": 0, "2015-06-30": 0, "2015-03-31": "", "2014-12-31": 2.009, "2014-09-30": -1, "2014-06-30": -1.009, "2014-03-31": "", "2013-12-31": 0, "2013-09-30": 0.106, "2013-06-30": -0.106, "2012-12-31": 0, "2011-12-31": 0}, "Net Change In Investments - Total": {"2020-09-30": 0, "2020-06-30": 0, "2020-03-31": "", "2019-12-31": 0, "2019-09-30": 0, "2019-06-30": 0, "2019-03-31": "", "2018-12-31": 0, "2018-09-30": 0, "2018-06-30": 0, "2018-03-31": "", "2017-12-31": 0, "2017-09-30": 0, "2017-06-30": 0, "2017-03-31": "", "2016-12-31": 0, "2016-09-30": 0, "2016-06-30": 0, "2016-03-31": "", "2015-12-31": 0, "2015-09-30": 0, "2015-06-30": 0, "2015-03-31": "", "2014-12-31": 2.009, "2014-09-30": -1, "2014-06-30": -1.009, "2014-03-31": "", "2013-12-31": 0, "2013-09-30": 0.106, "2013-06-30": -0.106, "2012-12-31": 0, "2011-12-31": 0}, "Investing Activities - Other": {"2020-09-30": 0, "2020-06-30": 0, "2020-03-31": "", "2019-12-31": 0.563, "2019-09-30": -0.539, "2019-06-30": -0.029, "2019-03-31": "-0.15000", "2018-12-31": -1.968, "2018-09-30": 0.164, "2018-06-30": -1.284, "2018-03-31": "-1.08700", "2017-12-31": -0.44, "2017-09-30": -0.36, "2017-06-30": -0.758, "2017-03-31": "-0.72300", "2016-12-31": -17.712, "2016-09-30": 16.939, "2016-06-30": -1.768, "2016-03-31": "0.00600", "2015-12-31": -0.653, "2015-09-30": 10.275, "2015-06-30": 0.015, "2015-03-31": "-0.54200", "2014-12-31": -0.878, "2014-09-30": -27.5, "2014-06-30": 0, "2014-03-31": "", "2013-12-31": 0, "2013-09-30": 0, "2013-06-30": 0, "2012-12-31": 0, "2011-12-31": 0}, "Cash Flow From Investing Activities": {"2020-09-30": -2.058, "2020-06-30": -2.582, "2020-03-31": "5.48400", "2019-12-31": -4.123, "2019-09-30": -5.117, "2019-06-30": -5.406, "2019-03-31": "-4.06100", "2018-12-31": -6.048, "2018-09-30": -21.404, "2018-06-30": -58.694, "2018-03-31": "-42.06400", "2017-12-31": -11.502, "2017-09-30": -0.952, "2017-06-30": -5.336, "2017-03-31": "-5.38500", "2016-12-31": -16.985, "2016-09-30": 10.845, "2016-06-30": -6.784, "2016-03-31": "-4.77700", "2015-12-31": -5.441, "2015-09-30": 2.456, "2015-06-30": -74.352, "2015-03-31": "-13.66800", "2014-12-31": -31.646, "2014-09-30": -36.383, "2014-06-30": -31.785, "2014-03-31": "-3.11200", "2013-12-31": -5.621, "2013-09-30": -1.564, "2013-06-30": 49.783, "2012-12-31": -14.72, "2011-12-31": -47.82}, "Net Long-Term Debt": {"2020-09-30": -0.05, "2020-06-30": 0, "2020-03-31": "-0.05000", "2019-12-31": 0, "2019-09-30": -0.002, "2019-06-30": -0.303, "2019-03-31": "", "2018-12-31": -0.259, "2018-09-30": 0, "2018-06-30": -347.981, "2018-03-31": "-5.27200", "2017-12-31": -10.831, "2017-09-30": -5.272, "2017-06-30": -5.153, "2017-03-31": "-5.39200", "2016-12-31": -5.017, "2016-09-30": -5.751, "2016-06-30": -5.367, "2016-03-31": "-5.36600", "2015-12-31": -5.343, "2015-09-30": -5.683, "2015-06-30": 64.575, "2015-03-31": "-4.37500", "2014-12-31": 0, "2014-09-30": 346.5, "2014-06-30": 0, "2014-03-31": "", "2013-12-31": 0.213, "2013-09-30": -0.075, "2013-06-30": -0.138, "2012-12-31": 0, "2011-12-31": 0}, "Net Current Debt": {"2020-09-30": 0, "2020-06-30": 0, "2020-03-31": "", "2019-12-31": 0, "2019-09-30": 0, "2019-06-30": 0, "2019-03-31": "", "2018-12-31": 0, "2018-09-30": 0, "2018-06-30": 0, "2018-03-31": "", "2017-12-31": 0, "2017-09-30": 0, "2017-06-30": 0, "2017-03-31": "", "2016-12-31": 0, "2016-09-30": 0, "2016-06-30": 0, "2016-03-31": "", "2015-12-31": 0, "2015-09-30": 0, "2015-06-30": 0, "2015-03-31": "", "2014-12-31": 0, "2014-09-30": 0, "2014-06-30": 0, "2014-03-31": "", "2013-12-31": 0, "2013-09-30": 0, "2013-06-30": 0, "2012-12-31": 0, "2011-12-31": 0}, "Debt Issuance/Retirement Net - Total": {"2020-09-30": -0.05, "2020-06-30": 0, "2020-03-31": "-0.05000", "2019-12-31": 0, "2019-09-30": -0.002, "2019-06-30": -0.303, "2019-03-31": "", "2018-12-31": -0.259, "2018-09-30": 0, "2018-06-30": -347.981, "2018-03-31": "-5.27200", "2017-12-31": -10.831, "2017-09-30": -5.272, "2017-06-30": -5.153, "2017-03-31": "-5.39200", "2016-12-31": -5.017, "2016-09-30": -5.751, "2016-06-30": -5.367, "2016-03-31": "-5.36600", "2015-12-31": -5.343, "2015-09-30": -5.683, "2015-06-30": 64.575, "2015-03-31": "-4.37500", "2014-12-31": 0, "2014-09-30": 346.5, "2014-06-30": 0, "2014-03-31": "", "2013-12-31": -0.043, "2013-09-30": -0.075, "2013-06-30": 0.142, "2012-12-31": -0.01, "2011-12-31": -0.27}, "Net Common Equity Issued/Repurchased": {"2020-09-30": 0, "2020-06-30": 0, "2020-03-31": "", "2019-12-31": 0, "2019-09-30": 0, "2019-06-30": 0, "2019-03-31": "", "2018-12-31": 0.134, "2018-09-30": 0, "2018-06-30": 0, "2018-03-31": "", "2017-12-31": 1.563, "2017-09-30": 0, "2017-06-30": 0.095, "2017-03-31": "-56.18900", "2016-12-31": 0, "2016-09-30": 0.203, "2016-06-30": 70.442, "2016-03-31": "42.87800", "2015-12-31": 0, "2015-09-30": -1.347, "2015-06-30": 0.183, "2015-03-31": "0.07700", "2014-12-31": 0.071, "2014-09-30": 0.182, "2014-06-30": 0, "2014-03-31": "", "2013-12-31": 0, "2013-09-30": 0, "2013-06-30": 0, "2012-12-31": 0, "2011-12-31": 0}, "Net Total Equity Issued/Repurchased": {"2020-09-30": 0, "2020-06-30": 0, "2020-03-31": "", "2019-12-31": 0, "2019-09-30": 0, "2019-06-30": 0, "2019-03-31": "", "2018-12-31": 0.134, "2018-09-30": 0, "2018-06-30": 0, "2018-03-31": "", "2017-12-31": 1.563, "2017-09-30": 0, "2017-06-30": 0.095, "2017-03-31": "-56.18900", "2016-12-31": 0, "2016-09-30": 0.203, "2016-06-30": 70.442, "2016-03-31": "42.87800", "2015-12-31": 0, "2015-09-30": -1.347, "2015-06-30": 0.183, "2015-03-31": "0.07700", "2014-12-31": 0.071, "2014-09-30": 0.182, "2014-06-30": 0, "2014-03-31": "", "2013-12-31": 0, "2013-09-30": 0, "2013-06-30": 0, "2012-12-31": 0, "2011-12-31": 0}, "Total Common And Preferred Stock Dividends Paid": {"2020-09-30": -2.2, "2020-06-30": -2.4, "2020-03-31": "-14.29100", "2019-12-31": -12.214, "2019-09-30": -53.846, "2019-06-30": -3.4, "2019-03-31": "", "2018-12-31": 0, "2018-09-30": -2, "2018-06-30": 0, "2018-03-31": "", "2017-12-31": -0.005, "2017-09-30": 0, "2017-06-30": 0, "2017-03-31": "-0.14500", "2016-12-31": -0.017, "2016-09-30": 0.017, "2016-06-30": -0.111, "2016-03-31": "-4.75700", "2015-12-31": -4.594, "2015-09-30": -4.306, "2015-06-30": -4.706, "2015-03-31": "-0.13600", "2014-12-31": -4.614, "2014-09-30": -275, "2014-06-30": 0, "2014-03-31": "", "2013-12-31": -2.074, "2013-09-30": -15.738, "2013-06-30": 0, "2012-12-31": 0, "2011-12-31": 0}, "Financial Activities - Other": {"2020-09-30": -0.504, "2020-06-30": -0.229, "2020-03-31": "-0.53300", "2019-12-31": -0.372, "2019-09-30": -1.525, "2019-06-30": 0.024, "2019-03-31": "-0.03700", "2018-12-31": -0.785, "2018-09-30": -2.365, "2018-06-30": -0.033, "2018-03-31": "-0.85900", "2017-12-31": -0.213, "2017-09-30": -1.215, "2017-06-30": 0, "2017-03-31": "-0.89600", "2016-12-31": 0.001, "2016-09-30": -0.001, "2016-06-30": -0.083, "2016-03-31": "-0.73700", "2015-12-31": -2.595, "2015-09-30": -0.793, "2015-06-30": -1.88, "2015-03-31": "0.60400", "2014-12-31": 8.553, "2014-09-30": -37.028, "2014-06-30": 16.334, "2014-03-31": "-55.66500", "2013-12-31": 20.851, "2013-09-30": -32.377, "2013-06-30": -33.487, "2012-12-31": -16.28, "2011-12-31": -52.49}, "Cash Flow From Financial Activities": {"2020-09-30": -2.754, "2020-06-30": -2.629, "2020-03-31": "-14.87400", "2019-12-31": -12.586, "2019-09-30": -55.373, "2019-06-30": -3.679, "2019-03-31": "-0.03700", "2018-12-31": -0.91, "2018-09-30": -4.365, "2018-06-30": -348.014, "2018-03-31": "-6.13100", "2017-12-31": -9.486, "2017-09-30": -6.487, "2017-06-30": -5.058, "2017-03-31": "-62.62200", "2016-12-31": -5.033, "2016-09-30": -5.532, "2016-06-30": 64.881, "2016-03-31": "32.01800", "2015-12-31": -12.532, "2015-09-30": -12.129, "2015-06-30": 58.172, "2015-03-31": "-3.83000", "2014-12-31": 4.01, "2014-09-30": 34.654, "2014-06-30": 16.334, "2014-03-31": "-55.66500", "2013-12-31": 18.734, "2013-09-30": -48.19, "2013-06-30": -33.345, "2012-12-31": -16.29, "2011-12-31": -52.76}, "Net Cash Flow": {"2020-09-30": 7.399, "2020-06-30": 27.883, "2020-03-31": "-12.17200", "2019-12-31": 4.437, "2019-09-30": -46.106, "2019-06-30": -2.231, "2019-03-31": "0.64600", "2018-12-31": -0.022, "2018-09-30": -115.615, "2018-06-30": 100.441, "2018-03-31": "-28.64800", "2017-12-31": 2.412, "2017-09-30": 10.952, "2017-06-30": 13.31, "2017-03-31": "-37.45900", "2016-12-31": -5.485, "2016-09-30": 17.43, "2016-06-30": 73.901, "2016-03-31": "54.96200", "2015-12-31": -13.819, "2015-09-30": 12.925, "2015-06-30": 1.508, "2015-03-31": "3.54300", "2014-12-31": -22.972, "2014-09-30": 47.109, "2014-06-30": 3.998, "2014-03-31": "-1.15400", "2013-12-31": 0.137, "2013-09-30": -5.675, "2013-06-30": -5.076, "2012-12-31": 3.67, "2011-12-31": 2.87}, "Stock-Based Compensation": {"2020-09-30": 1.001, "2020-06-30": 1.54, "2020-03-31": "1.59200", "2019-12-31": 2.07, "2019-09-30": 2.449, "2019-06-30": 2.914, "2019-03-31": "5.73700", "2018-12-31": 2.94, "2018-09-30": 2.318, "2018-06-30": 3.608, "2018-03-31": "1.58700", "2017-12-31": 1.976, "2017-09-30": 3.21, "2017-06-30": 2.21, "2017-03-31": "1.85900", "2016-12-31": 1.573, "2016-09-30": 2.181, "2016-06-30": 2.2, "2016-03-31": "1.61900", "2015-12-31": 1.762, "2015-09-30": 2.059, "2015-06-30": 1.471, "2015-03-31": "1.53000", "2014-12-31": 3.679, "2014-09-30": 0, "2014-06-30": 0, "2014-03-31": "", "2013-12-31": 0, "2013-09-30": 0, "2013-06-30": 0, "2012-12-31": 0, "2011-12-31": 0}, "Common Stock Dividends Paid": {"2020-09-30": -2.2, "2020-06-30": -2.4, "2020-03-31": "-14.29100", "2019-12-31": -12.214, "2019-09-30": -53.846, "2019-06-30": -3.4, "2019-03-31": "", "2018-12-31": 0, "2018-09-30": -2, "2018-06-30": 0, "2018-03-31": "", "2017-12-31": -0.005, "2017-09-30": 0, "2017-06-30": 0, "2017-03-31": "-0.14500", "2016-12-31": -0.017, "2016-09-30": 0.017, "2016-06-30": -0.111, "2016-03-31": "-4.75700", "2015-12-31": -4.594, "2015-09-30": -4.306, "2015-06-30": -4.706, "2015-03-31": "-0.13600", "2014-12-31": -4.614, "2014-09-30": -275, "2014-06-30": 0, "2014-03-31": "0.00000", "2013-12-31": 15.738, "2013-09-30": -15.738, "2013-06-30": 0, "2012-12-31": 0, "2011-12-31": 0}}, "financial ratios": {"Current Ratio": {"2019-12-31": "1.10430", "2018-12-31": "1.28630", "2017-12-31": "1.55880", "2016-12-31": "1.59950", "2015-12-31": "0.99590", "2014-12-31": "1.12610", "2013-12-31": "1.42900", "2012-12-31": "1.27860", "2011-12-31": ""}, "Long-term Debt / Capital": {"2019-12-31": "0.01930", "2018-12-31": "0.01620", "2017-12-31": "0.82720", "2016-12-31": "0.76390", "2015-12-31": "1.04070", "2014-12-31": "0.98120", "2013-12-31": "", "2012-12-31": "", "2011-12-31": ""}, "Debt/Equity Ratio": {"2019-12-31": "0.02000", "2018-12-31": "0.01740", "2017-12-31": "5.09750", "2016-12-31": "3.43660", "2015-12-31": "-27.06440", "2014-12-31": "55.07100", "2013-12-31": "", "2012-12-31": "", "2011-12-31": ""}, "Gross Margin": {"2019-12-31": "100.00000", "2018-12-31": "100.00000", "2017-12-31": "100.00000", "2016-12-31": "100.00000", "2015-12-31": "100.00000", "2014-12-31": "100.00000", "2013-12-31": "82.76930", "2012-12-31": "82.94680", "2011-12-31": "39.74640"}, "Operating Margin": {"2019-12-31": "0.72800", "2018-12-31": "-4.48370", "2017-12-31": "0.87940", "2016-12-31": "-1.58900", "2015-12-31": "1.49250", "2014-12-31": "5.07630", "2013-12-31": "9.27680", "2012-12-31": "2.17660", "2011-12-31": "2.32620"}, "EBIT Margin": {"2019-12-31": "0.72800", "2018-12-31": "-4.48370", "2017-12-31": "0.87940", "2016-12-31": "-1.58900", "2015-12-31": "1.49250", "2014-12-31": "5.07630", "2013-12-31": "9.27680", "2012-12-31": "2.17660", "2011-12-31": "2.32620"}, "EBITDA Margin": {"2019-12-31": "5.54050", "2018-12-31": "0.68400", "2017-12-31": "5.53800", "2016-12-31": "3.24120", "2015-12-31": "4.75840", "2014-12-31": "6.95510", "2013-12-31": "10.84850", "2012-12-31": "6.70480", "2011-12-31": "6.83290"}, "Pre-Tax Profit Margin": {"2019-12-31": "0.47940", "2018-12-31": "-5.10210", "2017-12-31": "-2.22810", "2016-12-31": "-4.22610", "2015-12-31": "-0.19100", "2014-12-31": "4.49310", "2013-12-31": "9.19640", "2012-12-31": "1.65580", "2011-12-31": "2.30450"}, "Net Profit Margin": {"2019-12-31": "-3.11130", "2018-12-31": "24.13880", "2017-12-31": "0.54510", "2016-12-31": "0.61470", "2015-12-31": "-0.16530", "2014-12-31": "2.47590", "2013-12-31": "5.24170", "2012-12-31": "1.48370", "2011-12-31": "2.17200"}, "Asset Turnover": {"2019-12-31": "1.44100", "2018-12-31": "1.41840", "2017-12-31": "1.17380", "2016-12-31": "1.19640", "2015-12-31": "2.00830", "2014-12-31": "2.52020", "2013-12-31": "3.48990", "2012-12-31": "2.01190", "2011-12-31": ""}, "Inventory Turnover Ratio": {"2019-12-31": "", "2018-12-31": "", "2017-12-31": "", "2016-12-31": "", "2015-12-31": "", "2014-12-31": "", "2013-12-31": "21.74870", "2012-12-31": "26.03230", "2011-12-31": ""}, "Receiveable Turnover": {"2019-12-31": "8.71940", "2018-12-31": "7.08540", "2017-12-31": "8.28930", "2016-12-31": "5.43870", "2015-12-31": "6.94660", "2014-12-31": "7.27380", "2013-12-31": "7.13370", "2012-12-31": "7.44720", "2011-12-31": ""}, "Days Sales In Receivables": {"2019-12-31": "41.86060", "2018-12-31": "51.51410", "2017-12-31": "44.03240", "2016-12-31": "67.11200", "2015-12-31": "52.54410", "2014-12-31": "50.18000", "2013-12-31": "51.16530", "2012-12-31": "49.01180", "2011-12-31": ""}, "ROE - Return On Equity": {"2019-12-31": "0.88800", "2018-12-31": "-9.65050", "2017-12-31": "-43.10600", "2016-12-31": "-32.77960", "2015-12-31": "19.20410", "2014-12-31": "685.49190", "2013-12-31": "41.85210", "2012-12-31": "", "2011-12-31": ""}, "Return On Tangible Equity": {"2019-12-31": "1.91530", "2018-12-31": "-19.57010", "2017-12-31": "72.39330", "2016-12-31": "24.09760", "2015-12-31": "1.01560", "2014-12-31": "-34.44430", "2013-12-31": "63.14520", "2012-12-31": "-1.26550", "2011-12-31": ""}, "ROA - Return On Assets": {"2019-12-31": "0.45330", "2018-12-31": "-5.48600", "2017-12-31": "-3.44610", "2016-12-31": "-3.97890", "2015-12-31": "-0.33190", "2014-12-31": "6.23990", "2013-12-31": "18.29320", "2012-12-31": "2.98510", "2011-12-31": ""}, "ROI - Return On Investment": {"2019-12-31": "0.87080", "2018-12-31": "-9.49420", "2017-12-31": "-7.44900", "2016-12-31": "-7.73790", "2015-12-31": "-0.78230", "2014-12-31": "12.89300", "2013-12-31": "41.85210", "2012-12-31": "-1.28200", "2011-12-31": ""}, "Book Value Per Share": {"2019-12-31": "9.65860", "2018-12-31": "11.60400", "2017-12-31": "2.05330", "2016-12-31": "2.96150", "2015-12-31": "-0.54880", "2014-12-31": "0.24250", "2013-12-31": "", "2012-12-31": "", "2011-12-31": ""}, "Operating Cash Flow Per Share": {"2019-12-31": 0.0381, "2018-12-31": 0.2753, "2017-12-31": 1.1516, "2016-12-31": -2.5017, "2015-12-31": -2.5924, "2014-12-31": -0.6983, "2013-12-31": 0.3765, "2012-12-31": 5.4337, "2011-12-31": 0}, "Free Cash Flow Per Share": {"2019-12-31": 1.0275, "2018-12-31": -0.5424, "2017-12-31": 0.7796, "2016-12-31": -1.5776, "2015-12-31": -2.9625, "2014-12-31": -0.7938, "2013-12-31": 1.6558, "2012-12-31": 3.3781, "2011-12-31": 0}}, "financial ratios, quarterly": {"Current Ratio": {"2020-09-30": "1.28640", "2020-06-30": "1.10740", "2020-03-31": "1.04240", "2019-12-31": "1.10430", "2019-09-30": "1.01400", "2019-06-30": "1.03560", "2019-03-31": "1.20820", "2018-12-31": "1.28630", "2018-09-30": "1.21500", "2018-06-30": "1.16210", "2018-03-31": "1.38380", "2017-12-31": "1.55880", "2017-09-30": "1.57070", "2017-06-30": "1.56830", "2017-03-31": "1.50340", "2016-12-31": "1.59950", "2016-09-30": "1.52000", "2016-06-30": "1.42770", "2016-03-31": "1.14110", "2015-12-31": "0.99590", "2015-09-30": "1.09460", "2015-06-30": "1.11240", "2015-03-31": "1.15760", "2014-12-31": "1.12610", "2014-09-30": "1.18550", "2014-06-30": "1.22570", "2014-03-31": "", "2013-12-31": "", "2013-09-30": "", "2013-06-30": "", "2012-12-31": "", "2011-12-31": ""}, "Long-term Debt / Capital": {"2020-09-30": "0.00020", "2020-06-30": "0.00020", "2020-03-31": "0.00020", "2019-12-31": "0.02350", "2019-09-30": "0.01870", "2019-06-30": "0.01850", "2019-03-31": "0.01620", "2018-12-31": "0.01620", "2018-09-30": "0.01610", "2018-06-30": "0.01590", "2018-03-31": "0.71490", "2017-12-31": "0.82720", "2017-09-30": "0.83270", "2017-06-30": "0.83990", "2017-03-31": "0.86110", "2016-12-31": "0.76390", "2016-09-30": "0.79540", "2016-06-30": "0.78300", "2016-03-31": "0.94250", "2015-12-31": "1.04070", "2015-09-30": "0.99710", "2015-06-30": "0.96370", "2015-03-31": "0.98800", "2014-12-31": "0.98120", "2014-09-30": "1.05340", "2014-06-30": "", "2014-03-31": "", "2013-12-31": "", "2013-09-30": "", "2013-06-30": "", "2012-12-31": "", "2011-12-31": ""}, "Debt/Equity Ratio": {"2020-09-30": "0.02360", "2020-06-30": "0.02420", "2020-03-31": "0.02400", "2019-12-31": "0.02440", "2019-09-30": "0.01930", "2019-06-30": "0.01910", "2019-03-31": "0.01740", "2018-12-31": "0.01740", "2018-09-30": "0.01740", "2018-06-30": "0.01780", "2018-03-31": "2.67460", "2017-12-31": "5.09750", "2017-09-30": "5.29440", "2017-06-30": "5.58140", "2017-03-31": "6.58760", "2016-12-31": "3.43660", "2016-09-30": "4.12550", "2016-06-30": "3.83200", "2016-03-31": "17.37300", "2015-12-31": "-27.06440", "2015-09-30": "365.05070", "2015-06-30": "28.05110", "2015-03-31": "86.79470", "2014-12-31": "55.07100", "2014-09-30": "-20.51850", "2014-06-30": "", "2014-03-31": "", "2013-12-31": "", "2013-09-30": "", "2013-06-30": "", "2012-12-31": "", "2011-12-31": ""}, "Gross Margin": {"2020-09-30": "100.00000", "2020-06-30": "100.00000", "2020-03-31": "100.00000", "2019-12-31": "100.00000", "2019-09-30": "100.00000", "2019-06-30": "100.00000", "2019-03-31": "100.00000", "2018-12-31": "100.00000", "2018-09-30": "100.00000", "2018-06-30": "100.00000", "2018-03-31": "100.00000", "2017-12-31": "100.00000", "2017-09-30": "100.00000", "2017-06-30": "100.00000", "2017-03-31": "100.00000", "2016-12-31": "100.00000", "2016-09-30": "100.00000", "2016-06-30": "100.00000", "2016-03-31": "100.00000", "2015-12-31": "115.47660", "2015-09-30": "100.00000", "2015-06-30": "100.00000", "2015-03-31": "82.24690", "2014-12-31": "147.72710", "2014-09-30": "82.32730", "2014-06-30": "82.92900", "2014-03-31": "82.34430", "2013-12-31": "", "2013-09-30": "41.98010", "2013-06-30": "43.24220", "2012-12-31": "", "2011-12-31": ""}, "Operating Margin": {"2020-09-30": "3.92910", "2020-06-30": "-0.36860", "2020-03-31": "-28.66020", "2019-12-31": "-1.15790", "2019-09-30": "3.97200", "2019-06-30": "3.23780", "2019-03-31": "-3.02710", "2018-12-31": "-1.37430", "2018-09-30": "-3.90700", "2018-06-30": "-0.49200", "2018-03-31": "-13.03790", "2017-12-31": "-3.22890", "2017-09-30": "-0.89810", "2017-06-30": "1.83290", "2017-03-31": "3.29680", "2016-12-31": "23.94690", "2016-09-30": "0.22100", "2016-06-30": "3.54310", "2016-03-31": "-0.98060", "2015-12-31": "2.19370", "2015-09-30": "-1.86560", "2015-06-30": "2.81950", "2015-03-31": "2.73580", "2014-12-31": "7.95730", "2014-09-30": "1.11790", "2014-06-30": "5.81760", "2014-03-31": "4.98680", "2013-12-31": "", "2013-09-30": "6.34370", "2013-06-30": "8.74970", "2012-12-31": "", "2011-12-31": ""}, "EBIT Margin": {"2020-09-30": "3.92910", "2020-06-30": "-0.36860", "2020-03-31": "-28.66020", "2019-12-31": "-1.15790", "2019-09-30": "3.97200", "2019-06-30": "3.23780", "2019-03-31": "-3.02710", "2018-12-31": "-1.37430", "2018-09-30": "-3.90700", "2018-06-30": "-0.49200", "2018-03-31": "-13.03790", "2017-12-31": "-3.22890", "2017-09-30": "-0.89810", "2017-06-30": "1.83290", "2017-03-31": "3.29680", "2016-12-31": "23.94700", "2016-09-30": "0.22100", "2016-06-30": "3.54310", "2016-03-31": "-0.98060", "2015-12-31": "2.19370", "2015-09-30": "-1.86560", "2015-06-30": "2.81950", "2015-03-31": "2.73580", "2014-12-31": "7.95740", "2014-09-30": "1.11790", "2014-06-30": "5.81760", "2014-03-31": "4.98680", "2013-12-31": "", "2013-09-30": "6.34370", "2013-06-30": "8.74970", "2012-12-31": "", "2011-12-31": ""}, "EBITDA Margin": {"2020-09-30": "", "2020-06-30": "", "2020-03-31": "", "2019-12-31": "", "2019-09-30": "", "2019-06-30": "", "2019-03-31": "", "2018-12-31": "", "2018-09-30": "", "2018-06-30": "", "2018-03-31": "", "2017-12-31": "", "2017-09-30": "", "2017-06-30": "", "2017-03-31": "", "2016-12-31": "", "2016-09-30": "", "2016-06-30": "", "2016-03-31": "", "2015-12-31": "", "2015-09-30": "", "2015-06-30": "", "2015-03-31": "", "2014-12-31": "", "2014-09-30": "", "2014-06-30": "", "2014-03-31": "", "2013-12-31": "", "2013-09-30": "", "2013-06-30": "", "2012-12-31": "", "2011-12-31": ""}, "Pre-Tax Profit Margin": {"2020-09-30": "4.04840", "2020-06-30": "-0.28840", "2020-03-31": "-28.49530", "2019-12-31": "-1.13090", "2019-09-30": "3.11530", "2019-06-30": "3.11950", "2019-03-31": "-3.10640", "2018-12-31": "-0.01620", "2018-09-30": "-2.53510", "2018-06-30": "-4.48470", "2018-03-31": "-14.56080", "2017-12-31": "-6.26760", "2017-09-30": "-3.78900", "2017-06-30": "-0.96210", "2017-03-31": "-0.19010", "2016-12-31": "30.07240", "2016-09-30": "-1.61800", "2016-06-30": "1.83340", "2016-03-31": "-2.73020", "2015-12-31": "0.50260", "2015-09-30": "-3.68430", "2015-06-30": "1.23390", "2015-03-31": "1.09750", "2014-12-31": "6.52270", "2014-09-30": "0.08120", "2014-06-30": "6.08200", "2014-03-31": "4.90370", "2013-12-31": "", "2013-09-30": "6.33020", "2013-06-30": "8.62460", "2012-12-31": "", "2011-12-31": ""}, "Net Profit Margin": {"2020-09-30": "3.53370", "2020-06-30": "-0.33100", "2020-03-31": "-20.94190", "2019-12-31": "-8.51670", "2019-09-30": "-3.01870", "2019-06-30": "1.07700", "2019-03-31": "-1.91190", "2018-12-31": "0.85290", "2018-09-30": "-1.56230", "2018-06-30": "104.72620", "2018-03-31": "-6.13640", "2017-12-31": "-0.21970", "2017-09-30": "0.87060", "2017-06-30": "2.81020", "2017-03-31": "-0.81640", "2016-12-31": "-16.51120", "2016-09-30": "-2.76860", "2016-06-30": "1.00270", "2016-03-31": "-1.62300", "2015-12-31": "-0.01690", "2015-09-30": "-2.12020", "2015-06-30": "0.82470", "2015-03-31": "0.63150", "2014-12-31": "3.38140", "2014-09-30": "-0.03860", "2014-06-30": "3.53620", "2014-03-31": "2.82630", "2013-12-31": "", "2013-09-30": "4.31450", "2013-06-30": "4.90670", "2012-12-31": "", "2011-12-31": ""}, "Asset Turnover": {"2020-09-30": "0.32440", "2020-06-30": "0.30540", "2020-03-31": "0.35860", "2019-12-31": "0.36970", "2019-09-30": "0.33640", "2019-06-30": "0.32910", "2019-03-31": "0.30860", "2018-12-31": "0.39020", "2018-09-30": "0.34210", "2018-06-30": "0.29760", "2018-03-31": "0.26100", "2017-12-31": "0.19620", "2017-09-30": "0.27190", "2017-06-30": "0.30590", "2017-03-31": "0.45720", "2016-12-31": "-0.13230", "2016-09-30": "0.43350", "2016-06-30": "0.45450", "2016-03-31": "0.47800", "2015-12-31": "0.54850", "2015-09-30": "0.48120", "2015-06-30": "0.48450", "2015-03-31": "0.61470", "2014-12-31": "0.67500", "2014-09-30": "0.62010", "2014-06-30": "0.85550", "2014-03-31": "", "2013-12-31": "", "2013-09-30": "", "2013-06-30": "", "2012-12-31": "", "2011-12-31": ""}, "Inventory Turnover Ratio": {"2020-09-30": "", "2020-06-30": "", "2020-03-31": "", "2019-12-31": "", "2019-09-30": "", "2019-06-30": "", "2019-03-31": "", "2018-12-31": "", "2018-09-30": "", "2018-06-30": "", "2018-03-31": "", "2017-12-31": "", "2017-09-30": "", "2017-06-30": "", "2017-03-31": "", "2016-12-31": "", "2016-09-30": "", "2016-06-30": "", "2016-03-31": "", "2015-12-31": "", "2015-09-30": "", "2015-06-30": "", "2015-03-31": "4.21470", "2014-12-31": "", "2014-09-30": "4.65680", "2014-06-30": "4.56590", "2014-03-31": "", "2013-12-31": "", "2013-09-30": "", "2013-06-30": "", "2012-12-31": "", "2011-12-31": ""}, "Receiveable Turnover": {"2020-09-30": "2.48560", "2020-06-30": "2.35430", "2020-03-31": "2.29660", "2019-12-31": "2.23730", "2019-09-30": "2.27580", "2019-06-30": "2.23410", "2019-03-31": "2.19070", "2018-12-31": "1.94890", "2018-09-30": "1.88140", "2018-06-30": "1.90110", "2018-03-31": "1.55250", "2017-12-31": "1.38570", "2017-09-30": "1.39090", "2017-06-30": "1.52880", "2017-03-31": "2.26970", "2016-12-31": "-0.60140", "2016-09-30": "2.04150", "2016-06-30": "2.10700", "2016-03-31": "2.01070", "2015-12-31": "1.89710", "2015-09-30": "1.94210", "2015-06-30": "1.92660", "2015-03-31": "1.90470", "2014-12-31": "1.94830", "2014-09-30": "2.08080", "2014-06-30": "2.04520", "2014-03-31": "", "2013-12-31": "", "2013-09-30": "", "2013-06-30": "", "2012-12-31": "", "2011-12-31": ""}, "Days Sales In Receivables": {"2020-09-30": "36.20880", "2020-06-30": "38.22720", "2020-03-31": "39.18910", "2019-12-31": "40.22620", "2019-09-30": "39.54700", "2019-06-30": "40.28420", "2019-03-31": "41.08220", "2018-12-31": "46.17940", "2018-09-30": "47.83790", "2018-06-30": "47.34200", "2018-03-31": "57.96960", "2017-12-31": "64.95010", "2017-09-30": "64.70830", "2017-06-30": "58.86870", "2017-03-31": "39.65260", "2016-12-31": "-149.64090", "2016-09-30": "44.08460", "2016-06-30": "42.71440", "2016-03-31": "44.76030", "2015-12-31": "47.43970", "2015-09-30": "46.34270", "2015-06-30": "46.71330", "2015-03-31": "47.25280", "2014-12-31": "46.19490", "2014-09-30": "43.25290", "2014-06-30": "44.00530", "2014-03-31": "", "2013-12-31": "", "2013-09-30": "", "2013-06-30": "", "2012-12-31": "", "2011-12-31": ""}, "ROE - Return On Equity": {"2020-09-30": "2.84830", "2020-06-30": "0.53420", "2020-03-31": "-15.13000", "2019-12-31": "-1.54830", "2019-09-30": "1.93370", "2019-06-30": "1.48220", "2019-03-31": "-1.14350", "2018-12-31": "0.95820", "2018-09-30": "-0.15720", "2018-06-30": "-3.59120", "2018-03-31": "-21.52440", "2017-12-31": "-17.69610", "2017-09-30": "-18.48330", "2017-06-30": "-2.99150", "2017-03-31": "-5.38110", "2016-12-31": "-20.84150", "2016-09-30": "-11.50310", "2016-06-30": "4.08160", "2016-03-31": "-29.14020", "2015-12-31": "0.53480", "2015-09-30": "-777.66730", "2015-06-30": "23.35400", "2015-03-31": "63.59040", "2014-12-31": "250.75340", "2014-09-30": "0.92140", "2014-06-30": "", "2014-03-31": "", "2013-12-31": "", "2013-09-30": "", "2013-06-30": "", "2012-12-31": "", "2011-12-31": ""}, "Return On Tangible Equity": {"2020-09-30": "6.73900", "2020-06-30": "1.32470", "2020-03-31": "-38.16390", "2019-12-31": "-4.50060", "2019-09-30": "4.51300", "2019-06-30": "3.43720", "2019-03-31": "-2.29640", "2018-12-31": "1.94310", "2018-09-30": "-0.32640", "2018-06-30": "-7.48430", "2018-03-31": "12.92840", "2017-12-31": "29.71930", "2017-09-30": "6.98750", "2017-06-30": "1.04990", "2017-03-31": "1.52290", "2016-12-31": "15.32140", "2016-09-30": "6.53490", "2016-06-30": "-2.61450", "2016-03-31": "2.75800", "2015-12-31": "0.02830", "2015-09-30": "3.12210", "2015-06-30": "-1.28410", "2015-03-31": "-2.04300", "2014-12-31": "-12.59980", "2014-09-30": "0.12540", "2014-06-30": "14.98790", "2014-03-31": "", "2013-12-31": "", "2013-09-30": "", "2013-06-30": "", "2012-12-31": "", "2011-12-31": ""}, "ROA - Return On Assets": {"2020-09-30": "1.46010", "2020-06-30": "0.25950", "2020-03-31": "-7.28900", "2019-12-31": "-0.64640", "2019-09-30": "0.97950", "2019-06-30": "0.70260", "2019-03-31": "-0.59500", "2018-12-31": "0.54470", "2018-09-30": "-0.08680", "2018-06-30": "-1.77600", "2018-03-31": "-3.07400", "2017-12-31": "-1.41470", "2017-09-30": "-1.45590", "2017-06-30": "-0.24380", "2017-03-31": "-0.37330", "2016-12-31": "-2.52980", "2016-09-30": "-1.20020", "2016-06-30": "0.45570", "2016-03-31": "-0.77570", "2015-12-31": "-0.00920", "2015-09-30": "-1.02020", "2015-06-30": "0.39950", "2015-03-31": "0.38820", "2014-12-31": "2.28260", "2014-09-30": "-0.02390", "2014-06-30": "3.02530", "2014-03-31": "", "2013-12-31": "", "2013-09-30": "", "2013-06-30": "", "2012-12-31": "", "2011-12-31": ""}, "ROI - Return On Investment": {"2020-09-30": "2.84770", "2020-06-30": "0.53410", "2020-03-31": "-15.12720", "2019-12-31": "-1.51190", "2019-09-30": "1.89750", "2019-06-30": "1.45480", "2019-03-31": "-1.12500", "2018-12-31": "0.94270", "2018-09-30": "-0.15460", "2018-06-30": "-3.53410", "2018-03-31": "-6.13720", "2017-12-31": "-3.05800", "2017-09-30": "-3.09230", "2017-06-30": "-0.47910", "2017-03-31": "-0.74750", "2016-12-31": "-4.91980", "2016-09-30": "-2.35330", "2016-06-30": "0.88570", "2016-03-31": "-1.67630", "2015-12-31": "-0.02180", "2015-09-30": "-2.24540", "2015-06-30": "0.84820", "2015-03-31": "0.76370", "2014-12-31": "4.71630", "2014-09-30": "-0.04920", "2014-06-30": "7.20030", "2014-03-31": "", "2013-12-31": "", "2013-09-30": "", "2013-06-30": "", "2012-12-31": "", "2011-12-31": ""}, "Book Value Per Share": {"2020-09-30": "8.16300", "2020-06-30": "7.98040", "2020-03-31": "7.99400", "2019-12-31": "7.89780", "2019-09-30": "9.88590", "2019-06-30": "10.08990", "2019-03-31": "11.55870", "2018-12-31": "11.60400", "2018-09-30": "11.63480", "2018-06-30": "11.91580", "2018-03-31": "3.69700", "2017-12-31": "2.05330", "2017-09-30": "2.03910", "2017-06-30": "1.97330", "2017-03-31": "1.69290", "2016-12-31": "2.96150", "2016-09-30": "2.49910", "2016-06-30": "2.72900", "2016-03-31": "0.70050", "2015-12-31": "-0.54880", "2015-09-30": "0.04220", "2015-06-30": "0.55230", "2015-03-31": "0.15450", "2014-12-31": "0.24250", "2014-09-30": "-0.66560", "2014-06-30": "", "2014-03-31": "", "2013-12-31": "", "2013-09-30": "", "2013-06-30": "", "2012-12-31": "", "2011-12-31": ""}, "Operating Cash Flow Per Share": {"2020-09-30": 0.3294, "2020-06-30": 0.908, "2020-03-31": "-0.07670", "2019-12-31": 0.5918, "2019-09-30": 0.4011, "2019-06-30": 0.3567, "2019-03-31": "0.13320", "2018-12-31": 1.6506, "2018-09-30": -1.3728, "2018-06-30": 0.6929, "2018-03-31": "0.47400", "2017-12-31": 0.4899, "2017-09-30": 0.4749, "2017-06-30": -0.6368, "2017-03-31": "0.84140", "2016-12-31": -1.5102, "2016-09-30": 0.2102, "2016-06-30": 0.3728, "2016-03-31": "0.94500", "2015-12-31": 0.1895, "2015-09-30": 0.8424, "2015-06-30": 0.6717, "2015-03-31": "0.81590", "2014-12-31": 0.1607, "2014-09-30": 1.9197, "2014-06-30": 0.765, "2014-03-31": "2.26650", "2013-12-31": -6.3206, "2013-09-30": 1.7338, "2013-06-30": 4.5868, "2012-12-31": 0, "2011-12-31": 0}, "Free Cash Flow Per Share": {"2020-09-30": 0.2729, "2020-06-30": 0.8365, "2020-03-31": "0.07440", "2019-12-31": 0.4604, "2019-09-30": 0.2734, "2019-06-30": 0.2075, "2019-03-31": "0.02340", "2018-12-31": 1.5257, "2018-09-30": -1.893, "2018-06-30": 0.0325, "2018-03-31": "0.27200", "2017-12-31": 0.1953, "2017-09-30": 0.3612, "2017-06-30": -0.7899, "2017-03-31": "0.71300", "2016-12-31": -1.3916, "2016-09-30": 0.0705, "2016-06-30": 0.2391, "2016-03-31": "0.78200", "2015-12-31": -0.0081, "2015-09-30": 0.5595, "2015-06-30": 0.4193, "2015-03-31": "0.30690", "2014-12-31": -0.338, "2014-09-30": 1.6098, "2014-06-30": 0.7456, "2014-03-31": "2.22270", "2013-12-31": -5.768, "2013-09-30": 1.6788, "2013-06-30": 4.0892, "2012-12-31": 0, "2011-12-31": 0}}, "revenue": {"TRIBUNE PUBLISHING CO Annual Revenue (Millions of US $)": {"2019": "$983", "2018": "$1,031", "2017": "$1,015", "2016": "$1,063", "2015": "$1,673", "2014": "$1,708", "2013": "$1,795", "2012": "$1,914", "2011": "$1,916"}, "TRIBUNE PUBLISHING CO Quarterly Revenue (Millions of US $)": {"2020-09-30": "$189", "2020-06-30": "$183", "2020-03-31": "$216", "2019-12-31": "$252", "2019-09-30": "$236", "2019-06-30": "$250", "2019-03-31": "$245", "2018-12-31": "$283", "2018-09-30": "$256", "2018-06-30": "$253", "2018-03-31": "$238", "2017-12-31": "$170", "2017-09-30": "$236", "2017-06-30": "$243", "2017-03-31": "$366", "2016-12-31": "$-118", "2016-09-30": "$378", "2016-06-30": "$405", "2016-03-31": "$398", "2015-12-31": "$457", "2015-09-30": "$406", "2015-06-30": "$412", "2015-03-31": "$398", "2014-12-31": "$457", "2014-09-30": "$404", "2014-06-30": "$430", "2014-03-31": "$417", "2013-12-31": "", "2013-09-30": "$424", "2013-06-30": "$447", "2012-12-31": "", "2011-12-31": ""}}, "gross-profit": {"TRIBUNE PUBLISHING CO Annual Gross Profit (Millions of US $)": {"2019": "$983", "2018": "$1,031", "2017": "$1,015", "2016": "$1,063", "2015": "$1,673", "2014": "$1,708", "2013": "$1,486", "2012": "$1,587", "2011": "$762"}, "TRIBUNE PUBLISHING CO Quarterly Gross Profit (Millions of US $)": {"2020-09-30": "$189", "2020-06-30": "$183", "2020-03-31": "$216", "2019-12-31": "$252", "2019-09-30": "$236", "2019-06-30": "$250", "2019-03-31": "$245", "2018-12-31": "$283", "2018-09-30": "$256", "2018-06-30": "$253", "2018-03-31": "$238", "2017-12-31": "$170", "2017-09-30": "$236", "2017-06-30": "$243", "2017-03-31": "$366", "2016-12-31": "$-118", "2016-09-30": "$378", "2016-06-30": "$405", "2016-03-31": "$398", "2015-12-31": "$457", "2015-09-30": "$406", "2015-06-30": "$412", "2015-03-31": "$328", "2014-12-31": "$457", "2014-09-30": "$333", "2014-06-30": "$357", "2014-03-31": "$343", "2013-12-31": "", "2013-09-30": "$178", "2013-06-30": "$193", "2012-12-31": "", "2011-12-31": ""}}, "operating-income": {"TRIBUNE PUBLISHING CO Annual Operating Income (Millions of US $)": {"2019": "$7", "2018": "$-46", "2017": "$9", "2016": "$-17", "2015": "$25", "2014": "$87", "2013": "$167", "2012": "$42", "2011": "$45"}, "TRIBUNE PUBLISHING CO Quarterly Operating Income (Millions of US $)": {"2020-09-30": "$7", "2020-06-30": "$-1", "2020-03-31": "$-62", "2019-12-31": "$-3", "2019-09-30": "$9", "2019-06-30": "$8", "2019-03-31": "$-7", "2018-12-31": "$-4", "2018-09-30": "$-10", "2018-06-30": "$-1", "2018-03-31": "$-31", "2017-12-31": "$-5", "2017-09-30": "$-2", "2017-06-30": "$4", "2017-03-31": "$12", "2016-12-31": "$-28", "2016-09-30": "$1", "2016-06-30": "$14", "2016-03-31": "$-4", "2015-12-31": "$10", "2015-09-30": "$-8", "2015-06-30": "$12", "2015-03-31": "$11", "2014-12-31": "$36", "2014-09-30": "$5", "2014-06-30": "$25", "2014-03-31": "$21", "2013-12-31": "", "2013-09-30": "$27", "2013-06-30": "$39", "2012-12-31": "", "2011-12-31": ""}}, "ebitda": {"TRIBUNE PUBLISHING CO Annual EBITDA (Millions of US $)": {"2019": "$54", "2018": "$7", "2017": "$56", "2016": "$34", "2015": "$80", "2014": "$119", "2013": "$195", "2012": "$128", "2011": "$131"}, "TRIBUNE PUBLISHING CO Quarterly EBITDA (Millions of US $)": {"2020-09-30": "$17", "2020-06-30": "$9", "2020-03-31": "$-53", "2019-12-31": "$9", "2019-09-30": "$21", "2019-06-30": "$20", "2019-03-31": "$5", "2018-12-31": "$12", "2018-09-30": "$2", "2018-06-30": "$12", "2018-03-31": "$-19", "2017-12-31": "$7", "2017-09-30": "$9", "2017-06-30": "$15", "2017-03-31": "$25", "2016-12-31": "$-20", "2016-09-30": "$15", "2016-06-30": "$29", "2016-03-31": "$10", "2015-12-31": "$24", "2015-09-30": "$7", "2015-06-30": "$25", "2015-03-31": "$24", "2014-12-31": "$50", "2014-09-30": "$15", "2014-06-30": "$29", "2014-03-31": "$25", "2013-12-31": "", "2013-09-30": "$34", "2013-06-30": "$39", "2012-12-31": "", "2011-12-31": ""}}, "net-income": {"TRIBUNE PUBLISHING CO Annual Net Income (Millions of US $)": {"2019": "$-31", "2018": "$249", "2017": "$6", "2016": "$7", "2015": "$-3", "2014": "$42", "2013": "$94", "2012": "$28", "2011": "$42"}, "TRIBUNE PUBLISHING CO Quarterly Net Income (Millions of US $)": {"2020-09-30": "$7", "2020-06-30": "$-1", "2020-03-31": "$-45", "2019-12-31": "$-21", "2019-09-30": "$-7", "2019-06-30": "$3", "2019-03-31": "$-5", "2018-12-31": "$2", "2018-09-30": "$-4", "2018-06-30": "$265", "2018-03-31": "$-15", "2017-12-31": "$-0", "2017-09-30": "$2", "2017-06-30": "$7", "2017-03-31": "$-3", "2016-12-31": "$19", "2016-09-30": "$-10", "2016-06-30": "$4", "2016-03-31": "$-6", "2015-12-31": "$-0", "2015-09-30": "$-9", "2015-06-30": "$3", "2015-03-31": "$3", "2014-12-31": "$15", "2014-09-30": "$-0", "2014-06-30": "$15", "2014-03-31": "$12", "2013-12-31": "", "2013-09-30": "$18", "2013-06-30": "$22", "2012-12-31": "", "2011-12-31": ""}}, "eps-earnings-per-share-diluted": {"TRIBUNE PUBLISHING CO Annual EPS": {"2019": "$-0.85", "2018": "$7.05", "2017": "$0.16", "2016": "$0.19", "2015": "$-0.11", "2014": "$1.66", "2013": "$3.70", "2012": "$1.12", "2011": "$0.00"}, "TRIBUNE PUBLISHING CO Quarterly EPS": {"2020-09-30": "$0.18", "2020-06-30": "$-0.02", "2020-03-31": "$-1.26", "2019-12-31": "$-0.19", "2019-09-30": "$-0.61", "2019-06-30": "$0.08", "2019-03-31": "$-0.13", "2018-12-31": "$0.07", "2018-09-30": "$-0.11", "2018-06-30": "$7.51", "2018-03-31": "$-0.42", "2017-12-31": "$-0.03", "2017-09-30": "$0.06", "2017-06-30": "$0.21", "2017-03-31": "$-0.08", "2016-12-31": "$0.58", "2016-09-30": "$-0.29", "2016-06-30": "$0.12", "2016-03-31": "$-0.22", "2015-12-31": "$-0.01", "2015-09-30": "$-0.33", "2015-06-30": "$0.13", "2015-03-31": "$0.10", "2014-12-31": "$0.61", "2014-09-30": "$-0.01", "2014-06-30": "$0.60", "2014-03-31": "$0.46", "2013-12-31": "$0.00", "2013-09-30": "$0.72", "2013-06-30": "$0.86", "2012-12-31": "$0.00", "2011-12-31": "$0.00"}}, "shares-outstanding": {"TRIBUNE PUBLISHING CO Annual Shares Outstanding (Millions of Shares)": {"2019": "36", "2018": "35", "2017": "34", "2016": "34", "2015": "26", "2014": "26", "2013": "25", "2012": "25", "2011": ""}, "TRIBUNE PUBLISHING CO Quarterly Shares Outstanding (Millions of Shares)": {"2020-09-30": "37", "2020-06-30": "36", "2020-03-31": "36", "2019-12-31": "36", "2019-09-30": "36", "2019-06-30": "36", "2019-03-31": "36", "2018-12-31": "35", "2018-09-30": "35", "2018-06-30": "35", "2018-03-31": "35", "2017-12-31": "34", "2017-09-30": "33", "2017-06-30": "33", "2017-03-31": "36", "2016-12-31": "34", "2016-09-30": "36", "2016-06-30": "33", "2016-03-31": "29", "2015-12-31": "26", "2015-09-30": "26", "2015-06-30": "26", "2015-03-31": "26", "2014-12-31": "26", "2014-09-30": "25", "2014-06-30": "25", "2014-03-31": "25", "2013-12-31": "", "2013-09-30": "25", "2013-06-30": "25", "2012-12-31": "", "2011-12-31": ""}}, "total-assets": {"TRIBUNE PUBLISHING CO Annual Total Assets (Millions of US $)": {"2019": "$682", "2018": "$727", "2017": "$865", "2016": "$889", "2015": "$833", "2014": "$678", "2013": "$514", "2012": "$951", "2011": "$0"}, "TRIBUNE PUBLISHING CO Quarterly Total Assets (Millions of US $)": {"2020-09-30": "$582", "2020-06-30": "$600", "2020-03-31": "$604", "2019-12-31": "$682", "2019-09-30": "$702", "2019-06-30": "$761", "2019-03-31": "$792", "2018-12-31": "$727", "2018-09-30": "$748", "2018-06-30": "$850", "2018-03-31": "$913", "2017-12-31": "$865", "2017-09-30": "$869", "2017-06-30": "$796", "2017-03-31": "$801", "2016-12-31": "$889", "2016-09-30": "$873", "2016-06-30": "$890", "2016-03-31": "$833", "2015-12-31": "$833", "2015-09-30": "$843", "2015-06-30": "$850", "2015-03-31": "$648", "2014-12-31": "$678", "2014-09-30": "$652", "2014-06-30": "$503", "2014-03-31": "$0", "2013-12-31": "$0", "2013-09-30": "$0", "2013-06-30": "$0", "2012-12-31": "$951", "2011-12-31": "$0"}}, "cash-on-hand": {"TRIBUNE PUBLISHING CO Annual Cash on Hand (Millions of US $)": {"2019": "$61", "2018": "$98", "2017": "$185", "2016": "$198", "2015": "$41", "2014": "$37", "2013": "$10", "2012": "$14", "2011": "$"}, "TRIBUNE PUBLISHING CO Quarterly Cash on Hand (Millions of US $)": {"2020-09-30": "$90", "2020-06-30": "$81", "2020-03-31": "$49", "2019-12-31": "$61", "2019-09-30": "$57", "2019-06-30": "$103", "2019-03-31": "$98", "2018-12-31": "$98", "2018-09-30": "$98", "2018-06-30": "$215", "2018-03-31": "$163", "2017-12-31": "$185", "2017-09-30": "$185", "2017-06-30": "$174", "2017-03-31": "$161", "2016-12-31": "$198", "2016-09-30": "$187", "2016-06-30": "$170", "2016-03-31": "$96", "2015-12-31": "$41", "2015-09-30": "$55", "2015-06-30": "$42", "2015-03-31": "$40", "2014-12-31": "$37", "2014-09-30": "$60", "2014-06-30": "$13", "2014-03-31": "", "2013-12-31": "", "2013-09-30": "", "2013-06-30": "", "2012-12-31": "$14", "2011-12-31": ""}}, "long-term-debt": {"TRIBUNE PUBLISHING CO Annual Long Term Debt (Millions of US $)": {"2019": "$7", "2018": "$7", "2017": "$331", "2016": "$349", "2015": "$368", "2014": "$322", "2013": "$", "2012": "$", "2011": "$"}, "TRIBUNE PUBLISHING CO Quarterly Long Term Debt (Millions of US $)": {"2020-09-30": "$0", "2020-06-30": "$0", "2020-03-31": "$0", "2019-12-31": "$7", "2019-09-30": "$7", "2019-06-30": "$7", "2019-03-31": "$7", "2018-12-31": "$7", "2018-09-30": "$7", "2018-06-30": "$7", "2018-03-31": "$327", "2017-12-31": "$331", "2017-09-30": "$341", "2017-06-30": "$340", "2017-03-31": "$344", "2016-12-31": "$349", "2016-09-30": "$354", "2016-06-30": "$359", "2016-03-31": "$363", "2015-12-31": "$368", "2015-09-30": "$382", "2015-06-30": "$386", "2015-03-31": "$325", "2014-12-31": "$322", "2014-09-30": "$334", "2014-06-30": "", "2014-03-31": "", "2013-12-31": "", "2013-09-30": "", "2013-06-30": "", "2012-12-31": "", "2011-12-31": ""}}, "total-liabilities": {"TRIBUNE PUBLISHING CO Annual Total Liabilities (Millions of US $)": {"2019": "$334", "2018": "$314", "2017": "$796", "2016": "$781", "2015": "$847", "2014": "$672", "2013": "$290", "2012": "$3,166", "2011": "$0"}, "TRIBUNE PUBLISHING CO Quarterly Total Liabilities (Millions of US $)": {"2020-09-30": "$283", "2020-06-30": "$308", "2020-03-31": "$313", "2019-12-31": "$397", "2019-09-30": "$346", "2019-06-30": "$400", "2019-03-31": "$380", "2018-12-31": "$314", "2018-09-30": "$335", "2018-06-30": "$430", "2018-03-31": "$783", "2017-12-31": "$796", "2017-09-30": "$800", "2017-06-30": "$731", "2017-03-31": "$745", "2016-12-31": "$781", "2016-09-30": "$782", "2016-06-30": "$791", "2016-03-31": "$811", "2015-12-31": "$847", "2015-09-30": "$842", "2015-06-30": "$836", "2015-03-31": "$644", "2014-12-31": "$672", "2014-09-30": "$669", "2014-06-30": "$291", "2014-03-31": "$0", "2013-12-31": "", "2013-09-30": "$0", "2013-06-30": "$0", "2012-12-31": "$3,166", "2011-12-31": "$0"}}, "total-share-holder-equity": {"TRIBUNE PUBLISHING CO Annual Share Holder Equity (Millions of US $)": {"2019": "$348", "2018": "$413", "2017": "$69", "2016": "$108", "2015": "$-14", "2014": "$6", "2013": "$225", "2012": "$-2,215", "2011": "$0"}, "TRIBUNE PUBLISHING CO Quarterly Share Holder Equity (Millions of US $)": {"2020-09-30": "$298", "2020-06-30": "$291", "2020-03-31": "$291", "2019-12-31": "$285", "2019-09-30": "$355", "2019-06-30": "$361", "2019-03-31": "$412", "2018-12-31": "$413", "2018-09-30": "$413", "2018-06-30": "$420", "2018-03-31": "$130", "2017-12-31": "$69", "2017-09-30": "$68", "2017-06-30": "$65", "2017-03-31": "$56", "2016-12-31": "$108", "2016-09-30": "$91", "2016-06-30": "$99", "2016-03-31": "$22", "2015-12-31": "$-14", "2015-09-30": "$1", "2015-06-30": "$15", "2015-03-31": "$4", "2014-12-31": "$6", "2014-09-30": "$-17", "2014-06-30": "$211", "2014-03-31": "$0", "2013-12-31": "", "2013-09-30": "$0", "2013-06-30": "$0", "2012-12-31": "$-2,215", "2011-12-31": "$0"}}, "profit-margins": {"current": "-4.19%"}, "gross margin": {"2020-09-30": "100.00%", "2020-06-30": "100.00%", "2020-03-31": "100.00%", "2019-12-31": "100.00%", "2019-09-30": "100.00%", "2019-06-30": "100.00%", "2019-03-31": "100.00%", "2018-12-31": "100.00%", "2018-09-30": "100.00%", "2018-06-30": "100.00%", "2018-03-31": "100.00%", "2017-12-31": "100.00%", "2017-09-30": "100.00%", "2017-06-30": "100.00%", "2017-03-31": "100.00%", "2016-12-31": "100.00%", "2016-09-30": "100.00%", "2016-06-30": "100.00%", "2016-03-31": "100.00%", "2015-12-31": "95.82%", "2015-09-30": "95.82%", "2015-06-30": "91.56%", "2015-03-31": "87.33%", "2014-12-31": "87.24%", "2014-06-30": "69.08%", "2014-03-31": "55.43%"}, "operating margin": {"2020-09-30": "-7.02%", "2020-06-30": "-6.43%", "2020-03-31": "-5.03%", "2019-12-31": "0.71%", "2019-09-30": "0.59%", "2019-06-30": "-1.26%", "2019-03-31": "-2.12%", "2018-12-31": "-4.47%", "2018-09-30": "-5.13%", "2018-06-30": "-4.35%", "2018-03-31": "-3.83%", "2017-12-31": "0.89%", "2017-09-30": "-1.93%", "2017-06-30": "-1.27%", "2017-03-31": "-0.10%", "2016-12-31": "-1.60%", "2016-09-30": "1.28%", "2016-06-30": "0.72%", "2016-03-31": "0.60%", "2015-12-31": "1.49%", "2015-09-30": "3.05%", "2015-06-30": "3.83%", "2015-03-31": "4.56%", "2014-12-31": "5.09%", "2014-06-30": "5.74%", "2014-03-31": "6.75%"}, "ebitda margin": {"2020-09-30": "-2.14%", "2020-06-30": "-1.58%", "2020-03-31": "-0.31%", "2019-12-31": "5.60%", "2019-09-30": "5.72%", "2019-06-30": "3.77%", "2019-03-31": "2.99%", "2018-12-31": "0.68%", "2018-09-30": "0.22%", "2018-06-30": "1.00%", "2018-03-31": "1.35%", "2017-12-31": "5.52%", "2017-09-30": "3.99%", "2017-06-30": "4.03%", "2017-03-31": "4.75%", "2016-12-31": "3.20%", "2016-09-30": "4.76%", "2016-06-30": "4.20%", "2016-03-31": "3.95%", "2015-12-31": "4.78%", "2015-09-30": "6.34%", "2015-06-30": "6.82%", "2015-03-31": "6.99%", "2014-12-31": "6.97%", "2014-06-30": "6.92%", "2014-03-31": "7.61%"}, "pre tax profit margin": {"2020-09-30": "-6.90%", "2020-06-30": "-6.65%", "2020-03-31": "-5.24%", "2019-12-31": "0.41%", "2019-09-30": "0.69%", "2019-06-30": "-0.58%", "2019-03-31": "-2.41%", "2018-12-31": "-5.05%", "2018-09-30": "-6.87%", "2018-06-30": "-7.36%", "2018-03-31": "-6.43%", "2017-12-31": "-2.27%", "2017-09-30": "-6.46%", "2017-06-30": "-5.06%", "2017-03-31": "-3.39%", "2016-12-31": "-4.23%", "2016-09-30": "-0.49%", "2016-06-30": "-1.02%", "2016-03-31": "-1.14%", "2015-12-31": "-0.24%", "2015-09-30": "1.43%", "2015-06-30": "2.33%", "2015-03-31": "3.55%", "2014-12-31": "4.45%", "2014-06-30": "5.74%", "2014-03-31": "6.68%"}, "net profit margin": {"2020-09-30": "-7.14%", "2020-06-30": "-8.34%", "2020-03-31": "-7.34%", "2019-12-31": "-3.05%", "2019-09-30": "-0.69%", "2019-06-30": "-0.39%", "2019-03-31": "24.88%", "2018-12-31": "24.08%", "2018-09-30": "26.83%", "2018-06-30": "28.09%", "2018-03-31": "-0.68%", "2017-12-31": "0.59%", "2017-09-30": "3.44%", "2017-06-30": "1.50%", "2017-03-31": "0.97%", "2016-12-31": "0.66%", "2016-09-30": "-0.73%", "2016-06-30": "-0.66%", "2016-03-31": "-0.72%", "2015-12-31": "-0.18%", "2015-09-30": "0.72%", "2015-06-30": "1.26%", "2015-03-31": "1.95%", "2014-12-31": "2.46%", "2014-06-30": "3.54%", "2014-03-31": "4.04%"}, "pe ratio": {"current": "0.00", "2021-02-05": "0.00", "2020-09-30": "0.00", "2020-06-30": "0.00", "2020-03-31": "0.00", "2019-12-31": "0.00", "2019-09-30": "0.00", "2019-06-30": "0.00", "2019-03-31": "1.32", "2018-12-31": "1.32", "2018-09-30": "1.91", "2018-06-30": "1.97", "2018-03-31": "0.00", "2017-12-31": "79.52", "2017-09-30": "16.42", "2017-06-30": "28.35", "2017-03-31": "40.45", "2016-12-31": "80.61", "2016-09-30": "0.00", "2016-06-30": "0.00", "2016-03-31": "0.00", "2015-12-31": "73.54", "2015-09-30": "8.93", "2015-06-30": "14.62"}, "price sales": {"2021-02-05": "0.66", "2020-09-30": "0.50", "2020-06-30": "0.41", "2020-03-31": "0.31", "2019-12-31": "0.47", "2019-09-30": "0.29", "2019-06-30": "0.26", "2019-03-31": "0.33", "2018-12-31": "0.32", "2018-09-30": "0.51", "2018-06-30": "0.54", "2018-03-31": "0.51", "2017-12-31": "0.48", "2017-09-30": "0.56", "2017-06-30": "0.43", "2017-03-31": "0.39", "2016-12-31": "0.34", "2016-09-30": "0.26", "2016-06-30": "0.19", "2016-03-31": "0.10", "2015-12-31": "0.11", "2015-09-30": "0.10", "2015-06-30": "0.18"}, "price book": {"current": "1.89", "2021-02-05": "1.89", "2020-09-30": "1.43", "2020-06-30": "1.25", "2020-03-31": "1.01", "2019-12-31": "1.63", "2019-09-30": "0.83", "2019-06-30": "0.76", "2019-03-31": "0.83", "2018-12-31": "0.80", "2018-09-30": "1.14", "2018-06-30": "1.18", "2018-03-31": "3.61", "2017-12-31": "6.97", "2017-09-30": "5.80", "2017-06-30": "5.32", "2017-03-31": "6.69", "2016-12-31": "3.81", "2016-09-30": "5.50", "2016-06-30": "4.11", "2016-03-31": "8.97", "2015-12-31": "-13.40", "2015-09-30": "148.18", "2015-06-30": "21.70", "2015-03-31": "95.98", "2014-12-31": "72.18", "2014-09-30": "-22.96"}, "price fcf": {"2021-02-05": "", "2020-09-30": "$1.64", "2020-06-30": "$1.64", "2020-03-31": "$1.02", "2019-12-31": "$0.96", "2019-09-30": "$2.03", "2019-06-30": "$-0.14", "2019-03-31": "$-0.31", "2018-12-31": "$-0.06", "2018-09-30": "$-1.39", "2018-06-30": "$0.86", "2018-03-31": "$0.04", "2017-12-31": "$0.48", "2017-09-30": "$-1.11", "2017-06-30": "$-1.40", "2017-03-31": "$-0.37", "2016-12-31": "$-0.30", "2016-09-30": "$1.08", "2016-06-30": "$1.57", "2016-03-31": "$1.75", "2015-12-31": "$1.28", "2015-09-30": "$0.95", "2015-06-30": "$4.97"}, "net worth": {"value": "$0.56B"}, "current ratio": {"2020-09-30": "1.29", "2020-06-30": "1.11", "2020-03-31": "1.04", "2019-12-31": "1.10", "2019-09-30": "1.01", "2019-06-30": "1.04", "2019-03-31": "1.21", "2018-12-31": "1.29", "2018-09-30": "1.22", "2018-06-30": "1.16", "2018-03-31": "1.38", "2017-12-31": "1.56", "2017-09-30": "1.57", "2017-06-30": "1.57", "2017-03-31": "1.50", "2016-12-31": "1.60", "2016-09-30": "1.52", "2016-06-30": "1.43", "2016-03-31": "1.14", "2015-12-31": "1.00", "2015-09-30": "1.10", "2015-06-30": "1.11", "2015-03-31": "1.16", "2014-12-31": "1.13", "2014-09-30": "1.19", "2014-06-30": "1.23", "2014-03-31": "0.00", "2013-12-31": "0.00", "2013-09-30": "0.00", "2013-06-30": "0.00", "2012-12-31": "1.28", "2011-12-31": "0.00"}, "quick ratio": {"2020-09-30": "1.27", "2020-06-30": "1.09", "2020-03-31": "1.01", "2019-12-31": "1.08", "2019-09-30": "0.98", "2019-06-30": "1.01", "2019-03-31": "1.16", "2018-12-31": "1.24", "2018-09-30": "1.17", "2018-06-30": "1.13", "2018-03-31": "1.33", "2017-12-31": "1.53", "2017-09-30": "1.53", "2017-06-30": "1.54", "2017-03-31": "1.46", "2016-12-31": "1.56", "2016-09-30": "1.47", "2016-06-30": "1.37", "2016-03-31": "1.09", "2015-12-31": "0.95", "2015-09-30": "1.05", "2015-06-30": "1.06", "2015-03-31": "1.10", "2014-12-31": "1.07", "2014-09-30": "1.13", "2014-06-30": "1.16", "2014-03-31": "0.00", "2013-12-31": "0.00", "2013-09-30": "0.00", "2013-06-30": "0.00", "2012-12-31": "1.23", "2011-12-31": "0.00"}, "debt equity ratio": {"current": "0.00", "2020-09-30": "0.95", "2020-06-30": "1.06", "2020-03-31": "1.08", "2019-12-31": "1.40", "2019-09-30": "0.97", "2019-06-30": "1.11", "2019-03-31": "0.92", "2018-12-31": "0.76", "2018-09-30": "0.81", "2018-06-30": "1.02", "2018-03-31": "6.00", "2017-12-31": "11.51", "2017-09-30": "11.70", "2017-06-30": "11.27", "2017-03-31": "13.42", "2016-12-31": "7.24", "2016-09-30": "8.59", "2016-06-30": "7.96", "2016-03-31": "36.57", "2015-12-31": "-58.85", "2015-09-30": "761.29", "2015-06-30": "57.45", "2015-03-31": "162.82", "2014-12-31": "108.86", "2014-09-30": "-39.49", "2014-06-30": "1.38", "2014-03-31": "0.00", "2013-12-31": "0.00", "2013-09-30": "0.00", "2013-06-30": "0.00", "2012-12-31": "-1.43", "2011-12-31": "0.00"}, "return on equity": {"2020-09-30": "-20.60%", "2020-06-30": "-24.22%", "2020-03-31": "-21.67%", "2019-12-31": "-8.49%", "2019-09-30": "-1.82%", "2019-06-30": "-1.00%", "2019-03-31": "62.24%", "2018-12-31": "72.09%", "2018-09-30": "95.35%", "2018-06-30": "146.72%", "2018-03-31": "-7.23%", "2017-12-31": "9.30%", "2017-09-30": "33.67%", "2017-06-30": "16.25%", "2017-03-31": "11.30%", "2016-12-31": "8.75%", "2016-09-30": "-24.24%", "2016-06-30": "-40.74%", "2016-03-31": "-200.00%", "2015-12-31": "-200.00%", "2015-09-30": "184.62%", "2015-06-30": "1050.00%", "2015-03-31": "64.71%", "2014-12-31": "84.00%", "2014-06-30": "85.31%", "2014-03-31": "inf%"}, "return on assets": {"2020-09-30": "-9.72%", "2020-06-30": "-11.44%", "2020-03-31": "-10.19%", "2019-12-31": "-4.09%", "2019-09-30": "-0.94%", "2019-06-30": "-0.53%", "2019-03-31": "33.11%", "2018-12-31": "30.64%", "2018-09-30": "29.15%", "2018-06-30": "28.82%", "2018-03-31": "-0.70%", "2017-12-31": "0.72%", "2017-09-30": "2.98%", "2017-06-30": "1.55%", "2017-03-31": "1.16%", "2016-12-31": "0.80%", "2016-09-30": "-1.40%", "2016-06-30": "-1.29%", "2016-03-31": "-1.43%", "2015-12-31": "-0.38%", "2015-09-30": "1.59%", "2015-06-30": "2.97%", "2015-03-31": "5.32%", "2014-12-31": "9.17%", "2014-06-30": "35.79%", "2014-03-31": "inf%"}, "return on investments": {"2020-09-30": "-20.14%", "2020-06-30": "-18.45%", "2020-03-31": "-14.63%", "2019-12-31": "1.94%", "2019-09-30": "1.53%", "2019-06-30": "-3.20%", "2019-03-31": "-5.22%", "2018-12-31": "-10.67%", "2018-09-30": "-11.03%", "2018-06-30": "-9.21%", "2018-03-31": "-8.14%", "2017-12-31": "2.23%", "2017-09-30": "-3.35%", "2017-06-30": "-2.58%", "2017-03-31": "-0.23%", "2016-12-31": "-3.89%", "2016-09-30": "5.12%", "2016-06-30": "3.04%", "2016-03-31": "2.63%", "2015-12-31": "6.82%", "2015-09-30": "14.16%", "2015-06-30": "18.62%", "2015-03-31": "31.62%", "2014-12-31": "53.95%", "2014-06-30": "inf%", "2014-03-31": "inf%"}, "return on tangible equity": {"2020-09-30": "-52.63%", "2020-06-30": "-61.41%", "2020-03-31": "-53.85%", "2019-12-31": "-19.67%", "2019-09-30": "-3.91%", "2019-06-30": "-2.10%", "2019-03-31": "127.41%", "2018-12-31": "255.67%", "2018-09-30": "688.11%", "2018-06-30": "-425.32%", "2018-03-31": "3.85%", "2017-12-31": "-3.98%", "2017-09-30": "-14.10%", "2017-06-30": "-7.56%", "2017-03-31": "-6.08%", "2016-12-31": "-4.02%", "2016-09-30": "5.85%", "2016-06-30": "4.70%", "2016-03-31": "4.59%", "2015-12-31": "1.28%", "2015-09-30": "-6.11%", "2015-06-30": "-13.23%", "2015-03-31": "-49.07%", "2014-12-31": "-115.07%", "2014-06-30": "178.22%", "2014-03-31": "inf%"}, "dividend yield history": {"last payout": "$0.00", "last yield": "0.00%"}}