{"ticker": "TRMB", "price": {"title": "Trimble Historical Annual Stock Price Data", "value": 72.27, "historical": {"2021": {"Average Stock Price": "69.8033", "Year Open": "66.2900", "Year High": "73.0800", "Year Low": "65.9100", "Year Close": "72.2700", "Annual % Change": "8.24%"}, "2020": {"Average Stock Price": "45.5255", "Year Open": "41.9350", "Year High": "66.7700", "Year Low": "21.3200", "Year Close": "66.7700", "Annual % Change": "60.16%"}, "2019": {"Average Stock Price": "39.8960", "Year Open": "32.4700", "Year High": "45.9400", "Year Low": "30.9300", "Year Close": "41.6900", "Annual % Change": "26.68%"}, "2018": {"Average Stock Price": "37.6810", "Year Open": "41.0600", "Year High": "45.0800", "Year Low": "30.1600", "Year Close": "32.9100", "Annual % Change": "-19.02%"}, "2017": {"Average Stock Price": "36.1893", "Year Open": "30.2700", "Year High": "42.8900", "Year Low": "29.3400", "Year Close": "40.6400", "Annual % Change": "34.79%"}, "2016": {"Average Stock Price": "25.6535", "Year Open": "21.5900", "Year High": "30.7300", "Year Low": "18.7900", "Year Close": "30.1500", "Annual % Change": "40.56%"}, "2015": {"Average Stock Price": "22.7199", "Year Open": "26.9100", "Year High": "27.2600", "Year Low": "16.1200", "Year Close": "21.4500", "Annual % Change": "-19.18%"}, "2014": {"Average Stock Price": "33.4747", "Year Open": "34.4400", "Year High": "39.9600", "Year Low": "26.5100", "Year Close": "26.5400", "Annual % Change": "-23.52%"}, "2013": {"Average Stock Price": "29.2382", "Year Open": "30.7600", "Year High": "34.7000", "Year Low": "24.8500", "Year Close": "34.7000", "Annual % Change": "16.09%"}, "2012": {"Average Stock Price": "24.8481", "Year Open": "20.8150", "Year High": "29.8900", "Year Low": "20.0750", "Year Close": "29.8900", "Annual % Change": "37.74%"}, "2011": {"Average Stock Price": "20.9444", "Year Open": "20.3200", "Year High": "25.9300", "Year Low": "16.2100", "Year Close": "21.7000", "Annual % Change": "8.69%"}, "2010": {"Average Stock Price": "15.4136", "Year Open": "12.8250", "Year High": "20.8300", "Year Low": "11.4450", "Year Close": "19.9650", "Annual % Change": "58.45%"}, "2009": {"Average Stock Price": "10.2402", "Year Open": "11.1500", "Year High": "13.0300", "Year Low": "6.0450", "Year Close": "12.6000", "Annual % Change": "16.61%"}, "2008": {"Average Stock Price": "14.1167", "Year Open": "14.8450", "Year High": "20.2150", "Year Low": "7.7800", "Year Close": "10.8050", "Annual % Change": "-28.54%"}, "2007": {"Average Stock Price": "16.2766", "Year Open": "12.8925", "Year High": "21.5250", "Year Low": "12.8550", "Year Close": "15.1200", "Annual % Change": "19.22%"}, "2006": {"Average Stock Price": "11.2733", "Year Open": "9.0150", "Year High": "13.0875", "Year Low": "8.7550", "Year Close": "12.6825", "Annual % Change": "42.94%"}, "2005": {"Average Stock Price": "8.7729", "Year Open": "8.0825", "Year High": "11.0775", "Year Low": "7.1025", "Year Close": "8.8725", "Annual % Change": "7.42%"}, "2004": {"Average Stock Price": "6.7220", "Year Open": "6.1200", "Year High": "8.5425", "Year Low": "5.1600", "Year Close": "8.2600", "Annual % Change": "33.08%"}, "2003": {"Average Stock Price": "3.9376", "Year Open": "2.1817", "Year High": "6.3383", "Year Low": "2.1817", "Year Close": "6.2067", "Annual % Change": "198.16%"}, "2002": {"Average Stock Price": "2.3529", "Year Open": "2.6983", "Year High": "3.0833", "Year Low": "1.3367", "Year Close": "2.0817", "Annual % Change": "-22.95%"}, "2001": {"Average Stock Price": "3.0250", "Year Open": "3.8333", "Year High": "4.7500", "Year Low": "2.1250", "Year Close": "2.7017", "Annual % Change": "-32.46%"}, "2000": {"Average Stock Price": "5.0625", "Year Open": "4.1467", "Year High": "10.4683", "Year Low": "3.0000", "Year Close": "4.0000", "Annual % Change": "10.96%"}, "1999": {"Average Stock Price": "2.0195", "Year Open": "1.2708", "Year High": "3.7500", "Year Low": "1.2605", "Year Close": "3.6050", "Annual % Change": "198.35%"}, "1998": {"Average Stock Price": "2.4606", "Year Open": "3.6250", "Year High": "3.8750", "Year Low": "1.1772", "Year Close": "1.2083", "Annual % Change": "-66.76%"}, "1997": {"Average Stock Price": "2.7603", "Year Open": "1.8967", "Year High": "4.0417", "Year Low": "1.8133", "Year Close": "3.6350", "Annual % Change": "89.65%"}, "1996": {"Average Stock Price": "3.0460", "Year Open": "3.1667", "Year High": "4.2500", "Year Low": "1.9167", "Year Close": "1.9167", "Annual % Change": "-38.27%"}, "1995": {"Average Stock Price": "3.8044", "Year Open": "2.6667", "Year High": "5.9583", "Year Low": "2.5417", "Year Close": "3.1050", "Annual % Change": "12.91%"}, "1994": {"Average Stock Price": "1.9213", "Year Open": "1.4792", "Year High": "2.7500", "Year Low": "1.4792", "Year Close": "2.7500", "Annual % Change": "85.91%"}, "1993": {"Average Stock Price": "1.6702", "Year Open": "1.3750", "Year High": "2.2500", "Year Low": "1.2292", "Year Close": "1.4792", "Annual % Change": "4.41%"}}}, "market cap": {"value": "$18.08B"}, "income statement": {"Revenue": {"2019-12-31": "3264.30000", "2018-12-31": "3108.40000", "2017-12-31": "2646.50000", "2016-12-31": "2362.10000", "2015-12-31": "2290.40000", "2014-12-31": "2395.50000", "2013-12-31": "2288.10000", "2012-12-31": "2040.11300", "2011-12-31": "1644.06500", "2010-12-31": "1293.93700", "2009-12-31": "1126.25900", "2008-12-31": "1329.23400", "2007-12-31": "1222.27000", "2006-12-31": "940.15000", "2005-12-31": "774.91300"}, "Cost Of Goods Sold": {"2019-12-31": "1483.40000", "2018-12-31": "1427.40000", "2017-12-31": "1268.90000", "2016-12-31": "1127.60000", "2015-12-31": "1088.20000", "2014-12-31": "1104.70000", "2013-12-31": "1084.30000", "2012-12-31": "993.93600", "2011-12-31": "814.48390", "2010-12-31": "648.43600", "2009-12-31": "576.39100", "2008-12-31": "680.09800", "2007-12-31": "609.36500", "2006-12-31": "479.06900", "2005-12-31": "385.10800"}, "Gross Profit": {"2019-12-31": "1780.90000", "2018-12-31": "1681.00000", "2017-12-31": "1377.60000", "2016-12-31": "1234.50000", "2015-12-31": "1202.20000", "2014-12-31": "1290.80000", "2013-12-31": "1203.80000", "2012-12-31": "1046.17700", "2011-12-31": "829.58100", "2010-12-31": "645.50100", "2009-12-31": "549.86800", "2008-12-31": "649.13600", "2007-12-31": "612.90500", "2006-12-31": "461.08100", "2005-12-31": "389.80500"}, "Research And Development Expenses": {"2019-12-31": "469.70000", "2018-12-31": "446.10000", "2017-12-31": "370.20000", "2016-12-31": "349.60000", "2015-12-31": "336.70000", "2014-12-31": "318.00000", "2013-12-31": "299.40000", "2012-12-31": "256.45800", "2011-12-31": "197.00700", "2010-12-31": "150.08900", "2009-12-31": "136.63900", "2008-12-31": "148.26500", "2007-12-31": "131.46800", "2006-12-31": "103.84000", "2005-12-31": "84.27600"}, "SG&A Expenses": {"2019-12-31": "834.80000", "2018-12-31": "829.60000", "2017-12-31": "701.80000", "2016-12-31": "630.70000", "2015-12-31": "629.90000", "2014-12-31": "634.70000", "2013-12-31": "565.00000", "2012-12-31": "509.49400", "2011-12-31": "425.17900", "2010-12-31": "333.47900", "2009-12-31": "290.68900", "2008-12-31": "290.31300", "2007-12-31": "279.06700", "2006-12-31": "212.03900", "2005-12-31": "172.35200"}, "Other Operating Income Or Expenses": {"2019-12-31": "", "2018-12-31": "", "2017-12-31": "", "2016-12-31": "", "2015-12-31": "", "2014-12-31": "", "2013-12-31": "", "2012-12-31": "", "2011-12-31": "", "2010-12-31": "", "2009-12-31": "", "2008-12-31": "", "2007-12-31": "", "2006-12-31": "", "2005-12-31": ""}, "Operating Expenses": {"2019-12-31": "2888.40000", "2018-12-31": "2787.70000", "2017-12-31": "2410.80000", "2016-12-31": "2181.70000", "2015-12-31": "2136.00000", "2014-12-31": "2134.70000", "2013-12-31": "2036.40000", "2012-12-31": "1827.54500", "2011-12-31": "1487.66300", "2010-12-31": "1166.33500", "2009-12-31": "1040.43900", "2008-12-31": "1143.77400", "2007-12-31": "1044.00300", "2006-12-31": "804.78400", "2005-12-31": "649.96910"}, "Operating Income": {"2019-12-31": "375.89990", "2018-12-31": "320.70000", "2017-12-31": "235.70000", "2016-12-31": "180.40010", "2015-12-31": "154.39990", "2014-12-31": "260.80000", "2013-12-31": "251.70010", "2012-12-31": "212.56800", "2011-12-31": "156.40210", "2010-12-31": "127.60190", "2009-12-31": "85.82010", "2008-12-31": "185.46000", "2007-12-31": "178.26700", "2006-12-31": "135.36600", "2005-12-31": "124.94400"}, "Total Non-Operating Income/Expense": {"2019-12-31": "-31.10000", "2018-12-31": "-42.70000", "2017-12-31": "12.50000", "2016-12-31": "-4.30000", "2015-12-31": "-2.60000", "2014-12-31": "5.20000", "2013-12-31": "1.20000", "2012-12-31": "16.85600", "2011-12-31": "11.05200", "2010-12-31": "13.48500", "2009-12-31": "1.80100", "2008-12-31": "5.98300", "2007-12-31": "5.48900", "2006-12-31": "12.72600", "2005-12-31": "-0.15600"}, "Pre-Tax Income": {"2019-12-31": "344.80000", "2018-12-31": "278.00000", "2017-12-31": "248.20000", "2016-12-31": "176.10000", "2015-12-31": "151.80000", "2014-12-31": "266.00000", "2013-12-31": "252.90000", "2012-12-31": "229.42400", "2011-12-31": "167.45400", "2010-12-31": "141.08700", "2009-12-31": "87.62100", "2008-12-31": "191.44300", "2007-12-31": "183.75600", "2006-12-31": "148.09200", "2005-12-31": "124.78800"}, "Income Taxes": {"2019-12-31": "-169.70000", "2018-12-31": "-5.30000", "2017-12-31": "129.70000", "2016-12-31": "43.90000", "2015-12-31": "31.10000", "2014-12-31": "52.10000", "2013-12-31": "34.70000", "2012-12-31": "39.70800", "2011-12-31": "18.54500", "2010-12-31": "37.47400", "2009-12-31": "23.65800", "2008-12-31": "50.47000", "2007-12-31": "66.38200", "2006-12-31": "44.43400", "2005-12-31": "39.93300"}, "Income After Taxes": {"2019-12-31": "514.50000", "2018-12-31": "283.30000", "2017-12-31": "118.50000", "2016-12-31": "132.20000", "2015-12-31": "120.70000", "2014-12-31": "213.90000", "2013-12-31": "218.20000", "2012-12-31": "189.71600", "2011-12-31": "148.90900", "2010-12-31": "103.61300", "2009-12-31": "63.96300", "2008-12-31": "140.97300", "2007-12-31": "117.37400", "2006-12-31": "103.65800", "2005-12-31": "84.85500"}, "Other Income": {"2019-12-31": "", "2018-12-31": "", "2017-12-31": "", "2016-12-31": "", "2015-12-31": "", "2014-12-31": "", "2013-12-31": "", "2012-12-31": "", "2011-12-31": "", "2010-12-31": "", "2009-12-31": "", "2008-12-31": "", "2007-12-31": "", "2006-12-31": "", "2005-12-31": ""}, "Income From Continuous Operations": {"2019-12-31": "514.50000", "2018-12-31": "283.30000", "2017-12-31": "118.50000", "2016-12-31": "132.20000", "2015-12-31": "120.70000", "2014-12-31": "213.90000", "2013-12-31": "218.20000", "2012-12-31": "189.71600", "2011-12-31": "148.90900", "2010-12-31": "103.61300", "2009-12-31": "63.96300", "2008-12-31": "140.97300", "2007-12-31": "117.37400", "2006-12-31": "103.65800", "2005-12-31": "84.85500"}, "Income From Discontinued Operations": {"2019-12-31": "", "2018-12-31": "", "2017-12-31": "", "2016-12-31": "", "2015-12-31": "", "2014-12-31": "", "2013-12-31": "", "2012-12-31": "", "2011-12-31": "", "2010-12-31": "", "2009-12-31": "", "2008-12-31": "", "2007-12-31": "", "2006-12-31": "", "2005-12-31": ""}, "Net Income": {"2019-12-31": "514.30000", "2018-12-31": "282.80000", "2017-12-31": "118.40000", "2016-12-31": "132.40000", "2015-12-31": "121.10000", "2014-12-31": "214.10000", "2013-12-31": "218.90000", "2012-12-31": "191.06000", "2011-12-31": "150.75500", "2010-12-31": "103.66000", "2009-12-31": "63.44600", "2008-12-31": "141.47200", "2007-12-31": "117.37400", "2006-12-31": "103.65800", "2005-12-31": "84.85500"}, "EBITDA": {"2019-12-31": "583.09990", "2018-12-31": "535.90000", "2017-12-31": "419.09990", "2016-12-31": "368.20010", "2015-12-31": "353.49990", "2014-12-31": "452.40010", "2013-12-31": "441.20010", "2012-12-31": "361.96600", "2011-12-31": "262.81310", "2010-12-31": "203.43890", "2009-12-31": "157.28710", "2008-12-31": "249.57300", "2007-12-31": "234.44100", "2006-12-31": "162.32800", "2005-12-31": "143.90500"}, "EBIT": {"2019-12-31": "375.89990", "2018-12-31": "320.70000", "2017-12-31": "235.70000", "2016-12-31": "180.40010", "2015-12-31": "154.39990", "2014-12-31": "260.80000", "2013-12-31": "251.70010", "2012-12-31": "212.56800", "2011-12-31": "156.40210", "2010-12-31": "127.60190", "2009-12-31": "85.82010", "2008-12-31": "185.46000", "2007-12-31": "178.26700", "2006-12-31": "135.36600", "2005-12-31": "124.94400"}, "Basic Shares Outstanding": {"2019-12-31": "250.80000", "2018-12-31": "250.00000", "2017-12-31": "252.10000", "2016-12-31": "250.50000", "2015-12-31": "255.80000", "2014-12-31": "260.10000", "2013-12-31": "256.60000", "2012-12-31": "251.13200", "2011-12-31": "245.45000", "2010-12-31": "240.70400", "2009-12-31": "239.62800", "2008-12-31": "241.42800", "2007-12-31": "238.56000", "2006-12-31": "220.08800", "2005-12-31": "212.86400"}, "Shares Outstanding": {"2019-12-31": "252.90000", "2018-12-31": "253.40000", "2017-12-31": "256.70000", "2016-12-31": "253.90000", "2015-12-31": "258.50000", "2014-12-31": "264.50000", "2013-12-31": "261.20000", "2012-12-31": "256.77400", "2011-12-31": "252.26600", "2010-12-31": "247.59600", "2009-12-31": "244.41600", "2008-12-31": "248.47000", "2007-12-31": "248.82000", "2006-12-31": "232.14400", "2005-12-31": "227.27600"}, "Basic EPS": {"2019-12-31": "2.05000", "2018-12-31": "1.13000", "2017-12-31": "0.47000", "2016-12-31": "0.53000", "2015-12-31": "0.47000", "2014-12-31": "0.82000", "2013-12-31": "0.85000", "2012-12-31": "0.76000", "2011-12-31": "0.61000", "2010-12-31": "0.43000", "2009-12-31": "0.26500", "2008-12-31": "0.58500", "2007-12-31": "0.49000", "2006-12-31": "0.47000", "2005-12-31": "0.40000"}, "EPS - Earnings Per Share": {"2019-12-31": "2.03000", "2018-12-31": "1.12000", "2017-12-31": "0.46000", "2016-12-31": "0.52000", "2015-12-31": "0.47000", "2014-12-31": "0.81000", "2013-12-31": "0.84000", "2012-12-31": "0.74000", "2011-12-31": "0.60000", "2010-12-31": "0.42000", "2009-12-31": "0.26000", "2008-12-31": "0.57000", "2007-12-31": "0.47000", "2006-12-31": "0.44500", "2005-12-31": "0.37500"}}, "income statement, quarterly": {"Revenue": {"2020-09-30": "792.10000", "2020-06-30": "733.60000", "2020-03-31": "792.30000", "2019-12-31": "823.99990", "2019-09-30": "783.90000", "2019-06-30": "854.80000", "2019-03-31": "801.60000", "2018-12-31": "785.49990", "2018-09-30": "795.20000", "2018-06-30": "785.50000", "2018-03-31": "742.20000", "2017-12-31": "699.80000", "2017-09-30": "676.20000", "2017-06-30": "659.90000", "2017-03-31": "610.60000", "2016-12-31": "585.40010", "2016-09-30": "584.10000", "2016-06-30": "609.60000", "2016-03-31": "583.00000", "2015-12-31": "559.69980", "2015-09-30": "562.30000", "2015-06-30": "585.80000", "2015-03-31": "582.60000", "2014-12-31": "563.80000", "2014-09-30": "584.80000", "2014-06-30": "642.20000", "2014-03-31": "604.70000", "2013-12-31": "599.19420", "2013-09-30": "556.50200", "2013-06-30": "576.29300", "2013-03-31": "556.11100", "2012-12-31": "515.52310", "2012-09-30": "504.76300", "2012-06-30": "517.56000", "2012-03-31": "502.26700", "2011-12-31": "435.17000", "2011-09-30": "417.43300", "2011-06-30": "407.16900", "2011-03-31": "384.29300", "2010-12-31": "323.34900", "2010-09-30": "318.21000", "2010-06-30": "333.36300", "2010-03-31": "319.01500", "2009-12-31": "277.52900", "2009-09-30": "269.71300", "2009-06-30": "290.06300", "2009-03-31": "288.95400", "2008-12-31": "268.08400", "2008-09-30": "328.08700", "2008-06-30": "377.76700", "2008-03-31": "355.29600", "2007-12-31": "312.78300", "2007-09-30": "296.02300", "2007-06-30": "327.73200", "2007-03-31": "285.73200", "2006-12-31": "234.11900", "2006-09-30": "234.85100", "2006-06-30": "245.32600", "2006-03-31": "225.85400", "2005-12-31": "186.82100", "2005-09-30": "188.48400", "2005-06-30": "204.22500", "2005-03-31": "195.38300"}, "Cost Of Goods Sold": {"2020-09-30": "352.40000", "2020-06-30": "327.90000", "2020-03-31": "351.30000", "2019-12-31": "364.00000", "2019-09-30": "361.90000", "2019-06-30": "394.20000", "2019-03-31": "363.30000", "2018-12-31": "350.30000", "2018-09-30": "368.30000", "2018-06-30": "362.80000", "2018-03-31": "346.00000", "2017-12-31": "340.30000", "2017-09-30": "325.00000", "2017-06-30": "317.30000", "2017-03-31": "286.30000", "2016-12-31": "276.10000", "2016-09-30": "275.10000", "2016-06-30": "294.00000", "2016-03-31": "282.40000", "2015-12-31": "266.60000", "2015-09-30": "264.30000", "2015-06-30": "281.90000", "2015-03-31": "275.40000", "2014-12-31": "271.30000", "2014-09-30": "268.00000", "2014-06-30": "287.60000", "2014-03-31": "277.80000", "2013-12-31": "279.76210", "2013-09-30": "261.44900", "2013-06-30": "273.89200", "2013-03-31": "269.19700", "2012-12-31": "259.05990", "2012-09-30": "241.89500", "2012-06-30": "249.86400", "2012-03-31": "243.11700", "2011-12-31": "217.41200", "2011-09-30": "205.87400", "2011-06-30": "198.43500", "2011-03-31": "192.76300", "2010-12-31": "160.01900", "2010-09-30": "158.46200", "2010-06-30": "169.93700", "2010-03-31": "160.01800", "2009-12-31": "146.87700", "2009-09-30": "137.25500", "2009-06-30": "147.26300", "2009-03-31": "144.99600", "2008-12-31": "146.04600", "2008-09-30": "162.46400", "2008-06-30": "190.66800", "2008-03-31": "180.92000", "2007-12-31": "157.11700", "2007-09-30": "149.08300", "2007-06-30": "160.56300", "2007-03-31": "142.60200", "2006-12-31": "118.34800", "2006-09-30": "118.66000", "2006-06-30": "123.67000", "2006-03-31": "118.39100", "2005-12-31": "94.52200", "2005-09-30": "91.19200", "2005-06-30": "101.81800", "2005-03-31": "97.57600"}, "Gross Profit": {"2020-09-30": "439.70000", "2020-06-30": "405.70000", "2020-03-31": "441.00000", "2019-12-31": "459.99990", "2019-09-30": "422.00000", "2019-06-30": "460.60000", "2019-03-31": "438.30000", "2018-12-31": "435.20000", "2018-09-30": "426.90000", "2018-06-30": "422.70000", "2018-03-31": "396.20000", "2017-12-31": "359.50000", "2017-09-30": "351.20000", "2017-06-30": "342.60000", "2017-03-31": "324.30000", "2016-12-31": "309.30020", "2016-09-30": "309.00000", "2016-06-30": "315.60000", "2016-03-31": "300.60000", "2015-12-31": "293.09980", "2015-09-30": "298.00000", "2015-06-30": "303.90000", "2015-03-31": "307.20000", "2014-12-31": "292.50000", "2014-09-30": "316.80000", "2014-06-30": "354.60000", "2014-03-31": "326.90000", "2013-12-31": "319.43210", "2013-09-30": "295.05300", "2013-06-30": "302.40100", "2013-03-31": "286.91400", "2012-12-31": "256.46310", "2012-09-30": "262.86800", "2012-06-30": "267.69600", "2012-03-31": "259.15000", "2011-12-31": "217.75800", "2011-09-30": "211.55900", "2011-06-30": "208.73400", "2011-03-31": "191.53000", "2010-12-31": "163.33000", "2010-09-30": "159.74800", "2010-06-30": "163.42600", "2010-03-31": "158.99700", "2009-12-31": "130.65200", "2009-09-30": "132.45800", "2009-06-30": "142.80000", "2009-03-31": "143.95800", "2008-12-31": "122.03800", "2008-09-30": "165.62300", "2008-06-30": "187.09900", "2008-03-31": "174.37600", "2007-12-31": "155.66600", "2007-09-30": "146.94000", "2007-06-30": "167.16900", "2007-03-31": "143.13000", "2006-12-31": "115.77100", "2006-09-30": "116.19100", "2006-06-30": "121.65600", "2006-03-31": "107.46300", "2005-12-31": "92.29900", "2005-09-30": "97.29200", "2005-06-30": "102.40700", "2005-03-31": "97.80700"}, "Research And Development Expenses": {"2020-09-30": "117.90000", "2020-06-30": "114.00000", "2020-03-31": "118.20000", "2019-12-31": "119.60000", "2019-09-30": "112.30000", "2019-06-30": "119.60000", "2019-03-31": "118.20000", "2018-12-31": "112.60000", "2018-09-30": "114.10000", "2018-06-30": "110.10000", "2018-03-31": "109.30000", "2017-12-31": "98.10000", "2017-09-30": "92.60000", "2017-06-30": "90.80000", "2017-03-31": "88.70000", "2016-12-31": "83.00000", "2016-09-30": "86.90000", "2016-06-30": "92.00000", "2016-03-31": "87.70000", "2015-12-31": "85.40000", "2015-09-30": "79.60000", "2015-06-30": "84.50000", "2015-03-31": "87.20000", "2014-12-31": "80.80000", "2014-09-30": "79.00000", "2014-06-30": "81.80000", "2014-03-31": "76.40000", "2013-12-31": "77.61500", "2013-09-30": "71.62200", "2013-06-30": "76.55500", "2013-03-31": "73.60800", "2012-12-31": "70.73700", "2012-09-30": "61.18100", "2012-06-30": "64.30500", "2012-03-31": "60.23500", "2011-12-31": "57.55500", "2011-09-30": "49.92800", "2011-06-30": "46.29200", "2011-03-31": "43.23200", "2010-12-31": "40.75000", "2010-09-30": "36.89700", "2010-06-30": "36.55200", "2010-03-31": "35.89000", "2009-12-31": "35.79500", "2009-09-30": "33.25000", "2009-06-30": "33.45700", "2009-03-31": "34.13700", "2008-12-31": "36.16700", "2008-09-30": "35.34800", "2008-06-30": "39.40500", "2008-03-31": "37.34500", "2007-12-31": "34.73100", "2007-09-30": "31.70700", "2007-06-30": "33.86700", "2007-03-31": "31.16300", "2006-12-31": "26.60700", "2006-09-30": "25.18000", "2006-06-30": "27.60700", "2006-03-31": "24.44600", "2005-12-31": "20.94400", "2005-09-30": "20.63900", "2005-06-30": "20.86500", "2005-03-31": "21.82800"}, "SG&A Expenses": {"2020-09-30": "191.00000", "2020-06-30": "172.40000", "2020-03-31": "204.70000", "2019-12-31": "219.00000", "2019-09-30": "196.90000", "2019-06-30": "208.70000", "2019-03-31": "210.20000", "2018-12-31": "212.40000", "2018-09-30": "211.30000", "2018-06-30": "202.20000", "2018-03-31": "203.70000", "2017-12-31": "188.90000", "2017-09-30": "174.00000", "2017-06-30": "175.20000", "2017-03-31": "163.70000", "2016-12-31": "154.90000", "2016-09-30": "147.80000", "2016-06-30": "163.00000", "2016-03-31": "165.00000", "2015-12-31": "156.00000", "2015-09-30": "152.30000", "2015-06-30": "160.40000", "2015-03-31": "161.20000", "2014-12-31": "115.70000", "2014-09-30": "207.20000", "2014-06-30": "157.00000", "2014-03-31": "154.80000", "2013-12-31": "152.18500", "2013-09-30": "139.15500", "2013-06-30": "138.06700", "2013-03-31": "135.59300", "2012-12-31": "136.80400", "2012-09-30": "122.20400", "2012-06-30": "127.57600", "2012-03-31": "122.91000", "2011-12-31": "115.10300", "2011-09-30": "114.75000", "2011-06-30": "100.64700", "2011-03-31": "94.67900", "2010-12-31": "94.48700", "2010-09-30": "82.86500", "2010-06-30": "77.81200", "2010-03-31": "78.31500", "2009-12-31": "73.66800", "2009-09-30": "70.25900", "2009-06-30": "71.78500", "2009-03-31": "74.97700", "2008-12-31": "68.53600", "2008-09-30": "70.73600", "2008-06-30": "77.19300", "2008-03-31": "73.84800", "2007-12-31": "76.91800", "2007-09-30": "66.53600", "2007-06-30": "71.82400", "2007-03-31": "63.78900", "2006-12-31": "58.73700", "2006-09-30": "52.88300", "2006-06-30": "51.95200", "2006-03-31": "48.46700", "2005-12-31": "45.76000", "2005-09-30": "42.76100", "2005-06-30": "40.62800", "2005-03-31": "43.20300"}, "Other Operating Income Or Expenses": {"2020-09-30": "", "2020-06-30": "", "2020-03-31": "", "2019-12-31": "", "2019-09-30": "", "2019-06-30": "", "2019-03-31": "", "2018-12-31": "", "2018-09-30": "", "2018-06-30": "", "2018-03-31": "", "2017-12-31": "", "2017-09-30": "", "2017-06-30": "", "2017-03-31": "", "2016-12-31": "", "2016-09-30": "", "2016-06-30": "", "2016-03-31": "", "2015-12-31": "", "2015-09-30": "", "2015-06-30": "", "2015-03-31": "", "2014-12-31": "", "2014-09-30": "", "2014-06-30": "", "2014-03-31": "", "2013-12-31": "", "2013-09-30": "", "2013-06-30": "", "2013-03-31": "", "2012-12-31": "", "2012-09-30": "", "2012-06-30": "", "2012-03-31": "", "2011-12-31": "", "2011-09-30": "", "2011-06-30": "", "2011-03-31": "", "2010-12-31": "", "2010-09-30": "", "2010-06-30": "", "2010-03-31": "", "2009-12-31": "", "2009-09-30": "", "2009-06-30": "", "2009-03-31": "", "2008-12-31": "", "2008-09-30": "", "2008-06-30": "", "2008-03-31": "", "2007-12-31": "", "2007-09-30": "", "2007-06-30": "", "2007-03-31": "", "2006-12-31": "", "2006-09-30": "", "2006-06-30": "", "2006-03-31": "", "2005-12-31": "", "2005-09-30": "", "2005-06-30": "", "2005-03-31": ""}, "Operating Expenses": {"2020-09-30": "690.10000", "2020-06-30": "636.00000", "2020-03-31": "694.00010", "2019-12-31": "735.80000", "2019-09-30": "692.20000", "2019-06-30": "745.10000", "2019-03-31": "715.30000", "2018-12-31": "695.89990", "2018-09-30": "717.80000", "2018-06-30": "696.00000", "2018-03-31": "678.00000", "2017-12-31": "644.10020", "2017-09-30": "609.90000", "2017-06-30": "600.90000", "2017-03-31": "555.90000", "2016-12-31": "530.69990", "2016-09-30": "528.80000", "2016-06-30": "569.10000", "2016-03-31": "553.10000", "2015-12-31": "526.79990", "2015-09-30": "516.30000", "2015-06-30": "549.80000", "2015-03-31": "543.10000", "2014-12-31": "487.00000", "2014-09-30": "573.70000", "2014-06-30": "545.00000", "2014-03-31": "529.00000", "2013-12-31": "531.88500", "2013-09-30": "493.47300", "2013-06-30": "511.38800", "2013-03-31": "499.65400", "2012-12-31": "485.19410", "2012-09-30": "441.29300", "2012-06-30": "458.63900", "2012-03-31": "442.41900", "2011-12-31": "406.45790", "2011-09-30": "384.98500", "2011-06-30": "355.60200", "2011-03-31": "340.61800", "2010-12-31": "304.09300", "2010-09-30": "286.54000", "2010-06-30": "292.80200", "2010-03-31": "282.90000", "2009-12-31": "264.85200", "2009-09-30": "249.54800", "2009-06-30": "261.33700", "2009-03-31": "264.70200", "2008-12-31": "257.64400", "2008-09-30": "274.03100", "2008-06-30": "314.84300", "2008-03-31": "297.25600", "2007-12-31": "273.52000", "2007-09-30": "252.23700", "2007-06-30": "271.78200", "2007-03-31": "246.46400", "2006-12-31": "206.81800", "2006-09-30": "198.52000", "2006-06-30": "206.65700", "2006-03-31": "192.78900", "2005-12-31": "163.84100", "2005-09-30": "155.45700", "2005-06-30": "165.48800", "2005-03-31": "165.18300"}, "Operating Income": {"2020-09-30": "102.00000", "2020-06-30": "97.60000", "2020-03-31": "98.29990", "2019-12-31": "88.19980", "2019-09-30": "91.70010", "2019-06-30": "109.70000", "2019-03-31": "86.29990", "2018-12-31": "89.60000", "2018-09-30": "77.40000", "2018-06-30": "89.50000", "2018-03-31": "64.20000", "2017-12-31": "55.69980", "2017-09-30": "66.30010", "2017-06-30": "59.00010", "2017-03-31": "54.70000", "2016-12-31": "54.70030", "2016-09-30": "55.30000", "2016-06-30": "40.50000", "2016-03-31": "29.90000", "2015-12-31": "32.89990", "2015-09-30": "46.00000", "2015-06-30": "36.00000", "2015-03-31": "39.50000", "2014-12-31": "76.80000", "2014-09-30": "11.10000", "2014-06-30": "97.20000", "2014-03-31": "75.70000", "2013-12-31": "67.30910", "2013-09-30": "63.02900", "2013-06-30": "64.90500", "2013-03-31": "56.45700", "2012-12-31": "30.32900", "2012-09-30": "63.47000", "2012-06-30": "58.92100", "2012-03-31": "59.84800", "2011-12-31": "28.71210", "2011-09-30": "32.44800", "2011-06-30": "51.56700", "2011-03-31": "43.67500", "2010-12-31": "19.25600", "2010-09-30": "31.67000", "2010-06-30": "40.56100", "2010-03-31": "36.11500", "2009-12-31": "12.67700", "2009-09-30": "20.16500", "2009-06-30": "28.72600", "2009-03-31": "24.25200", "2008-12-31": "10.44000", "2008-09-30": "54.05600", "2008-06-30": "62.92400", "2008-03-31": "58.04000", "2007-12-31": "39.26300", "2007-09-30": "43.78600", "2007-06-30": "55.95000", "2007-03-31": "39.26800", "2006-12-31": "27.30110", "2006-09-30": "36.33100", "2006-06-30": "38.66900", "2006-03-31": "33.06500", "2005-12-31": "22.98000", "2005-09-30": "33.02700", "2005-06-30": "38.73700", "2005-03-31": "30.20000"}, "Total Non-Operating Income/Expense": {"2020-09-30": "-5.60000", "2020-06-30": "-6.70000", "2020-03-31": "-18.90000", "2019-12-31": "-12.90000", "2019-09-30": "-12.80000", "2019-06-30": "5.70000", "2019-03-31": "-11.10000", "2018-12-31": "-21.60000", "2018-09-30": "-13.30000", "2018-06-30": "-10.30000", "2018-03-31": "2.50000", "2017-12-31": "-7.10000", "2017-09-30": "5.60000", "2017-06-30": "5.00000", "2017-03-31": "9.00000", "2016-12-31": "1.50000", "2016-09-30": "-3.10000", "2016-06-30": "-2.20000", "2016-03-31": "-0.50000", "2015-12-31": "-4.60000", "2015-09-30": "-2.50000", "2015-06-30": "-0.20000", "2015-03-31": "4.70000", "2014-12-31": "-5.20000", "2014-09-30": "-4.00000", "2014-06-30": "1.60000", "2014-03-31": "12.80000", "2013-12-31": "-0.98100", "2013-09-30": "0.48300", "2013-06-30": "3.78600", "2013-03-31": "-2.08800", "2012-12-31": "8.65500", "2012-09-30": "3.35200", "2012-06-30": "4.37000", "2012-03-31": "0.47900", "2011-12-31": "2.37800", "2011-09-30": "-2.56300", "2011-06-30": "8.63100", "2011-03-31": "2.60600", "2010-12-31": "3.00500", "2010-09-30": "6.65900", "2010-06-30": "0.28600", "2010-03-31": "3.53500", "2009-12-31": "0.00600", "2009-09-30": "1.39600", "2009-06-30": "1.05500", "2009-03-31": "-0.65600", "2008-12-31": "-1.47000", "2008-09-30": "1.56300", "2008-06-30": "4.11900", "2008-03-31": "1.77100", "2007-12-31": "1.27200", "2007-09-30": "1.08900", "2007-06-30": "0.27100", "2007-03-31": "2.85700", "2006-12-31": "4.73700", "2006-09-30": "2.65700", "2006-06-30": "2.52500", "2006-03-31": "2.80700", "2005-12-31": "8.68400", "2005-09-30": "-2.44600", "2005-06-30": "-2.61700", "2005-03-31": "-3.77700"}, "Pre-Tax Income": {"2020-09-30": "96.40000", "2020-06-30": "90.90000", "2020-03-31": "79.40000", "2019-12-31": "75.30000", "2019-09-30": "78.90000", "2019-06-30": "115.40000", "2019-03-31": "75.20000", "2018-12-31": "68.00000", "2018-09-30": "64.10000", "2018-06-30": "79.20000", "2018-03-31": "66.70000", "2017-12-31": "48.60000", "2017-09-30": "71.90000", "2017-06-30": "64.00000", "2017-03-31": "63.70000", "2016-12-31": "56.20000", "2016-09-30": "52.20000", "2016-06-30": "38.30000", "2016-03-31": "29.40000", "2015-12-31": "28.30000", "2015-09-30": "43.50000", "2015-06-30": "35.80000", "2015-03-31": "44.20000", "2014-12-31": "71.60000", "2014-09-30": "7.10000", "2014-06-30": "98.80000", "2014-03-31": "88.50000", "2013-12-31": "66.32800", "2013-09-30": "63.51200", "2013-06-30": "68.69100", "2013-03-31": "54.36900", "2012-12-31": "38.98400", "2012-09-30": "66.82200", "2012-06-30": "63.29100", "2012-03-31": "60.32700", "2011-12-31": "31.09000", "2011-09-30": "29.88500", "2011-06-30": "60.19800", "2011-03-31": "46.28100", "2010-12-31": "22.26100", "2010-09-30": "38.32900", "2010-06-30": "40.84700", "2010-03-31": "39.65000", "2009-12-31": "12.68300", "2009-09-30": "21.56100", "2009-06-30": "29.78100", "2009-03-31": "23.59600", "2008-12-31": "8.97000", "2008-09-30": "55.61900", "2008-06-30": "67.04300", "2008-03-31": "59.81100", "2007-12-31": "40.53500", "2007-09-30": "44.87500", "2007-06-30": "56.22100", "2007-03-31": "42.12500", "2006-12-31": "32.03800", "2006-09-30": "38.98800", "2006-06-30": "41.19400", "2006-03-31": "35.87200", "2005-12-31": "31.66400", "2005-09-30": "30.58100", "2005-06-30": "36.12000", "2005-03-31": "26.42300"}, "Income Taxes": {"2020-09-30": "11.60000", "2020-06-30": "27.70000", "2020-03-31": "17.50000", "2019-12-31": "-204.10000", "2019-09-30": "0.80000", "2019-06-30": "20.80000", "2019-03-31": "12.80000", "2018-12-31": "-18.80000", "2018-09-30": "-9.60000", "2018-06-30": "15.10000", "2018-03-31": "8.00000", "2017-12-31": "84.40000", "2017-09-30": "14.70000", "2017-06-30": "16.70000", "2017-03-31": "13.90000", "2016-12-31": "18.50000", "2016-09-30": "13.00000", "2016-06-30": "2.70000", "2016-03-31": "9.70000", "2015-12-31": "4.40000", "2015-09-30": "6.50000", "2015-06-30": "10.00000", "2015-03-31": "10.20000", "2014-12-31": "15.70000", "2014-09-30": "-4.70000", "2014-06-30": "20.70000", "2014-03-31": "20.40000", "2013-12-31": "6.63300", "2013-09-30": "8.89200", "2013-06-30": "13.73800", "2013-03-31": "5.43700", "2012-12-31": "6.30500", "2012-09-30": "13.02200", "2012-06-30": "10.12600", "2012-03-31": "10.25500", "2011-12-31": "2.42700", "2011-09-30": "2.68900", "2011-06-30": "6.02000", "2011-03-31": "7.40900", "2010-12-31": "-13.58700", "2010-09-30": "5.48700", "2010-06-30": "34.07600", "2010-03-31": "11.49800", "2009-12-31": "3.41400", "2009-09-30": "5.71400", "2009-06-30": "8.63100", "2009-03-31": "5.89900", "2008-12-31": "-4.27000", "2008-09-30": "16.55200", "2008-06-30": "18.44400", "2008-03-31": "19.74400", "2007-12-31": "14.24400", "2007-09-30": "17.50100", "2007-06-30": "21.19500", "2007-03-31": "13.44200", "2006-12-31": "8.05300", "2006-09-30": "13.64600", "2006-06-30": "12.69100", "2006-03-31": "10.04400", "2005-12-31": "8.27100", "2005-09-30": "10.34500", "2005-06-30": "12.33300", "2005-03-31": "8.98400"}, "Income After Taxes": {"2020-09-30": "84.80000", "2020-06-30": "63.20000", "2020-03-31": "61.90000", "2019-12-31": "279.40000", "2019-09-30": "78.10000", "2019-06-30": "94.60000", "2019-03-31": "62.40000", "2018-12-31": "86.80000", "2018-09-30": "73.70000", "2018-06-30": "64.10000", "2018-03-31": "58.70000", "2017-12-31": "-35.80000", "2017-09-30": "57.20000", "2017-06-30": "47.30000", "2017-03-31": "49.80000", "2016-12-31": "37.70000", "2016-09-30": "39.20000", "2016-06-30": "35.60000", "2016-03-31": "19.70000", "2015-12-31": "23.90000", "2015-09-30": "37.00000", "2015-06-30": "25.80000", "2015-03-31": "34.00000", "2014-12-31": "55.90000", "2014-09-30": "11.80000", "2014-06-30": "78.10000", "2014-03-31": "68.10000", "2013-12-31": "59.69500", "2013-09-30": "54.62000", "2013-06-30": "54.95300", "2013-03-31": "48.93200", "2012-12-31": "32.67900", "2012-09-30": "53.80000", "2012-06-30": "53.16500", "2012-03-31": "50.07200", "2011-12-31": "28.66300", "2011-09-30": "27.19600", "2011-06-30": "54.17800", "2011-03-31": "38.87200", "2010-12-31": "35.84800", "2010-09-30": "32.84200", "2010-06-30": "6.77100", "2010-03-31": "28.15200", "2009-12-31": "9.26900", "2009-09-30": "15.84700", "2009-06-30": "21.15000", "2009-03-31": "17.69700", "2008-12-31": "13.24000", "2008-09-30": "39.06700", "2008-06-30": "48.59900", "2008-03-31": "40.06700", "2007-12-31": "26.29100", "2007-09-30": "27.37400", "2007-06-30": "35.02600", "2007-03-31": "28.68300", "2006-12-31": "23.98500", "2006-09-30": "25.34200", "2006-06-30": "28.50300", "2006-03-31": "25.82800", "2005-12-31": "23.39300", "2005-09-30": "20.23600", "2005-06-30": "23.78700", "2005-03-31": "17.43900"}, "Other Income": {"2020-09-30": "", "2020-06-30": "", "2020-03-31": "", "2019-12-31": "", "2019-09-30": "", "2019-06-30": "", "2019-03-31": "", "2018-12-31": "", "2018-09-30": "", "2018-06-30": "", "2018-03-31": "", "2017-12-31": "", "2017-09-30": "", "2017-06-30": "", "2017-03-31": "", "2016-12-31": "", "2016-09-30": "", "2016-06-30": "", "2016-03-31": "", "2015-12-31": "", "2015-09-30": "", "2015-06-30": "", "2015-03-31": "", "2014-12-31": "", "2014-09-30": "", "2014-06-30": "", "2014-03-31": "", "2013-12-31": "", "2013-09-30": "", "2013-06-30": "", "2013-03-31": "", "2012-12-31": "", "2012-09-30": "", "2012-06-30": "", "2012-03-31": "", "2011-12-31": "", "2011-09-30": "", "2011-06-30": "", "2011-03-31": "", "2010-12-31": "", "2010-09-30": "", "2010-06-30": "", "2010-03-31": "", "2009-12-31": "", "2009-09-30": "", "2009-06-30": "", "2009-03-31": "", "2008-12-31": "", "2008-09-30": "", "2008-06-30": "", "2008-03-31": "", "2007-12-31": "", "2007-09-30": "", "2007-06-30": "", "2007-03-31": "", "2006-12-31": "", "2006-09-30": "", "2006-06-30": "", "2006-03-31": "", "2005-12-31": "", "2005-09-30": "", "2005-06-30": "", "2005-03-31": ""}, "Income From Continuous Operations": {"2020-09-30": "84.80000", "2020-06-30": "63.20000", "2020-03-31": "61.90000", "2019-12-31": "279.40000", "2019-09-30": "78.10000", "2019-06-30": "94.60000", "2019-03-31": "62.40000", "2018-12-31": "86.80000", "2018-09-30": "73.70000", "2018-06-30": "64.10000", "2018-03-31": "58.70000", "2017-12-31": "-35.80000", "2017-09-30": "57.20000", "2017-06-30": "47.30000", "2017-03-31": "49.80000", "2016-12-31": "37.70000", "2016-09-30": "39.20000", "2016-06-30": "35.60000", "2016-03-31": "19.70000", "2015-12-31": "23.90000", "2015-09-30": "37.00000", "2015-06-30": "25.80000", "2015-03-31": "34.00000", "2014-12-31": "55.90000", "2014-09-30": "11.80000", "2014-06-30": "78.10000", "2014-03-31": "68.10000", "2013-12-31": "59.69500", "2013-09-30": "54.62000", "2013-06-30": "54.95300", "2013-03-31": "48.93200", "2012-12-31": "32.67900", "2012-09-30": "53.80000", "2012-06-30": "53.16500", "2012-03-31": "50.07200", "2011-12-31": "28.66300", "2011-09-30": "27.19600", "2011-06-30": "54.17800", "2011-03-31": "38.87200", "2010-12-31": "35.84800", "2010-09-30": "32.84200", "2010-06-30": "6.77100", "2010-03-31": "28.15200", "2009-12-31": "9.26900", "2009-09-30": "15.84700", "2009-06-30": "21.15000", "2009-03-31": "17.69700", "2008-12-31": "13.24000", "2008-09-30": "39.06700", "2008-06-30": "48.59900", "2008-03-31": "40.06700", "2007-12-31": "26.29100", "2007-09-30": "27.37400", "2007-06-30": "35.02600", "2007-03-31": "28.68300", "2006-12-31": "23.98500", "2006-09-30": "25.34200", "2006-06-30": "28.50300", "2006-03-31": "25.82800", "2005-12-31": "23.39300", "2005-09-30": "20.23600", "2005-06-30": "23.78700", "2005-03-31": "17.43900"}, "Income From Discontinued Operations": {"2020-09-30": "", "2020-06-30": "", "2020-03-31": "", "2019-12-31": "", "2019-09-30": "", "2019-06-30": "", "2019-03-31": "", "2018-12-31": "", "2018-09-30": "", "2018-06-30": "", "2018-03-31": "", "2017-12-31": "", "2017-09-30": "", "2017-06-30": "", "2017-03-31": "", "2016-12-31": "", "2016-09-30": "", "2016-06-30": "", "2016-03-31": "", "2015-12-31": "", "2015-09-30": "", "2015-06-30": "", "2015-03-31": "", "2014-12-31": "", "2014-09-30": "", "2014-06-30": "", "2014-03-31": "", "2013-12-31": "", "2013-09-30": "", "2013-06-30": "", "2013-03-31": "", "2012-12-31": "", "2012-09-30": "", "2012-06-30": "", "2012-03-31": "", "2011-12-31": "", "2011-09-30": "", "2011-06-30": "", "2011-03-31": "", "2010-12-31": "", "2010-09-30": "", "2010-06-30": "", "2010-03-31": "", "2009-12-31": "", "2009-09-30": "", "2009-06-30": "", "2009-03-31": "", "2008-12-31": "", "2008-09-30": "", "2008-06-30": "", "2008-03-31": "", "2007-12-31": "", "2007-09-30": "", "2007-06-30": "", "2007-03-31": "", "2006-12-31": "", "2006-09-30": "", "2006-06-30": "", "2006-03-31": "", "2005-12-31": "", "2005-09-30": "", "2005-06-30": "", "2005-03-31": ""}, "Net Income": {"2020-09-30": "84.70000", "2020-06-30": "63.00000", "2020-03-31": "61.90000", "2019-12-31": "279.30000", "2019-09-30": "78.10000", "2019-06-30": "94.60000", "2019-03-31": "62.30000", "2018-12-31": "86.50000", "2018-09-30": "73.70000", "2018-06-30": "64.10000", "2018-03-31": "58.50000", "2017-12-31": "-35.90000", "2017-09-30": "57.20000", "2017-06-30": "47.30000", "2017-03-31": "49.80000", "2016-12-31": "37.70000", "2016-09-30": "39.20000", "2016-06-30": "35.70000", "2016-03-31": "19.80000", "2015-12-31": "24.00000", "2015-09-30": "37.10000", "2015-06-30": "25.90000", "2015-03-31": "34.10000", "2014-12-31": "55.80000", "2014-09-30": "11.80000", "2014-06-30": "77.90000", "2014-03-31": "68.60000", "2013-12-31": "60.04200", "2013-09-30": "54.46900", "2013-06-30": "54.58100", "2013-03-31": "49.80800", "2012-12-31": "33.18600", "2012-09-30": "53.36400", "2012-06-30": "53.69200", "2012-03-31": "50.81800", "2011-12-31": "29.40300", "2011-09-30": "27.97100", "2011-06-30": "53.67800", "2011-03-31": "39.70300", "2010-12-31": "36.56400", "2010-09-30": "32.84500", "2010-06-30": "6.35300", "2010-03-31": "27.89800", "2009-12-31": "9.54700", "2009-09-30": "15.57700", "2009-06-30": "20.85700", "2009-03-31": "17.46500", "2008-12-31": "13.73900", "2008-09-30": "39.06700", "2008-06-30": "48.59900", "2008-03-31": "40.06700", "2007-12-31": "26.29100", "2007-09-30": "27.37400", "2007-06-30": "35.02600", "2007-03-31": "28.68300", "2006-12-31": "23.98500", "2006-09-30": "25.34200", "2006-06-30": "28.50300", "2006-03-31": "25.82800", "2005-12-31": "23.39300", "2005-09-30": "20.23600", "2005-06-30": "23.78700", "2005-03-31": "17.43900"}, "EBITDA": {"2020-09-30": "151.90000", "2020-06-30": "147.10000", "2020-03-31": "148.49990", "2019-12-31": "137.09980", "2019-09-30": "141.90010", "2019-06-30": "163.30000", "2019-03-31": "140.79990", "2018-12-31": "145.70010", "2018-09-30": "136.20000", "2018-06-30": "140.80000", "2018-03-31": "113.20000", "2017-12-31": "103.59980", "2017-09-30": "115.00000", "2017-06-30": "103.60010", "2017-03-31": "96.90000", "2016-12-31": "97.40030", "2016-09-30": "101.70000", "2016-06-30": "89.80000", "2016-03-31": "79.30000", "2015-12-31": "82.79990", "2015-09-30": "95.80000", "2015-06-30": "86.00000", "2015-03-31": "88.90000", "2014-12-31": "126.50000", "2014-09-30": "59.00000", "2014-06-30": "143.10000", "2014-03-31": "123.80000", "2013-12-31": "116.46610", "2013-09-30": "111.42300", "2013-06-30": "111.32900", "2013-03-31": "101.98200", "2012-12-31": "73.50200", "2012-09-30": "100.52000", "2012-06-30": "93.73700", "2012-03-31": "94.20700", "2011-12-31": "63.69310", "2011-09-30": "62.06200", "2011-06-30": "72.71500", "2011-03-31": "64.34300", "2010-12-31": "39.61800", "2010-09-30": "50.67600", "2010-06-30": "58.76200", "2010-03-31": "54.38300", "2009-12-31": "31.23500", "2009-09-30": "38.65500", "2009-06-30": "46.38400", "2009-03-31": "41.01310", "2008-12-31": "27.09800", "2008-09-30": "70.31300", "2008-06-30": "78.64700", "2008-03-31": "73.51500", "2007-12-31": "53.92700", "2007-09-30": "58.37100", "2007-06-30": "70.81100", "2007-03-31": "51.33200", "2006-12-31": "35.10710", "2006-09-30": "42.76300", "2006-06-30": "45.90900", "2006-03-31": "38.54900", "2005-12-31": "27.36700", "2005-09-30": "37.91900", "2005-06-30": "43.56800", "2005-03-31": "35.05100"}, "EBIT": {"2020-09-30": "102.00000", "2020-06-30": "97.60000", "2020-03-31": "98.29990", "2019-12-31": "88.20000", "2019-09-30": "91.70010", "2019-06-30": "109.70000", "2019-03-31": "86.29990", "2018-12-31": "89.60000", "2018-09-30": "77.40000", "2018-06-30": "89.50000", "2018-03-31": "64.20000", "2017-12-31": "55.69990", "2017-09-30": "66.30010", "2017-06-30": "59.00010", "2017-03-31": "54.70000", "2016-12-31": "54.70020", "2016-09-30": "55.30000", "2016-06-30": "40.50000", "2016-03-31": "29.90000", "2015-12-31": "32.89990", "2015-09-30": "46.00000", "2015-06-30": "36.00000", "2015-03-31": "39.50000", "2014-12-31": "76.80010", "2014-09-30": "11.10000", "2014-06-30": "97.20000", "2014-03-31": "75.70000", "2013-12-31": "67.30910", "2013-09-30": "63.02900", "2013-06-30": "64.90500", "2013-03-31": "56.45700", "2012-12-31": "30.32900", "2012-09-30": "63.47000", "2012-06-30": "58.92100", "2012-03-31": "59.84800", "2011-12-31": "28.71210", "2011-09-30": "32.44800", "2011-06-30": "51.56700", "2011-03-31": "43.67500", "2010-12-31": "19.25600", "2010-09-30": "31.67000", "2010-06-30": "40.56100", "2010-03-31": "36.11500", "2009-12-31": "12.67700", "2009-09-30": "20.16500", "2009-06-30": "28.72600", "2009-03-31": "24.25200", "2008-12-31": "10.44000", "2008-09-30": "54.05600", "2008-06-30": "62.92400", "2008-03-31": "58.04000", "2007-12-31": "39.26300", "2007-09-30": "43.78600", "2007-06-30": "55.95000", "2007-03-31": "39.26800", "2006-12-31": "27.30100", "2006-09-30": "36.33100", "2006-06-30": "38.66900", "2006-03-31": "33.06500", "2005-12-31": "22.98000", "2005-09-30": "33.02700", "2005-06-30": "38.73700", "2005-03-31": "30.20000"}, "Basic Shares Outstanding": {"2020-09-30": "250.70000", "2020-06-30": "250.00000", "2020-03-31": "249.90000", "2019-12-31": "250.80000", "2019-09-30": "250.40000", "2019-06-30": "251.70000", "2019-03-31": "251.50000", "2018-12-31": "250.00000", "2018-09-30": "250.50000", "2018-06-30": "249.50000", "2018-03-31": "248.80000", "2017-12-31": "252.10000", "2017-09-30": "252.60000", "2017-06-30": "253.00000", "2017-03-31": "252.00000", "2016-12-31": "250.50000", "2016-09-30": "249.70000", "2016-06-30": "250.50000", "2016-03-31": "251.00000", "2015-12-31": "255.80000", "2015-09-30": "254.80000", "2015-06-30": "258.40000", "2015-03-31": "259.40000", "2014-12-31": "260.10000", "2014-09-30": "260.30000", "2014-06-30": "261.10000", "2014-03-31": "259.80000", "2013-12-31": "256.60000", "2013-09-30": "257.03700", "2013-06-30": "256.18600", "2013-03-31": "255.18100", "2012-12-31": "251.13200", "2012-09-30": "251.74200", "2012-06-30": "250.73200", "2012-03-31": "248.74000", "2011-12-31": "245.45000", "2011-09-30": "245.93800", "2011-06-30": "245.33400", "2011-03-31": "243.63800", "2010-12-31": "240.70400", "2010-09-30": "238.94800", "2010-06-30": "241.30800", "2010-03-31": "241.52000", "2009-12-31": "239.62800", "2009-09-30": "240.09400", "2009-06-30": "239.10200", "2009-03-31": "238.52000", "2008-12-31": "241.42800", "2008-09-30": "241.20600", "2008-06-30": "243.04600", "2008-03-31": "242.93400", "2007-12-31": "238.56000", "2007-09-30": "241.18200", "2007-06-30": "239.24200", "2007-03-31": "230.89800", "2006-12-31": "220.08800", "2006-09-30": "221.35600", "2006-06-30": "219.38800", "2006-03-31": "216.96800", "2005-12-31": "212.86400", "2005-09-30": "214.36800", "2005-06-30": "211.83600", "2005-03-31": "210.00000"}, "Shares Outstanding": {"2020-09-30": "252.80000", "2020-06-30": "251.20000", "2020-03-31": "251.70000", "2019-12-31": "252.90000", "2019-09-30": "252.10000", "2019-06-30": "254.00000", "2019-03-31": "254.00000", "2018-12-31": "253.40000", "2018-09-30": "253.60000", "2018-06-30": "252.20000", "2018-03-31": "253.20000", "2017-12-31": "256.70000", "2017-09-30": "257.90000", "2017-06-30": "257.10000", "2017-03-31": "255.90000", "2016-12-31": "253.90000", "2016-09-30": "253.20000", "2016-06-30": "253.70000", "2016-03-31": "254.00000", "2015-12-31": "258.50000", "2015-09-30": "257.20000", "2015-06-30": "261.40000", "2015-03-31": "262.40000", "2014-12-31": "264.50000", "2014-09-30": "264.40000", "2014-06-30": "266.00000", "2014-03-31": "264.80000", "2013-12-31": "261.20000", "2013-09-30": "261.13700", "2013-06-30": "260.53300", "2013-03-31": "260.29900", "2012-12-31": "256.77400", "2012-09-30": "256.75800", "2012-06-30": "256.58600", "2012-03-31": "255.52000", "2011-12-31": "252.26600", "2011-09-30": "251.78800", "2011-06-30": "252.38400", "2011-03-31": "251.71200", "2010-12-31": "247.59600", "2010-09-30": "245.73800", "2010-06-30": "248.19800", "2010-03-31": "247.65800", "2009-12-31": "244.41600", "2009-09-30": "245.70800", "2009-06-30": "243.79400", "2009-03-31": "241.85200", "2008-12-31": "248.47000", "2008-09-30": "248.84600", "2008-06-30": "251.42400", "2008-03-31": "250.31800", "2007-12-31": "248.82000", "2007-09-30": "251.37400", "2007-06-30": "249.16800", "2007-03-31": "241.79200", "2006-12-31": "232.14400", "2006-09-30": "233.97200", "2006-06-30": "232.51200", "2006-03-31": "231.43600", "2005-12-31": "227.27600", "2005-09-30": "229.96800", "2005-06-30": "228.22800", "2005-03-31": "225.48400"}, "Basic EPS": {"2020-09-30": "0.34000", "2020-06-30": "0.25000", "2020-03-31": "0.25000", "2019-12-31": "1.11000", "2019-09-30": "0.31000", "2019-06-30": "0.38000", "2019-03-31": "0.25000", "2018-12-31": "0.34000", "2018-09-30": "0.29000", "2018-06-30": "0.26000", "2018-03-31": "0.24000", "2017-12-31": "-0.15000", "2017-09-30": "0.23000", "2017-06-30": "0.19000", "2017-03-31": "0.20000", "2016-12-31": "0.15000", "2016-09-30": "0.16000", "2016-06-30": "0.14000", "2016-03-31": "0.08000", "2015-12-31": "0.09000", "2015-09-30": "0.15000", "2015-06-30": "0.10000", "2015-03-31": "0.13000", "2014-12-31": "0.21000", "2014-09-30": "0.05000", "2014-06-30": "0.30000", "2014-03-31": "0.26000", "2013-12-31": "0.23000", "2013-09-30": "0.21000", "2013-06-30": "0.21000", "2013-03-31": "0.20000", "2012-12-31": "0.14000", "2012-09-30": "0.21000", "2012-06-30": "0.21000", "2012-03-31": "0.20000", "2011-12-31": "0.11000", "2011-09-30": "0.11500", "2011-06-30": "0.22000", "2011-03-31": "0.16500", "2010-12-31": "0.15500", "2010-09-30": "0.13500", "2010-06-30": "0.02500", "2010-03-31": "0.11500", "2009-12-31": "0.04000", "2009-09-30": "0.06500", "2009-06-30": "0.08500", "2009-03-31": "0.07500", "2008-12-31": "0.06000", "2008-09-30": "0.16000", "2008-06-30": "0.20000", "2008-03-31": "0.16500", "2007-12-31": "0.10500", "2007-09-30": "0.11500", "2007-06-30": "0.14500", "2007-03-31": "0.12500", "2006-12-31": "0.10500", "2006-09-30": "0.11500", "2006-06-30": "0.13000", "2006-03-31": "0.12000", "2005-12-31": "0.11000", "2005-09-30": "0.09500", "2005-06-30": "0.11250", "2005-03-31": "0.08250"}, "EPS - Earnings Per Share": {"2020-09-30": "0.34000", "2020-06-30": "0.25000", "2020-03-31": "0.25000", "2019-12-31": "1.10000", "2019-09-30": "0.31000", "2019-06-30": "0.37000", "2019-03-31": "0.25000", "2018-12-31": "0.35000", "2018-09-30": "0.29000", "2018-06-30": "0.25000", "2018-03-31": "0.23000", "2017-12-31": "-0.13000", "2017-09-30": "0.22000", "2017-06-30": "0.18000", "2017-03-31": "0.19000", "2016-12-31": "0.15000", "2016-09-30": "0.15000", "2016-06-30": "0.14000", "2016-03-31": "0.08000", "2015-12-31": "0.10000", "2015-09-30": "0.14000", "2015-06-30": "0.10000", "2015-03-31": "0.13000", "2014-12-31": "0.22000", "2014-09-30": "0.04000", "2014-06-30": "0.29000", "2014-03-31": "0.26000", "2013-12-31": "0.23000", "2013-09-30": "0.21000", "2013-06-30": "0.21000", "2013-03-31": "0.19000", "2012-12-31": "0.12000", "2012-09-30": "0.21000", "2012-06-30": "0.21000", "2012-03-31": "0.20000", "2011-12-31": "0.11500", "2011-09-30": "0.11000", "2011-06-30": "0.21500", "2011-03-31": "0.16000", "2010-12-31": "0.14500", "2010-09-30": "0.13500", "2010-06-30": "0.02500", "2010-03-31": "0.11500", "2009-12-31": "0.04000", "2009-09-30": "0.06500", "2009-06-30": "0.08500", "2009-03-31": "0.07000", "2008-12-31": "0.06000", "2008-09-30": "0.15500", "2008-06-30": "0.19500", "2008-03-31": "0.16000", "2007-12-31": "0.10000", "2007-09-30": "0.11000", "2007-06-30": "0.14000", "2007-03-31": "0.12000", "2006-12-31": "0.09500", "2006-09-30": "0.11000", "2006-06-30": "0.12500", "2006-03-31": "0.11500", "2005-12-31": "0.10500", "2005-09-30": "0.08750", "2005-06-30": "0.10500", "2005-03-31": "0.07750"}}, "balance sheet": {"Cash On Hand": {"2019-12-31": "189.20000", "2018-12-31": "172.50000", "2017-12-31": "537.40000", "2016-12-31": "327.20000", "2015-12-31": "116.00000", "2014-12-31": "148.00000", "2013-12-31": "147.22700", "2012-12-31": "157.77100", "2011-12-31": "154.62100", "2010-12-31": "220.78800", "2009-12-31": "273.84800", "2008-12-31": "147.53100", "2007-12-31": "103.20200", "2006-12-31": "129.62100", "2005-12-31": "73.85300"}, "Receivables": {"2019-12-31": "608.20000", "2018-12-31": "512.60000", "2017-12-31": "470.50000", "2016-12-31": "390.20000", "2015-12-31": "376.80000", "2014-12-31": "391.50000", "2013-12-31": "361.07500", "2012-12-31": "340.80400", "2011-12-31": "282.30400", "2010-12-31": "243.88900", "2009-12-31": "214.14900", "2008-12-31": "221.80900", "2007-12-31": "250.08500", "2006-12-31": "183.06800", "2005-12-31": "151.58900"}, "Inventory": {"2019-12-31": "312.10000", "2018-12-31": "298.00000", "2017-12-31": "264.60000", "2016-12-31": "218.80000", "2015-12-31": "261.10000", "2014-12-31": "278.10000", "2013-12-31": "254.31100", "2012-12-31": "240.52900", "2011-12-31": "232.06300", "2010-12-31": "192.85200", "2009-12-31": "144.01200", "2008-12-31": "160.89300", "2007-12-31": "143.01800", "2006-12-31": "112.55200", "2005-12-31": "107.85100"}, "Pre-Paid Expenses": {"2019-12-31": "", "2018-12-31": "", "2017-12-31": "", "2016-12-31": "", "2015-12-31": "", "2014-12-31": "", "2013-12-31": "", "2012-12-31": "", "2011-12-31": "", "2010-12-31": "", "2009-12-31": "", "2008-12-31": "", "2007-12-31": "", "2006-12-31": "", "2005-12-31": ""}, "Other Current Assets": {"2019-12-31": "102.30000", "2018-12-31": "106.00000", "2017-12-31": "39.20000", "2016-12-31": "42.50000", "2015-12-31": "44.50000", "2014-12-31": "39.10000", "2013-12-31": "35.80700", "2012-12-31": "33.39600", "2011-12-31": "19.43700", "2010-12-31": "19.91700", "2009-12-31": "18.38300", "2008-12-31": "16.40400", "2007-12-31": "15.66100", "2006-12-31": "13.02600", "2005-12-31": "8.58000"}, "Total Current Assets": {"2019-12-31": "1211.80000", "2018-12-31": "1089.10000", "2017-12-31": "1311.70000", "2016-12-31": "978.70000", "2015-12-31": "798.40000", "2014-12-31": "902.30000", "2013-12-31": "837.01700", "2012-12-31": "815.97300", "2011-12-31": "733.05700", "2010-12-31": "714.37000", "2009-12-31": "690.07800", "2008-12-31": "588.44700", "2007-12-31": "556.29900", "2006-12-31": "464.17200", "2005-12-31": "360.37700"}, "Property, Plant, And Equipment": {"2019-12-31": "241.40000", "2018-12-31": "212.90000", "2017-12-31": "174.00000", "2016-12-31": "144.20000", "2015-12-31": "159.20000", "2014-12-31": "157.40000", "2013-12-31": "142.97500", "2012-12-31": "96.89000", "2011-12-31": "62.72400", "2010-12-31": "50.69200", "2009-12-31": "44.63500", "2008-12-31": "50.17500", "2007-12-31": "51.44400", "2006-12-31": "47.99800", "2005-12-31": "42.66400"}, "Long-Term Investments": {"2019-12-31": "", "2018-12-31": "", "2017-12-31": "", "2016-12-31": "", "2015-12-31": "", "2014-12-31": "", "2013-12-31": "", "2012-12-31": "", "2011-12-31": "", "2010-12-31": "", "2009-12-31": "", "2008-12-31": "", "2007-12-31": "", "2006-12-31": "", "2005-12-31": ""}, "Goodwill And Intangible Assets": {"2019-12-31": "4359.30000", "2018-12-31": "4284.30000", "2017-12-31": "2651.90000", "2016-12-31": "2410.90000", "2015-12-31": "2593.50000", "2014-12-31": "2680.30000", "2013-12-31": "2608.86900", "2012-12-31": "2460.11800", "2011-12-31": "1774.48300", "2010-12-31": "1033.68500", "2009-12-31": "966.97500", "2008-12-31": "944.47200", "2007-12-31": "873.62700", "2006-12-31": "441.68200", "2005-12-31": "313.45600"}, "Other Long-Term Assets": {"2019-12-31": "212.40000", "2018-12-31": "177.90000", "2017-12-31": "143.70000", "2016-12-31": "140.00000", "2015-12-31": "129.60000", "2014-12-31": "115.90000", "2013-12-31": "111.97900", "2012-12-31": "96.12300", "2011-12-31": "82.21100", "2010-12-31": "68.14500", "2009-12-31": "51.58900", "2008-12-31": "51.92200", "2007-12-31": "57.98900", "2006-12-31": "29.62500", "2005-12-31": "23.01100"}, "Total Long-Term Assets": {"2019-12-31": "5428.90000", "2018-12-31": "4687.30000", "2017-12-31": "3004.60000", "2016-12-31": "2695.10000", "2015-12-31": "2882.30000", "2014-12-31": "2953.60000", "2013-12-31": "2863.82300", "2012-12-31": "2653.13100", "2011-12-31": "1919.41800", "2010-12-31": "1152.52200", "2009-12-31": "1063.19900", "2008-12-31": "1046.56900", "2007-12-31": "983.05990", "2006-12-31": "519.30500", "2005-12-31": "382.71100"}, "Total Assets": {"2019-12-31": "6640.70000", "2018-12-31": "5776.40000", "2017-12-31": "4316.30000", "2016-12-31": "3673.80000", "2015-12-31": "3680.70000", "2014-12-31": "3855.90000", "2013-12-31": "3700.84000", "2012-12-31": "3469.10400", "2011-12-31": "2652.47500", "2010-12-31": "1866.89200", "2009-12-31": "1753.27700", "2008-12-31": "1635.01600", "2007-12-31": "1539.35900", "2006-12-31": "983.47700", "2005-12-31": "743.08800"}, "Total Current Liabilities": {"2019-12-31": "1190.30000", "2018-12-31": "1055.20000", "2017-12-31": "773.40000", "2016-12-31": "688.20000", "2015-12-31": "660.90000", "2014-12-31": "588.30000", "2013-12-31": "576.99000", "2012-12-31": "468.67000", "2011-12-31": "411.32300", "2010-12-31": "251.81500", "2009-12-31": "223.24500", "2008-12-31": "223.31800", "2007-12-31": "249.85200", "2006-12-31": "186.17900", "2005-12-31": "146.75700"}, "Long Term Debt": {"2019-12-31": "1624.20000", "2018-12-31": "1712.30000", "2017-12-31": "785.50000", "2016-12-31": "489.60000", "2015-12-31": "611.40000", "2014-12-31": "671.00000", "2013-12-31": "652.05600", "2012-12-31": "873.06600", "2011-12-31": "498.51800", "2010-12-31": "151.16000", "2009-12-31": "151.03800", "2008-12-31": "151.46400", "2007-12-31": "60.56400", "2006-12-31": "0.48100", "2005-12-31": "0.43300"}, "Other Non-Current Liabilities": {"2019-12-31": "222.00000", "2018-12-31": "221.50000", "2017-12-31": "256.10000", "2016-12-31": "113.80000", "2015-12-31": "106.50000", "2014-12-31": "95.80000", "2013-12-31": "80.98200", "2012-12-31": "58.32200", "2011-12-31": "45.02500", "2010-12-31": "42.84300", "2009-12-31": "59.98300", "2008-12-31": "61.55300", "2007-12-31": "56.12800", "2006-12-31": "27.51900", "2005-12-31": "19.04100"}, "Total Long Term Liabilities": {"2019-12-31": "2330.00000", "2018-12-31": "2046.40000", "2017-12-31": "1128.40000", "2016-12-31": "679.90000", "2015-12-31": "799.20000", "2014-12-31": "914.20000", "2013-12-31": "889.86800", "2012-12-31": "1086.91000", "2011-12-31": "652.25010", "2010-12-31": "229.37800", "2009-12-31": "265.47700", "2008-12-31": "267.64200", "2007-12-31": "180.48100", "2006-12-31": "49.63300", "2005-12-31": "25.07600"}, "Total Liabilities": {"2019-12-31": "3520.30000", "2018-12-31": "3101.60000", "2017-12-31": "1901.80000", "2016-12-31": "1368.10000", "2015-12-31": "1460.10000", "2014-12-31": "1502.50000", "2013-12-31": "1466.85800", "2012-12-31": "1555.58000", "2011-12-31": "1063.57300", "2010-12-31": "481.19300", "2009-12-31": "488.72200", "2008-12-31": "490.96000", "2007-12-31": "430.33300", "2006-12-31": "235.81200", "2005-12-31": "171.83300"}, "Common Stock Net": {"2019-12-31": "0.20000", "2018-12-31": "0.30000", "2017-12-31": "0.20000", "2016-12-31": "0.30000", "2015-12-31": "0.30000", "2014-12-31": "1207.30000", "2013-12-31": "1106.01700", "2012-12-31": "1006.81800", "2011-12-31": "878.51400", "2010-12-31": "781.77900", "2009-12-31": "720.24800", "2008-12-31": "684.83100", "2007-12-31": "660.74900", "2006-12-31": "435.37100", "2005-12-31": "384.19600"}, "Retained Earnings (Accumulated Deficit)": {"2019-12-31": "1602.80000", "2018-12-31": "1268.30000", "2017-12-31": "1084.60000", "2016-12-31": "1177.10000", "2015-12-31": "1148.20000", "2014-12-31": "1211.00000", "2013-12-31": "1081.69500", "2012-12-31": "868.02600", "2011-12-31": "685.63900", "2010-12-31": "536.35000", "2009-12-31": "491.36700", "2008-12-31": "427.92100", "2007-12-31": "388.55700", "2006-12-31": "271.18300", "2005-12-31": "167.52500"}, "Comprehensive Income": {"2019-12-31": "-176.80000", "2018-12-31": "-186.10000", "2017-12-31": "-131.40000", "2016-12-31": "-219.90000", "2015-12-31": "-166.80000", "2014-12-31": "-76.70000", "2013-12-31": "33.19400", "2012-12-31": "22.61100", "2011-12-31": "5.14000", "2010-12-31": "48.02700", "2009-12-31": "48.29700", "2008-12-31": "27.64900", "2007-12-31": "59.72000", "2006-12-31": "41.11100", "2005-12-31": "19.53400"}, "Other Share Holders Equity": {"2019-12-31": "", "2018-12-31": "", "2017-12-31": "", "2016-12-31": "", "2015-12-31": "", "2014-12-31": "", "2013-12-31": "", "2012-12-31": "", "2011-12-31": "", "2010-12-31": "", "2009-12-31": "", "2008-12-31": "", "2007-12-31": "", "2006-12-31": "", "2005-12-31": ""}, "Share Holder Equity": {"2019-12-31": "3120.40000", "2018-12-31": "2674.80000", "2017-12-31": "2414.50000", "2016-12-31": "2305.70000", "2015-12-31": "2220.60000", "2014-12-31": "2353.40000", "2013-12-31": "2233.98200", "2012-12-31": "1913.52400", "2011-12-31": "1588.90200", "2010-12-31": "1385.69900", "2009-12-31": "1264.55500", "2008-12-31": "1144.05600", "2007-12-31": "1109.02600", "2006-12-31": "747.66500", "2005-12-31": "571.25500"}, "Total Liabilities And Share Holders Equity": {"2019-12-31": "6640.70000", "2018-12-31": "5776.40000", "2017-12-31": "4316.30000", "2016-12-31": "3673.80000", "2015-12-31": "3680.70000", "2014-12-31": "3855.90000", "2013-12-31": "3700.84000", "2012-12-31": "3469.10400", "2011-12-31": "2652.47500", "2010-12-31": "1866.89200", "2009-12-31": "1753.27700", "2008-12-31": "1635.01600", "2007-12-31": "1539.35900", "2006-12-31": "983.47700", "2005-12-31": "743.08800"}}, "balance sheet, quarterly": {"Cash On Hand": {"2020-09-30": "184.00000", "2020-06-30": "196.40000", "2020-03-31": "216.80000", "2019-12-31": "189.20000", "2019-09-30": "184.60000", "2019-06-30": "199.60000", "2019-03-31": "216.70000", "2018-12-31": "172.50000", "2018-09-30": "205.40000", "2018-06-30": "571.00000", "2018-03-31": "274.50000", "2017-12-31": "537.40000", "2017-09-30": "409.20000", "2017-06-30": "486.10000", "2017-03-31": "422.60000", "2016-12-31": "327.20000", "2016-09-30": "275.60000", "2016-06-30": "231.90000", "2016-03-31": "174.70000", "2015-12-31": "116.00000", "2015-09-30": "123.60000", "2015-06-30": "129.00000", "2015-03-31": "145.70000", "2014-12-31": "148.00000", "2014-09-30": "139.47700", "2014-06-30": "278.91900", "2014-03-31": "165.22600", "2013-12-31": "147.22700", "2013-09-30": "121.95300", "2013-06-30": "129.07200", "2013-03-31": "143.55200", "2012-12-31": "157.77100", "2012-09-30": "141.84000", "2012-06-30": "121.93700", "2012-03-31": "209.14600", "2011-12-31": "154.62100", "2011-09-30": "138.25500", "2011-06-30": "249.81100", "2011-03-31": "244.34200", "2010-12-31": "220.78800", "2010-09-30": "211.05600", "2010-06-30": "278.81100", "2010-03-31": "307.07300", "2009-12-31": "273.84800", "2009-09-30": "222.09900", "2009-06-30": "190.15400", "2009-03-31": "146.82700", "2008-12-31": "147.53100", "2008-09-30": "70.47900", "2008-06-30": "79.82300", "2008-03-31": "71.37900", "2007-12-31": "103.20200", "2007-09-30": "84.07200", "2007-06-30": "73.76000", "2007-03-31": "63.57100", "2006-12-31": "129.62100", "2006-09-30": "136.40200", "2006-06-30": "107.72600", "2006-03-31": "97.64800", "2005-12-31": "73.85300", "2005-09-30": "87.29300", "2005-06-30": "56.86000", "2005-03-31": "50.19300"}, "Receivables": {"2020-09-30": "488.90000", "2020-06-30": "478.80000", "2020-03-31": "546.60000", "2019-12-31": "608.20000", "2019-09-30": "516.10000", "2019-06-30": "546.80000", "2019-03-31": "549.00000", "2018-12-31": "512.60000", "2018-09-30": "503.20000", "2018-06-30": "475.50000", "2018-03-31": "509.10000", "2017-12-31": "470.50000", "2017-09-30": "442.60000", "2017-06-30": "421.80000", "2017-03-31": "425.20000", "2016-12-31": "390.20000", "2016-09-30": "404.60000", "2016-06-30": "413.60000", "2016-03-31": "393.10000", "2015-12-31": "376.80000", "2015-09-30": "359.90000", "2015-06-30": "381.50000", "2015-03-31": "403.40000", "2014-12-31": "391.50000", "2014-09-30": "388.29500", "2014-06-30": "404.59000", "2014-03-31": "419.24500", "2013-12-31": "361.07500", "2013-09-30": "374.99900", "2013-06-30": "376.42600", "2013-03-31": "403.01800", "2012-12-31": "340.80400", "2012-09-30": "334.27800", "2012-06-30": "331.39600", "2012-03-31": "328.77200", "2011-12-31": "282.30400", "2011-09-30": "313.32500", "2011-06-30": "284.81100", "2011-03-31": "291.67600", "2010-12-31": "243.88900", "2010-09-30": "247.91800", "2010-06-30": "223.49900", "2010-03-31": "240.68100", "2009-12-31": "214.14900", "2009-09-30": "212.80300", "2009-06-30": "209.67500", "2009-03-31": "227.78600", "2008-12-31": "221.80900", "2008-09-30": "266.27200", "2008-06-30": "277.18500", "2008-03-31": "290.63100", "2007-12-31": "250.08500", "2007-09-30": "253.26600", "2007-06-30": "247.13100", "2007-03-31": "228.42200", "2006-12-31": "183.06800", "2006-09-30": "180.74100", "2006-06-30": "181.27800", "2006-03-31": "177.39000", "2005-12-31": "151.58900", "2005-09-30": "149.31300", "2005-06-30": "153.30900", "2005-03-31": "158.14500"}, "Inventory": {"2020-09-30": "318.50000", "2020-06-30": "338.60000", "2020-03-31": "327.20000", "2019-12-31": "312.10000", "2019-09-30": "290.10000", "2019-06-30": "287.90000", "2019-03-31": "303.70000", "2018-12-31": "298.00000", "2018-09-30": "286.30000", "2018-06-30": "282.40000", "2018-03-31": "289.10000", "2017-12-31": "264.60000", "2017-09-30": "254.70000", "2017-06-30": "223.30000", "2017-03-31": "221.10000", "2016-12-31": "218.80000", "2016-09-30": "224.30000", "2016-06-30": "241.70000", "2016-03-31": "255.50000", "2015-12-31": "261.10000", "2015-09-30": "271.40000", "2015-06-30": "280.80000", "2015-03-31": "276.00000", "2014-12-31": "278.10000", "2014-09-30": "278.02700", "2014-06-30": "274.37100", "2014-03-31": "266.70000", "2013-12-31": "254.31100", "2013-09-30": "241.50900", "2013-06-30": "258.70900", "2013-03-31": "260.59600", "2012-12-31": "240.52900", "2012-09-30": "234.30100", "2012-06-30": "227.94800", "2012-03-31": "224.65600", "2011-12-31": "232.06300", "2011-09-30": "215.68100", "2011-06-30": "216.08000", "2011-03-31": "203.01400", "2010-12-31": "192.85200", "2010-09-30": "176.85300", "2010-06-30": "159.17900", "2010-03-31": "150.65700", "2009-12-31": "144.01200", "2009-09-30": "160.42000", "2009-06-30": "168.27200", "2009-03-31": "165.41300", "2008-12-31": "160.89300", "2008-09-30": "162.03300", "2008-06-30": "153.36900", "2008-03-31": "148.50300", "2007-12-31": "143.01800", "2007-09-30": "142.15800", "2007-06-30": "137.66400", "2007-03-31": "127.62000", "2006-12-31": "112.55200", "2006-09-30": "114.87500", "2006-06-30": "113.92500", "2006-03-31": "101.55200", "2005-12-31": "107.85100", "2005-09-30": "93.94000", "2005-06-30": "89.85300", "2005-03-31": "91.30900"}, "Pre-Paid Expenses": {"2020-09-30": "", "2020-06-30": "", "2020-03-31": "", "2019-12-31": "", "2019-09-30": "", "2019-06-30": "", "2019-03-31": "", "2018-12-31": "", "2018-09-30": "", "2018-06-30": "", "2018-03-31": "", "2017-12-31": "", "2017-09-30": "", "2017-06-30": "", "2017-03-31": "", "2016-12-31": "", "2016-09-30": "", "2016-06-30": "", "2016-03-31": "", "2015-12-31": "", "2015-09-30": "", "2015-06-30": "", "2015-03-31": "", "2014-12-31": "", "2014-09-30": "", "2014-06-30": "", "2014-03-31": "", "2013-12-31": "", "2013-09-30": "", "2013-06-30": "", "2013-03-31": "", "2012-12-31": "", "2012-09-30": "", "2012-06-30": "", "2012-03-31": "", "2011-12-31": "", "2011-09-30": "", "2011-06-30": "", "2011-03-31": "", "2010-12-31": "", "2010-09-30": "", "2010-06-30": "", "2010-03-31": "", "2009-12-31": "", "2009-09-30": "", "2009-06-30": "", "2009-03-31": "", "2008-12-31": "", "2008-09-30": "", "2008-06-30": "", "2008-03-31": "", "2007-12-31": "", "2007-09-30": "", "2007-06-30": "", "2007-03-31": "", "2006-12-31": "", "2006-09-30": "", "2006-06-30": "", "2006-03-31": "", "2005-12-31": "", "2005-09-30": "", "2005-06-30": "", "2005-03-31": ""}, "Other Current Assets": {"2020-09-30": "109.20000", "2020-06-30": "106.20000", "2020-03-31": "102.00000", "2019-12-31": "102.30000", "2019-09-30": "71.00000", "2019-06-30": "87.10000", "2019-03-31": "78.40000", "2018-12-31": "106.00000", "2018-09-30": "66.30000", "2018-06-30": "58.00000", "2018-03-31": "51.90000", "2017-12-31": "39.20000", "2017-09-30": "55.40000", "2017-06-30": "51.90000", "2017-03-31": "46.60000", "2016-12-31": "42.50000", "2016-09-30": "53.40000", "2016-06-30": "49.60000", "2016-03-31": "49.30000", "2015-12-31": "44.50000", "2015-09-30": "46.20000", "2015-06-30": "45.60000", "2015-03-31": "44.80000", "2014-12-31": "39.10000", "2014-09-30": "45.65900", "2014-06-30": "41.66700", "2014-03-31": "39.51400", "2013-12-31": "35.80700", "2013-09-30": "45.45400", "2013-06-30": "40.56800", "2013-03-31": "39.58600", "2012-12-31": "33.39600", "2012-09-30": "24.56900", "2012-06-30": "25.47100", "2012-03-31": "27.31600", "2011-12-31": "19.43700", "2011-09-30": "26.23300", "2011-06-30": "26.24500", "2011-03-31": "20.27900", "2010-12-31": "19.91700", "2010-09-30": "20.67300", "2010-06-30": "19.76100", "2010-03-31": "21.10600", "2009-12-31": "18.38300", "2009-09-30": "19.85400", "2009-06-30": "18.39200", "2009-03-31": "17.66400", "2008-12-31": "16.40400", "2008-09-30": "16.73800", "2008-06-30": "17.00400", "2008-03-31": "18.32900", "2007-12-31": "15.66100", "2007-09-30": "57.21100", "2007-06-30": "55.26500", "2007-03-31": "13.45600", "2006-12-31": "13.02600", "2006-09-30": "10.27500", "2006-06-30": "9.58700", "2006-03-31": "10.04700", "2005-12-31": "8.58000", "2005-09-30": "9.96400", "2005-06-30": "9.74700", "2005-03-31": "9.37700"}, "Total Current Assets": {"2020-09-30": "1100.60000", "2020-06-30": "1120.00000", "2020-03-31": "1192.60000", "2019-12-31": "1211.80000", "2019-09-30": "1061.80000", "2019-06-30": "1121.40000", "2019-03-31": "1147.80000", "2018-12-31": "1089.10000", "2018-09-30": "1061.20000", "2018-06-30": "1386.90000", "2018-03-31": "1124.60000", "2017-12-31": "1311.70000", "2017-09-30": "1161.90000", "2017-06-30": "1183.10000", "2017-03-31": "1115.50000", "2016-12-31": "978.70000", "2016-09-30": "957.90000", "2016-06-30": "936.80000", "2016-03-31": "872.60000", "2015-12-31": "798.40000", "2015-09-30": "853.00000", "2015-06-30": "885.10000", "2015-03-31": "917.00000", "2014-12-31": "902.30000", "2014-09-30": "916.04100", "2014-06-30": "1041.70400", "2014-03-31": "930.87100", "2013-12-31": "837.01700", "2013-09-30": "828.49300", "2013-06-30": "846.64000", "2013-03-31": "889.95000", "2012-12-31": "815.97300", "2012-09-30": "778.02500", "2012-06-30": "751.44100", "2012-03-31": "833.71900", "2011-12-31": "733.05700", "2011-09-30": "740.65900", "2011-06-30": "812.73800", "2011-03-31": "795.93100", "2010-12-31": "714.37000", "2010-09-30": "686.10000", "2010-06-30": "719.94400", "2010-03-31": "759.02100", "2009-12-31": "690.07800", "2009-09-30": "656.89600", "2009-06-30": "622.85100", "2009-03-31": "597.70500", "2008-12-31": "588.44700", "2008-09-30": "565.15900", "2008-06-30": "569.63800", "2008-03-31": "570.60200", "2007-12-31": "556.29900", "2007-09-30": "536.70700", "2007-06-30": "513.82000", "2007-03-31": "462.35500", "2006-12-31": "464.17200", "2006-09-30": "464.12700", "2006-06-30": "431.53100", "2006-03-31": "407.34600", "2005-12-31": "360.37700", "2005-09-30": "361.00100", "2005-06-30": "331.44300", "2005-03-31": "330.70800"}, "Property, Plant, And Equipment": {"2020-09-30": "251.60000", "2020-06-30": "249.80000", "2020-03-31": "244.80000", "2019-12-31": "241.40000", "2019-09-30": "229.00000", "2019-06-30": "214.10000", "2019-03-31": "212.80000", "2018-12-31": "212.90000", "2018-09-30": "206.10000", "2018-06-30": "192.60000", "2018-03-31": "184.30000", "2017-12-31": "174.00000", "2017-09-30": "160.50000", "2017-06-30": "145.60000", "2017-03-31": "142.80000", "2016-12-31": "144.20000", "2016-09-30": "149.40000", "2016-06-30": "152.00000", "2016-03-31": "155.40000", "2015-12-31": "159.20000", "2015-09-30": "162.00000", "2015-06-30": "161.70000", "2015-03-31": "155.20000", "2014-12-31": "157.40000", "2014-09-30": "153.82300", "2014-06-30": "155.57500", "2014-03-31": "149.60900", "2013-12-31": "142.97500", "2013-09-30": "136.15500", "2013-06-30": "123.79500", "2013-03-31": "105.60300", "2012-12-31": "96.89000", "2012-09-30": "81.65300", "2012-06-30": "73.59700", "2012-03-31": "66.46200", "2011-12-31": "62.72400", "2011-09-30": "61.56200", "2011-06-30": "53.39100", "2011-03-31": "51.63400", "2010-12-31": "50.69200", "2010-09-30": "49.52500", "2010-06-30": "46.05800", "2010-03-31": "45.25000", "2009-12-31": "44.63500", "2009-09-30": "46.90300", "2009-06-30": "48.90500", "2009-03-31": "48.45800", "2008-12-31": "50.17500", "2008-09-30": "50.81900", "2008-06-30": "51.61500", "2008-03-31": "52.32600", "2007-12-31": "51.44400", "2007-09-30": "51.66700", "2007-06-30": "52.27100", "2007-03-31": "53.73500", "2006-12-31": "47.99800", "2006-09-30": "47.38900", "2006-06-30": "47.27800", "2006-03-31": "44.01200", "2005-12-31": "42.66400", "2005-09-30": "35.82300", "2005-06-30": "32.29000", "2005-03-31": "31.26400"}, "Long-Term Investments": {"2020-09-30": "", "2020-06-30": "", "2020-03-31": "", "2019-12-31": "", "2019-09-30": "", "2019-06-30": "", "2019-03-31": "", "2018-12-31": "", "2018-09-30": "", "2018-06-30": "", "2018-03-31": "", "2017-12-31": "", "2017-09-30": "", "2017-06-30": "", "2017-03-31": "", "2016-12-31": "", "2016-09-30": "", "2016-06-30": "", "2016-03-31": "", "2015-12-31": "", "2015-09-30": "", "2015-06-30": "", "2015-03-31": "", "2014-12-31": "", "2014-09-30": "", "2014-06-30": "", "2014-03-31": "", "2013-12-31": "", "2013-09-30": "", "2013-06-30": "", "2013-03-31": "", "2012-12-31": "", "2012-09-30": "", "2012-06-30": "", "2012-03-31": "", "2011-12-31": "", "2011-09-30": "", "2011-06-30": "", "2011-03-31": "", "2010-12-31": "", "2010-09-30": "", "2010-06-30": "", "2010-03-31": "", "2009-12-31": "", "2009-09-30": "", "2009-06-30": "", "2009-03-31": "", "2008-12-31": "", "2008-09-30": "", "2008-06-30": "", "2008-03-31": "", "2007-12-31": "", "2007-09-30": "", "2007-06-30": "", "2007-03-31": "", "2006-12-31": "", "2006-09-30": "", "2006-06-30": "", "2006-03-31": "", "2005-12-31": "", "2005-09-30": "", "2005-06-30": "", "2005-03-31": ""}, "Goodwill And Intangible Assets": {"2020-09-30": "4447.50000", "2020-06-30": "4452.80000", "2020-03-31": "4464.80000", "2019-12-31": "4359.30000", "2019-09-30": "4161.70000", "2019-06-30": "4196.40000", "2019-03-31": "4238.30000", "2018-12-31": "4284.30000", "2018-09-30": "4328.60000", "2018-06-30": "3104.30000", "2018-03-31": "3192.60000", "2017-12-31": "2651.90000", "2017-09-30": "2695.10000", "2017-06-30": "2547.20000", "2017-03-31": "2490.20000", "2016-12-31": "2410.90000", "2016-09-30": "2482.20000", "2016-06-30": "2516.80000", "2016-03-31": "2580.90000", "2015-12-31": "2593.50000", "2015-09-30": "2585.80000", "2015-06-30": "2612.90000", "2015-03-31": "2605.60000", "2014-12-31": "2680.30000", "2014-09-30": "2623.48300", "2014-06-30": "2551.19600", "2014-03-31": "2573.53200", "2013-12-31": "2608.86900", "2013-09-30": "2560.54500", "2013-06-30": "2560.18800", "2013-03-31": "2474.63300", "2012-12-31": "2460.11800", "2012-09-30": "2062.87300", "2012-06-30": "2049.34200", "2012-03-31": "1881.36600", "2011-12-31": "1774.48300", "2011-09-30": "1828.65600", "2011-06-30": "1125.43500", "2011-03-31": "1078.85300", "2010-12-31": "1033.68500", "2010-09-30": "1015.79400", "2010-06-30": "960.24100", "2010-03-31": "972.15100", "2009-12-31": "966.97500", "2009-09-30": "982.10300", "2009-06-30": "969.84100", "2009-03-31": "946.00400", "2008-12-31": "944.47200", "2008-09-30": "897.38700", "2008-06-30": "899.98100", "2008-03-31": "907.12500", "2007-12-31": "873.62700", "2007-09-30": "865.06700", "2007-06-30": "860.43900", "2007-03-31": "865.89300", "2006-12-31": "441.68200", "2006-09-30": "373.15500", "2006-06-30": "370.94600", "2006-03-31": "316.46500", "2005-12-31": "313.45600", "2005-09-30": "271.52400", "2005-06-30": "271.29200", "2005-03-31": "274.87900"}, "Other Long-Term Assets": {"2020-09-30": "236.90000", "2020-06-30": "224.60000", "2020-03-31": "207.60000", "2019-12-31": "212.40000", "2019-09-30": "175.80000", "2019-06-30": "169.50000", "2019-03-31": "158.80000", "2018-12-31": "177.90000", "2018-09-30": "149.10000", "2018-06-30": "139.20000", "2018-03-31": "136.60000", "2017-12-31": "143.70000", "2017-09-30": "163.20000", "2017-06-30": "162.40000", "2017-03-31": "148.90000", "2016-12-31": "140.00000", "2016-09-30": "141.90000", "2016-06-30": "146.00000", "2016-03-31": "141.00000", "2015-12-31": "129.60000", "2015-09-30": "119.10000", "2015-06-30": "120.50000", "2015-03-31": "119.90000", "2014-12-31": "115.90000", "2014-09-30": "126.02700", "2014-06-30": "118.76400", "2014-03-31": "123.57100", "2013-12-31": "111.97900", "2013-09-30": "109.97900", "2013-06-30": "103.13700", "2013-03-31": "95.53500", "2012-12-31": "96.12300", "2012-09-30": "98.94200", "2012-06-30": "98.58200", "2012-03-31": "90.52500", "2011-12-31": "82.21100", "2011-09-30": "82.52100", "2011-06-30": "78.24100", "2011-03-31": "73.28600", "2010-12-31": "68.14500", "2010-09-30": "64.66100", "2010-06-30": "54.29000", "2010-03-31": "57.23100", "2009-12-31": "51.58900", "2009-09-30": "45.73900", "2009-06-30": "49.44600", "2009-03-31": "49.94400", "2008-12-31": "51.92200", "2008-09-30": "60.33200", "2008-06-30": "62.59800", "2008-03-31": "57.82300", "2007-12-31": "57.98900", "2007-09-30": "51.09200", "2007-06-30": "47.84400", "2007-03-31": "44.16200", "2006-12-31": "29.62500", "2006-09-30": "24.55600", "2006-06-30": "24.16600", "2006-03-31": "23.94700", "2005-12-31": "23.01100", "2005-09-30": "22.95100", "2005-06-30": "22.42600", "2005-03-31": "23.98200"}, "Total Long-Term Assets": {"2020-09-30": "5523.70000", "2020-06-30": "5525.00000", "2020-03-31": "5513.10000", "2019-12-31": "5428.90000", "2019-09-30": "4742.10000", "2019-06-30": "4754.70000", "2019-03-31": "4772.29900", "2018-12-31": "4687.30000", "2018-09-30": "4721.00000", "2018-06-30": "3471.40000", "2018-03-31": "3549.10000", "2017-12-31": "3004.60000", "2017-09-30": "3018.80000", "2017-06-30": "2855.20000", "2017-03-31": "2781.90000", "2016-12-31": "2695.10000", "2016-09-30": "2773.50000", "2016-06-30": "2814.80000", "2016-03-31": "2877.30000", "2015-12-31": "2882.30000", "2015-09-30": "2866.90000", "2015-06-30": "2895.10000", "2015-03-31": "2880.70000", "2014-12-31": "2953.60000", "2014-09-30": "2903.33300", "2014-06-30": "2825.53500", "2014-03-31": "2846.71200", "2013-12-31": "2863.82300", "2013-09-30": "2806.67900", "2013-06-30": "2787.12000", "2013-03-31": "2675.77100", "2012-12-31": "2653.13100", "2012-09-30": "2243.46800", "2012-06-30": "2221.52100", "2012-03-31": "2038.35300", "2011-12-31": "1919.41800", "2011-09-30": "1972.73900", "2011-06-30": "1257.06700", "2011-03-31": "1203.77300", "2010-12-31": "1152.52200", "2010-09-30": "1129.98000", "2010-06-30": "1060.58900", "2010-03-31": "1074.63200", "2009-12-31": "1063.19900", "2009-09-30": "1074.74500", "2009-06-30": "1068.19200", "2009-03-31": "1044.40600", "2008-12-31": "1046.56900", "2008-09-30": "1008.53800", "2008-06-30": "1014.19400", "2008-03-31": "1017.27400", "2007-12-31": "983.05990", "2007-09-30": "967.82590", "2007-06-30": "960.55400", "2007-03-31": "964.19700", "2006-12-31": "519.30500", "2006-09-30": "448.90900", "2006-06-30": "448.87300", "2006-03-31": "388.90900", "2005-12-31": "382.71100", "2005-09-30": "338.18000", "2005-06-30": "334.14400", "2005-03-31": "338.17900"}, "Total Assets": {"2020-09-30": "6624.30000", "2020-06-30": "6645.00000", "2020-03-31": "6705.70000", "2019-12-31": "6640.70000", "2019-09-30": "5803.90000", "2019-06-30": "5876.10000", "2019-03-31": "5920.10000", "2018-12-31": "5776.40000", "2018-09-30": "5782.20000", "2018-06-30": "4858.30000", "2018-03-31": "4673.70000", "2017-12-31": "4316.30000", "2017-09-30": "4180.70000", "2017-06-30": "4038.30000", "2017-03-31": "3897.40000", "2016-12-31": "3673.80000", "2016-09-30": "3731.40000", "2016-06-30": "3751.60000", "2016-03-31": "3749.90000", "2015-12-31": "3680.70000", "2015-09-30": "3719.90000", "2015-06-30": "3780.20000", "2015-03-31": "3797.70000", "2014-12-31": "3855.90000", "2014-09-30": "3819.37400", "2014-06-30": "3867.23900", "2014-03-31": "3777.58300", "2013-12-31": "3700.84000", "2013-09-30": "3635.17200", "2013-06-30": "3633.76000", "2013-03-31": "3565.72100", "2012-12-31": "3469.10400", "2012-09-30": "3021.49300", "2012-06-30": "2972.96200", "2012-03-31": "2872.07200", "2011-12-31": "2652.47500", "2011-09-30": "2713.39800", "2011-06-30": "2069.80500", "2011-03-31": "1999.70400", "2010-12-31": "1866.89200", "2010-09-30": "1816.08000", "2010-06-30": "1780.53300", "2010-03-31": "1833.65300", "2009-12-31": "1753.27700", "2009-09-30": "1731.64100", "2009-06-30": "1691.04300", "2009-03-31": "1642.11100", "2008-12-31": "1635.01600", "2008-09-30": "1573.69700", "2008-06-30": "1583.83200", "2008-03-31": "1587.87600", "2007-12-31": "1539.35900", "2007-09-30": "1504.53300", "2007-06-30": "1474.37400", "2007-03-31": "1426.55200", "2006-12-31": "983.47700", "2006-09-30": "913.03600", "2006-06-30": "880.40400", "2006-03-31": "796.25500", "2005-12-31": "743.08800", "2005-09-30": "699.18100", "2005-06-30": "665.58700", "2005-03-31": "668.88700"}, "Total Current Liabilities": {"2020-09-30": "1191.50000", "2020-06-30": "1170.50000", "2020-03-31": "1226.90000", "2019-12-31": "1190.30000", "2019-09-30": "1059.30000", "2019-06-30": "1075.20000", "2019-03-31": "1090.00000", "2018-12-31": "1055.20000", "2018-09-30": "979.30000", "2018-06-30": "717.00000", "2018-03-31": "1146.80000", "2017-12-31": "773.40000", "2017-09-30": "808.40000", "2017-06-30": "826.80000", "2017-03-31": "759.30000", "2016-12-31": "688.20000", "2016-09-30": "694.00000", "2016-06-30": "721.00000", "2016-03-31": "726.80000", "2015-12-31": "660.90000", "2015-09-30": "687.50000", "2015-06-30": "696.60000", "2015-03-31": "698.30000", "2014-12-31": "588.30000", "2014-09-30": "624.26800", "2014-06-30": "571.59200", "2014-03-31": "562.97200", "2013-12-31": "576.99000", "2013-09-30": "569.03700", "2013-06-30": "581.75300", "2013-03-31": "556.45400", "2012-12-31": "468.67000", "2012-09-30": "485.06600", "2012-06-30": "459.65600", "2012-03-31": "465.95300", "2011-12-31": "411.32300", "2011-09-30": "394.77800", "2011-06-30": "292.58400", "2011-03-31": "421.68000", "2010-12-31": "251.81500", "2010-09-30": "262.26600", "2010-06-30": "293.78800", "2010-03-31": "254.47700", "2009-12-31": "223.24500", "2009-09-30": "215.95700", "2009-06-30": "222.76400", "2009-03-31": "227.29700", "2008-12-31": "223.31800", "2008-09-30": "238.21400", "2008-06-30": "251.27900", "2008-03-31": "235.68400", "2007-12-31": "249.85200", "2007-09-30": "243.64800", "2007-06-30": "241.31600", "2007-03-31": "212.56200", "2006-12-31": "186.17900", "2006-09-30": "162.08200", "2006-06-30": "173.72300", "2006-03-31": "158.04400", "2005-12-31": "146.75700", "2005-09-30": "128.01600", "2005-06-30": "123.03300", "2005-03-31": "133.33600"}, "Long Term Debt": {"2020-09-30": "1390.60000", "2020-06-30": "1564.50000", "2020-03-31": "1694.70000", "2019-12-31": "1624.20000", "2019-09-30": "1514.00000", "2019-06-30": "1513.60000", "2019-03-31": "1647.80000", "2018-12-31": "1712.30000", "2018-09-30": "1786.60000", "2018-06-30": "1286.20000", "2018-03-31": "691.80000", "2017-12-31": "785.50000", "2017-09-30": "560.40000", "2017-06-30": "465.00000", "2017-03-31": "509.80000", "2016-12-31": "489.60000", "2016-09-30": "524.50000", "2016-06-30": "594.70000", "2016-03-31": "539.60000", "2015-12-31": "611.40000", "2015-09-30": "609.10000", "2015-06-30": "515.40000", "2015-03-31": "530.30000", "2014-12-31": "671.00000", "2014-09-30": "577.71900", "2014-06-30": "595.15700", "2014-03-31": "612.59800", "2013-12-31": "652.05600", "2013-09-30": "703.86200", "2013-06-30": "789.62600", "2013-03-31": "829.32200", "2012-12-31": "873.06600", "2012-09-30": "553.19800", "2012-06-30": "617.17900", "2012-03-31": "535.20400", "2011-12-31": "498.51800", "2011-09-30": "570.38000", "2011-06-30": "125.28700", "2011-03-31": "0.27100", "2010-12-31": "151.16000", "2010-09-30": "151.18000", "2010-06-30": "151.01800", "2010-03-31": "151.05900", "2009-12-31": "151.03800", "2009-09-30": "151.45500", "2009-06-30": "151.46000", "2009-03-31": "151.43600", "2008-12-31": "151.46400", "2008-09-30": "51.48700", "2008-06-30": "0.43200", "2008-03-31": "60.44000", "2007-12-31": "60.56400", "2007-09-30": "80.92300", "2007-06-30": "111.73900", "2007-03-31": "160.48700", "2006-12-31": "0.48100", "2006-09-30": "0.46700", "2006-06-30": "0.45900", "2006-03-31": "0.43700", "2005-12-31": "0.43300", "2005-09-30": "0.65900", "2005-06-30": "0.66100", "2005-03-31": "16.33600"}, "Other Non-Current Liabilities": {"2020-09-30": "213.60000", "2020-06-30": "217.80000", "2020-03-31": "213.50000", "2019-12-31": "222.00000", "2019-09-30": "213.90000", "2019-06-30": "229.90000", "2019-03-31": "228.00000", "2018-12-31": "221.50000", "2018-09-30": "241.00000", "2018-06-30": "260.00000", "2018-03-31": "249.20000", "2017-12-31": "256.10000", "2017-09-30": "168.00000", "2017-06-30": "147.80000", "2017-03-31": "130.50000", "2016-12-31": "113.80000", "2016-09-30": "112.60000", "2016-06-30": "108.40000", "2016-03-31": "111.00000", "2015-12-31": "106.50000", "2015-09-30": "94.30000", "2015-06-30": "96.20000", "2015-03-31": "90.70000", "2014-12-31": "95.80000", "2014-09-30": "94.26700", "2014-06-30": "89.95000", "2014-03-31": "86.37300", "2013-12-31": "80.98200", "2013-09-30": "70.08500", "2013-06-30": "66.82800", "2013-03-31": "66.84200", "2012-12-31": "58.32200", "2012-09-30": "52.41800", "2012-06-30": "48.44300", "2012-03-31": "48.39400", "2011-12-31": "45.02500", "2011-09-30": "47.21700", "2011-06-30": "45.74500", "2011-03-31": "49.56900", "2010-12-31": "42.84300", "2010-09-30": "41.31300", "2010-06-30": "43.42200", "2010-03-31": "65.18400", "2009-12-31": "59.98300", "2009-09-30": "64.75400", "2009-06-30": "63.87700", "2009-03-31": "58.76300", "2008-12-31": "61.55300", "2008-09-30": "54.67200", "2008-06-30": "52.50300", "2008-03-31": "60.16200", "2007-12-31": "56.12800", "2007-09-30": "55.47500", "2007-06-30": "54.87700", "2007-03-31": "58.69400", "2006-12-31": "27.51900", "2006-09-30": "27.53200", "2006-06-30": "27.11000", "2006-03-31": "16.03300", "2005-12-31": "19.04100", "2005-09-30": "12.06900", "2005-06-30": "13.13800", "2005-03-31": "13.36000"}, "Total Long Term Liabilities": {"2020-09-30": "2081.50000", "2020-06-30": "2261.40000", "2020-03-31": "2376.50000", "2019-12-31": "2330.00000", "2019-09-30": "1956.50000", "2019-06-30": "1975.60000", "2019-03-31": "2087.10000", "2018-12-31": "2046.40000", "2018-09-30": "2154.30000", "2018-06-30": "1623.70000", "2018-03-31": "1027.00000", "2017-12-31": "1128.40000", "2017-09-30": "814.90000", "2017-06-30": "693.80000", "2017-03-31": "717.20000", "2016-12-31": "679.90000", "2016-09-30": "717.70000", "2016-06-30": "785.90000", "2016-03-31": "736.40000", "2015-12-31": "799.20000", "2015-09-30": "829.20000", "2015-06-30": "744.40000", "2015-03-31": "758.80000", "2014-12-31": "914.20000", "2014-09-30": "831.43700", "2014-06-30": "844.85200", "2014-03-31": "861.06000", "2013-12-31": "889.86800", "2013-09-30": "925.98210", "2013-06-30": "1010.71800", "2013-03-31": "1043.39900", "2012-12-31": "1086.91000", "2012-09-30": "711.37400", "2012-06-30": "790.56900", "2012-03-31": "702.56300", "2011-12-31": "652.25010", "2011-09-30": "754.16300", "2011-06-30": "217.21900", "2011-03-31": "89.02300", "2010-12-31": "229.37800", "2010-09-30": "234.48700", "2010-06-30": "244.33700", "2010-03-31": "274.26600", "2009-12-31": "265.47700", "2009-09-30": "264.07300", "2009-06-30": "260.93500", "2009-03-31": "258.56800", "2008-12-31": "267.64200", "2008-09-30": "175.45300", "2008-06-30": "123.63000", "2008-03-31": "193.43700", "2007-12-31": "180.48100", "2007-09-30": "188.29300", "2007-06-30": "222.30500", "2007-03-31": "256.58100", "2006-12-31": "49.63300", "2006-09-30": "42.03000", "2006-06-30": "41.94200", "2006-03-31": "26.35100", "2005-12-31": "25.07600", "2005-09-30": "27.77100", "2005-06-30": "28.73700", "2005-03-31": "45.36300"}, "Total Liabilities": {"2020-09-30": "3273.00000", "2020-06-30": "3431.90000", "2020-03-31": "3603.40000", "2019-12-31": "3520.30000", "2019-09-30": "3015.80000", "2019-06-30": "3050.80000", "2019-03-31": "3177.10000", "2018-12-31": "3101.60000", "2018-09-30": "3133.60000", "2018-06-30": "2340.70000", "2018-03-31": "2173.80000", "2017-12-31": "1901.80000", "2017-09-30": "1623.30000", "2017-06-30": "1520.60000", "2017-03-31": "1476.50000", "2016-12-31": "1368.10000", "2016-09-30": "1411.70000", "2016-06-30": "1506.90000", "2016-03-31": "1463.20000", "2015-12-31": "1460.10000", "2015-09-30": "1516.70000", "2015-06-30": "1441.00000", "2015-03-31": "1457.10000", "2014-12-31": "1502.50000", "2014-09-30": "1455.70500", "2014-06-30": "1416.44400", "2014-03-31": "1424.03200", "2013-12-31": "1466.85800", "2013-09-30": "1495.01900", "2013-06-30": "1592.47100", "2013-03-31": "1599.85300", "2012-12-31": "1555.58000", "2012-09-30": "1196.44000", "2012-06-30": "1250.22500", "2012-03-31": "1168.51600", "2011-12-31": "1063.57300", "2011-09-30": "1148.94100", "2011-06-30": "509.80300", "2011-03-31": "510.70300", "2010-12-31": "481.19300", "2010-09-30": "496.75300", "2010-06-30": "538.12500", "2010-03-31": "528.74300", "2009-12-31": "488.72200", "2009-09-30": "480.03000", "2009-06-30": "483.69900", "2009-03-31": "485.86500", "2008-12-31": "490.96000", "2008-09-30": "413.66700", "2008-06-30": "374.90900", "2008-03-31": "429.12100", "2007-12-31": "430.33300", "2007-09-30": "431.94100", "2007-06-30": "463.62100", "2007-03-31": "469.13700", "2006-12-31": "235.81200", "2006-09-30": "204.11200", "2006-06-30": "215.66500", "2006-03-31": "184.39500", "2005-12-31": "171.83300", "2005-09-30": "155.78700", "2005-06-30": "151.77000", "2005-03-31": "178.69900"}, "Common Stock Net": {"2020-09-30": "0.30000", "2020-06-30": "0.20000", "2020-03-31": "0.20000", "2019-12-31": "0.20000", "2019-09-30": "0.20000", "2019-06-30": "0.30000", "2019-03-31": "0.30000", "2018-12-31": "0.30000", "2018-09-30": "0.30000", "2018-06-30": "0.20000", "2018-03-31": "0.20000", "2017-12-31": "0.20000", "2017-09-30": "0.30000", "2017-06-30": "0.30000", "2017-03-31": "0.30000", "2016-12-31": "0.30000", "2016-09-30": "1316.00000", "2016-06-30": "1276.40000", "2016-03-31": "1267.30000", "2015-12-31": "0.30000", "2015-09-30": "1216.00000", "2015-06-30": "1235.80000", "2015-03-31": "1233.30000", "2014-12-31": "1207.30000", "2014-09-30": "1197.14600", "2014-06-30": "1180.27100", "2014-03-31": "1159.90700", "2013-12-31": "1106.01700", "2013-09-30": "1077.75600", "2013-06-30": "1057.92700", "2013-03-31": "1036.77900", "2012-12-31": "1006.81800", "2012-09-30": "965.03500", "2012-06-30": "944.90100", "2012-03-31": "921.78000", "2011-12-31": "878.51400", "2011-09-30": "861.30500", "2011-06-30": "839.71600", "2011-03-31": "826.49500", "2010-12-31": "781.77900", "2010-09-30": "754.66400", "2010-06-30": "735.86100", "2010-03-31": "735.12600", "2009-12-31": "720.24800", "2009-09-30": "713.59300", "2009-06-30": "699.79000", "2009-03-31": "693.65300", "2008-12-31": "684.83100", "2008-09-30": "681.01900", "2008-06-30": "683.27400", "2008-03-31": "670.32400", "2007-12-31": "660.74900", "2007-09-30": "650.45400", "2007-06-30": "628.62400", "2007-03-31": "616.51200", "2006-12-31": "435.37100", "2006-09-30": "428.73000", "2006-06-30": "413.61900", "2006-03-31": "397.68800", "2005-12-31": "384.19600", "2005-09-30": "376.55500", "2005-06-30": "368.46700", "2005-03-31": "354.44900"}, "Retained Earnings (Accumulated Deficit)": {"2020-09-30": "1732.00000", "2020-06-30": "1672.40000", "2020-03-31": "1615.40000", "2019-12-31": "1602.80000", "2019-09-30": "1332.30000", "2019-06-30": "1354.40000", "2019-03-31": "1289.40000", "2018-12-31": "1268.30000", "2018-09-30": "1227.20000", "2018-06-30": "1153.90000", "2018-03-31": "1103.60000", "2017-12-31": "1084.60000", "2017-09-30": "1236.00000", "2017-06-30": "1251.80000", "2017-03-31": "1216.10000", "2016-12-31": "1177.10000", "2016-09-30": "1159.10000", "2016-06-30": "1128.10000", "2016-03-31": "1157.30000", "2015-12-31": "1148.20000", "2015-09-30": "1133.20000", "2015-06-30": "1210.90000", "2015-03-31": "1234.50000", "2014-12-31": "1211.00000", "2014-09-30": "1184.22800", "2014-06-30": "1227.94400", "2014-03-31": "1150.30400", "2013-12-31": "1081.69500", "2013-09-30": "1025.11900", "2013-06-30": "970.65700", "2013-03-31": "916.15800", "2012-12-31": "868.02600", "2012-09-30": "836.90300", "2012-06-30": "784.24000", "2012-03-31": "736.45700", "2011-12-31": "685.63900", "2011-09-30": "657.00000", "2011-06-30": "629.57600", "2011-03-31": "575.96800", "2010-12-31": "536.35000", "2010-09-30": "500.40700", "2010-06-30": "472.38600", "2010-03-31": "519.26500", "2009-12-31": "491.36700", "2009-09-30": "481.82000", "2009-06-30": "466.24300", "2009-03-31": "445.38600", "2008-12-31": "427.92100", "2008-09-30": "421.15500", "2008-06-30": "447.80600", "2008-03-31": "408.03000", "2007-12-31": "388.55700", "2007-09-30": "362.26600", "2007-06-30": "334.89200", "2007-03-31": "299.86700", "2006-12-31": "271.18300", "2006-09-30": "247.19900", "2006-06-30": "221.85700", "2006-03-31": "193.35300", "2005-12-31": "167.52500", "2005-09-30": "144.13200", "2005-06-30": "123.89600", "2005-03-31": "100.10900"}, "Comprehensive Income": {"2020-09-30": "-161.00000", "2020-06-30": "-198.30000", "2020-03-31": "-230.90000", "2019-12-31": "-176.80000", "2019-09-30": "-207.30000", "2019-06-30": "-180.40000", "2019-03-31": "-182.50000", "2018-12-31": "-186.10000", "2018-09-30": "-153.90000", "2018-06-30": "-161.20000", "2018-03-31": "-101.10000", "2017-12-31": "-131.40000", "2017-09-30": "-130.80000", "2017-06-30": "-160.00000", "2017-03-31": "-194.80000", "2016-12-31": "-219.90000", "2016-09-30": "-155.20000", "2016-06-30": "-159.70000", "2016-03-31": "-138.70000", "2015-12-31": "-166.80000", "2015-09-30": "-147.00000", "2015-06-30": "-108.60000", "2015-03-31": "-128.40000", "2014-12-31": "-76.70000", "2014-09-30": "-29.50900", "2014-06-30": "30.84900", "2014-03-31": "31.80200", "2013-12-31": "33.19400", "2013-09-30": "23.94400", "2013-06-30": "-4.71100", "2013-03-31": "-3.14400", "2012-12-31": "22.61100", "2012-09-30": "6.69200", "2012-06-30": "-22.37500", "2012-03-31": "28.82100", "2011-12-31": "5.14000", "2011-09-30": "25.80400", "2011-06-30": "72.05700", "2011-03-31": "67.82600", "2010-12-31": "48.02700", "2010-09-30": "50.68900", "2010-06-30": "20.67000", "2010-03-31": "40.79300", "2009-12-31": "48.29700", "2009-09-30": "51.45400", "2009-06-30": "36.93400", "2009-03-31": "13.24300", "2008-12-31": "27.64900", "2008-09-30": "57.85600", "2008-06-30": "77.84300", "2008-03-31": "80.40100", "2007-12-31": "59.72000", "2007-09-30": "59.87200", "2007-06-30": "47.23700", "2007-03-31": "41.03600", "2006-12-31": "41.11100", "2006-09-30": "32.99500", "2006-06-30": "29.26300", "2006-03-31": "20.81900", "2005-12-31": "19.53400", "2005-09-30": "22.70700", "2005-06-30": "21.45400", "2005-03-31": "35.63000"}, "Other Share Holders Equity": {"2020-09-30": "", "2020-06-30": "", "2020-03-31": "", "2019-12-31": "", "2019-09-30": "", "2019-06-30": "", "2019-03-31": "", "2018-12-31": "", "2018-09-30": "", "2018-06-30": "", "2018-03-31": "", "2017-12-31": "", "2017-09-30": "", "2017-06-30": "", "2017-03-31": "", "2016-12-31": "", "2016-09-30": "", "2016-06-30": "", "2016-03-31": "", "2015-12-31": "", "2015-09-30": "", "2015-06-30": "", "2015-03-31": "", "2014-12-31": "", "2014-09-30": "", "2014-06-30": "", "2014-03-31": "", "2013-12-31": "", "2013-09-30": "", "2013-06-30": "", "2013-03-31": "", "2012-12-31": "", "2012-09-30": "", "2012-06-30": "", "2012-03-31": "", "2011-12-31": "", "2011-09-30": "", "2011-06-30": "", "2011-03-31": "", "2010-12-31": "", "2010-09-30": "", "2010-06-30": "", "2010-03-31": "", "2009-12-31": "", "2009-09-30": "", "2009-06-30": "", "2009-03-31": "", "2008-12-31": "", "2008-09-30": "", "2008-06-30": "", "2008-03-31": "", "2007-12-31": "", "2007-09-30": "", "2007-06-30": "", "2007-03-31": "", "2006-12-31": "", "2006-09-30": "", "2006-06-30": "", "2006-03-31": "", "2005-12-31": "", "2005-09-30": "", "2005-06-30": "", "2005-03-31": ""}, "Share Holder Equity": {"2020-09-30": "3351.30000", "2020-06-30": "3213.10000", "2020-03-31": "3102.30000", "2019-12-31": "3120.40000", "2019-09-30": "2788.10000", "2019-06-30": "2825.30000", "2019-03-31": "2743.00000", "2018-12-31": "2674.80000", "2018-09-30": "2648.60000", "2018-06-30": "2517.60000", "2018-03-31": "2499.90000", "2017-12-31": "2414.50000", "2017-09-30": "2557.40000", "2017-06-30": "2517.70000", "2017-03-31": "2420.90000", "2016-12-31": "2305.70000", "2016-09-30": "2319.70000", "2016-06-30": "2244.70000", "2016-03-31": "2286.70000", "2015-12-31": "2220.60000", "2015-09-30": "2203.20000", "2015-06-30": "2339.20000", "2015-03-31": "2340.60000", "2014-12-31": "2353.40000", "2014-09-30": "2363.66900", "2014-06-30": "2450.79500", "2014-03-31": "2353.55100", "2013-12-31": "2233.98200", "2013-09-30": "2140.15300", "2013-06-30": "2041.28900", "2013-03-31": "1965.86800", "2012-12-31": "1913.52400", "2012-09-30": "1825.05300", "2012-06-30": "1722.73700", "2012-03-31": "1703.55600", "2011-12-31": "1588.90200", "2011-09-30": "1564.45700", "2011-06-30": "1560.00200", "2011-03-31": "1489.00100", "2010-12-31": "1385.69900", "2010-09-30": "1319.32700", "2010-06-30": "1242.40800", "2010-03-31": "1304.91000", "2009-12-31": "1264.55500", "2009-09-30": "1251.61100", "2009-06-30": "1207.34400", "2009-03-31": "1156.24600", "2008-12-31": "1144.05600", "2008-09-30": "1160.03000", "2008-06-30": "1208.92300", "2008-03-31": "1158.75500", "2007-12-31": "1109.02600", "2007-09-30": "1072.59200", "2007-06-30": "1010.75300", "2007-03-31": "957.41500", "2006-12-31": "747.66500", "2006-09-30": "708.92400", "2006-06-30": "664.73900", "2006-03-31": "611.86000", "2005-12-31": "571.25500", "2005-09-30": "543.39400", "2005-06-30": "513.81700", "2005-03-31": "490.18800"}, "Total Liabilities And Share Holders Equity": {"2020-09-30": "6624.30000", "2020-06-30": "6645.00000", "2020-03-31": "6705.70000", "2019-12-31": "6640.70000", "2019-09-30": "5803.90000", "2019-06-30": "5876.10000", "2019-03-31": "5920.10000", "2018-12-31": "5776.40000", "2018-09-30": "5782.20000", "2018-06-30": "4858.30000", "2018-03-31": "4673.70000", "2017-12-31": "4316.30000", "2017-09-30": "4180.70000", "2017-06-30": "4038.30000", "2017-03-31": "3897.40000", "2016-12-31": "3673.80000", "2016-09-30": "3731.40000", "2016-06-30": "3751.60000", "2016-03-31": "3749.90000", "2015-12-31": "3680.70000", "2015-09-30": "3719.90000", "2015-06-30": "3780.20000", "2015-03-31": "3797.70000", "2014-12-31": "3855.90000", "2014-09-30": "3819.37400", "2014-06-30": "3867.23900", "2014-03-31": "3777.58300", "2013-12-31": "3700.84000", "2013-09-30": "3635.17200", "2013-06-30": "3633.76000", "2013-03-31": "3565.72100", "2012-12-31": "3469.10400", "2012-09-30": "3021.49300", "2012-06-30": "2972.96200", "2012-03-31": "2872.07200", "2011-12-31": "2652.47500", "2011-09-30": "2713.39800", "2011-06-30": "2069.80500", "2011-03-31": "1999.70400", "2010-12-31": "1866.89200", "2010-09-30": "1816.08000", "2010-06-30": "1780.53300", "2010-03-31": "1833.65300", "2009-12-31": "1753.27700", "2009-09-30": "1731.64100", "2009-06-30": "1691.04300", "2009-03-31": "1642.11100", "2008-12-31": "1635.01600", "2008-09-30": "1573.69700", "2008-06-30": "1583.83200", "2008-03-31": "1587.87600", "2007-12-31": "1539.35900", "2007-09-30": "1504.53300", "2007-06-30": "1474.37400", "2007-03-31": "1426.55200", "2006-12-31": "983.47700", "2006-09-30": "913.03600", "2006-06-30": "880.40400", "2006-03-31": "796.25500", "2005-12-31": "743.08800", "2005-09-30": "699.18100", "2005-06-30": "665.58700", "2005-03-31": "668.88700"}}, "cash flow statement": {"Net Income/Loss": {"2019-12-31": "514.50000", "2018-12-31": "283.30000", "2017-12-31": "118.50000", "2016-12-31": "132.20000", "2015-12-31": "120.70000", "2014-12-31": "213.90000", "2013-12-31": "218.20000", "2012-12-31": "189.71600", "2011-12-31": "148.90900", "2010-12-31": "103.61300", "2009-12-31": "63.96300", "2008-12-31": "140.97300", "2007-12-31": "117.37400", "2006-12-31": "103.65800", "2005-12-31": "84.85500"}, "Total Depreciation And Amortization - Cash Flow": {"2019-12-31": "207.20000", "2018-12-31": "215.20000", "2017-12-31": "183.40000", "2016-12-31": "187.80000", "2015-12-31": "199.10000", "2014-12-31": "191.60000", "2013-12-31": "189.50000", "2012-12-31": "149.39800", "2011-12-31": "106.41100", "2010-12-31": "75.83700", "2009-12-31": "71.46700", "2008-12-31": "64.11300", "2007-12-31": "56.17400", "2006-12-31": "26.96200", "2005-12-31": "18.96100"}, "Other Non-Cash Items": {"2019-12-31": "-153.00000", "2018-12-31": "31.20000", "2017-12-31": "37.30000", "2016-12-31": "71.00000", "2015-12-31": "53.40000", "2014-12-31": "16.30000", "2013-12-31": "-6.90000", "2012-12-31": "-21.99500", "2011-12-31": "-15.49900", "2010-12-31": "-10.76500", "2009-12-31": "14.16300", "2008-12-31": "-8.00600", "2007-12-31": "10.19700", "2006-12-31": "16.65800", "2005-12-31": "20.57400"}, "Total Non-Cash Items": {"2019-12-31": "54.20000", "2018-12-31": "246.40000", "2017-12-31": "220.70000", "2016-12-31": "258.80000", "2015-12-31": "252.50000", "2014-12-31": "207.90000", "2013-12-31": "182.60000", "2012-12-31": "127.40300", "2011-12-31": "90.91200", "2010-12-31": "65.07200", "2009-12-31": "85.63000", "2008-12-31": "56.10700", "2007-12-31": "66.37100", "2006-12-31": "43.62000", "2005-12-31": "39.53500"}, "Change In Accounts Receivable": {"2019-12-31": "-96.00000", "2018-12-31": "-51.00000", "2017-12-31": "-42.70000", "2016-12-31": "3.80000", "2015-12-31": "8.80000", "2014-12-31": "-13.20000", "2013-12-31": "-1.80000", "2012-12-31": "-29.40500", "2011-12-31": "-1.73300", "2010-12-31": "-4.85800", "2009-12-31": "-0.41900", "2008-12-31": "25.99200", "2007-12-31": "-30.87100", "2006-12-31": "-12.23600", "2005-12-31": "-21.12600"}, "Change In Inventories": {"2019-12-31": "-21.30000", "2018-12-31": "-45.00000", "2017-12-31": "-37.30000", "2016-12-31": "26.20000", "2015-12-31": "-2.90000", "2014-12-31": "-31.80000", "2013-12-31": "-11.40000", "2012-12-31": "-8.40200", "2011-12-31": "-30.13900", "2010-12-31": "-45.54900", "2009-12-31": "13.29200", "2008-12-31": "-16.46100", "2007-12-31": "-18.67800", "2006-12-31": "-7.58800", "2005-12-31": "-23.20000"}, "Change In Accounts Payable": {"2019-12-31": "14.50000", "2018-12-31": "-2.00000", "2017-12-31": "25.70000", "2016-12-31": "10.80000", "2015-12-31": "-6.40000", "2014-12-31": "-7.20000", "2013-12-31": "-15.80000", "2012-12-31": "25.98500", "2011-12-31": "-4.31000", "2010-12-31": "13.57700", "2009-12-31": "2.63100", "2008-12-31": "-20.89800", "2007-12-31": "-3.52100", "2006-12-31": "-4.48700", "2005-12-31": "1.07800"}, "Change In Assets/Liabilities": {"2019-12-31": "160.00000", "2018-12-31": "15.10000", "2017-12-31": "105.30000", "2016-12-31": "-1.00000", "2015-12-31": "20.50000", "2014-12-31": "38.80000", "2013-12-31": "17.60000", "2012-12-31": "8.61500", "2011-12-31": "29.29400", "2010-12-31": "1.08000", "2009-12-31": "24.85600", "2008-12-31": "-0.54100", "2007-12-31": "40.05000", "2006-12-31": "-15.67300", "2005-12-31": "-9.06800"}, "Total Change In Assets/Liabilities": {"2019-12-31": "10.80000", "2018-12-31": "-64.30000", "2017-12-31": "85.00000", "2016-12-31": "40.10000", "2015-12-31": "-16.20000", "2014-12-31": "-14.70000", "2013-12-31": "13.80000", "2012-12-31": "23.58100", "2011-12-31": "1.80800", "2010-12-31": "-44.65500", "2009-12-31": "45.03800", "2008-12-31": "-21.32600", "2007-12-31": "2.58900", "2006-12-31": "-12.15500", "2005-12-31": "-30.75300"}, "Cash Flow From Operating Activities": {"2019-12-31": "585.00000", "2018-12-31": "486.70000", "2017-12-31": "429.70000", "2016-12-31": "431.10000", "2015-12-31": "357.00000", "2014-12-31": "407.10000", "2013-12-31": "414.60000", "2012-12-31": "340.70000", "2011-12-31": "241.62900", "2010-12-31": "124.03000", "2009-12-31": "194.63100", "2008-12-31": "176.07400", "2007-12-31": "186.98500", "2006-12-31": "135.84300", "2005-12-31": "92.36500"}, "Net Change In Property, Plant, And Equipment": {"2019-12-31": "-69.00000", "2018-12-31": "-67.60000", "2017-12-31": "-43.70000", "2016-12-31": "-26.00000", "2015-12-31": "-43.90000", "2014-12-31": "-47.30000", "2013-12-31": "-70.90000", "2012-12-31": "-54.07100", "2011-12-31": "-23.27800", "2010-12-31": "-23.13300", "2009-12-31": "-12.70600", "2008-12-31": "-16.19600", "2007-12-31": "-13.18700", "2006-12-31": "-16.52900", "2005-12-31": "-23.43600"}, "Net Change In Intangible Assets": {"2019-12-31": "", "2018-12-31": "", "2017-12-31": "", "2016-12-31": "", "2015-12-31": "", "2014-12-31": "-7.60000", "2013-12-31": "-0.20000", "2012-12-31": "-1.17000", "2011-12-31": "", "2010-12-31": "-2.06300", "2009-12-31": "-26.83900", "2008-12-31": "0.00000", "2007-12-31": "", "2006-12-31": "", "2005-12-31": ""}, "Net Acquisitions/Divestitures": {"2019-12-31": "-220.80000", "2018-12-31": "-1763.50000", "2017-12-31": "-280.20000", "2016-12-31": "-23.70000", "2015-12-31": "-144.20000", "2014-12-31": "-307.90000", "2013-12-31": "-258.80000", "2012-12-31": "-728.11400", "2011-12-31": "-759.73700", "2010-12-31": "-136.41900", "2009-12-31": "-52.01800", "2008-12-31": "-115.13700", "2007-12-31": "-295.84800", "2006-12-31": "-99.88700", "2005-12-31": "-51.37900"}, "Net Change In Short-term Investments": {"2019-12-31": "", "2018-12-31": "179.00000", "2017-12-31": "-68.20000", "2016-12-31": "-110.90000", "2015-12-31": "", "2014-12-31": "0.00000", "2013-12-31": "", "2012-12-31": "", "2011-12-31": "", "2010-12-31": "", "2009-12-31": "5.00000", "2008-12-31": "-5.00000", "2007-12-31": "-5.57600", "2006-12-31": "", "2005-12-31": ""}, "Net Change In Long-Term Investments": {"2019-12-31": "", "2018-12-31": "", "2017-12-31": "", "2016-12-31": "", "2015-12-31": "-5.50000", "2014-12-31": "-10.90000", "2013-12-31": "2.40000", "2012-12-31": "13.17800", "2011-12-31": "12.39800", "2010-12-31": "-8.19200", "2009-12-31": "-0.75000", "2008-12-31": "", "2007-12-31": "", "2006-12-31": "", "2005-12-31": ""}, "Net Change In Investments - Total": {"2019-12-31": "", "2018-12-31": "179.00000", "2017-12-31": "-68.20000", "2016-12-31": "-110.90000", "2015-12-31": "-5.50000", "2014-12-31": "-10.90000", "2013-12-31": "2.40000", "2012-12-31": "13.17800", "2011-12-31": "12.39800", "2010-12-31": "-8.19200", "2009-12-31": "4.25000", "2008-12-31": "-5.00000", "2007-12-31": "-5.57600", "2006-12-31": "", "2005-12-31": ""}, "Investing Activities - Other": {"2019-12-31": "14.50000", "2018-12-31": "2.50000", "2017-12-31": "20.90000", "2016-12-31": "13.70000", "2015-12-31": "21.20000", "2014-12-31": "29.70000", "2013-12-31": "2.70000", "2012-12-31": "5.89100", "2011-12-31": "-2.94800", "2010-12-31": "13.43300", "2009-12-31": "3.38700", "2008-12-31": "9.63700", "2007-12-31": "3.21900", "2006-12-31": "2.22800", "2005-12-31": "0.41200"}, "Cash Flow From Investing Activities": {"2019-12-31": "-275.30000", "2018-12-31": "-1649.60000", "2017-12-31": "-371.20000", "2016-12-31": "-146.90000", "2015-12-31": "-172.40000", "2014-12-31": "-344.00000", "2013-12-31": "-324.80000", "2012-12-31": "-764.28600", "2011-12-31": "-773.56500", "2010-12-31": "-156.37400", "2009-12-31": "-83.92600", "2008-12-31": "-126.69600", "2007-12-31": "-311.39200", "2006-12-31": "-114.18800", "2005-12-31": "-74.40300"}, "Net Long-Term Debt": {"2019-12-31": "-127.50000", "2018-12-31": "1051.30000", "2017-12-31": "290.60000", "2016-12-31": "-110.30000", "2015-12-31": "-0.20000", "2014-12-31": "-23.90000", "2013-12-31": "-159.60000", "2012-12-31": "341.87510", "2011-12-31": "403.53600", "2010-12-31": "-0.49800", "2009-12-31": "-0.18300", "2008-12-31": "90.68600", "2007-12-31": "59.54300", "2006-12-31": "", "2005-12-31": "-38.25000"}, "Net Current Debt": {"2019-12-31": "", "2018-12-31": "", "2017-12-31": "", "2016-12-31": "", "2015-12-31": "", "2014-12-31": "", "2013-12-31": "", "2012-12-31": "", "2011-12-31": "", "2010-12-31": "", "2009-12-31": "", "2008-12-31": "", "2007-12-31": "", "2006-12-31": "", "2005-12-31": ""}, "Debt Issuance/Retirement Net - Total": {"2019-12-31": "-127.50000", "2018-12-31": "1051.30000", "2017-12-31": "290.60000", "2016-12-31": "-110.30000", "2015-12-31": "-0.20000", "2014-12-31": "-23.90000", "2013-12-31": "-159.60000", "2012-12-31": "341.87510", "2011-12-31": "403.53600", "2010-12-31": "-0.49800", "2009-12-31": "-0.18300", "2008-12-31": "90.68600", "2007-12-31": "59.54300", "2006-12-31": "", "2005-12-31": "-38.25000"}, "Net Common Equity Issued/Repurchased": {"2019-12-31": "-150.70000", "2018-12-31": "-52.80000", "2017-12-31": "-211.50000", "2016-12-31": "-52.00000", "2015-12-31": "-204.70000", "2014-12-31": "-41.70000", "2013-12-31": "47.70000", "2012-12-31": "59.18700", "2011-12-31": "45.86900", "2010-12-31": "-29.30500", "2009-12-31": "14.85500", "2008-12-31": "-103.08600", "2007-12-31": "31.86400", "2006-12-31": "26.56600", "2005-12-31": "24.46300"}, "Net Total Equity Issued/Repurchased": {"2019-12-31": "-150.70000", "2018-12-31": "-52.80000", "2017-12-31": "-211.50000", "2016-12-31": "-52.00000", "2015-12-31": "-204.70000", "2014-12-31": "-41.70000", "2013-12-31": "47.70000", "2012-12-31": "59.18700", "2011-12-31": "45.86900", "2010-12-31": "-29.30500", "2009-12-31": "14.85500", "2008-12-31": "-103.08600", "2007-12-31": "31.86400", "2006-12-31": "26.56600", "2005-12-31": "24.46300"}, "Total Common And Preferred Stock Dividends Paid": {"2019-12-31": "", "2018-12-31": "", "2017-12-31": "", "2016-12-31": "", "2015-12-31": "", "2014-12-31": "", "2013-12-31": "", "2012-12-31": "", "2011-12-31": "", "2010-12-31": "", "2009-12-31": "", "2008-12-31": "", "2007-12-31": "", "2006-12-31": "", "2005-12-31": ""}, "Financial Activities - Other": {"2019-12-31": "-14.40000", "2018-12-31": "-9.10000", "2017-12-31": "-12.60000", "2016-12-31": "-15.00000", "2015-12-31": "", "2014-12-31": "14.10000", "2013-12-31": "13.50000", "2012-12-31": "25.34500", "2011-12-31": "14.76200", "2010-12-31": "9.63900", "2009-12-31": "1.45300", "2008-12-31": "5.95900", "2007-12-31": "12.40900", "2006-12-31": "7.59600", "2005-12-31": "0.38500"}, "Cash Flow From Financial Activities": {"2019-12-31": "-292.60000", "2018-12-31": "989.40000", "2017-12-31": "66.50000", "2016-12-31": "-177.30000", "2015-12-31": "-204.90000", "2014-12-31": "-51.50000", "2013-12-31": "-98.40000", "2012-12-31": "426.40700", "2011-12-31": "464.16700", "2010-12-31": "-20.16400", "2009-12-31": "16.12500", "2008-12-31": "-6.44100", "2007-12-31": "103.81600", "2006-12-31": "34.16200", "2005-12-31": "-13.40200"}, "Net Cash Flow": {"2019-12-31": "16.70000", "2018-12-31": "-186.00000", "2017-12-31": "142.40000", "2016-12-31": "100.10000", "2015-12-31": "-32.00000", "2014-12-31": "0.80000", "2013-12-31": "-10.60000", "2012-12-31": "3.15000", "2011-12-31": "-66.16700", "2010-12-31": "-53.06000", "2009-12-31": "131.31700", "2008-12-31": "39.32900", "2007-12-31": "-26.41900", "2006-12-31": "55.76800", "2005-12-31": "1.98100"}, "Stock-Based Compensation": {"2019-12-31": "75.00000", "2018-12-31": "76.90000", "2017-12-31": "64.80000", "2016-12-31": "52.60000", "2015-12-31": "50.10000", "2014-12-31": "43.40000", "2013-12-31": "36.50000", "2012-12-31": "32.66000", "2011-12-31": "28.45100", "2010-12-31": "23.12500", "2009-12-31": "18.65900", "2008-12-31": "16.16600", "2007-12-31": "15.01600", "2006-12-31": "12.57100", "2005-12-31": ""}, "Common Stock Dividends Paid": {"2019-12-31": "", "2018-12-31": "", "2017-12-31": "", "2016-12-31": "", "2015-12-31": "", "2014-12-31": "", "2013-12-31": "", "2012-12-31": "", "2011-12-31": "", "2010-12-31": "", "2009-12-31": "", "2008-12-31": "", "2007-12-31": "", "2006-12-31": "", "2005-12-31": ""}}, "cash flow statement, quarterly": {"Net Income/Loss": {"2020-09-30": 84.8, "2020-06-30": 63.2, "2020-03-31": "61.90000", "2019-12-31": 279.4, "2019-09-30": 78.1, "2019-06-30": 94.6, "2019-03-31": "62.40000", "2018-12-31": 86.8, "2018-09-30": 73.7, "2018-06-30": 64.1, "2018-03-31": "58.70000", "2017-12-31": -35.8, "2017-09-30": 57.2, "2017-06-30": 47.3, "2017-03-31": "49.80000", "2016-12-31": 37.7, "2016-09-30": 39.2, "2016-06-30": 35.6, "2016-03-31": "19.70000", "2015-12-31": 23.9, "2015-09-30": 37, "2015-06-30": 25.8, "2015-03-31": "34.00000", "2014-12-31": 55.9, "2014-09-30": 11.8, "2014-06-30": 78.1, "2014-03-31": "68.10000", "2013-12-31": 59.695, "2013-09-30": 54.62, "2013-06-30": 54.953, "2013-03-31": "48.93200", "2012-12-31": 32.679, "2012-09-30": 53.8, "2012-06-30": 53.165, "2012-03-31": "50.07200", "2011-12-31": 28.663, "2011-09-30": 27.196, "2011-06-30": 54.178, "2011-03-31": "38.87200", "2010-12-31": 35.848, "2010-09-30": 32.842, "2010-06-30": 6.771, "2010-03-31": "28.15200", "2009-12-31": 9.269, "2009-09-30": 15.847, "2009-06-30": 21.15, "2009-03-31": "17.69700", "2008-12-31": 13.24, "2008-09-30": 39.067, "2008-06-30": 48.599, "2008-03-31": "40.06700", "2007-12-31": 26.291, "2007-09-30": 27.374, "2007-06-30": 35.026, "2007-03-31": "28.68300", "2006-12-31": 23.985, "2006-09-30": 25.342, "2006-06-30": 28.503, "2006-03-31": "25.82800", "2005-12-31": 23.393, "2005-09-30": 20.236, "2005-06-30": 23.787, "2005-03-31": "17.43900"}, "Total Depreciation And Amortization - Cash Flow": {"2020-09-30": 49.9, "2020-06-30": 49.5, "2020-03-31": "50.20000", "2019-12-31": 48.9, "2019-09-30": 50.2, "2019-06-30": 53.6, "2019-03-31": "54.50000", "2018-12-31": 56.1, "2018-09-30": 58.8, "2018-06-30": 51.3, "2018-03-31": "49.00000", "2017-12-31": 47.9, "2017-09-30": 48.7, "2017-06-30": 44.6, "2017-03-31": "42.20000", "2016-12-31": 42.7, "2016-09-30": 46.4, "2016-06-30": 49.3, "2016-03-31": "49.40000", "2015-12-31": 49.9, "2015-09-30": 49.8, "2015-06-30": 50, "2015-03-31": "49.40000", "2014-12-31": 49.7, "2014-09-30": 47.9, "2014-06-30": 45.9, "2014-03-31": "48.10000", "2013-12-31": 49.157, "2013-09-30": 48.394, "2013-06-30": 46.424, "2013-03-31": "45.52500", "2012-12-31": 43.173, "2012-09-30": 37.05, "2012-06-30": 34.816, "2012-03-31": "34.35900", "2011-12-31": 34.981, "2011-09-30": 29.614, "2011-06-30": 21.148, "2011-03-31": "20.66800", "2010-12-31": 20.362, "2010-09-30": 19.006, "2010-06-30": 18.201, "2010-03-31": "18.26800", "2009-12-31": 18.558, "2009-09-30": 18.49, "2009-06-30": 17.658, "2009-03-31": "16.76100", "2008-12-31": 16.658, "2008-09-30": 16.257, "2008-06-30": 15.723, "2008-03-31": "15.47500", "2007-12-31": 14.664, "2007-09-30": 14.585, "2007-06-30": 14.861, "2007-03-31": "12.06400", "2006-12-31": 7.806, "2006-09-30": 6.432, "2006-06-30": 7.24, "2006-03-31": "5.48400", "2005-12-31": 4.387, "2005-09-30": 4.892, "2005-06-30": 4.831, "2005-03-31": "4.85100"}, "Other Non-Cash Items": {"2020-09-30": 47.7, "2020-06-30": 4.1, "2020-03-31": "24.80000", "2019-12-31": -212.8, "2019-09-30": 33.1, "2019-06-30": 12.3, "2019-03-31": "14.40000", "2018-12-31": -8.7, "2018-09-30": 15.9, "2018-06-30": 28.6, "2018-03-31": "-4.60000", "2017-12-31": 8.5, "2017-09-30": 18.4, "2017-06-30": 9.1, "2017-03-31": "1.30000", "2016-12-31": 25.2, "2016-09-30": 15.8, "2016-06-30": 17, "2016-03-31": "13.00000", "2015-12-31": 22.1, "2015-09-30": 10.3, "2015-06-30": 6.5, "2015-03-31": "14.50000", "2014-12-31": 14.3, "2014-09-30": 19.2, "2014-06-30": 2, "2014-03-31": "-19.20000", "2013-12-31": 1.68, "2013-09-30": 6.593, "2013-06-30": -3.894, "2013-03-31": "-11.27900", "2012-12-31": -14.669, "2012-09-30": 0.23, "2012-06-30": -4.44, "2012-03-31": "-3.11600", "2011-12-31": -14.265, "2011-09-30": -1.293, "2011-06-30": 2.349, "2011-03-31": "-2.29000", "2010-12-31": -15.072, "2010-09-30": 2.741, "2010-06-30": -2.402, "2010-03-31": "3.96800", "2009-12-31": 8.666, "2009-09-30": -2.406, "2009-06-30": 4.358, "2009-03-31": "3.54500", "2008-12-31": 3.821, "2008-09-30": -10.334, "2008-06-30": -2.926, "2008-03-31": "1.43300", "2007-12-31": 17.345, "2007-09-30": -1.501, "2007-06-30": -2.932, "2007-03-31": "-2.71500", "2006-12-31": 22.197, "2006-09-30": -1.674, "2006-06-30": 0.502, "2006-03-31": "-4.36700", "2005-12-31": 12.827, "2005-09-30": 4.579, "2005-06-30": 2.292, "2005-03-31": "0.87600"}, "Total Non-Cash Items": {"2020-09-30": 97.6, "2020-06-30": 53.6, "2020-03-31": "75.00000", "2019-12-31": -163.9, "2019-09-30": 83.3, "2019-06-30": 65.9, "2019-03-31": "68.90000", "2018-12-31": 47.4, "2018-09-30": 74.7, "2018-06-30": 79.9, "2018-03-31": "44.40000", "2017-12-31": 56.4, "2017-09-30": 67.1, "2017-06-30": 53.7, "2017-03-31": "43.50000", "2016-12-31": 67.9, "2016-09-30": 62.2, "2016-06-30": 66.3, "2016-03-31": "62.40000", "2015-12-31": 72, "2015-09-30": 60.1, "2015-06-30": 56.5, "2015-03-31": "63.90000", "2014-12-31": 64, "2014-09-30": 67.1, "2014-06-30": 47.9, "2014-03-31": "28.90000", "2013-12-31": 50.837, "2013-09-30": 54.987, "2013-06-30": 42.53, "2013-03-31": "34.24600", "2012-12-31": 28.504, "2012-09-30": 37.28, "2012-06-30": 30.376, "2012-03-31": "31.24300", "2011-12-31": 20.716, "2011-09-30": 28.321, "2011-06-30": 23.497, "2011-03-31": "18.37800", "2010-12-31": 5.29, "2010-09-30": 21.747, "2010-06-30": 15.799, "2010-03-31": "22.23600", "2009-12-31": 27.224, "2009-09-30": 16.084, "2009-06-30": 22.016, "2009-03-31": "20.30600", "2008-12-31": 20.479, "2008-09-30": 5.923, "2008-06-30": 12.797, "2008-03-31": "16.90800", "2007-12-31": 32.009, "2007-09-30": 13.084, "2007-06-30": 11.929, "2007-03-31": "9.34900", "2006-12-31": 30.003, "2006-09-30": 4.758, "2006-06-30": 7.742, "2006-03-31": "1.11700", "2005-12-31": 17.214, "2005-09-30": 9.471, "2005-06-30": 7.123, "2005-03-31": "5.72700"}, "Change In Accounts Receivable": {"2020-09-30": -7.3, "2020-06-30": 67.8, "2020-03-31": "47.90000", "2019-12-31": -112.8, "2019-09-30": 24.5, "2019-06-30": 6.1, "2019-03-31": "-13.80000", "2018-12-31": -35.2, "2018-09-30": -9.8, "2018-06-30": 23.4, "2018-03-31": "-29.40000", "2017-12-31": -8.8, "2017-09-30": -4, "2017-06-30": 4.1, "2017-03-31": "-34.00000", "2016-12-31": 16.4, "2016-09-30": 7.1, "2016-06-30": -3.4, "2016-03-31": "-16.30000", "2015-12-31": -10, "2015-09-30": 13.8, "2015-06-30": 29, "2015-03-31": "-24.00000", "2014-12-31": 4.2, "2014-09-30": 28.9, "2014-06-30": 17.3, "2014-03-31": "-63.60000", "2013-12-31": 22.619, "2013-09-30": 1.21, "2013-06-30": 31.3, "2013-03-31": "-56.92900", "2012-12-31": 18.087, "2012-09-30": -2.265, "2012-06-30": -1.013, "2012-03-31": "-44.21400", "2011-12-31": 27.913, "2011-09-30": -4.984, "2011-06-30": 10.186, "2011-03-31": "-34.84800", "2010-12-31": 11.981, "2010-09-30": -9.088, "2010-06-30": 15.735, "2010-03-31": "-23.48600", "2009-12-31": -9.32, "2009-09-30": -0.458, "2009-06-30": 22.585, "2009-03-31": "-13.22600", "2008-12-31": 40.624, "2008-09-30": 11.719, "2008-06-30": 12.413, "2008-03-31": "-38.76400", "2007-12-31": 7.481, "2007-09-30": 0.512, "2007-06-30": -12.469, "2007-03-31": "-26.39500", "2006-12-31": 5.978, "2006-09-30": 0.862, "2006-06-30": 4.978, "2006-03-31": "-24.05400", "2005-12-31": -0.36, "2005-09-30": 4.511, "2005-06-30": 6.422, "2005-03-31": "-31.69900"}, "Change In Inventories": {"2020-09-30": 14.1, "2020-06-30": -12.8, "2020-03-31": "-20.40000", "2019-12-31": -23, "2019-09-30": -5.7, "2019-06-30": 14.2, "2019-03-31": "-6.80000", "2018-12-31": -16, "2018-09-30": -7.2, "2018-06-30": -0.1, "2018-03-31": "-21.70000", "2017-12-31": -19, "2017-09-30": -16.3, "2017-06-30": 0.4, "2017-03-31": "-2.40000", "2016-12-31": 0.5, "2016-09-30": 14.5, "2016-06-30": 8.1, "2016-03-31": "3.10000", "2015-12-31": 3.5, "2015-09-30": 5.4, "2015-06-30": -5.4, "2015-03-31": "-6.40000", "2014-12-31": -4.6, "2014-09-30": -5.9, "2014-06-30": -7.9, "2014-03-31": "-13.40000", "2013-12-31": -14.045, "2013-09-30": 17.37, "2013-06-30": 5.493, "2013-03-31": "-20.21800", "2012-12-31": -3.752, "2012-09-30": -5.244, "2012-06-30": -5.334, "2012-03-31": "5.92800", "2011-12-31": -18.795, "2011-09-30": 4.756, "2011-06-30": -7.383, "2011-03-31": "-8.71700", "2010-12-31": -13, "2010-09-30": -12.802, "2010-06-30": -10.306, "2010-03-31": "-9.44100", "2009-12-31": 11.992, "2009-09-30": 8.856, "2009-06-30": -0.229, "2009-03-31": "-7.32700", "2008-12-31": -0.296, "2008-09-30": -7.168, "2008-06-30": -5.56, "2008-03-31": "-3.43700", "2007-12-31": -3.166, "2007-09-30": -3.752, "2007-06-30": -10.735, "2007-03-31": "-1.02500", "2006-12-31": 1.522, "2006-09-30": -2.177, "2006-06-30": -10.093, "2006-03-31": "3.16000", "2005-12-31": -18.274, "2005-09-30": -0.865, "2005-06-30": 0.678, "2005-03-31": "-4.73900"}, "Change In Accounts Payable": {"2020-09-30": 4.4, "2020-06-30": -18.3, "2020-03-31": "-12.80000", "2019-12-31": 0.9, "2019-09-30": 9.8, "2019-06-30": 0.4, "2019-03-31": "3.40000", "2018-12-31": -11.2, "2018-09-30": -0.4, "2018-06-30": -1.5, "2018-03-31": "11.10000", "2017-12-31": -2, "2017-09-30": 5.8, "2017-06-30": 18.4, "2017-03-31": "3.50000", "2016-12-31": 8.1, "2016-09-30": -3.7, "2016-06-30": -5.5, "2016-03-31": "11.90000", "2015-12-31": 0.5, "2015-09-30": -13, "2015-06-30": -5.1, "2015-03-31": "11.20000", "2014-12-31": -0.4, "2014-09-30": -7.3, "2014-06-30": -10, "2014-03-31": "10.50000", "2013-12-31": 6.667, "2013-09-30": -3.531, "2013-06-30": -12.855, "2013-03-31": "-6.08100", "2012-12-31": 18.157, "2012-09-30": 3.68, "2012-06-30": -0.057, "2012-03-31": "4.20500", "2011-12-31": -6.349, "2011-09-30": -6.737, "2011-06-30": -7.601, "2011-03-31": "16.37700", "2010-12-31": -2.219, "2010-09-30": -1.519, "2010-06-30": -10.004, "2010-03-31": "27.31900", "2009-12-31": 3.699, "2009-09-30": -5.858, "2009-06-30": -7.892, "2009-03-31": "12.68200", "2008-12-31": -19.039, "2008-09-30": -6.496, "2008-06-30": 0.877, "2008-03-31": "3.76000", "2007-12-31": 3.997, "2007-09-30": -1.22, "2007-06-30": -9.563, "2007-03-31": "3.26500", "2006-12-31": 1.763, "2006-09-30": -7.636, "2006-06-30": -2.975, "2006-03-31": "4.36100", "2005-12-31": 5.452, "2005-09-30": -2.377, "2005-06-30": -4.118, "2005-03-31": "2.12100"}, "Change In Assets/Liabilities": {"2020-09-30": -22.4, "2020-06-30": -56.7, "2020-03-31": "16.70000", "2019-12-31": 121.7, "2019-09-30": -20.7, "2019-06-30": -31.5, "2019-03-31": "90.50000", "2018-12-31": -23.6, "2018-09-30": -6.8, "2018-06-30": -15.9, "2018-03-31": "61.40000", "2017-12-31": 84.5, "2017-09-30": -34.2, "2017-06-30": -3.4, "2017-03-31": "58.40000", "2016-12-31": -0.1, "2016-09-30": -13.1, "2016-06-30": -35.6, "2016-03-31": "47.80000", "2015-12-31": 10.1, "2015-09-30": -16.3, "2015-06-30": -18.3, "2015-03-31": "45.00000", "2014-12-31": -27.8, "2014-09-30": 14.6, "2014-06-30": -12, "2014-03-31": "64.00000", "2013-12-31": -17.172, "2013-09-30": -23.22, "2013-06-30": 8.956, "2013-03-31": "49.03600", "2012-12-31": -19.773, "2012-09-30": -1.879, "2012-06-30": 7.22, "2012-03-31": "23.04700", "2011-12-31": 17.445, "2011-09-30": -1.468, "2011-06-30": 5.171, "2011-03-31": "8.14600", "2010-12-31": -1.268, "2010-09-30": 0.669, "2010-06-30": -1.686, "2010-03-31": "3.36500", "2009-12-31": 12.188, "2009-09-30": 3.155, "2009-06-30": 4.676, "2009-03-31": "4.83700", "2008-12-31": -3.202, "2008-09-30": -0.849, "2008-06-30": 1.667, "2008-03-31": "1.84300", "2007-12-31": 7.708, "2007-09-30": 10.796, "2007-06-30": 7.083, "2007-03-31": "14.46300", "2006-12-31": -17.801, "2006-09-30": -5.637, "2006-06-30": 9.182, "2006-03-31": "-1.41700", "2005-12-31": -11.818, "2005-09-30": 1.868, "2005-06-30": -1.81, "2005-03-31": "2.69200"}, "Total Change In Assets/Liabilities": {"2020-09-30": 5.8, "2020-06-30": 1.7, "2020-03-31": "18.80000", "2019-12-31": -7.3, "2019-09-30": -15.9, "2019-06-30": 17.7, "2019-03-31": "16.30000", "2018-12-31": -53.6, "2018-09-30": -31.4, "2018-06-30": 40.9, "2018-03-31": "-20.20000", "2017-12-31": 81, "2017-09-30": -55.1, "2017-06-30": 48.4, "2017-03-31": "10.70000", "2016-12-31": 38.5, "2016-09-30": -10, "2016-06-30": -20.7, "2016-03-31": "32.30000", "2015-12-31": -15.3, "2015-09-30": -24.7, "2015-06-30": 14.5, "2015-03-31": "9.30000", "2014-12-31": -23.3, "2014-09-30": 17, "2014-06-30": 5.2, "2014-03-31": "-13.60000", "2013-12-31": 25.66, "2013-09-30": -3.242, "2013-06-30": 37.172, "2013-03-31": "-45.79000", "2012-12-31": 35.623, "2012-09-30": -2.28, "2012-06-30": 3.895, "2012-03-31": "-13.65700", "2011-12-31": 30.429, "2011-09-30": -4.412, "2011-06-30": 5.114, "2011-03-31": "-29.32300", "2010-12-31": -4.14, "2010-09-30": -62.866, "2010-06-30": 17.236, "2010-03-31": "5.11500", "2009-12-31": 19.017, "2009-09-30": -1.484, "2009-06-30": 22.347, "2009-03-31": "5.15800", "2008-12-31": 0.09, "2008-09-30": -3.408, "2008-06-30": 18.248, "2008-03-31": "-36.25600", "2007-12-31": -1.05, "2007-09-30": 2.169, "2007-06-30": 7.755, "2007-03-31": "-6.28500", "2006-12-31": 7.049, "2006-09-30": -8.894, "2006-06-30": 3.402, "2006-03-31": "-13.71200", "2005-12-31": -17.236, "2005-09-30": 3.941, "2005-06-30": 7.914, "2005-03-31": "-25.37200"}, "Cash Flow From Operating Activities": {"2020-09-30": 180.5, "2020-06-30": 147.5, "2020-03-31": "155.70000", "2019-12-31": 122.2, "2019-09-30": 137.3, "2019-06-30": 177.9, "2019-03-31": "147.60000", "2018-12-31": 101.9, "2018-09-30": 117, "2018-06-30": 184.9, "2018-03-31": "82.90000", "2017-12-31": 107.1, "2017-09-30": 69.2, "2017-06-30": 149.4, "2017-03-31": "104.00000", "2016-12-31": 144.1, "2016-09-30": 91.4, "2016-06-30": 81.2, "2016-03-31": "114.40000", "2015-12-31": 80.6, "2015-09-30": 72.4, "2015-06-30": 96.8, "2015-03-31": "107.20000", "2014-12-31": 96.6, "2014-09-30": 95.9, "2014-06-30": 131.2, "2014-03-31": "83.40000", "2013-12-31": 136.192, "2013-09-30": 106.365, "2013-06-30": 134.655, "2013-03-31": "37.38800", "2012-12-31": 96.806, "2012-09-30": 88.8, "2012-06-30": 87.436, "2012-03-31": "67.65800", "2011-12-31": 79.808, "2011-09-30": 51.105, "2011-06-30": 82.789, "2011-03-31": "27.92700", "2010-12-31": 36.998, "2010-09-30": -8.277, "2010-06-30": 39.806, "2010-03-31": "55.50300", "2009-12-31": 55.51, "2009-09-30": 30.447, "2009-06-30": 65.513, "2009-03-31": "43.16100", "2008-12-31": 34.129, "2008-09-30": 41.582, "2008-06-30": 79.644, "2008-03-31": "20.71900", "2007-12-31": 57.901, "2007-09-30": 42.627, "2007-06-30": 54.71, "2007-03-31": "31.74700", "2006-12-31": 52.32, "2006-09-30": 24.154, "2006-06-30": 42.492, "2006-03-31": "16.87700", "2005-12-31": 22.769, "2005-09-30": 33.026, "2005-06-30": 38.705, "2005-03-31": "-2.13500"}, "Net Change In Property, Plant, And Equipment": {"2020-09-30": -15.5, "2020-06-30": -12.9, "2020-03-31": "-16.70000", "2019-12-31": -14.4, "2019-09-30": -16.1, "2019-06-30": -24, "2019-03-31": "-14.50000", "2018-12-31": -14.5, "2018-09-30": -17.1, "2018-06-30": -17.8, "2018-03-31": "-18.20000", "2017-12-31": -17.3, "2017-09-30": -10.8, "2017-06-30": -9.9, "2017-03-31": "-5.70000", "2016-12-31": -6.3, "2016-09-30": -7.5, "2016-06-30": -7.3, "2016-03-31": "-4.90000", "2015-12-31": -8.2, "2015-09-30": -9.2, "2015-06-30": -15.9, "2015-03-31": "-10.60000", "2014-12-31": -12.3, "2014-09-30": -6.6, "2014-06-30": -14.8, "2014-03-31": "-13.60000", "2013-12-31": -13.254, "2013-09-30": -18.215, "2013-06-30": -24.504, "2013-03-31": "-14.92700", "2012-12-31": -19.945, "2012-09-30": -12.818, "2012-06-30": -13.664, "2012-03-31": "-7.64400", "2011-12-31": -7.276, "2011-09-30": -6.68, "2011-06-30": -5.286, "2011-03-31": "-4.03600", "2010-12-31": -5.971, "2010-09-30": -6.132, "2010-06-30": -5.731, "2010-03-31": "-5.29900", "2009-12-31": -3.165, "2009-09-30": -2.126, "2009-06-30": -4.154, "2009-03-31": "-3.26100", "2008-12-31": -4.903, "2008-09-30": -3.361, "2008-06-30": -4.221, "2008-03-31": "-3.71100", "2007-12-31": -3.979, "2007-09-30": -2.938, "2007-06-30": -2.397, "2007-03-31": "-3.87300", "2006-12-31": -2.563, "2006-09-30": -3.023, "2006-06-30": -5.971, "2006-03-31": "-4.97200", "2005-12-31": -9.036, "2005-09-30": -6.666, "2005-06-30": -4.57, "2005-03-31": "-3.16400"}, "Net Change In Intangible Assets": {"2020-09-30": 0, "2020-06-30": 0, "2020-03-31": "", "2019-12-31": 0, "2019-09-30": 0, "2019-06-30": 0, "2019-03-31": "", "2018-12-31": 0, "2018-09-30": 0, "2018-06-30": 0, "2018-03-31": "", "2017-12-31": 0, "2017-09-30": 0, "2017-06-30": 0, "2017-03-31": "", "2016-12-31": 0.3, "2016-09-30": -0.3, "2016-06-30": 0, "2016-03-31": "", "2015-12-31": 0.1, "2015-09-30": -0.1, "2015-06-30": 0, "2015-03-31": "", "2014-12-31": -0.6, "2014-09-30": -7, "2014-06-30": 0, "2014-03-31": "", "2013-12-31": -0.095, "2013-09-30": -0.105, "2013-06-30": 0, "2013-03-31": "", "2012-12-31": -1.17, "2012-09-30": 0, "2012-06-30": 0.755, "2012-03-31": "-0.75500", "2011-12-31": 1.666, "2011-09-30": -1.1, "2011-06-30": -0.316, "2011-03-31": "-0.25000", "2010-12-31": -1.438, "2010-09-30": -0.328, "2010-06-30": 0, "2010-03-31": "-0.29700", "2009-12-31": 0, "2009-09-30": 0, "2009-06-30": -0.838, "2009-03-31": "-26.00100", "2008-12-31": 0.349, "2008-09-30": -0.184, "2008-06-30": 0.014, "2008-03-31": "-0.17900", "2007-12-31": 0, "2007-09-30": 0, "2007-06-30": 0, "2007-03-31": "", "2006-12-31": 0, "2006-09-30": 0, "2006-06-30": 0, "2006-03-31": "", "2005-12-31": 0.094, "2005-09-30": -0.005, "2005-06-30": -0.014, "2005-03-31": "-0.07500"}, "Net Acquisitions/Divestitures": {"2020-09-30": -0.9, "2020-06-30": 0, "2020-03-31": "-198.00000", "2019-12-31": -192.2, "2019-09-30": -33.2, "2019-06-30": -0.3, "2019-03-31": "4.90000", "2018-12-31": -22.1, "2018-09-30": -1208.5, "2018-06-30": -14.2, "2018-03-31": "-518.70000", "2017-12-31": -1.2, "2017-09-30": -154.1, "2017-06-30": -46.4, "2017-03-31": "-78.50000", "2016-12-31": -12.1, "2016-09-30": -2.3, "2016-06-30": -1.6, "2016-03-31": "-7.70000", "2015-12-31": -54.6, "2015-09-30": -43.1, "2015-06-30": -22.2, "2015-03-31": "-24.30000", "2014-12-31": -137, "2014-09-30": -145.8, "2014-06-30": -14.1, "2014-03-31": "-11.00000", "2013-12-31": -58.399, "2013-09-30": -21.448, "2013-06-30": -113.761, "2013-03-31": "-65.19200", "2012-12-31": -372.63, "2012-09-30": -17.808, "2012-06-30": -236.284, "2012-03-31": "-101.39200", "2011-12-31": -1.494, "2011-09-30": -666.794, "2011-06-30": -52.47, "2011-03-31": "-38.97900", "2010-12-31": -45.662, "2010-09-30": -40.001, "2010-06-30": -29.185, "2010-03-31": "-21.57100", "2009-12-31": -1.194, "2009-09-30": -11.795, "2009-06-30": -21.735, "2009-03-31": "-17.29400", "2008-12-31": -45.827, "2008-09-30": -24.228, "2008-06-30": -5.489, "2008-03-31": "-39.59300", "2007-12-31": -10.325, "2007-09-30": -7.78, "2007-06-30": -5.693, "2007-03-31": "-272.05000", "2006-12-31": -56.72, "2006-09-30": -5.03, "2006-06-30": -35.865, "2006-03-31": "-2.27200", "2005-12-31": -29.79, "2005-09-30": -1.356, "2005-06-30": -9.036, "2005-03-31": "-11.19700"}, "Net Change In Short-term Investments": {"2020-09-30": 0, "2020-06-30": 0, "2020-03-31": "", "2019-12-31": 0, "2019-09-30": 0, "2019-06-30": 0, "2019-03-31": "", "2018-12-31": 0, "2018-09-30": 0, "2018-06-30": 0, "2018-03-31": "179.00000", "2017-12-31": -24.9, "2017-09-30": -53.1, "2017-06-30": 40.5, "2017-03-31": "-30.70000", "2016-12-31": -48.8, "2016-09-30": -62.1, "2016-06-30": 0, "2016-03-31": "", "2015-12-31": 0, "2015-09-30": 0, "2015-06-30": 0, "2015-03-31": "", "2014-12-31": 0, "2014-09-30": 0, "2014-06-30": 0, "2014-03-31": "", "2013-12-31": 0, "2013-09-30": 0, "2013-06-30": 0, "2013-03-31": "", "2012-12-31": 0, "2012-09-30": 0, "2012-06-30": 0, "2012-03-31": "", "2011-12-31": 0, "2011-09-30": 0, "2011-06-30": 0, "2011-03-31": "", "2010-12-31": 0, "2010-09-30": 0, "2010-06-30": 0, "2010-03-31": "", "2009-12-31": 7, "2009-09-30": -2, "2009-06-30": 1.999, "2009-03-31": "-1.99900", "2008-12-31": -5, "2008-09-30": 0, "2008-06-30": 0, "2008-03-31": "", "2007-12-31": -5.576, "2007-09-30": 0, "2007-06-30": 0, "2007-03-31": "", "2006-12-31": 0, "2006-09-30": 0, "2006-06-30": 0, "2006-03-31": "", "2005-12-31": 0, "2005-09-30": 0, "2005-06-30": 0, "2005-03-31": ""}, "Net Change In Long-Term Investments": {"2020-09-30": 0, "2020-06-30": 0, "2020-03-31": "", "2019-12-31": 0, "2019-09-30": 0, "2019-06-30": 0, "2019-03-31": "", "2018-12-31": 0, "2018-09-30": 0, "2018-06-30": 0, "2018-03-31": "", "2017-12-31": 0, "2017-09-30": 0, "2017-06-30": 0, "2017-03-31": "", "2016-12-31": -15, "2016-09-30": 5.8, "2016-06-30": 4.6, "2016-03-31": "4.60000", "2015-12-31": -17.2, "2015-09-30": 6.8, "2015-06-30": 6.2, "2015-03-31": "-1.30000", "2014-12-31": 0, "2014-09-30": -8.3, "2014-06-30": -2.6, "2014-03-31": "", "2013-12-31": -0.029, "2013-09-30": 2.429, "2013-06-30": 0, "2013-03-31": "", "2012-12-31": 13.178, "2012-09-30": 0, "2012-06-30": 0, "2012-03-31": "", "2011-12-31": 15.665, "2011-09-30": -3.267, "2011-06-30": 0, "2011-03-31": "", "2010-12-31": -2.5, "2010-09-30": -2, "2010-06-30": -0.942, "2010-03-31": "-2.75000", "2009-12-31": -0.75, "2009-09-30": 6.995, "2009-06-30": -6.995, "2009-03-31": "", "2008-12-31": 0, "2008-09-30": 0, "2008-06-30": 0, "2008-03-31": "", "2007-12-31": 0, "2007-09-30": 0, "2007-06-30": 0, "2007-03-31": "", "2006-12-31": 0, "2006-09-30": 0, "2006-06-30": 0, "2006-03-31": "", "2005-12-31": 0, "2005-09-30": 0, "2005-06-30": 0, "2005-03-31": ""}, "Net Change In Investments - Total": {"2020-09-30": 0, "2020-06-30": 0, "2020-03-31": "", "2019-12-31": 0, "2019-09-30": 0, "2019-06-30": 0, "2019-03-31": "", "2018-12-31": 0, "2018-09-30": 0, "2018-06-30": 0, "2018-03-31": "179.00000", "2017-12-31": -24.9, "2017-09-30": -53.1, "2017-06-30": 40.5, "2017-03-31": "-30.70000", "2016-12-31": -63.8, "2016-09-30": -56.3, "2016-06-30": 4.6, "2016-03-31": "4.60000", "2015-12-31": -17.2, "2015-09-30": 6.8, "2015-06-30": 6.2, "2015-03-31": "-1.30000", "2014-12-31": 0, "2014-09-30": -8.3, "2014-06-30": -2.6, "2014-03-31": "", "2013-12-31": -0.029, "2013-09-30": 2.429, "2013-06-30": 0, "2013-03-31": "", "2012-12-31": 13.178, "2012-09-30": 0, "2012-06-30": 0, "2012-03-31": "", "2011-12-31": 15.665, "2011-09-30": -3.267, "2011-06-30": 0, "2011-03-31": "", "2010-12-31": -2.5, "2010-09-30": -2, "2010-06-30": -0.942, "2010-03-31": "-2.75000", "2009-12-31": 6.25, "2009-09-30": 4.995, "2009-06-30": -4.996, "2009-03-31": "-1.99900", "2008-12-31": -5, "2008-09-30": 0, "2008-06-30": 0, "2008-03-31": "", "2007-12-31": -5.576, "2007-09-30": 0, "2007-06-30": 0, "2007-03-31": "", "2006-12-31": 0, "2006-09-30": 0, "2006-06-30": 0, "2006-03-31": "", "2005-12-31": 0, "2005-09-30": 0, "2005-06-30": 0, "2005-03-31": ""}, "Investing Activities - Other": {"2020-09-30": -0.3, "2020-06-30": -0.1, "2020-03-31": "0.30000", "2019-12-31": 0, "2019-09-30": 0.4, "2019-06-30": 14.1, "2019-03-31": "", "2018-12-31": -0.2, "2018-09-30": -2.4, "2018-06-30": 0.7, "2018-03-31": "4.40000", "2017-12-31": 0.4, "2017-09-30": 0.2, "2017-06-30": 0.7, "2017-03-31": "19.60000", "2016-12-31": 13.6, "2016-09-30": 0.4, "2016-06-30": 0, "2016-03-31": "-0.30000", "2015-12-31": 20.9, "2015-09-30": -0.1, "2015-06-30": -0.4, "2015-03-31": "0.80000", "2014-12-31": 8.3, "2014-09-30": -1, "2014-06-30": 12, "2014-03-31": "10.40000", "2013-12-31": 3.385, "2013-09-30": -3.941, "2013-06-30": -0.458, "2013-03-31": "3.71400", "2012-12-31": 4.243, "2012-09-30": 2.133, "2012-06-30": -0.736, "2012-03-31": "0.25100", "2011-12-31": -10.28, "2011-09-30": 0.456, "2011-06-30": 6.832, "2011-03-31": "0.04400", "2010-12-31": 8.334, "2010-09-30": 0.032, "2010-06-30": 5.066, "2010-03-31": "0.00100", "2009-12-31": 0.87, "2009-09-30": 3.03, "2009-06-30": -0.527, "2009-03-31": "0.01400", "2008-12-31": 6.294, "2008-09-30": 3.041, "2008-06-30": 0.166, "2008-03-31": "0.13600", "2007-12-31": -0.03, "2007-09-30": 2.29, "2007-06-30": 0.947, "2007-03-31": "0.01200", "2006-12-31": 0, "2006-09-30": 2.228, "2006-06-30": 0, "2006-03-31": "", "2005-12-31": -0.103, "2005-09-30": 0, "2005-06-30": 0.515, "2005-03-31": ""}, "Cash Flow From Investing Activities": {"2020-09-30": -16.7, "2020-06-30": -13, "2020-03-31": "-214.40000", "2019-12-31": -206.6, "2019-09-30": -48.9, "2019-06-30": -10.2, "2019-03-31": "-9.60000", "2018-12-31": -36.8, "2018-09-30": -1228, "2018-06-30": -31.3, "2018-03-31": "-353.50000", "2017-12-31": -43, "2017-09-30": -217.8, "2017-06-30": -15.1, "2017-03-31": "-95.30000", "2016-12-31": -68.3, "2016-09-30": -66, "2016-06-30": -4.3, "2016-03-31": "-8.30000", "2015-12-31": -59, "2015-09-30": -45.7, "2015-06-30": -32.3, "2015-03-31": "-35.40000", "2014-12-31": -141.6, "2014-09-30": -168.7, "2014-06-30": -19.5, "2014-03-31": "-14.20000", "2013-12-31": -68.392, "2013-09-30": -41.28, "2013-06-30": -138.723, "2013-03-31": "-76.40500", "2012-12-31": -376.324, "2012-09-30": -28.493, "2012-06-30": -249.929, "2012-03-31": "-109.54000", "2011-12-31": -1.719, "2011-09-30": -677.385, "2011-06-30": -51.24, "2011-03-31": "-43.22100", "2010-12-31": -47.237, "2010-09-30": -48.429, "2010-06-30": -30.792, "2010-03-31": "-29.91600", "2009-12-31": 2.761, "2009-09-30": -5.896, "2009-06-30": -32.25, "2009-03-31": "-48.54100", "2008-12-31": -49.087, "2008-09-30": -24.732, "2008-06-30": -9.53, "2008-03-31": "-43.34700", "2007-12-31": -19.91, "2007-09-30": -8.428, "2007-06-30": -7.143, "2007-03-31": "-275.91100", "2006-12-31": -59.283, "2006-09-30": -5.825, "2006-06-30": -41.836, "2006-03-31": "-7.24400", "2005-12-31": -38.835, "2005-09-30": -8.027, "2005-06-30": -13.105, "2005-03-31": "-14.43600"}, "Net Long-Term Debt": {"2020-09-30": -170.7, "2020-06-30": -146.1, "2020-03-31": "137.30000", "2019-12-31": 88.1, "2019-09-30": 10.8, "2019-06-30": -153.6, "2019-03-31": "-72.80000", "2018-12-31": -41.3, "2018-09-30": 721.8999, "2018-06-30": 162.7001, "2018-03-31": "208.00000", "2017-12-31": 217.9, "2017-09-30": 82.8, "2017-06-30": -36, "2017-03-31": "25.90000", "2016-12-31": -50, "2016-09-30": -55.3, "2016-06-30": 50, "2016-03-31": "-55.00000", "2015-12-31": -27.1, "2015-09-30": 119, "2015-06-30": -24.1, "2015-03-31": "-68.00000", "2014-12-31": 87.4, "2014-09-30": -8.8, "2014-06-30": -8.7, "2014-03-31": "-93.80000", "2013-12-31": -50.735, "2013-09-30": -95.698, "2013-06-30": -22.186, "2013-03-31": "9.01900", "2012-12-31": 264.3811, "2012-09-30": -54.993, "2012-06-30": 73.837, "2012-03-31": "58.65000", "2011-12-31": -72.747, "2011-09-30": 509.889, "2011-06-30": -32.934, "2011-03-31": "-0.67200", "2010-12-31": -0.031, "2010-09-30": -0.373, "2010-06-30": -0.04, "2010-03-31": "-0.05400", "2009-12-31": -0.015, "2009-09-30": -0.019, "2009-06-30": -0.149, "2009-03-31": "", "2008-12-31": 100.002, "2008-09-30": 50.998, "2008-06-30": -60.002, "2008-03-31": "-0.31200", "2007-12-31": -20.42, "2007-09-30": -42.52, "2007-06-30": -47.517, "2007-03-31": "170.00000", "2006-12-31": 0, "2006-09-30": 0, "2006-06-30": 0, "2006-03-31": "", "2005-12-31": 0, "2005-09-30": 0, "2005-06-30": -28.125, "2005-03-31": "-10.12500"}, "Net Current Debt": {"2020-09-30": 0, "2020-06-30": 0, "2020-03-31": "", "2019-12-31": 0, "2019-09-30": 0, "2019-06-30": 0, "2019-03-31": "", "2018-12-31": 0, "2018-09-30": 0, "2018-06-30": 0, "2018-03-31": "", "2017-12-31": 0, "2017-09-30": 0, "2017-06-30": 0, "2017-03-31": "", "2016-12-31": 0, "2016-09-30": 0, "2016-06-30": 0, "2016-03-31": "", "2015-12-31": 0, "2015-09-30": 0, "2015-06-30": 0, "2015-03-31": "", "2014-12-31": 0, "2014-09-30": 0, "2014-06-30": 0, "2014-03-31": "", "2013-12-31": 0, "2013-09-30": 0, "2013-06-30": 0, "2013-03-31": "", "2012-12-31": 0, "2012-09-30": 0, "2012-06-30": 0, "2012-03-31": "", "2011-12-31": 0, "2011-09-30": 0, "2011-06-30": 0, "2011-03-31": "", "2010-12-31": 0, "2010-09-30": 0, "2010-06-30": 0, "2010-03-31": "", "2009-12-31": 0, "2009-09-30": 0, "2009-06-30": 0, "2009-03-31": "", "2008-12-31": 0, "2008-09-30": 0, "2008-06-30": 0, "2008-03-31": "", "2007-12-31": 0, "2007-09-30": 0, "2007-06-30": 0, "2007-03-31": "", "2006-12-31": 0, "2006-09-30": 0, "2006-06-30": 0, "2006-03-31": "", "2005-12-31": 0, "2005-09-30": 0, "2005-06-30": 0, "2005-03-31": ""}, "Debt Issuance/Retirement Net - Total": {"2020-09-30": -170.7, "2020-06-30": -146.1, "2020-03-31": "137.30000", "2019-12-31": 88.1, "2019-09-30": 10.8, "2019-06-30": -153.6, "2019-03-31": "-72.80000", "2018-12-31": -41.3, "2018-09-30": 721.8999, "2018-06-30": 162.7001, "2018-03-31": "208.00000", "2017-12-31": 217.9, "2017-09-30": 82.8, "2017-06-30": -36, "2017-03-31": "25.90000", "2016-12-31": -50, "2016-09-30": -55.3, "2016-06-30": 50, "2016-03-31": "-55.00000", "2015-12-31": -27.1, "2015-09-30": 119, "2015-06-30": -24.1, "2015-03-31": "-68.00000", "2014-12-31": 87.4, "2014-09-30": -8.8, "2014-06-30": -8.7, "2014-03-31": "-93.80000", "2013-12-31": -50.735, "2013-09-30": -95.698, "2013-06-30": -22.186, "2013-03-31": "9.01900", "2012-12-31": 264.3811, "2012-09-30": -54.993, "2012-06-30": 73.837, "2012-03-31": "58.65000", "2011-12-31": -72.747, "2011-09-30": 509.889, "2011-06-30": -32.934, "2011-03-31": "-0.67200", "2010-12-31": -0.031, "2010-09-30": -0.373, "2010-06-30": -0.04, "2010-03-31": "-0.05400", "2009-12-31": -0.015, "2009-09-30": -0.019, "2009-06-30": -0.149, "2009-03-31": "", "2008-12-31": 100.002, "2008-09-30": 50.998, "2008-06-30": -60.002, "2008-03-31": "-0.31200", "2007-12-31": -20.42, "2007-09-30": -42.52, "2007-06-30": -47.517, "2007-03-31": "170.00000", "2006-12-31": 0, "2006-09-30": 0, "2006-06-30": 0, "2006-03-31": "", "2005-12-31": 0, "2005-09-30": 0, "2005-06-30": -28.125, "2005-03-31": "-10.12500"}, "Net Common Equity Issued/Repurchased": {"2020-09-30": -11.4, "2020-06-30": -4, "2020-03-31": "-37.30000", "2019-12-31": 0.7, "2019-09-30": -105.8, "2019-06-30": -31.2, "2019-03-31": "-14.40000", "2018-12-31": -52.1, "2018-09-30": 30.6, "2018-06-30": -3.6, "2018-03-31": "-27.70000", "2017-12-31": -173, "2017-09-30": -67.9, "2017-06-30": 4, "2017-03-31": "25.40000", "2016-12-31": 0.2, "2016-09-30": 11.1, "2016-06-30": -67.2, "2016-03-31": "3.90000", "2015-12-31": 0.6, "2015-09-30": -148.3, "2015-06-30": -59.1, "2015-03-31": "2.10000", "2014-12-31": -30.3, "2014-09-30": -50.7, "2014-06-30": 6.8, "2014-03-31": "32.50000", "2013-12-31": 10.033, "2013-09-30": 13.713, "2013-06-30": 9.517, "2013-03-31": "14.43700", "2012-12-31": 22.045, "2012-09-30": 9.98, "2012-06-30": 0.48, "2012-03-31": "26.68200", "2011-12-31": 5.687, "2011-09-30": 9.519, "2011-06-30": 2.878, "2011-03-31": "27.78500", "2010-12-31": 12.663, "2010-09-30": 0.675, "2010-06-30": -51.292, "2010-03-31": "8.64900", "2009-12-31": 1.182, "2009-09-30": 7.898, "2009-06-30": 1.173, "2009-03-31": "4.60200", "2008-12-31": -9.354, "2008-09-30": -72.864, "2008-06-30": -3.481, "2008-03-31": "-17.38700", "2007-12-31": 4.034, "2007-09-30": 12.069, "2007-06-30": 5.287, "2007-03-31": "10.47400", "2006-12-31": 2.432, "2006-09-30": 6.972, "2006-06-30": 10.013, "2006-03-31": "7.14900", "2005-12-31": 3.582, "2005-09-30": 5.428, "2005-06-30": 9.887, "2005-03-31": "5.56600"}, "Net Total Equity Issued/Repurchased": {"2020-09-30": -11.4, "2020-06-30": -4, "2020-03-31": "-37.30000", "2019-12-31": 0.7, "2019-09-30": -105.8, "2019-06-30": -31.2, "2019-03-31": "-14.40000", "2018-12-31": -52.1, "2018-09-30": 30.6, "2018-06-30": -3.6, "2018-03-31": "-27.70000", "2017-12-31": -173, "2017-09-30": -67.9, "2017-06-30": 4, "2017-03-31": "25.40000", "2016-12-31": 0.2, "2016-09-30": 11.1, "2016-06-30": -67.2, "2016-03-31": "3.90000", "2015-12-31": 0.6, "2015-09-30": -148.3, "2015-06-30": -59.1, "2015-03-31": "2.10000", "2014-12-31": -30.3, "2014-09-30": -50.7, "2014-06-30": 6.8, "2014-03-31": "32.50000", "2013-12-31": 10.033, "2013-09-30": 13.713, "2013-06-30": 9.517, "2013-03-31": "14.43700", "2012-12-31": 22.045, "2012-09-30": 9.98, "2012-06-30": 0.48, "2012-03-31": "26.68200", "2011-12-31": 5.687, "2011-09-30": 9.519, "2011-06-30": 2.878, "2011-03-31": "27.78500", "2010-12-31": 12.663, "2010-09-30": 0.675, "2010-06-30": -51.292, "2010-03-31": "8.64900", "2009-12-31": 1.182, "2009-09-30": 7.898, "2009-06-30": 1.173, "2009-03-31": "4.60200", "2008-12-31": -9.354, "2008-09-30": -72.864, "2008-06-30": -3.481, "2008-03-31": "-17.38700", "2007-12-31": 4.034, "2007-09-30": 12.069, "2007-06-30": 5.287, "2007-03-31": "10.47400", "2006-12-31": 2.432, "2006-09-30": 6.972, "2006-06-30": 10.013, "2006-03-31": "7.14900", "2005-12-31": 3.582, "2005-09-30": 5.428, "2005-06-30": 9.887, "2005-03-31": "5.56600"}, "Total Common And Preferred Stock Dividends Paid": {"2020-09-30": 0, "2020-06-30": 0, "2020-03-31": "", "2019-12-31": 0, "2019-09-30": 0, "2019-06-30": 0, "2019-03-31": "", "2018-12-31": 0, "2018-09-30": 0, "2018-06-30": 0, "2018-03-31": "", "2017-12-31": 0, "2017-09-30": 0, "2017-06-30": 0, "2017-03-31": "", "2016-12-31": 0, "2016-09-30": 0, "2016-06-30": 0, "2016-03-31": "", "2015-12-31": 0, "2015-09-30": 0, "2015-06-30": 0, "2015-03-31": "", "2014-12-31": 0, "2014-09-30": 0, "2014-06-30": 0, "2014-03-31": "", "2013-12-31": 0, "2013-09-30": 0, "2013-06-30": 0, "2013-03-31": "", "2012-12-31": 0, "2012-09-30": 0, "2012-06-30": 0, "2012-03-31": "", "2011-12-31": 0, "2011-09-30": 0, "2011-06-30": 0, "2011-03-31": "", "2010-12-31": 0, "2010-09-30": 0, "2010-06-30": 0, "2010-03-31": "", "2009-12-31": 0, "2009-09-30": 0, "2009-06-30": 0, "2009-03-31": "", "2008-12-31": 0, "2008-09-30": 0, "2008-06-30": 0, "2008-03-31": "", "2007-12-31": 0, "2007-09-30": 0, "2007-06-30": 0, "2007-03-31": "", "2006-12-31": 0, "2006-09-30": 0, "2006-06-30": 0, "2006-03-31": "", "2005-12-31": 0, "2005-09-30": 0, "2005-06-30": 0, "2005-03-31": ""}, "Financial Activities - Other": {"2020-09-30": -0.1, "2020-06-30": -10.4, "2020-03-31": "-0.40000", "2019-12-31": -4.2, "2019-09-30": -2.9, "2019-06-30": -0.2, "2019-03-31": "-7.10000", "2018-12-31": -0.2, "2018-09-30": -7.1, "2018-06-30": -1.8, "2018-03-31": "", "2017-12-31": -5.3, "2017-09-30": -2.7, "2017-06-30": -4.3, "2017-03-31": "-0.30000", "2016-12-31": -15, "2016-09-30": 0, "2016-06-30": 0, "2016-03-31": "", "2015-12-31": -1.4, "2015-09-30": 0.5, "2015-06-30": 0.2, "2015-03-31": "0.70000", "2014-12-31": 0, "2014-09-30": 0.6, "2014-06-30": 3.3, "2014-03-31": "10.20000", "2013-12-31": 4.697, "2013-09-30": 1.187, "2013-06-30": 2.832, "2013-03-31": "4.78400", "2012-12-31": 8.672, "2012-09-30": 1.419, "2012-06-30": 7.674, "2012-03-31": "7.58000", "2011-12-31": 3.064, "2011-09-30": 0.748, "2011-06-30": 2.593, "2011-03-31": "8.35700", "2010-12-31": 7.668, "2010-09-30": 0.559, "2010-06-30": 0.93, "2010-03-31": "0.48200", "2009-12-31": 0.149, "2009-09-30": 1, "2009-06-30": 0.283, "2009-03-31": "0.02100", "2008-12-31": 0.112, "2008-09-30": 0.598, "2008-06-30": 3.257, "2008-03-31": "1.99200", "2007-12-31": -0.874, "2007-09-30": 7.354, "2007-06-30": 3.736, "2007-03-31": "2.19300", "2006-12-31": 0.419, "2006-09-30": 3.184, "2006-06-30": 0.042, "2006-03-31": "3.95100", "2005-12-31": -0.005, "2005-09-30": 0.083, "2005-06-30": 0.197, "2005-03-31": "0.11000"}, "Cash Flow From Financial Activities": {"2020-09-30": -182.2, "2020-06-30": -160.5, "2020-03-31": "99.60000", "2019-12-31": 84.6, "2019-09-30": -97.9, "2019-06-30": -185, "2019-03-31": "-94.30000", "2018-12-31": -93.6, "2018-09-30": 745.4, "2018-06-30": 157.3, "2018-03-31": "180.30000", "2017-12-31": 39.6, "2017-09-30": 12.2, "2017-06-30": -36.3, "2017-03-31": "51.00000", "2016-12-31": -64.8, "2016-09-30": -44.2, "2016-06-30": -17.2, "2016-03-31": "-51.10000", "2015-12-31": -27.9, "2015-09-30": -28.8, "2015-06-30": -83, "2015-03-31": "-65.20000", "2014-12-31": 57.1, "2014-09-30": -58.9, "2014-06-30": 1.4, "2014-03-31": "-51.10000", "2013-12-31": -36.005, "2013-09-30": -80.798, "2013-06-30": -9.837, "2013-03-31": "28.24000", "2012-12-31": 295.098, "2012-09-30": -43.594, "2012-06-30": 81.991, "2012-03-31": "92.91200", "2011-12-31": -63.996, "2011-09-30": 520.156, "2011-06-30": -27.463, "2011-03-31": "35.47000", "2010-12-31": 20.3, "2010-09-30": 0.861, "2010-06-30": -50.402, "2010-03-31": "9.07700", "2009-12-31": 1.316, "2009-09-30": 8.879, "2009-06-30": 1.307, "2009-03-31": "4.62300", "2008-12-31": 90.76, "2008-09-30": -21.268, "2008-06-30": -60.226, "2008-03-31": "-15.70700", "2007-12-31": -17.26, "2007-09-30": -23.097, "2007-06-30": -38.494, "2007-03-31": "182.66700", "2006-12-31": 2.851, "2006-09-30": 10.156, "2006-06-30": 10.055, "2006-03-31": "11.10000", "2005-12-31": 3.577, "2005-09-30": 5.511, "2005-06-30": -18.041, "2005-03-31": "-4.44900"}, "Net Cash Flow": {"2020-09-30": -12.4, "2020-06-30": -20.4, "2020-03-31": "27.60000", "2019-12-31": 4.6, "2019-09-30": -15, "2019-06-30": -17.1, "2019-03-31": "44.20000", "2018-12-31": -32.9, "2018-09-30": -365.6, "2018-06-30": 296.5, "2018-03-31": "-84.00000", "2017-12-31": 103.5, "2017-09-30": -129.9, "2017-06-30": 104.1, "2017-03-31": "64.70000", "2016-12-31": 2.6, "2016-09-30": -18.4, "2016-06-30": 57.2, "2016-03-31": "58.70000", "2015-12-31": -7.6, "2015-09-30": -5.4, "2015-06-30": -16.7, "2015-03-31": "-2.30000", "2014-12-31": 8.5, "2014-09-30": -139.4, "2014-06-30": 113.7, "2014-03-31": "18.00000", "2013-12-31": 31.914, "2013-09-30": -13.815, "2013-06-30": -14.48, "2013-03-31": "-14.21900", "2012-12-31": 15.931, "2012-09-30": 19.903, "2012-06-30": -87.209, "2012-03-31": "54.52500", "2011-12-31": 16.366, "2011-09-30": -111.556, "2011-06-30": 5.469, "2011-03-31": "23.55400", "2010-12-31": 9.732, "2010-09-30": -50.604, "2010-06-30": -45.413, "2010-03-31": "33.22500", "2009-12-31": 58.749, "2009-09-30": 36.94, "2009-06-30": 38.331, "2009-03-31": "-2.70300", "2008-12-31": 72.052, "2008-09-30": -9.344, "2008-06-30": 8.444, "2008-03-31": "-31.82300", "2007-12-31": 19.13, "2007-09-30": 10.312, "2007-06-30": 10.189, "2007-03-31": "-66.05000", "2006-12-31": -6.781, "2006-09-30": 28.676, "2006-06-30": 10.078, "2006-03-31": "23.79500", "2005-12-31": -13.44, "2005-09-30": 30.433, "2005-06-30": 6.667, "2005-03-31": "-21.67900"}, "Stock-Based Compensation": {"2020-09-30": 27.8, "2020-06-30": 18.6, "2020-03-31": "10.70000", "2019-12-31": 22.9, "2019-09-30": 18.6, "2019-06-30": 17.2, "2019-03-31": "16.30000", "2018-12-31": 23.8, "2018-09-30": 18.8, "2018-06-30": 16.9, "2018-03-31": "17.40000", "2017-12-31": 19.8, "2017-09-30": 16.1, "2017-06-30": 15.2, "2017-03-31": "13.70000", "2016-12-31": 12.6, "2016-09-30": 13.3, "2016-06-30": 13, "2016-03-31": "13.70000", "2015-12-31": 12.8, "2015-09-30": 12.8, "2015-06-30": 12, "2015-03-31": "12.50000", "2014-12-31": 11.3, "2014-09-30": 11, "2014-06-30": 11, "2014-03-31": "10.10000", "2013-12-31": 10.342, "2013-09-30": 8.905, "2013-06-30": 8.435, "2013-03-31": "8.81800", "2012-12-31": 9.032, "2012-09-30": 7.684, "2012-06-30": 8.155, "2012-03-31": "7.78900", "2011-12-31": 7.418, "2011-09-30": 7.106, "2011-06-30": 7.129, "2011-03-31": "6.79800", "2010-12-31": 6.96, "2010-09-30": 5.54, "2010-06-30": 4.984, "2010-03-31": "5.64100", "2009-12-31": 5.338, "2009-09-30": 4.541, "2009-06-30": 4.554, "2009-03-31": "4.22600", "2008-12-31": 4.563, "2008-09-30": 3.826, "2008-06-30": 3.795, "2008-03-31": "3.98200", "2007-12-31": 4.067, "2007-09-30": 3.804, "2007-06-30": 3.792, "2007-03-31": "3.35300", "2006-12-31": 3.134, "2006-09-30": 2.948, "2006-06-30": 3.259, "2006-03-31": "3.23000", "2005-12-31": 0, "2005-09-30": 0, "2005-06-30": 0, "2005-03-31": ""}, "Common Stock Dividends Paid": {"2020-09-30": 0, "2020-06-30": 0, "2020-03-31": "", "2019-12-31": 0, "2019-09-30": 0, "2019-06-30": 0, "2019-03-31": "", "2018-12-31": 0, "2018-09-30": 0, "2018-06-30": 0, "2018-03-31": "", "2017-12-31": 0, "2017-09-30": 0, "2017-06-30": 0, "2017-03-31": "", "2016-12-31": 0, "2016-09-30": 0, "2016-06-30": 0, "2016-03-31": "", "2015-12-31": 0, "2015-09-30": 0, "2015-06-30": 0, "2015-03-31": "", "2014-12-31": 0, "2014-09-30": 0, "2014-06-30": 0, "2014-03-31": "", "2013-12-31": 0, "2013-09-30": 0, "2013-06-30": 0, "2013-03-31": "", "2012-12-31": 0, "2012-09-30": 0, "2012-06-30": 0, "2012-03-31": "", "2011-12-31": 0, "2011-09-30": 0, "2011-06-30": 0, "2011-03-31": "", "2010-12-31": 0, "2010-09-30": 0, "2010-06-30": 0, "2010-03-31": "", "2009-12-31": 0, "2009-09-30": 0, "2009-06-30": 0, "2009-03-31": "", "2008-12-31": 0, "2008-09-30": 0, "2008-06-30": 0, "2008-03-31": "", "2007-12-31": 0, "2007-09-30": 0, "2007-06-30": 0, "2007-03-31": "", "2006-12-31": 0, "2006-09-30": 0, "2006-06-30": 0, "2006-03-31": "", "2005-12-31": 0, "2005-09-30": 0, "2005-06-30": 0, "2005-03-31": ""}}, "financial ratios": {"Current Ratio": {"2019-12-31": "1.01810", "2018-12-31": "1.03210", "2017-12-31": "1.69600", "2016-12-31": "1.42210", "2015-12-31": "1.20810", "2014-12-31": "1.53370", "2013-12-31": "1.45070", "2012-12-31": "1.74100", "2011-12-31": "1.78220", "2010-12-31": "2.83690", "2009-12-31": "3.09110", "2008-12-31": "2.63500", "2007-12-31": "2.22650", "2006-12-31": "2.49310", "2005-12-31": "2.45560"}, "Long-term Debt / Capital": {"2019-12-31": "0.34230", "2018-12-31": "0.39030", "2017-12-31": "0.24550", "2016-12-31": "0.17520", "2015-12-31": "0.21590", "2014-12-31": "0.22190", "2013-12-31": "0.22590", "2012-12-31": "0.31330", "2011-12-31": "0.23880", "2010-12-31": "0.09840", "2009-12-31": "0.10670", "2008-12-31": "0.11690", "2007-12-31": "0.05180", "2006-12-31": "0.00060", "2005-12-31": "0.00080"}, "Debt/Equity Ratio": {"2019-12-31": "0.59070", "2018-12-31": "0.73590", "2017-12-31": "0.37850", "2016-12-31": "0.26890", "2015-12-31": "0.32860", "2014-12-31": "0.31250", "2013-12-31": "0.33950", "2012-12-31": "0.47620", "2011-12-31": "0.35520", "2010-12-31": "0.11050", "2009-12-31": "0.11980", "2008-12-31": "0.13250", "2007-12-31": "0.05470", "2006-12-31": "0.00060", "2005-12-31": "0.00110"}, "Gross Margin": {"2019-12-31": "54.55690", "2018-12-31": "54.07930", "2017-12-31": "52.05370", "2016-12-31": "52.26280", "2015-12-31": "52.48870", "2014-12-31": "53.88440", "2013-12-31": "52.61130", "2012-12-31": "51.28030", "2011-12-31": "50.45910", "2010-12-31": "49.88660", "2009-12-31": "48.82250", "2008-12-31": "48.83530", "2007-12-31": "50.14480", "2006-12-31": "49.04330", "2005-12-31": "50.30310"}, "Operating Margin": {"2019-12-31": "11.51550", "2018-12-31": "10.31720", "2017-12-31": "8.90610", "2016-12-31": "7.63730", "2015-12-31": "6.74120", "2014-12-31": "10.88710", "2013-12-31": "11.00040", "2012-12-31": "10.41940", "2011-12-31": "9.51310", "2010-12-31": "9.86150", "2009-12-31": "7.61990", "2008-12-31": "13.95240", "2007-12-31": "14.58490", "2006-12-31": "14.39830", "2005-12-31": "16.12360"}, "EBIT Margin": {"2019-12-31": "11.51550", "2018-12-31": "10.31720", "2017-12-31": "8.90610", "2016-12-31": "7.63730", "2015-12-31": "6.74120", "2014-12-31": "10.88710", "2013-12-31": "11.00040", "2012-12-31": "10.41940", "2011-12-31": "9.51310", "2010-12-31": "9.86150", "2009-12-31": "7.61990", "2008-12-31": "13.95240", "2007-12-31": "14.58490", "2006-12-31": "14.39830", "2005-12-31": "16.12360"}, "EBITDA Margin": {"2019-12-31": "17.86290", "2018-12-31": "17.24040", "2017-12-31": "15.83600", "2016-12-31": "15.58780", "2015-12-31": "15.43400", "2014-12-31": "18.88540", "2013-12-31": "19.28240", "2012-12-31": "17.74250", "2011-12-31": "15.98560", "2010-12-31": "15.72250", "2009-12-31": "13.96540", "2008-12-31": "18.77570", "2007-12-31": "19.18080", "2006-12-31": "17.26620", "2005-12-31": "18.57050"}, "Pre-Tax Profit Margin": {"2019-12-31": "10.56280", "2018-12-31": "8.94350", "2017-12-31": "9.37840", "2016-12-31": "7.45520", "2015-12-31": "6.62770", "2014-12-31": "11.10420", "2013-12-31": "11.05280", "2012-12-31": "11.24570", "2011-12-31": "10.18540", "2010-12-31": "10.90370", "2009-12-31": "7.77980", "2008-12-31": "14.40250", "2007-12-31": "15.03400", "2006-12-31": "15.75200", "2005-12-31": "16.10350"}, "Net Profit Margin": {"2019-12-31": "15.75530", "2018-12-31": "9.09790", "2017-12-31": "4.47380", "2016-12-31": "5.60520", "2015-12-31": "5.28730", "2014-12-31": "8.93760", "2013-12-31": "9.56690", "2012-12-31": "9.36520", "2011-12-31": "9.16970", "2010-12-31": "8.01120", "2009-12-31": "5.63330", "2008-12-31": "10.64310", "2007-12-31": "9.60300", "2006-12-31": "11.02570", "2005-12-31": "10.95030"}, "Asset Turnover": {"2019-12-31": "0.49160", "2018-12-31": "0.53810", "2017-12-31": "0.61310", "2016-12-31": "0.64300", "2015-12-31": "0.62230", "2014-12-31": "0.62130", "2013-12-31": "0.61830", "2012-12-31": "0.58810", "2011-12-31": "0.61980", "2010-12-31": "0.69310", "2009-12-31": "0.64240", "2008-12-31": "0.81300", "2007-12-31": "0.79400", "2006-12-31": "0.95590", "2005-12-31": "1.04280"}, "Inventory Turnover Ratio": {"2019-12-31": "4.75300", "2018-12-31": "4.78990", "2017-12-31": "4.79550", "2016-12-31": "5.15360", "2015-12-31": "4.16780", "2014-12-31": "3.97230", "2013-12-31": "4.26370", "2012-12-31": "4.13230", "2011-12-31": "3.50980", "2010-12-31": "3.36240", "2009-12-31": "4.00240", "2008-12-31": "4.22700", "2007-12-31": "4.26080", "2006-12-31": "4.25640", "2005-12-31": "3.57070"}, "Receiveable Turnover": {"2019-12-31": "5.36710", "2018-12-31": "6.06400", "2017-12-31": "5.62490", "2016-12-31": "6.05360", "2015-12-31": "6.07860", "2014-12-31": "6.11880", "2013-12-31": "6.33690", "2012-12-31": "5.98620", "2011-12-31": "5.82370", "2010-12-31": "5.30540", "2009-12-31": "5.25920", "2008-12-31": "5.99270", "2007-12-31": "4.88740", "2006-12-31": "5.13550", "2005-12-31": "5.11190"}, "Days Sales In Receivables": {"2019-12-31": "68.00630", "2018-12-31": "60.19140", "2017-12-31": "64.89040", "2016-12-31": "60.29510", "2015-12-31": "60.04720", "2014-12-31": "59.65250", "2013-12-31": "57.59900", "2012-12-31": "60.97380", "2011-12-31": "62.67450", "2010-12-31": "68.79740", "2009-12-31": "69.40180", "2008-12-31": "60.90750", "2007-12-31": "74.68160", "2006-12-31": "71.07360", "2005-12-31": "71.40150"}, "ROE - Return On Equity": {"2019-12-31": "16.48830", "2018-12-31": "10.59150", "2017-12-31": "4.90780", "2016-12-31": "5.73360", "2015-12-31": "5.43550", "2014-12-31": "9.08900", "2013-12-31": "9.76730", "2012-12-31": "9.91450", "2011-12-31": "9.37180", "2010-12-31": "7.47730", "2009-12-31": "5.05810", "2008-12-31": "12.32220", "2007-12-31": "10.58350", "2006-12-31": "13.86420", "2005-12-31": "14.85410"}, "Return On Tangible Equity": {"2019-12-31": "-41.52880", "2018-12-31": "-17.60170", "2017-12-31": "-49.91570", "2016-12-31": "-125.66550", "2015-12-31": "-32.36790", "2014-12-31": "-65.43280", "2013-12-31": "-58.20420", "2012-12-31": "-34.70880", "2011-12-31": "-80.23940", "2010-12-31": "29.43440", "2009-12-31": "21.49440", "2008-12-31": "70.63340", "2007-12-31": "49.86170", "2006-12-31": "33.87710", "2005-12-31": "32.91520"}, "ROA - Return On Assets": {"2019-12-31": "7.74770", "2018-12-31": "4.90440", "2017-12-31": "2.74540", "2016-12-31": "3.59850", "2015-12-31": "3.27930", "2014-12-31": "5.54730", "2013-12-31": "5.89600", "2012-12-31": "5.46870", "2011-12-31": "5.61400", "2010-12-31": "5.55000", "2009-12-31": "3.64820", "2008-12-31": "8.62210", "2007-12-31": "7.62490", "2006-12-31": "10.54000", "2005-12-31": "11.41920"}, "ROI - Return On Investment": {"2019-12-31": "10.84390", "2018-12-31": "6.45760", "2017-12-31": "3.70310", "2016-12-31": "4.72940", "2015-12-31": "4.26200", "2014-12-31": "7.07250", "2013-12-31": "7.56050", "2012-12-31": "6.80820", "2011-12-31": "7.13360", "2010-12-31": "6.74190", "2009-12-31": "4.51850", "2008-12-31": "10.88160", "2007-12-31": "10.03550", "2006-12-31": "13.85530", "2005-12-31": "14.84290"}, "Book Value Per Share": {"2019-12-31": "12.48660", "2018-12-31": "10.66080", "2017-12-31": "9.70070", "2016-12-31": "9.17510", "2015-12-31": "8.85760", "2014-12-31": "9.07950", "2013-12-31": "8.63500", "2012-12-31": "7.51920", "2011-12-31": "6.42430", "2010-12-31": "5.72890", "2009-12-31": "5.24930", "2008-12-31": "4.80490", "2007-12-31": "4.56030", "2006-12-31": "3.34620", "2005-12-31": "1.32460"}, "Operating Cash Flow Per Share": {"2019-12-31": 0.3925, "2018-12-31": 0.2468, "2017-12-31": -0.024, "2016-12-31": 0.3169, "2015-12-31": -0.1581, "2014-12-31": -0.0482, "2013-12-31": 0.2605, "2012-12-31": 0.369, "2011-12-31": 0.4569, "2010-12-31": -0.2954, "2009-12-31": 0.0877, "2008-12-31": -0.0429, "2007-12-31": 0.1663, "2006-12-31": 0.1788, "2005-12-31": 0.4064}, "Free Cash Flow Per Share": {"2019-12-31": 0.3864, "2018-12-31": 0.1502, "2017-12-31": -0.0918, "2016-12-31": 0.3843, "2015-12-31": -0.1491, "2014-12-31": 0.0444, "2013-12-31": 0.1996, "2012-12-31": 0.2507, "2011-12-31": 0.4581, "2010-12-31": -0.3368, "2009-12-31": 0.1008, "2008-12-31": -0.055, "2007-12-31": 0.1845, "2006-12-31": 0.2107, "2005-12-31": 0.3033}}, "financial ratios, quarterly": {"Current Ratio": {"2020-09-30": "0.92370", "2020-06-30": "0.95690", "2020-03-31": "0.97200", "2019-12-31": "1.01810", "2019-09-30": "1.00240", "2019-06-30": "1.04300", "2019-03-31": "1.05300", "2018-12-31": "1.03210", "2018-09-30": "1.08360", "2018-06-30": "1.93430", "2018-03-31": "0.98060", "2017-12-31": "1.69600", "2017-09-30": "1.43730", "2017-06-30": "1.43090", "2017-03-31": "1.46910", "2016-12-31": "1.42210", "2016-09-30": "1.38030", "2016-06-30": "1.29930", "2016-03-31": "1.20060", "2015-12-31": "1.20810", "2015-09-30": "1.24070", "2015-06-30": "1.27060", "2015-03-31": "1.31320", "2014-12-31": "1.53370", "2014-09-30": "1.46740", "2014-06-30": "1.82250", "2014-03-31": "1.65350", "2013-12-31": "1.45070", "2013-09-30": "1.45600", "2013-06-30": "1.45530", "2013-03-31": "1.59930", "2012-12-31": "1.74100", "2012-09-30": "1.60400", "2012-06-30": "1.63480", "2012-03-31": "1.78930", "2011-12-31": "1.78220", "2011-09-30": "1.87610", "2011-06-30": "2.77780", "2011-03-31": "1.88750", "2010-12-31": "2.83690", "2010-09-30": "2.61600", "2010-06-30": "2.45060", "2010-03-31": "2.98270", "2009-12-31": "3.09110", "2009-09-30": "3.04180", "2009-06-30": "2.79600", "2009-03-31": "2.62960", "2008-12-31": "2.63500", "2008-09-30": "2.37250", "2008-06-30": "2.26700", "2008-03-31": "2.42100", "2007-12-31": "2.22650", "2007-09-30": "2.20280", "2007-06-30": "2.12920", "2007-03-31": "2.17520", "2006-12-31": "2.49310", "2006-09-30": "2.86350", "2006-06-30": "2.48400", "2006-03-31": "2.57740", "2005-12-31": "2.45560", "2005-09-30": "2.82000", "2005-06-30": "2.69390", "2005-03-31": "2.48030"}, "Long-term Debt / Capital": {"2020-09-30": "0.29330", "2020-06-30": "0.32750", "2020-03-31": "0.35330", "2019-12-31": "0.34230", "2019-09-30": "0.35190", "2019-06-30": "0.34880", "2019-03-31": "0.37530", "2018-12-31": "0.39030", "2018-09-30": "0.40280", "2018-06-30": "0.33810", "2018-03-31": "0.21670", "2017-12-31": "0.24550", "2017-09-30": "0.17970", "2017-06-30": "0.15590", "2017-03-31": "0.17400", "2016-12-31": "0.17520", "2016-09-30": "0.18440", "2016-06-30": "0.20940", "2016-03-31": "0.19090", "2015-12-31": "0.21590", "2015-09-30": "0.21660", "2015-06-30": "0.18060", "2015-03-31": "0.18470", "2014-12-31": "0.22190", "2014-09-30": "0.19640", "2014-06-30": "0.19540", "2014-03-31": "0.20650", "2013-12-31": "0.22590", "2013-09-30": "0.24750", "2013-06-30": "0.27890", "2013-03-31": "0.29670", "2012-12-31": "0.31330", "2012-09-30": "0.23260", "2012-06-30": "0.26380", "2012-03-31": "0.23910", "2011-12-31": "0.23880", "2011-09-30": "0.26720", "2011-06-30": "0.07430", "2011-03-31": "0.00020", "2010-12-31": "0.09840", "2010-09-30": "0.10280", "2010-06-30": "0.10840", "2010-03-31": "0.10380", "2009-12-31": "0.10670", "2009-09-30": "0.10790", "2009-06-30": "0.11150", "2009-03-31": "0.11580", "2008-12-31": "0.11690", "2008-09-30": "0.04250", "2008-06-30": "0.00040", "2008-03-31": "0.04960", "2007-12-31": "0.05180", "2007-09-30": "0.07020", "2007-06-30": "0.09950", "2007-03-31": "0.14360", "2006-12-31": "0.00060", "2006-09-30": "0.00070", "2006-06-30": "0.00070", "2006-03-31": "0.00070", "2005-12-31": "0.00080", "2005-09-30": "0.00120", "2005-06-30": "0.00130", "2005-03-31": "0.03230"}, "Debt/Equity Ratio": {"2020-09-30": "0.49840", "2020-06-30": "0.57040", "2020-03-31": "0.63680", "2019-12-31": "0.59070", "2019-09-30": "0.62780", "2019-06-30": "0.61690", "2019-03-31": "0.69070", "2018-12-31": "0.73590", "2018-09-30": "0.75990", "2018-06-30": "0.51100", "2018-03-31": "0.44890", "2017-12-31": "0.37850", "2017-09-30": "0.27210", "2017-06-30": "0.24320", "2017-03-31": "0.26770", "2016-12-31": "0.26890", "2016-09-30": "0.28870", "2016-06-30": "0.32300", "2016-03-31": "0.29510", "2015-12-31": "0.32860", "2015-09-30": "0.34470", "2015-06-30": "0.27340", "2015-03-31": "0.28340", "2014-12-31": "0.31250", "2014-09-30": "0.27360", "2014-06-30": "0.26760", "2014-03-31": "0.28240", "2013-12-31": "0.33950", "2013-09-30": "0.37800", "2013-06-30": "0.44050", "2013-03-31": "0.46820", "2012-12-31": "0.47620", "2012-09-30": "0.35240", "2012-06-30": "0.40480", "2012-03-31": "0.36580", "2011-12-31": "0.35520", "2011-09-30": "0.40730", "2011-06-30": "0.08160", "2011-03-31": "0.10300", "2010-12-31": "0.11050", "2010-09-30": "0.11600", "2010-06-30": "0.12320", "2010-03-31": "0.11610", "2009-12-31": "0.11980", "2009-09-30": "0.12100", "2009-06-30": "0.12550", "2009-03-31": "0.13110", "2008-12-31": "0.13250", "2008-09-30": "0.04450", "2008-06-30": "0.00050", "2008-03-31": "0.05230", "2007-12-31": "0.05470", "2007-09-30": "0.07560", "2007-06-30": "0.12170", "2007-03-31": "0.17810", "2006-12-31": "0.00060", "2006-09-30": "0.00110", "2006-06-30": "0.00130", "2006-03-31": "0.00100", "2005-12-31": "0.00110", "2005-09-30": "0.00120", "2005-06-30": "0.00130", "2005-03-31": "0.05880"}, "Gross Margin": {"2020-09-30": "55.51070", "2020-06-30": "55.30260", "2020-03-31": "55.66070", "2019-12-31": "55.82530", "2019-09-30": "53.83340", "2019-06-30": "53.88400", "2019-03-31": "54.67810", "2018-12-31": "55.40420", "2018-09-30": "53.68460", "2018-06-30": "53.81290", "2018-03-31": "53.38180", "2017-12-31": "51.37180", "2017-09-30": "51.93730", "2017-06-30": "51.91700", "2017-03-31": "53.11170", "2016-12-31": "52.83570", "2016-09-30": "52.90190", "2016-06-30": "51.77170", "2016-03-31": "51.56090", "2015-12-31": "52.36730", "2015-09-30": "52.99660", "2015-06-30": "51.87780", "2015-03-31": "52.72920", "2014-12-31": "51.88010", "2014-09-30": "54.17240", "2014-06-30": "55.21640", "2014-03-31": "54.05990", "2013-12-31": "53.31030", "2013-09-30": "53.01920", "2013-06-30": "52.47350", "2013-03-31": "51.59290", "2012-12-31": "49.74810", "2012-09-30": "52.07750", "2012-06-30": "51.72270", "2012-03-31": "51.59610", "2011-12-31": "50.03980", "2011-09-30": "50.68100", "2011-06-30": "51.26470", "2011-03-31": "49.83960", "2010-12-31": "50.51200", "2010-09-30": "50.20210", "2010-06-30": "49.02340", "2010-03-31": "49.84000", "2009-12-31": "47.07690", "2009-09-30": "49.11070", "2009-06-30": "49.23070", "2009-03-31": "49.82040", "2008-12-31": "45.52230", "2008-09-30": "50.48140", "2008-06-30": "49.52760", "2008-03-31": "49.07910", "2007-12-31": "49.76810", "2007-09-30": "49.63800", "2007-06-30": "51.00780", "2007-03-31": "50.09240", "2006-12-31": "49.44960", "2006-09-30": "49.47440", "2006-06-30": "49.58950", "2006-03-31": "47.58070", "2005-12-31": "49.40500", "2005-09-30": "51.61820", "2005-06-30": "50.14420", "2005-03-31": "50.05910"}, "Operating Margin": {"2020-09-30": "12.87720", "2020-06-30": "13.30430", "2020-03-31": "12.40690", "2019-12-31": "10.70390", "2019-09-30": "11.69790", "2019-06-30": "12.83340", "2019-03-31": "10.76600", "2018-12-31": "11.40680", "2018-09-30": "9.73340", "2018-06-30": "11.39400", "2018-03-31": "8.65000", "2017-12-31": "7.95940", "2017-09-30": "9.80480", "2017-06-30": "8.94080", "2017-03-31": "8.95840", "2016-12-31": "9.34410", "2016-09-30": "9.46760", "2016-06-30": "6.64370", "2016-03-31": "5.12860", "2015-12-31": "5.87810", "2015-09-30": "8.18070", "2015-06-30": "6.14540", "2015-03-31": "6.78000", "2014-12-31": "13.62190", "2014-09-30": "1.89810", "2014-06-30": "15.13550", "2014-03-31": "12.51860", "2013-12-31": "11.23330", "2013-09-30": "11.32590", "2013-06-30": "11.26250", "2013-03-31": "10.15210", "2012-12-31": "5.88310", "2012-09-30": "12.57420", "2012-06-30": "11.38440", "2012-03-31": "11.91560", "2011-12-31": "6.59790", "2011-09-30": "7.77320", "2011-06-30": "12.66480", "2011-03-31": "11.36500", "2010-12-31": "5.95520", "2010-09-30": "9.95250", "2010-06-30": "12.16720", "2010-03-31": "11.32080", "2009-12-31": "4.56780", "2009-09-30": "7.47650", "2009-06-30": "9.90340", "2009-03-31": "8.39300", "2008-12-31": "3.89430", "2008-09-30": "16.47610", "2008-06-30": "16.65680", "2008-03-31": "16.33570", "2007-12-31": "12.55280", "2007-09-30": "14.79140", "2007-06-30": "17.07190", "2007-03-31": "13.74290", "2006-12-31": "11.66120", "2006-09-30": "15.46980", "2006-06-30": "15.76230", "2006-03-31": "14.64000", "2005-12-31": "12.30050", "2005-09-30": "17.52240", "2005-06-30": "18.96780", "2005-03-31": "15.45680"}, "EBIT Margin": {"2020-09-30": "12.87720", "2020-06-30": "13.30430", "2020-03-31": "12.40690", "2019-12-31": "10.70390", "2019-09-30": "11.69790", "2019-06-30": "12.83340", "2019-03-31": "10.76600", "2018-12-31": "11.40670", "2018-09-30": "9.73340", "2018-06-30": "11.39400", "2018-03-31": "8.65000", "2017-12-31": "7.95940", "2017-09-30": "9.80480", "2017-06-30": "8.94080", "2017-03-31": "8.95840", "2016-12-31": "9.34410", "2016-09-30": "9.46760", "2016-06-30": "6.64370", "2016-03-31": "5.12860", "2015-12-31": "5.87810", "2015-09-30": "8.18070", "2015-06-30": "6.14540", "2015-03-31": "6.78000", "2014-12-31": "13.62190", "2014-09-30": "1.89810", "2014-06-30": "15.13550", "2014-03-31": "12.51860", "2013-12-31": "11.23330", "2013-09-30": "11.32590", "2013-06-30": "11.26250", "2013-03-31": "10.15210", "2012-12-31": "5.88310", "2012-09-30": "12.57420", "2012-06-30": "11.38440", "2012-03-31": "11.91560", "2011-12-31": "6.59790", "2011-09-30": "7.77320", "2011-06-30": "12.66480", "2011-03-31": "11.36500", "2010-12-31": "5.95520", "2010-09-30": "9.95250", "2010-06-30": "12.16720", "2010-03-31": "11.32080", "2009-12-31": "4.56780", "2009-09-30": "7.47650", "2009-06-30": "9.90340", "2009-03-31": "8.39300", "2008-12-31": "3.89430", "2008-09-30": "16.47610", "2008-06-30": "16.65680", "2008-03-31": "16.33570", "2007-12-31": "12.55280", "2007-09-30": "14.79140", "2007-06-30": "17.07190", "2007-03-31": "13.74290", "2006-12-31": "11.66120", "2006-09-30": "15.46980", "2006-06-30": "15.76230", "2006-03-31": "14.64000", "2005-12-31": "12.30050", "2005-09-30": "17.52240", "2005-06-30": "18.96780", "2005-03-31": "15.45680"}, "EBITDA Margin": {"2020-09-30": "", "2020-06-30": "", "2020-03-31": "", "2019-12-31": "", "2019-09-30": "", "2019-06-30": "", "2019-03-31": "", "2018-12-31": "", "2018-09-30": "", "2018-06-30": "", "2018-03-31": "", "2017-12-31": "", "2017-09-30": "", "2017-06-30": "", "2017-03-31": "", "2016-12-31": "", "2016-09-30": "", "2016-06-30": "", "2016-03-31": "", "2015-12-31": "", "2015-09-30": "", "2015-06-30": "", "2015-03-31": "", "2014-12-31": "", "2014-09-30": "", "2014-06-30": "", "2014-03-31": "", "2013-12-31": "", "2013-09-30": "", "2013-06-30": "", "2013-03-31": "", "2012-12-31": "", "2012-09-30": "", "2012-06-30": "", "2012-03-31": "", "2011-12-31": "", "2011-09-30": "", "2011-06-30": "", "2011-03-31": "", "2010-12-31": "", "2010-09-30": "", "2010-06-30": "", "2010-03-31": "", "2009-12-31": "", "2009-09-30": "", "2009-06-30": "", "2009-03-31": "", "2008-12-31": "", "2008-09-30": "", "2008-06-30": "", "2008-03-31": "", "2007-12-31": "", "2007-09-30": "", "2007-06-30": "", "2007-03-31": "", "2006-12-31": "", "2006-09-30": "", "2006-06-30": "", "2006-03-31": "", "2005-12-31": "", "2005-09-30": "", "2005-06-30": "", "2005-03-31": ""}, "Pre-Tax Profit Margin": {"2020-09-30": "12.17020", "2020-06-30": "12.39100", "2020-03-31": "10.02150", "2019-12-31": "9.13840", "2019-09-30": "10.06510", "2019-06-30": "13.50020", "2019-03-31": "9.38120", "2018-12-31": "8.65690", "2018-09-30": "8.06090", "2018-06-30": "10.08280", "2018-03-31": "8.98680", "2017-12-31": "6.94480", "2017-09-30": "10.63300", "2017-06-30": "9.69840", "2017-03-31": "10.43240", "2016-12-31": "9.60030", "2016-09-30": "8.93680", "2016-06-30": "6.28280", "2016-03-31": "5.04290", "2015-12-31": "5.05630", "2015-09-30": "7.73610", "2015-06-30": "6.11130", "2015-03-31": "7.58670", "2014-12-31": "12.69950", "2014-09-30": "1.21410", "2014-06-30": "15.38460", "2014-03-31": "14.63540", "2013-12-31": "11.06950", "2013-09-30": "11.41270", "2013-06-30": "11.91950", "2013-03-31": "9.77660", "2012-12-31": "7.56200", "2012-09-30": "13.23830", "2012-06-30": "12.22870", "2012-03-31": "12.01090", "2011-12-31": "7.14430", "2011-09-30": "7.15920", "2011-06-30": "14.78450", "2011-03-31": "12.04320", "2010-12-31": "6.88450", "2010-09-30": "12.04520", "2010-06-30": "12.25300", "2010-03-31": "12.42890", "2009-12-31": "4.57000", "2009-09-30": "7.99410", "2009-06-30": "10.26710", "2009-03-31": "8.16600", "2008-12-31": "3.34600", "2008-09-30": "16.95250", "2008-06-30": "17.74720", "2008-03-31": "16.83410", "2007-12-31": "12.95950", "2007-09-30": "15.15930", "2007-06-30": "17.15460", "2007-03-31": "14.74280", "2006-12-31": "13.68450", "2006-09-30": "16.60120", "2006-06-30": "16.79150", "2006-03-31": "15.88280", "2005-12-31": "16.94880", "2005-09-30": "16.22470", "2005-06-30": "17.68640", "2005-03-31": "13.52370"}, "Net Profit Margin": {"2020-09-30": "10.69310", "2020-06-30": "8.58780", "2020-03-31": "7.81270", "2019-12-31": "33.89560", "2019-09-30": "9.96300", "2019-06-30": "11.06690", "2019-03-31": "7.77200", "2018-12-31": "11.01210", "2018-09-30": "9.26810", "2018-06-30": "8.16040", "2018-03-31": "7.88200", "2017-12-31": "-5.13000", "2017-09-30": "8.45900", "2017-06-30": "7.16780", "2017-03-31": "8.15590", "2016-12-31": "6.44000", "2016-09-30": "6.71120", "2016-06-30": "5.85630", "2016-03-31": "3.39620", "2015-12-31": "4.28800", "2015-09-30": "6.59790", "2015-06-30": "4.42130", "2015-03-31": "5.85310", "2014-12-31": "9.89710", "2014-09-30": "2.01780", "2014-06-30": "12.13020", "2014-03-31": "11.34450", "2013-12-31": "10.02050", "2013-09-30": "9.78770", "2013-06-30": "9.47110", "2013-03-31": "8.95650", "2012-12-31": "6.43730", "2012-09-30": "10.57210", "2012-06-30": "10.37410", "2012-03-31": "10.11770", "2011-12-31": "6.75670", "2011-09-30": "6.70070", "2011-06-30": "13.18320", "2011-03-31": "10.33140", "2010-12-31": "11.30790", "2010-09-30": "10.32180", "2010-06-30": "1.90570", "2010-03-31": "8.74500", "2009-12-31": "3.44000", "2009-09-30": "5.77540", "2009-06-30": "7.19050", "2009-03-31": "6.04420", "2008-12-31": "5.12490", "2008-09-30": "11.90750", "2008-06-30": "12.86480", "2008-03-31": "11.27710", "2007-12-31": "8.40550", "2007-09-30": "9.24730", "2007-06-30": "10.68740", "2007-03-31": "10.03840", "2006-12-31": "10.24480", "2006-09-30": "10.79070", "2006-06-30": "11.61840", "2006-03-31": "11.43570", "2005-12-31": "12.52160", "2005-09-30": "10.73620", "2005-06-30": "11.64750", "2005-03-31": "8.92550"}, "Asset Turnover": {"2020-09-30": "0.11960", "2020-06-30": "0.11040", "2020-03-31": "0.11820", "2019-12-31": "0.12410", "2019-09-30": "0.13510", "2019-06-30": "0.14550", "2019-03-31": "0.13540", "2018-12-31": "0.13600", "2018-09-30": "0.13750", "2018-06-30": "0.16170", "2018-03-31": "0.15880", "2017-12-31": "0.16210", "2017-09-30": "0.16170", "2017-06-30": "0.16340", "2017-03-31": "0.15670", "2016-12-31": "0.15930", "2016-09-30": "0.15650", "2016-06-30": "0.16250", "2016-03-31": "0.15550", "2015-12-31": "0.15210", "2015-09-30": "0.15120", "2015-06-30": "0.15500", "2015-03-31": "0.15340", "2014-12-31": "0.14620", "2014-09-30": "0.15310", "2014-06-30": "0.16610", "2014-03-31": "0.16010", "2013-12-31": "0.16190", "2013-09-30": "0.15310", "2013-06-30": "0.15860", "2013-03-31": "0.15600", "2012-12-31": "0.14860", "2012-09-30": "0.16710", "2012-06-30": "0.17410", "2012-03-31": "0.17490", "2011-12-31": "0.16410", "2011-09-30": "0.15380", "2011-06-30": "0.19670", "2011-03-31": "0.19220", "2010-12-31": "0.17320", "2010-09-30": "0.17520", "2010-06-30": "0.18720", "2010-03-31": "0.17400", "2009-12-31": "0.15830", "2009-09-30": "0.15580", "2009-06-30": "0.17150", "2009-03-31": "0.17600", "2008-12-31": "0.16400", "2008-09-30": "0.20850", "2008-06-30": "0.23850", "2008-03-31": "0.22380", "2007-12-31": "0.20320", "2007-09-30": "0.19680", "2007-06-30": "0.22230", "2007-03-31": "0.20030", "2006-12-31": "0.23810", "2006-09-30": "0.25720", "2006-06-30": "0.27870", "2006-03-31": "0.28360", "2005-12-31": "0.25140", "2005-09-30": "0.26960", "2005-06-30": "0.30680", "2005-03-31": "0.29210"}, "Inventory Turnover Ratio": {"2020-09-30": "1.10640", "2020-06-30": "0.96840", "2020-03-31": "1.07370", "2019-12-31": "1.16630", "2019-09-30": "1.24750", "2019-06-30": "1.36920", "2019-03-31": "1.19620", "2018-12-31": "1.17550", "2018-09-30": "1.28640", "2018-06-30": "1.28470", "2018-03-31": "1.19680", "2017-12-31": "1.28610", "2017-09-30": "1.27600", "2017-06-30": "1.42100", "2017-03-31": "1.29490", "2016-12-31": "1.26190", "2016-09-30": "1.22650", "2016-06-30": "1.21640", "2016-03-31": "1.10530", "2015-12-31": "1.02110", "2015-09-30": "0.97380", "2015-06-30": "1.00390", "2015-03-31": "0.99780", "2014-12-31": "0.97550", "2014-09-30": "0.96390", "2014-06-30": "1.04820", "2014-03-31": "1.04160", "2013-12-31": "1.10010", "2013-09-30": "1.08260", "2013-06-30": "1.05870", "2013-03-31": "1.03300", "2012-12-31": "1.07700", "2012-09-30": "1.03240", "2012-06-30": "1.09610", "2012-03-31": "1.08220", "2011-12-31": "0.93690", "2011-09-30": "0.95450", "2011-06-30": "0.91830", "2011-03-31": "0.94950", "2010-12-31": "0.82980", "2010-09-30": "0.89600", "2010-06-30": "1.06760", "2010-03-31": "1.06210", "2009-12-31": "1.01990", "2009-09-30": "0.85560", "2009-06-30": "0.87510", "2009-03-31": "0.87660", "2008-12-31": "0.90770", "2008-09-30": "1.00270", "2008-06-30": "1.24320", "2008-03-31": "1.21830", "2007-12-31": "1.09860", "2007-09-30": "1.04870", "2007-06-30": "1.16630", "2007-03-31": "1.11740", "2006-12-31": "1.05150", "2006-09-30": "1.03290", "2006-06-30": "1.08550", "2006-03-31": "1.16580", "2005-12-31": "0.87640", "2005-09-30": "0.97070", "2005-06-30": "1.13320", "2005-03-31": "1.06860"}, "Receiveable Turnover": {"2020-09-30": "1.62020", "2020-06-30": "1.53220", "2020-03-31": "1.44950", "2019-12-31": "1.35480", "2019-09-30": "1.51890", "2019-06-30": "1.56330", "2019-03-31": "1.46010", "2018-12-31": "1.53240", "2018-09-30": "1.58030", "2018-06-30": "1.65190", "2018-03-31": "1.45790", "2017-12-31": "1.48740", "2017-09-30": "1.52780", "2017-06-30": "1.56450", "2017-03-31": "1.43600", "2016-12-31": "1.50030", "2016-09-30": "1.44360", "2016-06-30": "1.47390", "2016-03-31": "1.48310", "2015-12-31": "1.48540", "2015-09-30": "1.56240", "2015-06-30": "1.53550", "2015-03-31": "1.44420", "2014-12-31": "1.44010", "2014-09-30": "1.50610", "2014-06-30": "1.58730", "2014-03-31": "1.44240", "2013-12-31": "1.65950", "2013-09-30": "1.48400", "2013-06-30": "1.53100", "2013-03-31": "1.37990", "2012-12-31": "1.51270", "2012-09-30": "1.51000", "2012-06-30": "1.56180", "2012-03-31": "1.52770", "2011-12-31": "1.54150", "2011-09-30": "1.33230", "2011-06-30": "1.42960", "2011-03-31": "1.31750", "2010-12-31": "1.32580", "2010-09-30": "1.28350", "2010-06-30": "1.49160", "2010-03-31": "1.32550", "2009-12-31": "1.29600", "2009-09-30": "1.26740", "2009-06-30": "1.38340", "2009-03-31": "1.26850", "2008-12-31": "1.20860", "2008-09-30": "1.23220", "2008-06-30": "1.36290", "2008-03-31": "1.22250", "2007-12-31": "1.25070", "2007-09-30": "1.16880", "2007-06-30": "1.32610", "2007-03-31": "1.25090", "2006-12-31": "1.27890", "2006-09-30": "1.29940", "2006-06-30": "1.35330", "2006-03-31": "1.27320", "2005-12-31": "1.23240", "2005-09-30": "1.26230", "2005-06-30": "1.33210", "2005-03-31": "1.23550"}, "Days Sales In Receivables": {"2020-09-30": "55.54980", "2020-06-30": "58.74050", "2020-03-31": "62.09010", "2019-12-31": "66.42960", "2019-09-30": "59.25370", "2019-06-30": "57.57140", "2019-03-31": "61.63920", "2018-12-31": "58.73200", "2018-09-30": "56.95170", "2018-06-30": "54.48120", "2018-03-31": "61.73400", "2017-12-31": "60.51010", "2017-09-30": "58.90860", "2017-06-30": "57.52690", "2017-03-31": "62.67280", "2016-12-31": "59.98970", "2016-09-30": "62.34210", "2016-06-30": "61.06300", "2016-03-31": "60.68440", "2015-12-31": "60.58960", "2015-09-30": "57.60450", "2015-06-30": "58.61220", "2015-03-31": "62.31720", "2014-12-31": "62.49560", "2014-09-30": "59.75810", "2014-06-30": "56.70060", "2014-03-31": "62.39800", "2013-12-31": "54.23410", "2013-09-30": "60.64650", "2013-06-30": "58.78670", "2013-03-31": "65.22370", "2012-12-31": "59.49760", "2012-09-30": "59.60230", "2012-06-30": "57.62740", "2012-03-31": "58.91190", "2011-12-31": "58.38490", "2011-09-30": "67.55400", "2011-06-30": "62.95420", "2011-03-31": "68.30940", "2010-12-31": "67.88340", "2010-09-30": "70.11920", "2010-06-30": "60.33940", "2010-03-31": "67.90050", "2009-12-31": "69.44650", "2009-09-30": "71.00980", "2009-06-30": "65.05740", "2009-03-31": "70.94810", "2008-12-31": "74.46480", "2008-09-30": "73.04310", "2008-06-30": "66.03710", "2008-03-31": "73.61970", "2007-12-31": "71.95930", "2007-09-30": "77.00060", "2007-06-30": "67.86580", "2007-03-31": "71.94850", "2006-12-31": "70.37500", "2006-09-30": "69.26390", "2006-06-30": "66.50340", "2006-03-31": "70.68770", "2005-12-31": "73.02720", "2005-09-30": "71.29610", "2005-06-30": "67.56180", "2005-03-31": "72.84690"}, "ROE - Return On Equity": {"2020-09-30": "2.53040", "2020-06-30": "1.96690", "2020-03-31": "1.99530", "2019-12-31": "8.95400", "2019-09-30": "2.80120", "2019-06-30": "3.34830", "2019-03-31": "2.27490", "2018-12-31": "3.24510", "2018-09-30": "2.78260", "2018-06-30": "2.54610", "2018-03-31": "2.34810", "2017-12-31": "-1.48270", "2017-09-30": "2.23660", "2017-06-30": "1.87870", "2017-03-31": "2.05710", "2016-12-31": "1.63510", "2016-09-30": "1.68990", "2016-06-30": "1.58600", "2016-03-31": "0.86150", "2015-12-31": "1.07630", "2015-09-30": "1.67940", "2015-06-30": "1.10290", "2015-03-31": "1.45260", "2014-12-31": "2.37530", "2014-09-30": "0.49920", "2014-06-30": "3.18670", "2014-03-31": "2.89350", "2013-12-31": "2.67210", "2013-09-30": "2.55220", "2013-06-30": "2.69210", "2013-03-31": "2.48910", "2012-12-31": "1.70780", "2012-09-30": "2.94790", "2012-06-30": "3.08610", "2012-03-31": "2.93930", "2011-12-31": "1.80400", "2011-09-30": "1.73840", "2011-06-30": "3.47290", "2011-03-31": "2.61060", "2010-12-31": "2.58700", "2010-09-30": "2.48930", "2010-06-30": "0.54500", "2010-03-31": "2.15740", "2009-12-31": "0.73300", "2009-09-30": "1.26610", "2009-06-30": "1.75180", "2009-03-31": "1.53060", "2008-12-31": "1.15730", "2008-09-30": "3.36780", "2008-06-30": "4.02000", "2008-03-31": "3.45780", "2007-12-31": "2.37060", "2007-09-30": "2.55210", "2007-06-30": "3.46530", "2007-03-31": "2.99590", "2006-12-31": "3.20800", "2006-09-30": "3.57470", "2006-06-30": "4.28780", "2006-03-31": "4.22120", "2005-12-31": "4.09500", "2005-09-30": "3.72400", "2005-06-30": "4.62950", "2005-03-31": "3.55760"}, "Return On Tangible Equity": {"2020-09-30": "-7.73580", "2020-06-30": "-5.09800", "2020-03-31": "-4.54310", "2019-12-31": "-22.55230", "2019-09-30": "-5.68580", "2019-06-30": "-6.89960", "2019-03-31": "-4.17310", "2018-12-31": "-5.39300", "2018-09-30": "-4.38690", "2018-06-30": "-10.92550", "2018-03-31": "-8.47410", "2017-12-31": "15.08000", "2017-09-30": "-41.53960", "2017-06-30": "-160.34030", "2017-03-31": "-71.86120", "2016-12-31": "-35.83650", "2016-09-30": "-24.12300", "2016-06-30": "-13.08340", "2016-03-31": "-6.69610", "2015-12-31": "-6.40920", "2015-09-30": "-9.67070", "2015-06-30": "-9.42640", "2015-03-31": "-12.83020", "2014-12-31": "-17.10000", "2014-09-30": "-4.54170", "2014-06-30": "-77.78800", "2014-03-31": "-30.95720", "2013-12-31": "-15.92350", "2013-09-30": "-12.99260", "2013-06-30": "-10.59030", "2013-03-31": "-9.61780", "2012-12-31": "-5.97870", "2012-09-30": "-22.62210", "2012-06-30": "-16.27810", "2012-03-31": "-28.16040", "2011-12-31": "-15.44500", "2011-09-30": "-10.29380", "2011-06-30": "12.46710", "2011-03-31": "9.47760", "2010-12-31": "10.18370", "2010-09-30": "10.81990", "2010-06-30": "2.39960", "2010-03-31": "8.46020", "2009-12-31": "3.11480", "2009-09-30": "5.88000", "2009-06-30": "8.90520", "2009-03-31": "8.41740", "2008-12-31": "6.63380", "2008-09-30": "14.87460", "2008-06-30": "15.73080", "2008-03-31": "15.92300", "2007-12-31": "11.16870", "2007-09-30": "13.19070", "2007-06-30": "23.30190", "2007-03-31": "31.34000", "2006-12-31": "7.83870", "2006-09-30": "7.54750", "2006-06-30": "9.70170", "2006-03-31": "8.74350", "2005-12-31": "9.07410", "2005-09-30": "7.44330", "2005-06-30": "9.80810", "2005-03-31": "8.09950"}, "ROA - Return On Assets": {"2020-09-30": "1.28010", "2020-06-30": "0.95110", "2020-03-31": "0.92310", "2019-12-31": "4.20740", "2019-09-30": "1.34560", "2019-06-30": "1.60990", "2019-03-31": "1.05400", "2018-12-31": "1.50270", "2018-09-30": "1.27460", "2018-06-30": "1.31940", "2018-03-31": "1.25600", "2017-12-31": "-0.82940", "2017-09-30": "1.36820", "2017-06-30": "1.17130", "2017-03-31": "1.27780", "2016-12-31": "1.02620", "2016-09-30": "1.05050", "2016-06-30": "0.94890", "2016-03-31": "0.52530", "2015-12-31": "0.64930", "2015-09-30": "0.99470", "2015-06-30": "0.68250", "2015-03-31": "0.89530", "2014-12-31": "1.44970", "2014-09-30": "0.30900", "2014-06-30": "2.01950", "2014-03-31": "1.80270", "2013-12-31": "1.61300", "2013-09-30": "1.50250", "2013-06-30": "1.51230", "2013-03-31": "1.37230", "2012-12-31": "0.94200", "2012-09-30": "1.78060", "2012-06-30": "1.78830", "2012-03-31": "1.74340", "2011-12-31": "1.08060", "2011-09-30": "1.00230", "2011-06-30": "2.61750", "2011-03-31": "1.94390", "2010-12-31": "1.92020", "2010-09-30": "1.80840", "2010-06-30": "0.38030", "2010-03-31": "1.53530", "2009-12-31": "0.52870", "2009-09-30": "0.91510", "2009-06-30": "1.25070", "2009-03-31": "1.07770", "2008-12-31": "0.80980", "2008-09-30": "2.48250", "2008-06-30": "3.06840", "2008-03-31": "2.52330", "2007-12-31": "1.70790", "2007-09-30": "1.81940", "2007-06-30": "2.37570", "2007-03-31": "2.01070", "2006-12-31": "2.43880", "2006-09-30": "2.77560", "2006-06-30": "3.23750", "2006-03-31": "3.24370", "2005-12-31": "3.14810", "2005-09-30": "2.89420", "2005-06-30": "3.57380", "2005-03-31": "2.60720"}, "ROI - Return On Investment": {"2020-09-30": "1.78830", "2020-06-30": "1.32280", "2020-03-31": "1.29040", "2019-12-31": "5.88880", "2019-09-30": "1.81540", "2019-06-30": "2.18030", "2019-03-31": "1.42120", "2018-12-31": "1.97850", "2018-09-30": "1.66170", "2018-06-30": "1.68520", "2018-03-31": "1.83910", "2017-12-31": "-1.11880", "2017-09-30": "1.83460", "2017-06-30": "1.58580", "2017-03-31": "1.69930", "2016-12-31": "1.34870", "2016-09-30": "1.37820", "2016-06-30": "1.25380", "2016-03-31": "0.69700", "2015-12-31": "0.84390", "2015-09-30": "1.31560", "2015-06-30": "0.90380", "2015-03-31": "1.18430", "2014-12-31": "1.84830", "2014-09-30": "0.40120", "2014-06-30": "2.56410", "2014-03-31": "2.29590", "2013-12-31": "2.06840", "2013-09-30": "1.92050", "2013-06-30": "1.94120", "2013-03-31": "1.75060", "2012-12-31": "1.17270", "2012-09-30": "2.26220", "2012-06-30": "2.27210", "2012-03-31": "2.23660", "2011-12-31": "1.37310", "2011-09-30": "1.27390", "2011-06-30": "3.21480", "2011-03-31": "2.61010", "2010-12-31": "2.33260", "2010-09-30": "2.23340", "2010-06-30": "0.48590", "2010-03-31": "1.93360", "2009-12-31": "0.65480", "2009-09-30": "1.12950", "2009-06-30": "1.55650", "2009-03-31": "1.35330", "2008-12-31": "1.02200", "2008-09-30": "3.22460", "2008-06-30": "4.01860", "2008-03-31": "3.28630", "2007-12-31": "2.24790", "2007-09-30": "2.37310", "2007-06-30": "3.12040", "2007-03-31": "2.56580", "2006-12-31": "3.20590", "2006-09-30": "3.57240", "2006-06-30": "4.28490", "2006-03-31": "4.21820", "2005-12-31": "4.09190", "2005-09-30": "3.71950", "2005-06-30": "4.62350", "2005-03-31": "3.44290"}, "Book Value Per Share": {"2020-09-30": "13.39450", "2020-06-30": "12.84210", "2020-03-31": "12.42410", "2019-12-31": "12.48660", "2019-09-30": "11.19270", "2019-06-30": "11.22040", "2019-03-31": "10.90660", "2018-12-31": "10.66080", "2018-09-30": "10.54800", "2018-06-30": "10.07440", "2018-03-31": "10.05190", "2017-12-31": "9.70070", "2017-09-30": "10.15240", "2017-06-30": "9.94750", "2017-03-31": "9.58390", "2016-12-31": "9.17510", "2016-09-30": "9.27140", "2016-06-30": "9.00760", "2016-03-31": "9.09590", "2015-12-31": "8.85760", "2015-09-30": "8.81280", "2015-06-30": "9.09130", "2015-03-31": "9.01970", "2014-12-31": "9.07950", "2014-09-30": "9.09470", "2014-06-30": "9.37780", "2014-03-31": "9.02320", "2013-12-31": "8.63500", "2013-09-30": "8.31290", "2013-06-30": "7.95620", "2013-03-31": "7.68640", "2012-12-31": "7.51920", "2012-09-30": "7.23800", "2012-06-30": "6.85370", "2012-03-31": "6.81200", "2011-12-31": "6.42430", "2011-09-30": "6.34880", "2011-06-30": "6.35440", "2011-03-31": "6.07450", "2010-12-31": "5.72890", "2010-09-30": "5.49900", "2010-06-30": "5.20680", "2010-03-31": "5.39030", "2009-12-31": "5.24930", "2009-09-30": "5.19980", "2009-06-30": "5.04690", "2009-03-31": "4.83890", "2008-12-31": "4.80490", "2008-09-30": "4.85270", "2008-06-30": "4.96880", "2008-03-31": "4.77720", "2007-12-31": "4.56030", "2007-09-30": "4.42820", "2007-06-30": "4.21190", "2007-03-31": "4.03010", "2006-12-31": "3.34620", "2006-09-30": "3.19000", "2006-06-30": "3.01980", "2006-03-31": "2.80820", "2005-12-31": "1.32460", "2005-09-30": "2.52730", "2005-06-30": "2.42550", "2005-03-31": "2.32630"}, "Operating Cash Flow Per Share": {"2020-09-30": 0.7064, "2020-06-30": 0.5884, "2020-03-31": "0.61860", "2019-12-31": 0.4774, "2019-09-30": 0.5543, "2019-06-30": 0.7004, "2019-03-31": "0.58110", "2018-12-31": 0.4033, "2018-09-30": 0.4555, "2018-06-30": 0.7345, "2018-03-31": "0.32740", "2017-12-31": 0.423, "2017-09-30": 0.2653, "2017-06-30": 0.5792, "2017-03-31": "0.40640", "2016-12-31": 0.5644, "2016-09-30": 0.3625, "2016-06-30": 0.3206, "2016-03-31": "0.45040", "2015-12-31": 0.3063, "2015-09-30": 0.2943, "2015-06-30": 0.3719, "2015-03-31": "0.40850", "2014-12-31": 0.3647, "2014-09-30": 0.3676, "2014-06-30": 0.4918, "2014-03-31": "0.31500", "2013-12-31": 0.5212, "2013-09-30": 0.4057, "2013-06-30": 0.5168, "2013-03-31": "0.14360", "2012-12-31": 0.3769, "2012-09-30": 0.3454, "2012-06-30": 0.3397, "2012-03-31": "0.26480", "2011-12-31": 0.3151, "2011-09-30": 0.204, "2011-06-30": 0.3278, "2011-03-31": "0.11090", "2010-12-31": 0.1467, "2010-09-30": -0.0298, "2010-06-30": 0.1599, "2010-03-31": "0.22410", "2009-12-31": 0.2301, "2009-09-30": 0.1204, "2009-06-30": 0.2673, "2009-03-31": "0.17850", "2008-12-31": 0.1382, "2008-09-30": 0.1712, "2008-06-30": 0.3164, "2008-03-31": "0.08280", "2007-12-31": 0.238, "2007-09-30": 0.1665, "2007-06-30": 0.2157, "2007-03-31": "0.13130", "2006-12-31": 0.2282, "2006-09-30": 0.1017, "2006-06-30": 0.1824, "2006-03-31": "0.07290", "2005-12-31": 0.1038, "2005-09-30": 0.1424, "2005-06-30": 0.1697, "2005-03-31": "-0.00950"}, "Free Cash Flow Per Share": {"2020-09-30": 0.6458, "2020-06-30": 0.537, "2020-03-31": "0.55220", "2019-12-31": 0.4211, "2019-09-30": 0.4893, "2019-06-30": 0.6059, "2019-03-31": "0.52400", "2018-12-31": 0.3459, "2018-09-30": 0.3889, "2018-06-30": 0.6636, "2018-03-31": "0.25550", "2017-12-31": 0.3552, "2017-09-30": 0.2236, "2017-06-30": 0.5408, "2017-03-31": "0.38410", "2016-12-31": 0.5398, "2016-09-30": 0.3328, "2016-06-30": 0.2918, "2016-03-31": "0.43110", "2015-12-31": 0.2754, "2015-09-30": 0.2568, "2015-06-30": 0.3109, "2015-03-31": "0.36810", "2014-12-31": 0.3183, "2014-09-30": 0.342, "2014-06-30": 0.4364, "2014-03-31": "0.26360", "2013-12-31": 0.4705, "2013-09-30": 0.3364, "2013-06-30": 0.4227, "2013-03-31": "0.08630", "2012-12-31": 0.2993, "2012-09-30": 0.2956, "2012-06-30": 0.2865, "2012-03-31": "0.23490", "2011-12-31": 0.2865, "2011-09-30": 0.1774, "2011-06-30": 0.3068, "2011-03-31": "0.09490", "2010-12-31": 0.1232, "2010-09-30": -0.0553, "2010-06-30": 0.1369, "2010-03-31": "0.20270", "2009-12-31": 0.2169, "2009-09-30": 0.1121, "2009-06-30": 0.2503, "2009-03-31": "0.16500", "2008-12-31": 0.1185, "2008-09-30": 0.1574, "2008-06-30": 0.2997, "2008-03-31": "0.06790", "2007-12-31": 0.2216, "2007-09-30": 0.1551, "2007-06-30": 0.2065, "2007-03-31": "0.11530", "2006-12-31": 0.2167, "2006-09-30": 0.089, "2006-06-30": 0.1569, "2006-03-31": "0.05140", "2005-12-31": 0.0633, "2005-09-30": 0.1137, "2005-06-30": 0.1498, "2005-03-31": "-0.02350"}}, "revenue": {"Trimble Annual Revenue (Millions of US $)": {"2019": "$3,264", "2018": "$3,108", "2017": "$2,647", "2016": "$2,362", "2015": "$2,290", "2014": "$2,396", "2013": "$2,288", "2012": "$2,040", "2011": "$1,644", "2010": "$1,294", "2009": "$1,126", "2008": "$1,329", "2007": "$1,222", "2006": "$940", "2005": "$775"}, "Trimble Quarterly Revenue (Millions of US $)": {"2020-09-30": "$792", "2020-06-30": "$734", "2020-03-31": "$792", "2019-12-31": "$824", "2019-09-30": "$784", "2019-06-30": "$855", "2019-03-31": "$802", "2018-12-31": "$786", "2018-09-30": "$795", "2018-06-30": "$786", "2018-03-31": "$742", "2017-12-31": "$700", "2017-09-30": "$676", "2017-06-30": "$660", "2017-03-31": "$611", "2016-12-31": "$585", "2016-09-30": "$584", "2016-06-30": "$610", "2016-03-31": "$583", "2015-12-31": "$560", "2015-09-30": "$562", "2015-06-30": "$586", "2015-03-31": "$583", "2014-12-31": "$564", "2014-09-30": "$585", "2014-06-30": "$642", "2014-03-31": "$605", "2013-12-31": "$599", "2013-09-30": "$557", "2013-06-30": "$576", "2013-03-31": "$556", "2012-12-31": "$516", "2012-09-30": "$505", "2012-06-30": "$518", "2012-03-31": "$502", "2011-12-31": "$435", "2011-09-30": "$417", "2011-06-30": "$407", "2011-03-31": "$384", "2010-12-31": "$323", "2010-09-30": "$318", "2010-06-30": "$333", "2010-03-31": "$319", "2009-12-31": "$278", "2009-09-30": "$270", "2009-06-30": "$290", "2009-03-31": "$289", "2008-12-31": "$268", "2008-09-30": "$328", "2008-06-30": "$378", "2008-03-31": "$355", "2007-12-31": "$313", "2007-09-30": "$296", "2007-06-30": "$328", "2007-03-31": "$286", "2006-12-31": "$234", "2006-09-30": "$235", "2006-06-30": "$245", "2006-03-31": "$226", "2005-12-31": "$187", "2005-09-30": "$188", "2005-06-30": "$204", "2005-03-31": "$195"}}, "gross-profit": {"Trimble Annual Gross Profit (Millions of US $)": {"2019": "$1,781", "2018": "$1,681", "2017": "$1,378", "2016": "$1,235", "2015": "$1,202", "2014": "$1,291", "2013": "$1,204", "2012": "$1,046", "2011": "$830", "2010": "$646", "2009": "$550", "2008": "$649", "2007": "$613", "2006": "$461", "2005": "$390"}, "Trimble Quarterly Gross Profit (Millions of US $)": {"2020-09-30": "$440", "2020-06-30": "$406", "2020-03-31": "$441", "2019-12-31": "$460", "2019-09-30": "$422", "2019-06-30": "$461", "2019-03-31": "$438", "2018-12-31": "$435", "2018-09-30": "$427", "2018-06-30": "$423", "2018-03-31": "$396", "2017-12-31": "$360", "2017-09-30": "$351", "2017-06-30": "$343", "2017-03-31": "$324", "2016-12-31": "$309", "2016-09-30": "$309", "2016-06-30": "$316", "2016-03-31": "$301", "2015-12-31": "$293", "2015-09-30": "$298", "2015-06-30": "$304", "2015-03-31": "$307", "2014-12-31": "$293", "2014-09-30": "$317", "2014-06-30": "$355", "2014-03-31": "$327", "2013-12-31": "$319", "2013-09-30": "$295", "2013-06-30": "$302", "2013-03-31": "$287", "2012-12-31": "$256", "2012-09-30": "$263", "2012-06-30": "$268", "2012-03-31": "$259", "2011-12-31": "$218", "2011-09-30": "$212", "2011-06-30": "$209", "2011-03-31": "$192", "2010-12-31": "$163", "2010-09-30": "$160", "2010-06-30": "$163", "2010-03-31": "$159", "2009-12-31": "$131", "2009-09-30": "$132", "2009-06-30": "$143", "2009-03-31": "$144", "2008-12-31": "$122", "2008-09-30": "$166", "2008-06-30": "$187", "2008-03-31": "$174", "2007-12-31": "$156", "2007-09-30": "$147", "2007-06-30": "$167", "2007-03-31": "$143", "2006-12-31": "$116", "2006-09-30": "$116", "2006-06-30": "$122", "2006-03-31": "$107", "2005-12-31": "$92", "2005-09-30": "$97", "2005-06-30": "$102", "2005-03-31": "$98"}}, "operating-income": {"Trimble Annual Operating Income (Millions of US $)": {"2019": "$376", "2018": "$321", "2017": "$236", "2016": "$180", "2015": "$154", "2014": "$261", "2013": "$252", "2012": "$213", "2011": "$156", "2010": "$128", "2009": "$86", "2008": "$185", "2007": "$178", "2006": "$135", "2005": "$125"}, "Trimble Quarterly Operating Income (Millions of US $)": {"2020-09-30": "$102", "2020-06-30": "$98", "2020-03-31": "$98", "2019-12-31": "$88", "2019-09-30": "$92", "2019-06-30": "$110", "2019-03-31": "$86", "2018-12-31": "$90", "2018-09-30": "$77", "2018-06-30": "$90", "2018-03-31": "$64", "2017-12-31": "$56", "2017-09-30": "$66", "2017-06-30": "$59", "2017-03-31": "$55", "2016-12-31": "$55", "2016-09-30": "$55", "2016-06-30": "$41", "2016-03-31": "$30", "2015-12-31": "$33", "2015-09-30": "$46", "2015-06-30": "$36", "2015-03-31": "$40", "2014-12-31": "$77", "2014-09-30": "$11", "2014-06-30": "$97", "2014-03-31": "$76", "2013-12-31": "$67", "2013-09-30": "$63", "2013-06-30": "$65", "2013-03-31": "$56", "2012-12-31": "$30", "2012-09-30": "$63", "2012-06-30": "$59", "2012-03-31": "$60", "2011-12-31": "$29", "2011-09-30": "$32", "2011-06-30": "$52", "2011-03-31": "$44", "2010-12-31": "$19", "2010-09-30": "$32", "2010-06-30": "$41", "2010-03-31": "$36", "2009-12-31": "$13", "2009-09-30": "$20", "2009-06-30": "$29", "2009-03-31": "$24", "2008-12-31": "$10", "2008-09-30": "$54", "2008-06-30": "$63", "2008-03-31": "$58", "2007-12-31": "$39", "2007-09-30": "$44", "2007-06-30": "$56", "2007-03-31": "$39", "2006-12-31": "$27", "2006-09-30": "$36", "2006-06-30": "$39", "2006-03-31": "$33", "2005-12-31": "$23", "2005-09-30": "$33", "2005-06-30": "$39", "2005-03-31": "$30"}}, "ebitda": {"Trimble Annual EBITDA (Millions of US $)": {"2019": "$583", "2018": "$536", "2017": "$419", "2016": "$368", "2015": "$354", "2014": "$452", "2013": "$441", "2012": "$362", "2011": "$263", "2010": "$203", "2009": "$157", "2008": "$250", "2007": "$234", "2006": "$162", "2005": "$144"}, "Trimble Quarterly EBITDA (Millions of US $)": {"2020-09-30": "$152", "2020-06-30": "$147", "2020-03-31": "$149", "2019-12-31": "$137", "2019-09-30": "$142", "2019-06-30": "$163", "2019-03-31": "$141", "2018-12-31": "$146", "2018-09-30": "$136", "2018-06-30": "$141", "2018-03-31": "$113", "2017-12-31": "$104", "2017-09-30": "$115", "2017-06-30": "$104", "2017-03-31": "$97", "2016-12-31": "$97", "2016-09-30": "$102", "2016-06-30": "$90", "2016-03-31": "$79", "2015-12-31": "$83", "2015-09-30": "$96", "2015-06-30": "$86", "2015-03-31": "$89", "2014-12-31": "$127", "2014-09-30": "$59", "2014-06-30": "$143", "2014-03-31": "$124", "2013-12-31": "$116", "2013-09-30": "$111", "2013-06-30": "$111", "2013-03-31": "$102", "2012-12-31": "$74", "2012-09-30": "$101", "2012-06-30": "$94", "2012-03-31": "$94", "2011-12-31": "$64", "2011-09-30": "$62", "2011-06-30": "$73", "2011-03-31": "$64", "2010-12-31": "$40", "2010-09-30": "$51", "2010-06-30": "$59", "2010-03-31": "$54", "2009-12-31": "$31", "2009-09-30": "$39", "2009-06-30": "$46", "2009-03-31": "$41", "2008-12-31": "$27", "2008-09-30": "$70", "2008-06-30": "$79", "2008-03-31": "$74", "2007-12-31": "$54", "2007-09-30": "$58", "2007-06-30": "$71", "2007-03-31": "$51", "2006-12-31": "$35", "2006-09-30": "$43", "2006-06-30": "$46", "2006-03-31": "$39", "2005-12-31": "$27", "2005-09-30": "$38", "2005-06-30": "$44", "2005-03-31": "$35"}}, "net-income": {"Trimble Annual Net Income (Millions of US $)": {"2019": "$514", "2018": "$283", "2017": "$118", "2016": "$132", "2015": "$121", "2014": "$214", "2013": "$219", "2012": "$191", "2011": "$151", "2010": "$104", "2009": "$63", "2008": "$141", "2007": "$117", "2006": "$104", "2005": "$85"}, "Trimble Quarterly Net Income (Millions of US $)": {"2020-09-30": "$85", "2020-06-30": "$63", "2020-03-31": "$62", "2019-12-31": "$279", "2019-09-30": "$78", "2019-06-30": "$95", "2019-03-31": "$62", "2018-12-31": "$87", "2018-09-30": "$74", "2018-06-30": "$64", "2018-03-31": "$59", "2017-12-31": "$-36", "2017-09-30": "$57", "2017-06-30": "$47", "2017-03-31": "$50", "2016-12-31": "$38", "2016-09-30": "$39", "2016-06-30": "$36", "2016-03-31": "$20", "2015-12-31": "$24", "2015-09-30": "$37", "2015-06-30": "$26", "2015-03-31": "$34", "2014-12-31": "$56", "2014-09-30": "$12", "2014-06-30": "$78", "2014-03-31": "$69", "2013-12-31": "$60", "2013-09-30": "$54", "2013-06-30": "$55", "2013-03-31": "$50", "2012-12-31": "$33", "2012-09-30": "$53", "2012-06-30": "$54", "2012-03-31": "$51", "2011-12-31": "$29", "2011-09-30": "$28", "2011-06-30": "$54", "2011-03-31": "$40", "2010-12-31": "$37", "2010-09-30": "$33", "2010-06-30": "$6", "2010-03-31": "$28", "2009-12-31": "$10", "2009-09-30": "$16", "2009-06-30": "$21", "2009-03-31": "$17", "2008-12-31": "$14", "2008-09-30": "$39", "2008-06-30": "$49", "2008-03-31": "$40", "2007-12-31": "$26", "2007-09-30": "$27", "2007-06-30": "$35", "2007-03-31": "$29", "2006-12-31": "$24", "2006-09-30": "$25", "2006-06-30": "$29", "2006-03-31": "$26", "2005-12-31": "$23", "2005-09-30": "$20", "2005-06-30": "$24", "2005-03-31": "$17"}}, "eps-earnings-per-share-diluted": {"Trimble Annual EPS": {"2019": "$2.03", "2018": "$1.12", "2017": "$0.46", "2016": "$0.52", "2015": "$0.47", "2014": "$0.81", "2013": "$0.84", "2012": "$0.74", "2011": "$0.60", "2010": "$0.42", "2009": "$0.26", "2008": "$0.57", "2007": "$0.47", "2006": "$0.45", "2005": "$0.38"}, "Trimble Quarterly EPS": {"2020-09-30": "$0.34", "2020-06-30": "$0.25", "2020-03-31": "$0.25", "2019-12-31": "$1.10", "2019-09-30": "$0.31", "2019-06-30": "$0.37", "2019-03-31": "$0.25", "2018-12-31": "$0.35", "2018-09-30": "$0.29", "2018-06-30": "$0.25", "2018-03-31": "$0.23", "2017-12-31": "$-0.13", "2017-09-30": "$0.22", "2017-06-30": "$0.18", "2017-03-31": "$0.19", "2016-12-31": "$0.15", "2016-09-30": "$0.15", "2016-06-30": "$0.14", "2016-03-31": "$0.08", "2015-12-31": "$0.10", "2015-09-30": "$0.14", "2015-06-30": "$0.10", "2015-03-31": "$0.13", "2014-12-31": "$0.22", "2014-09-30": "$0.04", "2014-06-30": "$0.29", "2014-03-31": "$0.26", "2013-12-31": "$0.23", "2013-09-30": "$0.21", "2013-06-30": "$0.21", "2013-03-31": "$0.19", "2012-12-31": "$0.12", "2012-09-30": "$0.21", "2012-06-30": "$0.21", "2012-03-31": "$0.20", "2011-12-31": "$0.12", "2011-09-30": "$0.11", "2011-06-30": "$0.22", "2011-03-31": "$0.16", "2010-12-31": "$0.15", "2010-09-30": "$0.14", "2010-06-30": "$0.03", "2010-03-31": "$0.12", "2009-12-31": "$0.04", "2009-09-30": "$0.07", "2009-06-30": "$0.09", "2009-03-31": "$0.07", "2008-12-31": "$0.06", "2008-09-30": "$0.16", "2008-06-30": "$0.20", "2008-03-31": "$0.16", "2007-12-31": "$0.10", "2007-09-30": "$0.11", "2007-06-30": "$0.14", "2007-03-31": "$0.12", "2006-12-31": "$0.10", "2006-09-30": "$0.11", "2006-06-30": "$0.13", "2006-03-31": "$0.12", "2005-12-31": "$0.11", "2005-09-30": "$0.09", "2005-06-30": "$0.11", "2005-03-31": "$0.08"}}, "shares-outstanding": {"Trimble Annual Shares Outstanding (Millions of Shares)": {"2019": "253", "2018": "253", "2017": "257", "2016": "254", "2015": "259", "2014": "265", "2013": "261", "2012": "257", "2011": "252", "2010": "248", "2009": "244", "2008": "248", "2007": "249", "2006": "232", "2005": "227"}, "Trimble Quarterly Shares Outstanding (Millions of Shares)": {"2020-09-30": "253", "2020-06-30": "251", "2020-03-31": "252", "2019-12-31": "253", "2019-09-30": "252", "2019-06-30": "254", "2019-03-31": "254", "2018-12-31": "253", "2018-09-30": "254", "2018-06-30": "252", "2018-03-31": "253", "2017-12-31": "257", "2017-09-30": "258", "2017-06-30": "257", "2017-03-31": "256", "2016-12-31": "254", "2016-09-30": "253", "2016-06-30": "254", "2016-03-31": "254", "2015-12-31": "259", "2015-09-30": "257", "2015-06-30": "261", "2015-03-31": "262", "2014-12-31": "265", "2014-09-30": "264", "2014-06-30": "266", "2014-03-31": "265", "2013-12-31": "261", "2013-09-30": "261", "2013-06-30": "261", "2013-03-31": "260", "2012-12-31": "257", "2012-09-30": "257", "2012-06-30": "257", "2012-03-31": "256", "2011-12-31": "252", "2011-09-30": "252", "2011-06-30": "252", "2011-03-31": "252", "2010-12-31": "248", "2010-09-30": "246", "2010-06-30": "248", "2010-03-31": "248", "2009-12-31": "244", "2009-09-30": "246", "2009-06-30": "244", "2009-03-31": "242", "2008-12-31": "248", "2008-09-30": "249", "2008-06-30": "251", "2008-03-31": "250", "2007-12-31": "249", "2007-09-30": "251", "2007-06-30": "249", "2007-03-31": "242", "2006-12-31": "232", "2006-09-30": "234", "2006-06-30": "233", "2006-03-31": "231", "2005-12-31": "227", "2005-09-30": "230", "2005-06-30": "228", "2005-03-31": "225"}}, "total-assets": {"Trimble Annual Total Assets (Millions of US $)": {"2019": "$6,641", "2018": "$5,776", "2017": "$4,316", "2016": "$3,674", "2015": "$3,681", "2014": "$3,856", "2013": "$3,701", "2012": "$3,469", "2011": "$2,652", "2010": "$1,867", "2009": "$1,753", "2008": "$1,635", "2007": "$1,539", "2006": "$983", "2005": "$743"}, "Trimble Quarterly Total Assets (Millions of US $)": {"2020-09-30": "$6,624", "2020-06-30": "$6,645", "2020-03-31": "$6,706", "2019-12-31": "$6,641", "2019-09-30": "$5,804", "2019-06-30": "$5,876", "2019-03-31": "$5,920", "2018-12-31": "$5,776", "2018-09-30": "$5,782", "2018-06-30": "$4,858", "2018-03-31": "$4,674", "2017-12-31": "$4,316", "2017-09-30": "$4,181", "2017-06-30": "$4,038", "2017-03-31": "$3,897", "2016-12-31": "$3,674", "2016-09-30": "$3,731", "2016-06-30": "$3,752", "2016-03-31": "$3,750", "2015-12-31": "$3,681", "2015-09-30": "$3,720", "2015-06-30": "$3,780", "2015-03-31": "$3,798", "2014-12-31": "$3,856", "2014-09-30": "$3,819", "2014-06-30": "$3,867", "2014-03-31": "$3,778", "2013-12-31": "$3,701", "2013-09-30": "$3,635", "2013-06-30": "$3,634", "2013-03-31": "$3,566", "2012-12-31": "$3,469", "2012-09-30": "$3,021", "2012-06-30": "$2,973", "2012-03-31": "$2,872", "2011-12-31": "$2,652", "2011-09-30": "$2,713", "2011-06-30": "$2,070", "2011-03-31": "$2,000", "2010-12-31": "$1,867", "2010-09-30": "$1,816", "2010-06-30": "$1,781", "2010-03-31": "$1,834", "2009-12-31": "$1,753", "2009-09-30": "$1,732", "2009-06-30": "$1,691", "2009-03-31": "$1,642", "2008-12-31": "$1,635", "2008-09-30": "$1,574", "2008-06-30": "$1,584", "2008-03-31": "$1,588", "2007-12-31": "$1,539", "2007-09-30": "$1,505", "2007-06-30": "$1,474", "2007-03-31": "$1,427", "2006-12-31": "$983", "2006-09-30": "$913", "2006-06-30": "$880", "2006-03-31": "$796", "2005-12-31": "$743", "2005-09-30": "$699", "2005-06-30": "$666", "2005-03-31": "$669"}}, "cash-on-hand": {"Trimble Annual Cash on Hand (Millions of US $)": {"2019": "$189", "2018": "$173", "2017": "$537", "2016": "$327", "2015": "$116", "2014": "$148", "2013": "$147", "2012": "$158", "2011": "$155", "2010": "$221", "2009": "$274", "2008": "$148", "2007": "$103", "2006": "$130", "2005": "$74"}, "Trimble Quarterly Cash on Hand (Millions of US $)": {"2020-09-30": "$184", "2020-06-30": "$196", "2020-03-31": "$217", "2019-12-31": "$189", "2019-09-30": "$185", "2019-06-30": "$200", "2019-03-31": "$217", "2018-12-31": "$173", "2018-09-30": "$205", "2018-06-30": "$571", "2018-03-31": "$275", "2017-12-31": "$537", "2017-09-30": "$409", "2017-06-30": "$486", "2017-03-31": "$423", "2016-12-31": "$327", "2016-09-30": "$276", "2016-06-30": "$232", "2016-03-31": "$175", "2015-12-31": "$116", "2015-09-30": "$124", "2015-06-30": "$129", "2015-03-31": "$146", "2014-12-31": "$148", "2014-09-30": "$139", "2014-06-30": "$279", "2014-03-31": "$165", "2013-12-31": "$147", "2013-09-30": "$122", "2013-06-30": "$129", "2013-03-31": "$144", "2012-12-31": "$158", "2012-09-30": "$142", "2012-06-30": "$122", "2012-03-31": "$209", "2011-12-31": "$155", "2011-09-30": "$138", "2011-06-30": "$250", "2011-03-31": "$244", "2010-12-31": "$221", "2010-09-30": "$211", "2010-06-30": "$279", "2010-03-31": "$307", "2009-12-31": "$274", "2009-09-30": "$222", "2009-06-30": "$190", "2009-03-31": "$147", "2008-12-31": "$148", "2008-09-30": "$70", "2008-06-30": "$80", "2008-03-31": "$71", "2007-12-31": "$103", "2007-09-30": "$84", "2007-06-30": "$74", "2007-03-31": "$64", "2006-12-31": "$130", "2006-09-30": "$136", "2006-06-30": "$108", "2006-03-31": "$98", "2005-12-31": "$74", "2005-09-30": "$87", "2005-06-30": "$57", "2005-03-31": "$50"}}, "long-term-debt": {"Trimble Annual Long Term Debt (Millions of US $)": {"2019": "$1,624", "2018": "$1,712", "2017": "$786", "2016": "$490", "2015": "$611", "2014": "$671", "2013": "$652", "2012": "$873", "2011": "$499", "2010": "$151", "2009": "$151", "2008": "$151", "2007": "$61", "2006": "$0", "2005": "$0"}, "Trimble Quarterly Long Term Debt (Millions of US $)": {"2020-09-30": "$1,391", "2020-06-30": "$1,565", "2020-03-31": "$1,695", "2019-12-31": "$1,624", "2019-09-30": "$1,514", "2019-06-30": "$1,514", "2019-03-31": "$1,648", "2018-12-31": "$1,712", "2018-09-30": "$1,787", "2018-06-30": "$1,286", "2018-03-31": "$692", "2017-12-31": "$786", "2017-09-30": "$560", "2017-06-30": "$465", "2017-03-31": "$510", "2016-12-31": "$490", "2016-09-30": "$525", "2016-06-30": "$595", "2016-03-31": "$540", "2015-12-31": "$611", "2015-09-30": "$609", "2015-06-30": "$515", "2015-03-31": "$530", "2014-12-31": "$671", "2014-09-30": "$578", "2014-06-30": "$595", "2014-03-31": "$613", "2013-12-31": "$652", "2013-09-30": "$704", "2013-06-30": "$790", "2013-03-31": "$829", "2012-12-31": "$873", "2012-09-30": "$553", "2012-06-30": "$617", "2012-03-31": "$535", "2011-12-31": "$499", "2011-09-30": "$570", "2011-06-30": "$125", "2011-03-31": "$0", "2010-12-31": "$151", "2010-09-30": "$151", "2010-06-30": "$151", "2010-03-31": "$151", "2009-12-31": "$151", "2009-09-30": "$151", "2009-06-30": "$151", "2009-03-31": "$151", "2008-12-31": "$151", "2008-09-30": "$51", "2008-06-30": "$0", "2008-03-31": "$60", "2007-12-31": "$61", "2007-09-30": "$81", "2007-06-30": "$112", "2007-03-31": "$160", "2006-12-31": "$0", "2006-09-30": "$0", "2006-06-30": "$0", "2006-03-31": "$0", "2005-12-31": "$0", "2005-09-30": "$1", "2005-06-30": "$1", "2005-03-31": "$16"}}, "total-liabilities": {"Trimble Annual Total Liabilities (Millions of US $)": {"2019": "$3,520", "2018": "$3,102", "2017": "$1,902", "2016": "$1,368", "2015": "$1,460", "2014": "$1,503", "2013": "$1,467", "2012": "$1,556", "2011": "$1,064", "2010": "$481", "2009": "$489", "2008": "$491", "2007": "$430", "2006": "$236", "2005": "$172"}, "Trimble Quarterly Total Liabilities (Millions of US $)": {"2020-09-30": "$3,273", "2020-06-30": "$3,432", "2020-03-31": "$3,603", "2019-12-31": "$3,520", "2019-09-30": "$3,016", "2019-06-30": "$3,051", "2019-03-31": "$3,177", "2018-12-31": "$3,102", "2018-09-30": "$3,134", "2018-06-30": "$2,341", "2018-03-31": "$2,174", "2017-12-31": "$1,902", "2017-09-30": "$1,623", "2017-06-30": "$1,521", "2017-03-31": "$1,477", "2016-12-31": "$1,368", "2016-09-30": "$1,412", "2016-06-30": "$1,507", "2016-03-31": "$1,463", "2015-12-31": "$1,460", "2015-09-30": "$1,517", "2015-06-30": "$1,441", "2015-03-31": "$1,457", "2014-12-31": "$1,503", "2014-09-30": "$1,456", "2014-06-30": "$1,416", "2014-03-31": "$1,424", "2013-12-31": "$1,467", "2013-09-30": "$1,495", "2013-06-30": "$1,592", "2013-03-31": "$1,600", "2012-12-31": "$1,556", "2012-09-30": "$1,196", "2012-06-30": "$1,250", "2012-03-31": "$1,169", "2011-12-31": "$1,064", "2011-09-30": "$1,149", "2011-06-30": "$510", "2011-03-31": "$511", "2010-12-31": "$481", "2010-09-30": "$497", "2010-06-30": "$538", "2010-03-31": "$529", "2009-12-31": "$489", "2009-09-30": "$480", "2009-06-30": "$484", "2009-03-31": "$486", "2008-12-31": "$491", "2008-09-30": "$414", "2008-06-30": "$375", "2008-03-31": "$429", "2007-12-31": "$430", "2007-09-30": "$432", "2007-06-30": "$464", "2007-03-31": "$469", "2006-12-31": "$236", "2006-09-30": "$204", "2006-06-30": "$216", "2006-03-31": "$184", "2005-12-31": "$172", "2005-09-30": "$156", "2005-06-30": "$152", "2005-03-31": "$179"}}, "total-share-holder-equity": {"Trimble Annual Share Holder Equity (Millions of US $)": {"2019": "$3,120", "2018": "$2,675", "2017": "$2,415", "2016": "$2,306", "2015": "$2,221", "2014": "$2,353", "2013": "$2,234", "2012": "$1,914", "2011": "$1,589", "2010": "$1,386", "2009": "$1,265", "2008": "$1,144", "2007": "$1,109", "2006": "$748", "2005": "$571"}, "Trimble Quarterly Share Holder Equity (Millions of US $)": {"2020-09-30": "$3,351", "2020-06-30": "$3,213", "2020-03-31": "$3,102", "2019-12-31": "$3,120", "2019-09-30": "$2,788", "2019-06-30": "$2,825", "2019-03-31": "$2,743", "2018-12-31": "$2,675", "2018-09-30": "$2,649", "2018-06-30": "$2,518", "2018-03-31": "$2,500", "2017-12-31": "$2,415", "2017-09-30": "$2,557", "2017-06-30": "$2,518", "2017-03-31": "$2,421", "2016-12-31": "$2,306", "2016-09-30": "$2,320", "2016-06-30": "$2,245", "2016-03-31": "$2,287", "2015-12-31": "$2,221", "2015-09-30": "$2,203", "2015-06-30": "$2,339", "2015-03-31": "$2,341", "2014-12-31": "$2,353", "2014-09-30": "$2,364", "2014-06-30": "$2,451", "2014-03-31": "$2,354", "2013-12-31": "$2,234", "2013-09-30": "$2,140", "2013-06-30": "$2,041", "2013-03-31": "$1,966", "2012-12-31": "$1,914", "2012-09-30": "$1,825", "2012-06-30": "$1,723", "2012-03-31": "$1,704", "2011-12-31": "$1,589", "2011-09-30": "$1,564", "2011-06-30": "$1,560", "2011-03-31": "$1,489", "2010-12-31": "$1,386", "2010-09-30": "$1,319", "2010-06-30": "$1,242", "2010-03-31": "$1,305", "2009-12-31": "$1,265", "2009-09-30": "$1,252", "2009-06-30": "$1,207", "2009-03-31": "$1,156", "2008-12-31": "$1,144", "2008-09-30": "$1,160", "2008-06-30": "$1,209", "2008-03-31": "$1,159", "2007-12-31": "$1,109", "2007-09-30": "$1,073", "2007-06-30": "$1,011", "2007-03-31": "$957", "2006-12-31": "$748", "2006-09-30": "$709", "2006-06-30": "$665", "2006-03-31": "$612", "2005-12-31": "$571", "2005-09-30": "$543", "2005-06-30": "$514", "2005-03-31": "$490"}}, "profit-margins": {"current": "15.56%"}, "gross margin": {"2020-09-30": "55.60%", "2020-06-30": "55.17%", "2020-03-31": "54.81%", "2019-12-31": "54.55%", "2019-09-30": "54.43%", "2019-06-30": "54.40%", "2019-03-31": "54.39%", "2018-12-31": "54.09%", "2018-09-30": "53.13%", "2018-06-30": "52.69%", "2018-03-31": "52.20%", "2017-12-31": "52.06%", "2017-09-30": "52.41%", "2017-06-30": "52.66%", "2017-03-31": "52.64%", "2016-12-31": "52.29%", "2016-09-30": "52.16%", "2016-06-30": "52.18%", "2016-03-31": "52.20%", "2015-12-31": "52.47%", "2015-09-30": "52.37%", "2015-06-30": "52.67%", "2015-03-31": "53.58%", "2014-12-31": "53.92%", "2014-09-30": "54.22%", "2014-06-30": "53.93%", "2014-03-31": "53.19%", "2013-12-31": "52.58%", "2013-09-30": "51.70%", "2013-06-30": "51.46%", "2013-03-31": "51.26%", "2012-12-31": "51.25%", "2012-09-30": "51.43%", "2012-06-30": "51.12%", "2012-03-31": "50.99%", "2011-12-31": "50.58%", "2011-09-30": "50.69%", "2011-06-30": "50.56%", "2011-03-31": "49.93%", "2010-12-31": "49.88%", "2010-09-30": "49.12%", "2010-06-30": "48.75%", "2010-03-31": "48.83%", "2009-12-31": "48.80%", "2009-09-30": "48.43%", "2009-06-30": "48.94%", "2009-03-31": "49.01%", "2008-12-31": "48.83%", "2008-09-30": "49.71%", "2008-06-30": "49.48%", "2008-03-31": "49.85%", "2007-12-31": "50.12%", "2007-09-30": "50.09%", "2007-06-30": "50.05%", "2007-03-31": "49.70%", "2006-12-31": "49.04%", "2006-09-30": "48.94%", "2006-06-30": "49.41%", "2006-03-31": "49.44%", "2005-12-31": "50.26%"}, "operating margin": {"2020-09-30": "12.29%", "2020-06-30": "12.00%", "2020-03-31": "11.92%", "2019-12-31": "11.52%", "2019-09-30": "11.72%", "2019-06-30": "11.21%", "2019-03-31": "10.83%", "2018-12-31": "10.33%", "2018-09-30": "9.49%", "2018-06-30": "9.50%", "2018-03-31": "8.82%", "2017-12-31": "8.92%", "2017-09-30": "9.28%", "2017-06-30": "9.18%", "2017-03-31": "8.62%", "2016-12-31": "7.66%", "2016-09-30": "6.80%", "2016-06-30": "6.48%", "2016-03-31": "6.33%", "2015-12-31": "6.77%", "2015-09-30": "8.67%", "2015-06-30": "7.08%", "2015-03-31": "9.48%", "2014-12-31": "10.89%", "2014-09-30": "10.32%", "2014-06-30": "12.61%", "2014-03-31": "11.60%", "2013-12-31": "10.97%", "2013-09-30": "9.71%", "2013-06-30": "9.94%", "2013-03-31": "9.93%", "2012-12-31": "10.39%", "2012-09-30": "10.77%", "2012-06-30": "9.62%", "2012-03-31": "9.82%", "2011-12-31": "9.56%", "2011-09-30": "9.60%", "2011-06-30": "10.27%", "2011-03-31": "10.01%", "2010-12-31": "9.90%", "2010-09-30": "9.78%", "2010-06-30": "9.17%", "2010-03-31": "8.47%", "2009-12-31": "7.63%", "2009-09-30": "7.43%", "2009-06-30": "9.96%", "2009-03-31": "11.96%", "2008-12-31": "13.92%", "2008-09-30": "15.57%", "2008-06-30": "15.20%", "2008-03-31": "15.25%", "2007-12-31": "14.55%", "2007-09-30": "14.51%", "2007-06-30": "14.59%", "2007-03-31": "14.10%", "2006-12-31": "14.36%", "2006-09-30": "14.67%", "2006-06-30": "15.13%", "2006-03-31": "15.90%", "2005-12-31": "16.15%"}, "ebitda margin": {"2020-09-30": "18.59%", "2020-06-30": "18.32%", "2020-03-31": "18.13%", "2019-12-31": "17.86%", "2019-09-30": "18.35%", "2019-06-30": "18.10%", "2019-03-31": "17.80%", "2018-12-31": "17.25%", "2018-09-30": "16.34%", "2018-06-30": "16.29%", "2018-03-31": "15.69%", "2017-12-31": "15.87%", "2017-09-30": "16.31%", "2017-06-30": "16.39%", "2017-03-31": "16.15%", "2016-12-31": "15.58%", "2016-09-30": "15.15%", "2016-06-30": "15.03%", "2016-03-31": "15.02%", "2015-12-31": "15.45%", "2015-09-30": "17.34%", "2015-06-30": "15.57%", "2015-03-31": "17.61%", "2014-12-31": "18.91%", "2014-09-30": "18.18%", "2014-06-30": "20.56%", "2014-03-31": "19.77%", "2013-12-31": "19.23%", "2013-09-30": "18.05%", "2013-06-30": "18.02%", "2013-03-31": "17.71%", "2012-12-31": "17.79%", "2012-09-30": "18.01%", "2012-06-30": "16.77%", "2012-03-31": "16.64%", "2011-12-31": "16.01%", "2011-09-30": "15.61%", "2011-06-30": "15.92%", "2011-03-31": "15.76%", "2010-12-31": "15.78%", "2010-09-30": "15.63%", "2010-06-30": "15.25%", "2010-03-31": "14.69%", "2009-12-31": "13.93%", "2009-09-30": "13.70%", "2009-06-30": "15.66%", "2009-03-31": "17.18%", "2008-12-31": "18.81%", "2008-09-30": "20.16%", "2008-06-30": "19.75%", "2008-03-31": "19.89%", "2007-12-31": "19.13%", "2007-09-30": "18.79%", "2007-06-30": "18.47%", "2007-03-31": "17.50%", "2006-12-31": "17.34%", "2006-09-30": "17.36%", "2006-06-30": "17.73%", "2006-03-31": "18.39%", "2005-12-31": "18.60%"}, "pre tax profit margin": {"2020-09-30": "10.85%", "2020-06-30": "10.34%", "2020-03-31": "10.69%", "2019-12-31": "10.54%", "2019-09-30": "10.45%", "2019-06-30": "9.95%", "2019-03-31": "9.03%", "2018-12-31": "8.94%", "2018-09-30": "8.57%", "2018-06-30": "9.19%", "2018-03-31": "9.07%", "2017-12-31": "9.41%", "2017-09-30": "10.11%", "2017-06-30": "9.67%", "2017-03-31": "8.79%", "2016-12-31": "7.41%", "2016-09-30": "6.29%", "2016-06-30": "6.00%", "2016-03-31": "5.98%", "2015-12-31": "6.63%", "2015-09-30": "8.54%", "2015-06-30": "6.86%", "2015-03-31": "9.35%", "2014-12-31": "11.14%", "2014-09-30": "10.74%", "2014-06-30": "13.23%", "2014-03-31": "12.32%", "2013-12-31": "11.06%", "2013-09-30": "10.25%", "2013-06-30": "10.64%", "2013-03-31": "10.64%", "2012-12-31": "11.22%", "2012-09-30": "11.28%", "2012-06-30": "9.83%", "2012-03-31": "10.28%", "2011-12-31": "10.16%", "2011-09-30": "10.32%", "2011-06-30": "11.59%", "2011-03-31": "10.82%", "2010-12-31": "10.90%", "2010-09-30": "10.58%", "2010-06-30": "9.67%", "2010-03-31": "9.08%", "2009-12-31": "7.90%", "2009-09-30": "7.61%", "2009-06-30": "10.13%", "2009-03-31": "12.35%", "2008-12-31": "14.45%", "2008-09-30": "16.30%", "2008-06-30": "15.87%", "2008-03-31": "15.63%", "2007-12-31": "15.04%", "2007-09-30": "15.30%", "2007-06-30": "15.60%", "2007-03-31": "15.40%", "2006-12-31": "15.74%", "2006-09-30": "16.57%", "2006-06-30": "16.55%", "2006-03-31": "16.77%", "2005-12-31": "16.15%"}, "net profit margin": {"2020-09-30": "15.56%", "2020-06-30": "15.38%", "2020-03-31": "15.79%", "2019-12-31": "15.74%", "2019-09-30": "9.98%", "2019-06-30": "9.82%", "2019-03-31": "9.06%", "2018-12-31": "9.14%", "2018-09-30": "5.33%", "2018-06-30": "4.96%", "2018-03-31": "4.57%", "2017-12-31": "4.46%", "2017-09-30": "7.58%", "2017-06-30": "7.13%", "2017-03-31": "6.82%", "2016-12-31": "5.63%", "2016-09-30": "5.09%", "2016-06-30": "5.05%", "2016-03-31": "4.67%", "2015-12-31": "5.28%", "2015-09-30": "6.67%", "2015-06-30": "5.52%", "2015-03-31": "7.58%", "2014-12-31": "8.97%", "2014-09-30": "9.01%", "2014-06-30": "10.86%", "2014-03-31": "10.18%", "2013-12-31": "9.57%", "2013-09-30": "8.71%", "2013-06-30": "8.87%", "2013-03-31": "9.07%", "2012-12-31": "9.36%", "2012-09-30": "9.54%", "2012-06-30": "8.65%", "2012-03-31": "9.20%", "2011-12-31": "9.19%", "2011-09-30": "10.39%", "2011-06-30": "11.45%", "2011-03-31": "8.54%", "2010-12-31": "8.04%", "2010-09-30": "6.17%", "2010-06-30": "5.00%", "2010-03-31": "6.48%", "2009-12-31": "5.68%", "2009-09-30": "6.09%", "2009-06-30": "7.74%", "2009-03-31": "9.42%", "2008-12-31": "10.68%", "2008-09-30": "11.21%", "2008-06-30": "10.58%", "2008-03-31": "9.91%", "2007-12-31": "9.57%", "2007-09-30": "10.05%", "2007-06-30": "10.43%", "2007-03-31": "10.70%", "2006-12-31": "11.06%", "2006-09-30": "11.53%", "2006-06-30": "11.58%", "2006-03-31": "11.55%", "2005-12-31": "10.85%"}, "pe ratio": {"current": "38.24", "2021-02-05": "37.06", "2020-09-30": "24.97", "2020-06-30": "22.49", "2020-03-31": "15.60", "2019-12-31": "20.44", "2019-09-30": "30.56", "2019-06-30": "36.09", "2019-03-31": "35.75", "2018-12-31": "29.65", "2018-09-30": "68.98", "2018-06-30": "58.64", "2018-03-31": "71.76", "2017-12-31": "86.47", "2017-09-30": "51.64", "2017-06-30": "51.70", "2017-03-31": "50.02", "2016-12-31": "57.98", "2016-09-30": "62.09", "2016-06-30": "54.13", "2016-03-31": "60.49", "2015-12-31": "46.63", "2015-09-30": "28.31", "2015-06-30": "48.88", "2015-03-31": "37.61", "2014-12-31": "33.18", "2014-09-30": "37.20", "2014-06-30": "37.32", "2014-03-31": "42.71", "2013-12-31": "41.31", "2013-09-30": "40.15", "2013-06-30": "35.12", "2013-03-31": "40.51", "2012-12-31": "39.85", "2012-09-30": "32.42", "2012-06-30": "36.23", "2012-03-31": "42.52", "2011-12-31": "36.17", "2011-09-30": "26.63", "2011-06-30": "30.26", "2011-03-31": "54.34", "2010-12-31": "47.54", "2010-09-30": "55.62", "2010-06-30": "57.14", "2010-03-31": "47.08", "2009-12-31": "48.46", "2009-09-30": "43.47", "2009-06-30": "26.89", "2009-03-31": "16.08", "2008-12-31": "19.12", "2008-09-30": "21.02", "2008-06-30": "31.32", "2008-03-31": "27.76", "2007-12-31": "31.83", "2007-09-30": "41.49", "2007-06-30": "34.26", "2007-03-31": "29.66", "2006-12-31": "28.50"}, "price sales": {"2021-02-05": "5.80", "2020-09-30": "3.91", "2020-06-30": "3.47", "2020-03-31": "2.47", "2019-12-31": "3.23", "2019-09-30": "3.05", "2019-06-30": "3.54", "2019-03-31": "3.23", "2018-12-31": "2.68", "2018-09-30": "3.65", "2018-06-30": "2.88", "2018-03-31": "3.31", "2017-12-31": "3.95", "2017-09-30": "3.97", "2017-06-30": "3.73", "2017-03-31": "3.40", "2016-12-31": "3.24", "2016-09-30": "3.11", "2016-06-30": "2.69", "2016-03-31": "2.79", "2015-12-31": "2.43", "2015-09-30": "1.87", "2015-06-30": "2.66", "2015-03-31": "2.81", "2014-12-31": "2.94", "2014-09-30": "3.31", "2014-06-30": "4.05", "2014-03-31": "4.36", "2013-12-31": "3.96", "2013-09-30": "3.50", "2013-06-30": "3.12", "2013-03-31": "3.69", "2012-12-31": "3.76", "2012-09-30": "3.11", "2012-06-30": "3.12", "2012-03-31": "3.91", "2011-12-31": "3.33", "2011-09-30": "2.75", "2011-06-30": "3.45", "2011-03-31": "4.62", "2010-12-31": "3.82", "2010-09-30": "3.46", "2010-06-30": "2.88", "2010-03-31": "3.05", "2009-12-31": "2.73", "2009-09-30": "2.62", "2009-06-30": "2.05", "2009-03-31": "1.50", "2008-12-31": "2.03", "2008-09-30": "2.35", "2008-06-30": "3.33", "2008-03-31": "2.77", "2007-12-31": "3.07", "2007-09-30": "4.19", "2007-06-30": "3.57", "2007-03-31": "3.16", "2006-12-31": "3.14"}, "price book": {"current": "5.40", "2021-02-05": "5.40", "2020-09-30": "3.64", "2020-06-30": "3.36", "2020-03-31": "2.56", "2019-12-31": "3.34", "2019-09-30": "3.47", "2019-06-30": "4.02", "2019-03-31": "3.70", "2018-12-31": "3.09", "2018-09-30": "4.12", "2018-06-30": "3.26", "2018-03-31": "3.57", "2017-12-31": "4.19", "2017-09-30": "3.87", "2017-06-30": "3.59", "2017-03-31": "3.34", "2016-12-31": "3.29", "2016-09-30": "3.08", "2016-06-30": "2.70", "2016-03-31": "2.73", "2015-12-31": "2.42", "2015-09-30": "1.86", "2015-06-30": "2.58", "2015-03-31": "2.79", "2014-12-31": "2.92", "2014-09-30": "3.35", "2014-06-30": "3.94", "2014-03-31": "4.31", "2013-12-31": "4.02", "2013-09-30": "3.57", "2013-06-30": "3.27", "2013-03-31": "3.90", "2012-12-31": "3.98", "2012-09-30": "3.29", "2012-06-30": "3.36", "2012-03-31": "3.99", "2011-12-31": "3.38", "2011-09-30": "2.64", "2011-06-30": "3.12", "2011-03-31": "4.16", "2010-12-31": "3.48", "2010-09-30": "3.19", "2010-06-30": "2.69", "2010-03-31": "2.66", "2009-12-31": "2.40", "2009-09-30": "2.30", "2009-06-30": "1.94", "2009-03-31": "1.58", "2008-12-31": "2.25", "2008-09-30": "2.66", "2008-06-30": "3.59", "2008-03-31": "2.99", "2007-12-31": "3.32", "2007-09-30": "4.43", "2007-06-30": "3.82", "2007-03-31": "3.33", "2006-12-31": "3.79", "2006-09-30": "3.69", "2006-06-30": "3.70", "2006-03-31": "4.01"}, "price fcf": {"2021-02-05": "", "2020-09-30": "$2.16", "2020-06-30": "$2.00", "2020-03-31": "$2.07", "2019-12-31": "$2.04", "2019-09-30": "$1.97", "2019-06-30": "$1.86", "2019-03-31": "$1.92", "2018-12-31": "$1.65", "2018-09-30": "$1.66", "2018-06-30": "$1.50", "2018-03-31": "$1.38", "2017-12-31": "$1.50", "2017-09-30": "$1.69", "2017-06-30": "$1.80", "2017-03-31": "$1.55", "2016-12-31": "$1.60", "2016-09-30": "$1.33", "2016-06-30": "$1.26", "2016-03-31": "$1.27", "2015-12-31": "$1.21", "2015-09-30": "$1.25", "2015-06-30": "$1.34", "2015-03-31": "$1.46", "2014-12-31": "$1.36", "2014-09-30": "$1.51", "2014-06-30": "$1.51", "2014-03-31": "$1.49", "2013-12-31": "$1.32", "2013-09-30": "$1.14", "2013-06-30": "$1.10", "2013-03-31": "$0.97", "2012-12-31": "$1.12", "2012-09-30": "$1.10", "2012-06-30": "$0.99", "2012-03-31": "$1.01", "2011-12-31": "$0.87", "2011-09-30": "$0.70", "2011-06-30": "$0.47", "2011-03-31": "$0.30", "2010-12-31": "$0.41", "2010-09-30": "$0.50", "2010-06-30": "$0.67", "2010-03-31": "$0.78", "2009-12-31": "$0.74", "2009-09-30": "$0.65", "2009-06-30": "$0.69", "2009-03-31": "$0.74", "2008-12-31": "$0.64", "2008-09-30": "$0.75", "2008-06-30": "$0.74", "2008-03-31": "$0.65", "2007-12-31": "$0.70", "2007-09-30": "$0.69", "2007-06-30": "$0.63", "2007-03-31": "$0.58", "2006-12-31": "$0.51"}, "net worth": {"value": "$18.08B"}, "current ratio": {"current": "0.92", "2020-09-30": "0.92", "2020-06-30": "0.96", "2020-03-31": "0.97", "2019-12-31": "1.02", "2019-09-30": "1.00", "2019-06-30": "1.04", "2019-03-31": "1.05", "2018-12-31": "1.03", "2018-09-30": "1.08", "2018-06-30": "1.93", "2018-03-31": "0.98", "2017-12-31": "1.70", "2017-09-30": "1.44", "2017-06-30": "1.43", "2017-03-31": "1.47", "2016-12-31": "1.42", "2016-09-30": "1.38", "2016-06-30": "1.30", "2016-03-31": "1.20", "2015-12-31": "1.21", "2015-09-30": "1.24", "2015-06-30": "1.27", "2015-03-31": "1.31", "2014-12-31": "1.53", "2014-09-30": "1.47", "2014-06-30": "1.82", "2014-03-31": "1.65", "2013-12-31": "1.45", "2013-09-30": "1.46", "2013-06-30": "1.46", "2013-03-31": "1.60", "2012-12-31": "1.74", "2012-09-30": "1.60", "2012-06-30": "1.64", "2012-03-31": "1.79", "2011-12-31": "1.78", "2011-09-30": "1.88", "2011-06-30": "2.78", "2011-03-31": "1.89", "2010-12-31": "2.84", "2010-09-30": "2.62", "2010-06-30": "2.45", "2010-03-31": "2.98", "2009-12-31": "3.09", "2009-09-30": "3.04", "2009-06-30": "2.80", "2009-03-31": "2.63", "2008-12-31": "2.64", "2008-09-30": "2.37", "2008-06-30": "2.27", "2008-03-31": "2.42", "2007-12-31": "2.23", "2007-09-30": "2.20", "2007-06-30": "2.13", "2007-03-31": "2.18", "2006-12-31": "2.49", "2006-09-30": "2.86", "2006-06-30": "2.48", "2006-03-31": "2.58", "2005-12-31": "2.46", "2005-09-30": "2.82", "2005-06-30": "2.69", "2005-03-31": "2.48"}, "quick ratio": {"2020-09-30": "0.66", "2020-06-30": "0.67", "2020-03-31": "0.71", "2019-12-31": "0.76", "2019-09-30": "0.73", "2019-06-30": "0.78", "2019-03-31": "0.77", "2018-12-31": "0.75", "2018-09-30": "0.79", "2018-06-30": "1.54", "2018-03-31": "0.73", "2017-12-31": "1.35", "2017-09-30": "1.12", "2017-06-30": "1.16", "2017-03-31": "1.18", "2016-12-31": "1.10", "2016-09-30": "1.06", "2016-06-30": "0.96", "2016-03-31": "0.85", "2015-12-31": "0.81", "2015-09-30": "0.85", "2015-06-30": "0.87", "2015-03-31": "0.92", "2014-12-31": "1.06", "2014-09-30": "1.02", "2014-06-30": "1.34", "2014-03-31": "1.18", "2013-12-31": "1.01", "2013-09-30": "1.03", "2013-06-30": "1.01", "2013-03-31": "1.13", "2012-12-31": "1.23", "2012-09-30": "1.12", "2012-06-30": "1.14", "2012-03-31": "1.31", "2011-12-31": "1.22", "2011-09-30": "1.33", "2011-06-30": "2.04", "2011-03-31": "1.41", "2010-12-31": "2.07", "2010-09-30": "1.94", "2010-06-30": "1.91", "2010-03-31": "2.39", "2009-12-31": "2.45", "2009-09-30": "2.30", "2009-06-30": "2.04", "2009-03-31": "1.90", "2008-12-31": "1.92", "2008-09-30": "1.69", "2008-06-30": "1.66", "2008-03-31": "1.79", "2007-12-31": "1.65", "2007-09-30": "1.62", "2007-06-30": "1.56", "2007-03-31": "1.58", "2006-12-31": "1.89", "2006-09-30": "2.16", "2006-06-30": "1.83", "2006-03-31": "1.94", "2005-12-31": "1.72", "2005-09-30": "2.09", "2005-06-30": "1.96", "2005-03-31": "1.80"}, "debt equity ratio": {"current": "0.41", "2020-09-30": "0.98", "2020-06-30": "1.07", "2020-03-31": "1.16", "2019-12-31": "1.13", "2019-09-30": "1.08", "2019-06-30": "1.08", "2019-03-31": "1.16", "2018-12-31": "1.16", "2018-09-30": "1.18", "2018-06-30": "0.93", "2018-03-31": "0.87", "2017-12-31": "0.79", "2017-09-30": "0.64", "2017-06-30": "0.60", "2017-03-31": "0.61", "2016-12-31": "0.59", "2016-09-30": "0.61", "2016-06-30": "0.67", "2016-03-31": "0.64", "2015-12-31": "0.66", "2015-09-30": "0.69", "2015-06-30": "0.62", "2015-03-31": "0.62", "2014-12-31": "0.64", "2014-09-30": "0.62", "2014-06-30": "0.58", "2014-03-31": "0.61", "2013-12-31": "0.66", "2013-09-30": "0.70", "2013-06-30": "0.78", "2013-03-31": "0.81", "2012-12-31": "0.81", "2012-09-30": "0.66", "2012-06-30": "0.73", "2012-03-31": "0.69", "2011-12-31": "0.67", "2011-09-30": "0.73", "2011-06-30": "0.33", "2011-03-31": "0.34", "2010-12-31": "0.35", "2010-09-30": "0.38", "2010-06-30": "0.43", "2010-03-31": "0.41", "2009-12-31": "0.39", "2009-09-30": "0.38", "2009-06-30": "0.40", "2009-03-31": "0.42", "2008-12-31": "0.43", "2008-09-30": "0.36", "2008-06-30": "0.31", "2008-03-31": "0.37", "2007-12-31": "0.39", "2007-09-30": "0.40", "2007-06-30": "0.46", "2007-03-31": "0.49", "2006-12-31": "0.32", "2006-09-30": "0.29", "2006-06-30": "0.32", "2006-03-31": "0.30", "2005-12-31": "0.30", "2005-09-30": "0.29", "2005-06-30": "0.30", "2005-03-31": "0.37"}, "return on equity": {"2020-09-30": "15.30%", "2020-06-30": "15.77%", "2020-03-31": "17.37%", "2019-12-31": "17.92%", "2019-09-30": "11.68%", "2019-06-30": "11.68%", "2019-03-31": "10.85%", "2018-12-31": "10.98%", "2018-09-30": "6.39%", "2018-06-30": "5.77%", "2018-03-31": "5.09%", "2017-12-31": "4.76%", "2017-09-30": "7.84%", "2017-06-30": "7.28%", "2017-03-31": "7.02%", "2016-12-31": "5.81%", "2016-09-30": "5.25%", "2016-06-30": "5.23%", "2016-03-31": "4.73%", "2015-12-31": "5.32%", "2015-09-30": "6.63%", "2015-06-30": "5.45%", "2015-03-31": "7.57%", "2014-12-31": "9.03%", "2014-09-30": "9.32%", "2014-06-30": "11.37%", "2014-03-31": "10.86%", "2013-12-31": "10.45%", "2013-09-30": "9.53%", "2013-06-30": "9.86%", "2013-03-31": "10.23%", "2012-12-31": "10.66%", "2012-09-30": "10.93%", "2012-06-30": "9.85%", "2012-03-31": "10.10%", "2011-12-31": "9.74%", "2011-09-30": "10.60%", "2011-06-30": "11.40%", "2011-03-31": "8.54%", "2010-12-31": "7.92%", "2010-09-30": "6.00%", "2010-06-30": "4.74%", "2010-03-31": "5.97%", "2009-12-31": "5.25%", "2009-09-30": "5.72%", "2009-06-30": "7.80%", "2009-03-31": "10.19%", "2008-12-31": "12.16%", "2008-09-30": "13.28%", "2008-06-30": "12.48%", "2008-03-31": "11.76%", "2007-12-31": "11.28%", "2007-09-30": "12.14%", "2007-06-30": "13.20%", "2007-03-31": "13.90%", "2006-12-31": "15.22%", "2006-09-30": "16.11%", "2006-06-30": "16.39%", "2006-03-31": "16.61%", "2005-12-31": "15.86%"}, "return on assets": {"2020-09-30": "7.35%", "2020-06-30": "7.47%", "2020-03-31": "8.22%", "2019-12-31": "8.48%", "2019-09-30": "5.51%", "2019-06-30": "5.45%", "2019-03-31": "5.14%", "2018-12-31": "5.39%", "2018-09-30": "3.28%", "2018-06-30": "3.19%", "2018-03-31": "2.95%", "2017-12-31": "2.87%", "2017-09-30": "4.86%", "2017-06-30": "4.54%", "2017-03-31": "4.33%", "2016-12-31": "3.57%", "2016-09-30": "3.19%", "2016-06-30": "3.14%", "2016-03-31": "2.87%", "2015-12-31": "3.23%", "2015-09-30": "4.04%", "2015-06-30": "3.36%", "2015-03-31": "4.69%", "2014-12-31": "5.61%", "2014-09-30": "5.78%", "2014-06-30": "6.97%", "2014-03-31": "6.46%", "2013-12-31": "6.03%", "2013-09-30": "5.37%", "2013-06-30": "5.58%", "2013-03-31": "5.83%", "2012-12-31": "6.19%", "2012-09-30": "6.49%", "2012-06-30": "5.78%", "2012-03-31": "6.29%", "2011-12-31": "6.40%", "2011-09-30": "7.35%", "2011-06-30": "8.46%", "2011-03-31": "6.22%", "2010-12-31": "5.70%", "2010-09-30": "4.29%", "2010-06-30": "3.38%", "2010-03-31": "4.28%", "2009-12-31": "3.75%", "2009-09-30": "4.06%", "2009-06-30": "5.56%", "2009-03-31": "7.40%", "2008-12-31": "8.90%", "2008-09-30": "9.80%", "2008-06-30": "9.14%", "2008-03-31": "8.39%", "2007-12-31": "7.87%", "2007-09-30": "8.54%", "2007-06-30": "9.42%", "2007-03-31": "10.18%", "2006-12-31": "11.65%", "2006-09-30": "12.36%", "2006-06-30": "12.57%", "2006-03-31": "12.81%", "2005-12-31": "12.10%"}, "return on investments": {"2020-09-30": "8.10%", "2020-06-30": "8.08%", "2020-03-31": "8.54%", "2019-12-31": "8.46%", "2019-09-30": "8.68%", "2019-06-30": "8.27%", "2019-03-31": "8.06%", "2018-12-31": "8.12%", "2018-09-30": "7.85%", "2018-06-30": "8.29%", "2018-03-31": "7.84%", "2017-12-31": "7.72%", "2017-09-30": "7.95%", "2017-06-30": "7.76%", "2017-03-31": "7.22%", "2016-12-31": "6.40%", "2016-09-30": "5.61%", "2016-06-30": "5.31%", "2016-03-31": "5.12%", "2015-12-31": "5.45%", "2015-09-30": "6.88%", "2015-06-30": "5.61%", "2015-03-31": "7.57%", "2014-12-31": "8.72%", "2014-09-30": "8.48%", "2014-06-30": "10.32%", "2014-03-31": "9.40%", "2013-12-31": "8.84%", "2013-09-30": "7.60%", "2013-06-30": "7.93%", "2013-03-31": "8.08%", "2012-12-31": "8.70%", "2012-09-30": "9.33%", "2012-06-30": "8.18%", "2012-03-31": "8.49%", "2011-12-31": "8.49%", "2011-09-30": "8.59%", "2011-06-30": "9.51%", "2011-03-31": "9.24%", "2010-12-31": "8.74%", "2010-09-30": "8.51%", "2010-06-30": "7.76%", "2010-03-31": "6.96%", "2009-12-31": "6.27%", "2009-09-30": "6.19%", "2009-06-30": "9.04%", "2009-03-31": "12.02%", "2008-12-31": "14.99%", "2008-09-30": "17.80%", "2008-06-30": "17.17%", "2008-03-31": "16.89%", "2007-12-31": "15.60%", "2007-09-30": "16.03%", "2007-06-30": "17.09%", "2007-03-31": "17.41%", "2006-12-31": "19.75%", "2006-09-30": "20.48%", "2006-06-30": "21.40%", "2006-03-31": "22.84%", "2005-12-31": "23.40%"}, "return on tangible equity": {"2020-09-30": "-39.61%", "2020-06-30": "-36.96%", "2020-03-31": "-38.45%", "2019-12-31": "-37.53%", "2019-09-30": "-22.02%", "2019-06-30": "-20.66%", "2019-03-31": "-21.37%", "2018-12-31": "-24.86%", "2018-09-30": "-20.14%", "2018-06-30": "-34.80%", "2018-03-31": "-46.31%", "2017-12-31": "-99.79%", "2017-09-30": "-225.22%", "2017-06-30": "-190.16%", "2017-03-31": "-107.06%", "2016-12-31": "-63.79%", "2016-09-30": "-43.19%", "2016-06-30": "-35.40%", "2016-03-31": "-32.33%", "2015-12-31": "-37.37%", "2015-09-30": "-49.00%", "2015-06-30": "-45.47%", "2015-03-31": "-75.63%", "2014-12-31": "-94.82%", "2014-09-30": "-91.73%", "2014-06-30": "-93.63%", "2014-03-31": "-62.06%", "2013-12-31": "-48.05%", "2013-09-30": "-38.50%", "2013-06-30": "-42.14%", "2013-03-31": "-46.88%", "2012-12-31": "-59.22%", "2012-09-30": "-80.52%", "2012-06-30": "-67.85%", "2012-03-31": "-335.75%", "2011-12-31": "152.91%", "2011-09-30": "68.17%", "2011-06-30": "43.70%", "2011-03-31": "34.42%", "2010-12-31": "32.73%", "2010-09-30": "25.31%", "2010-06-30": "20.29%", "2010-03-31": "26.34%", "2009-12-31": "25.20%", "2009-09-30": "29.63%", "2009-06-30": "39.96%", "2009-03-31": "48.47%", "2008-12-31": "55.47%", "2008-09-30": "58.17%", "2008-06-30": "56.57%", "2008-03-31": "60.59%", "2007-12-31": "68.32%", "2007-09-30": "60.85%", "2007-06-30": "51.13%", "2007-03-31": "41.63%", "2006-12-31": "33.79%", "2006-09-30": "34.83%", "2006-06-30": "35.03%", "2006-03-31": "34.83%", "2005-12-31": "34.01%"}, "dividend yield history": {"last payout": "$0.00", "last yield": "0.00%"}}