{"ticker": "TRN", "price": {"title": "Trinity Industries Historical Annual Stock Price Data", "value": 31.04, "historical": {"2021": {"Average Stock Price": "28.3604", "Year Open": "26.2300", "Year High": "31.0400", "Year Low": "26.2300", "Year Close": "31.0400", "Annual % Change": "17.62%"}, "2020": {"Average Stock Price": "20.5367", "Year Open": "22.1400", "Year High": "26.6200", "Year Low": "14.7500", "Year Close": "26.3900", "Annual % Change": "19.14%"}, "2019": {"Average Stock Price": "20.8282", "Year Open": "20.9000", "Year High": "25.9900", "Year Low": "16.0900", "Year Close": "22.1500", "Annual % Change": "7.58%"}, "2018": {"Average Stock Price": "32.6665", "Year Open": "37.7400", "Year High": "39.1000", "Year Low": "19.4000", "Year Close": "20.5900", "Annual % Change": "-45.03%"}, "2017": {"Average Stock Price": "29.3465", "Year Open": "28.0300", "Year High": "37.8800", "Year Low": "25.4900", "Year Close": "37.4600", "Annual % Change": "34.94%"}, "2016": {"Average Stock Price": "21.5911", "Year Open": "24.3200", "Year High": "29.2400", "Year Low": "15.6400", "Year Close": "27.7600", "Annual % Change": "15.57%"}, "2015": {"Average Stock Price": "28.3703", "Year Open": "28.2800", "Year High": "36.8000", "Year Low": "22.3700", "Year Close": "24.0200", "Annual % Change": "-14.24%"}, "2014": {"Average Stock Price": "37.7934", "Year Open": "27.0750", "Year High": "50.3000", "Year Low": "26.5700", "Year Close": "28.0100", "Annual % Change": "2.75%"}, "2013": {"Average Stock Price": "21.6534", "Year Open": "18.5550", "Year High": "28.3250", "Year Low": "17.6450", "Year Close": "27.2600", "Annual % Change": "52.21%"}, "2012": {"Average Stock Price": "15.0271", "Year Open": "15.2350", "Year High": "18.0250", "Year Low": "10.9250", "Year Close": "17.9100", "Annual % Change": "19.16%"}, "2011": {"Average Stock Price": "14.8678", "Year Open": "13.4550", "Year High": "18.8800", "Year Low": "9.9700", "Year Close": "15.0300", "Annual % Change": "12.97%"}, "2010": {"Average Stock Price": "10.3843", "Year Open": "9.0250", "Year High": "13.3400", "Year Low": "7.6100", "Year Close": "13.3050", "Annual % Change": "52.58%"}, "2009": {"Average Stock Price": "7.3359", "Year Open": "8.5450", "Year High": "9.7250", "Year Low": "3.2350", "Year Close": "8.7200", "Annual % Change": "10.66%"}, "2008": {"Average Stock Price": "13.8931", "Year Open": "13.8000", "Year High": "20.4250", "Year Low": "5.0700", "Year Close": "7.8800", "Annual % Change": "-43.23%"}, "2007": {"Average Stock Price": "19.2021", "Year Open": "17.4050", "Year High": "23.9700", "Year Low": "12.1600", "Year Close": "13.8800", "Annual % Change": "-21.14%"}, "2006": {"Average Stock Price": "17.9452", "Year Open": "14.6500", "Year High": "23.7467", "Year Low": "14.6500", "Year Close": "17.6000", "Annual % Change": "19.81%"}, "2005": {"Average Stock Price": "11.2368", "Year Open": "10.9800", "Year High": "14.9133", "Year Low": "7.7433", "Year Close": "14.6900", "Annual % Change": "29.31%"}, "2004": {"Average Stock Price": "10.1698", "Year Open": "10.2867", "Year High": "11.9300", "Year Low": "8.4500", "Year Close": "11.3600", "Annual % Change": "10.51%"}, "2003": {"Average Stock Price": "7.1671", "Year Open": "6.4233", "Year High": "10.5867", "Year Low": "5.0767", "Year Close": "10.2800", "Annual % Change": "62.66%"}, "2002": {"Average Stock Price": "6.7517", "Year Open": "8.9067", "Year High": "8.9933", "Year Low": "4.9767", "Year Close": "6.3200", "Annual % Change": "-30.22%"}, "2001": {"Average Stock Price": "7.7220", "Year Open": "8.0000", "Year High": "9.3467", "Year Low": "5.8333", "Year Close": "9.0567", "Annual % Change": "8.68%"}, "2000": {"Average Stock Price": "7.4143", "Year Open": "9.1667", "Year High": "9.1867", "Year Low": "6.1267", "Year Close": "8.3333", "Annual % Change": "-12.10%"}, "1999": {"Average Stock Price": "10.7196", "Year Open": "12.7933", "Year High": "13.1467", "Year Low": "8.8133", "Year Close": "9.4800", "Annual % Change": "-26.13%"}, "1998": {"Average Stock Price": "14.2027", "Year Open": "15.1667", "Year High": "18.3333", "Year Low": "9.4567", "Year Close": "12.8333", "Annual % Change": "-13.72%"}, "1997": {"Average Stock Price": "12.2581", "Year Open": "12.2933", "Year High": "18.0000", "Year Low": "8.1667", "Year Close": "14.8733", "Annual % Change": "18.99%"}, "1996": {"Average Stock Price": "11.2610", "Year Open": "10.8333", "Year High": "12.5000", "Year Low": "10.3767", "Year Close": "12.5000", "Annual % Change": "19.05%"}, "1995": {"Average Stock Price": "11.1355", "Year Open": "10.5833", "Year High": "13.4167", "Year Low": "9.4167", "Year Close": "10.5000", "Annual % Change": "0.00%"}, "1994": {"Average Stock Price": "12.1076", "Year Open": "14.2500", "Year High": "15.7933", "Year Low": "10.1667", "Year Close": "10.5000", "Annual % Change": "-26.97%"}, "1993": {"Average Stock Price": "11.2061", "Year Open": "8.5000", "Year High": "14.6267", "Year Low": "8.3622", "Year Close": "14.3767", "Annual % Change": "65.88%"}, "1992": {"Average Stock Price": "6.8925", "Year Open": "6.0289", "Year High": "8.8333", "Year Low": "5.7222", "Year Close": "8.6667", "Annual % Change": "47.84%"}, "1991": {"Average Stock Price": "5.7045", "Year Open": "4.1667", "Year High": "6.9733", "Year Low": "4.1111", "Year Close": "5.8622", "Annual % Change": "44.55%"}, "1990": {"Average Stock Price": "5.2634", "Year Open": "6.9444", "Year High": "7.2511", "Year Low": "3.4733", "Year Close": "4.0556", "Annual % Change": "-39.17%"}, "1989": {"Average Stock Price": "8.2295", "Year Open": "7.4733", "Year High": "10.1111", "Year Low": "6.5000", "Year Close": "6.6667", "Annual % Change": "-11.76%"}, "1988": {"Average Stock Price": "6.8516", "Year Open": "6.1111", "Year High": "8.3067", "Year Low": "5.4444", "Year Close": "7.5556", "Annual % Change": "30.77%"}}}, "market cap": {"value": "$3.54B"}, "income statement": {"Revenue": {"2019-12-31": "3005.10000", "2018-12-31": "2509.10000", "2017-12-31": "2397.40000", "2016-12-31": "3089.80000", "2015-12-31": "6392.70000", "2014-12-31": "6170.00000", "2013-12-31": "4365.30000", "2012-12-31": "3811.90000", "2011-12-31": "2938.30000", "2010-12-31": "1930.70000", "2009-12-31": "2420.90000", "2008-12-31": "3882.80000", "2007-12-31": "3832.80000", "2006-12-31": "3218.90000", "2005-12-31": "2709.70000"}, "Cost Of Goods Sold": {"2019-12-31": "2365.70000", "2018-12-31": "1938.80000", "2017-12-31": "1775.20000", "2016-12-31": "2312.00000", "2015-12-31": "4656.20000", "2014-12-31": "4619.80000", "2013-12-31": "3322.30000", "2012-12-31": "3051.50000", "2011-12-31": "2357.50000", "2010-12-31": "1491.20000", "2009-12-31": "1964.90000", "2008-12-31": "3080.30000", "2007-12-31": "3074.10000", "2006-12-31": "2628.20000", "2005-12-31": "2324.40000"}, "Gross Profit": {"2019-12-31": "639.40010", "2018-12-31": "570.30000", "2017-12-31": "622.19980", "2016-12-31": "777.80000", "2015-12-31": "1736.50000", "2014-12-31": "1550.20000", "2013-12-31": "1043.00000", "2012-12-31": "760.39990", "2011-12-31": "580.80000", "2010-12-31": "439.49990", "2009-12-31": "455.99990", "2008-12-31": "802.50020", "2007-12-31": "758.70000", "2006-12-31": "590.70000", "2005-12-31": "385.30000"}, "Research And Development Expenses": {"2019-12-31": "", "2018-12-31": "", "2017-12-31": "", "2016-12-31": "", "2015-12-31": "", "2014-12-31": "", "2013-12-31": "", "2012-12-31": "", "2011-12-31": "", "2010-12-31": "", "2009-12-31": "", "2008-12-31": "", "2007-12-31": "", "2006-12-31": "", "2005-12-31": ""}, "SG&A Expenses": {"2019-12-31": "262.80000", "2018-12-31": "296.60000", "2017-12-31": "339.30000", "2016-12-31": "313.90000", "2015-12-31": "476.40000", "2014-12-31": "403.60000", "2013-12-31": "291.30000", "2012-12-31": "224.10000", "2011-12-31": "194.00000", "2010-12-31": "165.40000", "2009-12-31": "186.10000", "2008-12-31": "243.00000", "2007-12-31": "228.90000", "2006-12-31": "208.10000", "2005-12-31": "181.20000"}, "Other Operating Income Or Expenses": {"2019-12-31": "54.40000", "2018-12-31": "41.40000", "2017-12-31": "85.40000", "2016-12-31": "15.00000", "2015-12-31": "178.80000", "2014-12-31": "104.40000", "2013-12-31": "21.20000", "2012-12-31": "38.50000", "2011-12-31": "40.00000", "2010-12-31": "20.10000", "2009-12-31": "24.20000", "2008-12-31": "", "2007-12-31": "", "2006-12-31": "", "2005-12-31": ""}, "Operating Expenses": {"2019-12-31": "2588.80000", "2018-12-31": "2194.00000", "2017-12-31": "2029.10000", "2016-12-31": "2610.90000", "2015-12-31": "4953.80000", "2014-12-31": "4919.00000", "2013-12-31": "3592.40000", "2012-12-31": "3237.10000", "2011-12-31": "2511.50000", "2010-12-31": "1636.50000", "2009-12-31": "2451.80000", "2008-12-31": "3323.30000", "2007-12-31": "3303.00000", "2006-12-31": "2836.30000", "2005-12-31": "2505.60000"}, "Operating Income": {"2019-12-31": "416.30000", "2018-12-31": "315.09990", "2017-12-31": "368.29990", "2016-12-31": "478.90010", "2015-12-31": "1438.90000", "2014-12-31": "1251.00000", "2013-12-31": "772.89990", "2012-12-31": "574.79980", "2011-12-31": "426.80000", "2010-12-31": "294.19980", "2009-12-31": "-30.90020", "2008-12-31": "559.50020", "2007-12-31": "529.80000", "2006-12-31": "382.59990", "2005-12-31": "204.10010"}, "Total Non-Operating Income/Expense": {"2019-12-31": "-215.60000", "2018-12-31": "-163.50000", "2017-12-31": "-172.90000", "2016-12-31": "-168.90000", "2015-12-31": "-186.90000", "2014-12-31": "-186.90000", "2013-12-31": "-182.40000", "2012-12-31": "-188.90000", "2011-12-31": "-187.80000", "2010-12-31": "-187.50000", "2009-12-31": "-116.20000", "2008-12-31": "-105.70000", "2007-12-31": "-74.90000", "2006-12-31": "-34.10000", "2005-12-31": "-28.00000"}, "Pre-Tax Income": {"2019-12-31": "200.70000", "2018-12-31": "151.60000", "2017-12-31": "195.40000", "2016-12-31": "310.00000", "2015-12-31": "1252.00000", "2014-12-31": "1064.10000", "2013-12-31": "590.50000", "2012-12-31": "385.90000", "2011-12-31": "239.00000", "2010-12-31": "106.70000", "2009-12-31": "-147.10000", "2008-12-31": "453.80000", "2007-12-31": "454.90000", "2006-12-31": "348.50000", "2005-12-31": "176.10000"}, "Income Taxes": {"2019-12-31": "61.50000", "2018-12-31": "42.60000", "2017-12-31": "-414.80000", "2016-12-31": "106.80000", "2015-12-31": "426.00000", "2014-12-31": "354.80000", "2013-12-31": "204.40000", "2012-12-31": "134.00000", "2011-12-31": "92.20000", "2010-12-31": "37.30000", "2009-12-31": "-9.40000", "2008-12-31": "171.40000", "2007-12-31": "165.10000", "2006-12-31": "133.00000", "2005-12-31": "65.60000"}, "Income After Taxes": {"2019-12-31": "139.20000", "2018-12-31": "109.00000", "2017-12-31": "610.20000", "2016-12-31": "203.20000", "2015-12-31": "826.00000", "2014-12-31": "709.30000", "2013-12-31": "386.10000", "2012-12-31": "251.90000", "2011-12-31": "146.80000", "2010-12-31": "69.40000", "2009-12-31": "-137.70000", "2008-12-31": "282.40000", "2007-12-31": "289.80000", "2006-12-31": "215.50000", "2005-12-31": "110.50000"}, "Other Income": {"2019-12-31": "", "2018-12-31": "", "2017-12-31": "", "2016-12-31": "", "2015-12-31": "", "2014-12-31": "", "2013-12-31": "", "2012-12-31": "", "2011-12-31": "", "2010-12-31": "", "2009-12-31": "", "2008-12-31": "", "2007-12-31": "", "2006-12-31": "", "2005-12-31": ""}, "Income From Continuous Operations": {"2019-12-31": "139.20000", "2018-12-31": "109.00000", "2017-12-31": "610.20000", "2016-12-31": "203.20000", "2015-12-31": "826.00000", "2014-12-31": "709.30000", "2013-12-31": "386.10000", "2012-12-31": "251.90000", "2011-12-31": "146.80000", "2010-12-31": "69.40000", "2009-12-31": "-137.70000", "2008-12-31": "282.40000", "2007-12-31": "289.80000", "2006-12-31": "215.50000", "2005-12-31": "110.50000"}, "Income From Discontinued Operations": {"2019-12-31": "-3.10000", "2018-12-31": "54.10000", "2017-12-31": "103.40000", "2016-12-31": "161.50000", "2015-12-31": "", "2014-12-31": "", "2013-12-31": "6.30000", "2012-12-31": "1.80000", "2011-12-31": "-1.10000", "2010-12-31": "6.00000", "2009-12-31": "", "2008-12-31": "-1.50000", "2007-12-31": "-0.70000", "2006-12-31": "14.60000", "2005-12-31": "-24.20000"}, "Net Income": {"2019-12-31": "137.60000", "2018-12-31": "159.30000", "2017-12-31": "702.50000", "2016-12-31": "343.60000", "2015-12-31": "796.50000", "2014-12-31": "678.20000", "2013-12-31": "375.50000", "2012-12-31": "255.20000", "2011-12-31": "142.20000", "2010-12-31": "67.40000", "2009-12-31": "-137.70000", "2008-12-31": "280.90000", "2007-12-31": "289.10000", "2006-12-31": "230.10000", "2005-12-31": "83.10000"}, "EBITDA": {"2019-12-31": "699.90000", "2018-12-31": "566.99990", "2017-12-31": "597.99990", "2016-12-31": "696.20010", "2015-12-31": "1705.30000", "2014-12-31": "1495.59900", "2013-12-31": "984.39990", "2012-12-31": "768.49980", "2011-12-31": "614.50010", "2010-12-31": "475.09980", "2009-12-31": "454.89980", "2008-12-31": "699.80020", "2007-12-31": "648.70010", "2006-12-31": "470.19990", "2005-12-31": "280.30010"}, "EBIT": {"2019-12-31": "416.30000", "2018-12-31": "315.09990", "2017-12-31": "368.29990", "2016-12-31": "478.90010", "2015-12-31": "1438.90000", "2014-12-31": "1251.00000", "2013-12-31": "772.89990", "2012-12-31": "574.79980", "2011-12-31": "426.80000", "2010-12-31": "294.19980", "2009-12-31": "-30.90020", "2008-12-31": "559.50020", "2007-12-31": "529.80000", "2006-12-31": "382.59990", "2005-12-31": "204.10010"}, "Basic Shares Outstanding": {"2019-12-31": "125.60000", "2018-12-31": "144.00000", "2017-12-31": "148.60000", "2016-12-31": "148.40000", "2015-12-31": "150.20000", "2014-12-31": "151.00000", "2013-12-31": "152.80000", "2012-12-31": "154.70000", "2011-12-31": "155.00000", "2010-12-31": "153.60000", "2009-12-31": "152.80000", "2008-12-31": "156.80000", "2007-12-31": "157.40000", "2006-12-31": "153.80000", "2005-12-31": "142.00000"}, "Shares Outstanding": {"2019-12-31": "127.30000", "2018-12-31": "146.40000", "2017-12-31": "152.00000", "2016-12-31": "148.60000", "2015-12-31": "152.20000", "2014-12-31": "156.70000", "2013-12-31": "152.90000", "2012-12-31": "155.10000", "2011-12-31": "155.60000", "2010-12-31": "154.00000", "2009-12-31": "152.80000", "2008-12-31": "157.60000", "2007-12-31": "158.80000", "2006-12-31": "158.60000", "2005-12-31": "153.40000"}, "Basic EPS": {"2019-12-31": "1.09000", "2018-12-31": "1.09000", "2017-12-31": "4.62000", "2016-12-31": "2.25000", "2015-12-31": "5.14000", "2014-12-31": "4.35000", "2013-12-31": "2.38000", "2012-12-31": "1.60000", "2011-12-31": "0.88500", "2010-12-31": "0.42500", "2009-12-31": "-0.90500", "2008-12-31": "1.73500", "2007-12-31": "1.78500", "2006-12-31": "1.49500", "2005-12-31": "0.58500"}, "EPS - Earnings Per Share": {"2019-12-31": "1.07000", "2018-12-31": "1.07000", "2017-12-31": "4.52000", "2016-12-31": "2.25000", "2015-12-31": "5.08000", "2014-12-31": "4.19000", "2013-12-31": "2.38000", "2012-12-31": "1.59000", "2011-12-31": "0.88500", "2010-12-31": "0.42500", "2009-12-31": "-0.90500", "2008-12-31": "1.72500", "2007-12-31": "1.77000", "2006-12-31": "1.45000", "2005-12-31": "0.56500"}}, "income statement, quarterly": {"Revenue": {"2020-09-30": "459.40000", "2020-06-30": "509.20000", "2020-03-31": "615.20000", "2019-12-31": "850.70000", "2019-09-30": "813.60000", "2019-06-30": "736.00000", "2019-03-31": "604.80000", "2018-12-31": "735.00010", "2018-09-30": "606.90000", "2018-06-30": "634.00000", "2018-03-31": "533.20000", "2017-12-31": "-359.00010", "2017-09-30": "973.60000", "2017-06-30": "905.50000", "2017-03-31": "877.30000", "2016-12-31": "-394.70000", "2016-09-30": "1111.70000", "2016-06-30": "1184.90000", "2016-03-31": "1187.90000", "2015-12-31": "1547.00000", "2015-09-30": "1542.20000", "2015-06-30": "1676.80000", "2015-03-31": "1626.70000", "2014-12-31": "1661.40000", "2014-09-30": "1562.80000", "2014-06-30": "1485.30000", "2014-03-31": "1460.50000", "2013-12-31": "1256.00000", "2013-09-30": "1110.30000", "2013-06-30": "1066.10000", "2013-03-31": "932.90000", "2012-12-31": "1012.90000", "2012-09-30": "907.30000", "2012-06-30": "995.50000", "2012-03-31": "896.20000", "2011-12-31": "804.70010", "2011-09-30": "791.10000", "2011-06-30": "708.30000", "2011-03-31": "634.20000", "2010-12-31": "393.60000", "2010-09-30": "540.00000", "2010-06-30": "543.10000", "2010-03-31": "454.00000", "2009-12-31": "353.89990", "2009-09-30": "557.40000", "2009-06-30": "716.10000", "2009-03-31": "793.50000", "2008-12-31": "883.80020", "2008-09-30": "1154.60000", "2008-06-30": "945.50000", "2008-03-31": "898.90000", "2007-12-31": "1103.30000", "2007-09-30": "1008.40000", "2007-06-30": "892.60000", "2007-03-31": "828.50000", "2006-12-31": "834.99980", "2006-09-30": "810.10000", "2006-06-30": "849.10000", "2006-03-31": "724.70000", "2005-12-31": "650.70000", "2005-09-30": "694.10000", "2005-06-30": "718.00000", "2005-03-31": "646.90000"}, "Cost Of Goods Sold": {"2020-09-30": "334.50000", "2020-06-30": "396.60000", "2020-03-31": "482.00000", "2019-12-31": "674.69980", "2019-09-30": "649.10000", "2019-06-30": "578.50000", "2019-03-31": "463.40000", "2018-12-31": "590.50000", "2018-09-30": "466.50000", "2018-06-30": "481.90000", "2018-03-31": "399.90000", "2017-12-31": "-289.99980", "2017-09-30": "722.70000", "2017-06-30": "682.30000", "2017-03-31": "660.20000", "2016-12-31": "-302.90000", "2016-09-30": "827.30000", "2016-06-30": "897.70000", "2016-03-31": "889.90000", "2015-12-31": "1116.10000", "2015-09-30": "1109.40000", "2015-06-30": "1219.60000", "2015-03-31": "1211.10000", "2014-12-31": "1275.30000", "2014-09-30": "1172.20000", "2014-06-30": "1098.30000", "2014-03-31": "1074.00000", "2013-12-31": "962.69980", "2013-09-30": "836.30000", "2013-06-30": "812.20000", "2013-03-31": "711.10000", "2012-12-31": "800.89980", "2012-09-30": "728.10000", "2012-06-30": "792.30000", "2012-03-31": "730.20000", "2011-12-31": "654.20000", "2011-09-30": "634.10000", "2011-06-30": "568.90000", "2011-03-31": "500.30000", "2010-12-31": "309.30010", "2010-09-30": "409.60000", "2010-06-30": "418.70000", "2010-03-31": "353.60000", "2009-12-31": "272.20000", "2009-09-30": "449.90000", "2009-06-30": "584.10000", "2009-03-31": "658.70000", "2008-12-31": "704.79980", "2008-09-30": "928.50000", "2008-06-30": "730.50000", "2008-03-31": "716.50000", "2007-12-31": "879.60020", "2007-09-30": "804.90000", "2007-06-30": "723.90000", "2007-03-31": "665.70000", "2006-12-31": "678.59990", "2006-09-30": "660.00000", "2006-06-30": "690.90000", "2006-03-31": "598.70000", "2005-12-31": "523.99990", "2005-09-30": "588.50000", "2005-06-30": "629.20000", "2005-03-31": "582.70000"}, "Gross Profit": {"2020-09-30": "124.90000", "2020-06-30": "112.60000", "2020-03-31": "133.20000", "2019-12-31": "176.00020", "2019-09-30": "164.49990", "2019-06-30": "157.50000", "2019-03-31": "141.40000", "2018-12-31": "144.50010", "2018-09-30": "140.40000", "2018-06-30": "152.10000", "2018-03-31": "133.30000", "2017-12-31": "-69.00020", "2017-09-30": "250.90000", "2017-06-30": "223.20000", "2017-03-31": "217.10000", "2016-12-31": "-91.79990", "2016-09-30": "284.39990", "2016-06-30": "287.20010", "2016-03-31": "298.00000", "2015-12-31": "430.90030", "2015-09-30": "432.79990", "2015-06-30": "457.20000", "2015-03-31": "415.60000", "2014-12-31": "386.09990", "2014-09-30": "390.60010", "2014-06-30": "387.00000", "2014-03-31": "386.50000", "2013-12-31": "293.30010", "2013-09-30": "274.00010", "2013-06-30": "253.90000", "2013-03-31": "221.80000", "2012-12-31": "212.00000", "2012-09-30": "179.20000", "2012-06-30": "203.20000", "2012-03-31": "166.00000", "2011-12-31": "150.50020", "2011-09-30": "157.00000", "2011-06-30": "139.40000", "2011-03-31": "133.90000", "2010-12-31": "84.29990", "2010-09-30": "130.40000", "2010-06-30": "124.40000", "2010-03-31": "100.40000", "2009-12-31": "81.69990", "2009-09-30": "107.50000", "2009-06-30": "132.00000", "2009-03-31": "134.80000", "2008-12-31": "179.00040", "2008-09-30": "226.10000", "2008-06-30": "215.00000", "2008-03-31": "182.40000", "2007-12-31": "223.69980", "2007-09-30": "203.50000", "2007-06-30": "168.70000", "2007-03-31": "162.80000", "2006-12-31": "156.39990", "2006-09-30": "150.10000", "2006-06-30": "158.20000", "2006-03-31": "126.00000", "2005-12-31": "126.70000", "2005-09-30": "105.60000", "2005-06-30": "88.80000", "2005-03-31": "64.20000"}, "Research And Development Expenses": {"2020-09-30": "", "2020-06-30": "", "2020-03-31": "", "2019-12-31": "", "2019-09-30": "", "2019-06-30": "", "2019-03-31": "", "2018-12-31": "", "2018-09-30": "", "2018-06-30": "", "2018-03-31": "", "2017-12-31": "", "2017-09-30": "", "2017-06-30": "", "2017-03-31": "", "2016-12-31": "", "2016-09-30": "", "2016-06-30": "", "2016-03-31": "", "2015-12-31": "", "2015-09-30": "", "2015-06-30": "", "2015-03-31": "", "2014-12-31": "", "2014-09-30": "", "2014-06-30": "", "2014-03-31": "", "2013-12-31": "", "2013-09-30": "", "2013-06-30": "", "2013-03-31": "", "2012-12-31": "", "2012-09-30": "", "2012-06-30": "", "2012-03-31": "", "2011-12-31": "", "2011-09-30": "", "2011-06-30": "", "2011-03-31": "", "2010-12-31": "", "2010-09-30": "", "2010-06-30": "", "2010-03-31": "", "2009-12-31": "", "2009-09-30": "", "2009-06-30": "", "2009-03-31": "", "2008-12-31": "", "2008-09-30": "", "2008-06-30": "", "2008-03-31": "", "2007-12-31": "", "2007-09-30": "", "2007-06-30": "", "2007-03-31": "", "2006-12-31": "", "2006-09-30": "", "2006-06-30": "", "2006-03-31": "", "2005-12-31": "", "2005-09-30": "", "2005-06-30": "", "2005-03-31": ""}, "SG&A Expenses": {"2020-09-30": "51.20000", "2020-06-30": "56.80000", "2020-03-31": "64.30000", "2019-12-31": "71.30000", "2019-09-30": "62.10000", "2019-06-30": "69.80000", "2019-03-31": "59.60000", "2018-12-31": "72.00000", "2018-09-30": "75.60000", "2018-06-30": "75.60000", "2018-03-31": "73.40000", "2017-12-31": "9.20000", "2017-09-30": "114.60000", "2017-06-30": "113.00000", "2017-03-31": "102.50000", "2016-12-31": "8.40000", "2016-09-30": "102.30000", "2016-06-30": "106.70000", "2016-03-31": "96.50000", "2015-12-31": "137.10000", "2015-09-30": "126.60000", "2015-06-30": "114.40000", "2015-03-31": "98.30000", "2014-12-31": "110.60000", "2014-09-30": "113.00000", "2014-06-30": "96.40000", "2014-03-31": "83.60000", "2013-12-31": "80.20000", "2013-09-30": "70.60000", "2013-06-30": "71.50000", "2013-03-31": "69.00000", "2012-12-31": "64.60000", "2012-09-30": "55.80000", "2012-06-30": "53.00000", "2012-03-31": "50.70000", "2011-12-31": "42.70000", "2011-09-30": "53.50000", "2011-06-30": "47.50000", "2011-03-31": "50.30000", "2010-12-31": "22.80000", "2010-09-30": "48.70000", "2010-06-30": "45.50000", "2010-03-31": "48.40000", "2009-12-31": "47.00000", "2009-09-30": "42.90000", "2009-06-30": "47.30000", "2009-03-31": "48.90000", "2008-12-31": "59.00000", "2008-09-30": "62.80000", "2008-06-30": "65.00000", "2008-03-31": "56.20000", "2007-12-31": "60.60000", "2007-09-30": "56.60000", "2007-06-30": "57.60000", "2007-03-31": "54.10000", "2006-12-31": "58.40000", "2006-09-30": "49.40000", "2006-06-30": "49.90000", "2006-03-31": "50.40000", "2005-12-31": "40.00000", "2005-09-30": "47.50000", "2005-06-30": "47.40000", "2005-03-31": "46.30000"}, "Other Operating Income Or Expenses": {"2020-09-30": "3.90000", "2020-06-30": "-362.80000", "2020-03-31": "9.60000", "2019-12-31": "7.20000", "2019-09-30": "17.90000", "2019-06-30": "19.30000", "2019-03-31": "10.00000", "2018-12-31": "17.30000", "2018-09-30": "10.40000", "2018-06-30": "11.50000", "2018-03-31": "2.20000", "2017-12-31": "43.60000", "2017-09-30": "16.10000", "2017-06-30": "24.40000", "2017-03-31": "1.30000", "2016-12-31": "0.50000", "2016-09-30": "1.50000", "2016-06-30": "11.10000", "2016-03-31": "1.90000", "2015-12-31": "64.20000", "2015-09-30": "58.70000", "2015-06-30": "40.10000", "2015-03-31": "15.80000", "2014-12-31": "1.00000", "2014-09-30": "3.60000", "2014-06-30": "11.40000", "2014-03-31": "88.40000", "2013-12-31": "11.30000", "2013-09-30": "2.20000", "2013-06-30": "1.00000", "2013-03-31": "6.70000", "2012-12-31": "11.50000", "2012-09-30": "17.30000", "2012-06-30": "2.30000", "2012-03-31": "7.40000", "2011-12-31": "32.70000", "2011-09-30": "1.90000", "2011-06-30": "3.50000", "2011-03-31": "1.90000", "2010-12-31": "9.90000", "2010-09-30": "10.20000", "2010-06-30": "", "2010-03-31": "", "2009-12-31": "", "2009-09-30": "", "2009-06-30": "", "2009-03-31": "", "2008-12-31": "", "2008-09-30": "", "2008-06-30": "", "2008-03-31": "", "2007-12-31": "", "2007-09-30": "", "2007-06-30": "", "2007-03-31": "", "2006-12-31": "", "2006-09-30": "", "2006-06-30": "", "2006-03-31": "", "2005-12-31": "", "2005-09-30": "", "2005-06-30": "", "2005-03-31": ""}, "Operating Expenses": {"2020-09-30": "386.50000", "2020-06-30": "816.50000", "2020-03-31": "542.20000", "2019-12-31": "753.50000", "2019-09-30": "693.30000", "2019-06-30": "629.00000", "2019-03-31": "513.00000", "2018-12-31": "645.20030", "2018-09-30": "531.70000", "2018-06-30": "546.00000", "2018-03-31": "471.10000", "2017-12-31": "-324.39990", "2017-09-30": "821.20000", "2017-06-30": "770.90000", "2017-03-31": "761.40000", "2016-12-31": "-295.00020", "2016-09-30": "928.10000", "2016-06-30": "993.30000", "2016-03-31": "984.50000", "2015-12-31": "1189.00000", "2015-09-30": "1177.30000", "2015-06-30": "1293.90000", "2015-03-31": "1293.60000", "2014-12-31": "1384.90000", "2014-09-30": "1281.60000", "2014-06-30": "1183.30000", "2014-03-31": "1069.20000", "2013-12-31": "1031.60000", "2013-09-30": "904.70000", "2013-06-30": "882.70000", "2013-03-31": "773.40000", "2012-12-31": "854.00000", "2012-09-30": "766.60000", "2012-06-30": "843.00000", "2012-03-31": "773.50000", "2011-12-31": "664.20000", "2011-09-30": "685.70000", "2011-06-30": "612.90000", "2011-03-31": "548.70000", "2010-12-31": "322.20010", "2010-09-30": "448.10000", "2010-06-30": "464.20000", "2010-03-31": "402.00000", "2009-12-31": "295.00000", "2009-09-30": "492.80000", "2009-06-30": "956.40000", "2009-03-31": "707.60000", "2008-12-31": "763.79970", "2008-09-30": "991.30000", "2008-06-30": "795.50000", "2008-03-31": "772.70000", "2007-12-31": "940.20000", "2007-09-30": "861.50000", "2007-06-30": "781.50000", "2007-03-31": "719.80000", "2006-12-31": "736.99980", "2006-09-30": "709.40000", "2006-06-30": "740.80000", "2006-03-31": "649.10000", "2005-12-31": "563.99980", "2005-09-30": "636.00000", "2005-06-30": "676.60000", "2005-03-31": "629.00000"}, "Operating Income": {"2020-09-30": "72.90000", "2020-06-30": "-307.30000", "2020-03-31": "73.00000", "2019-12-31": "97.20000", "2019-09-30": "120.30000", "2019-06-30": "107.00000", "2019-03-31": "91.80000", "2018-12-31": "89.79970", "2018-09-30": "75.20010", "2018-06-30": "88.00000", "2018-03-31": "62.10000", "2017-12-31": "-34.60020", "2017-09-30": "152.40000", "2017-06-30": "134.60000", "2017-03-31": "115.90000", "2016-12-31": "-99.69980", "2016-09-30": "183.59990", "2016-06-30": "191.60000", "2016-03-31": "203.40000", "2015-12-31": "358.00040", "2015-09-30": "364.89990", "2015-06-30": "382.89990", "2015-03-31": "333.10000", "2014-12-31": "276.49980", "2014-09-30": "281.20010", "2014-06-30": "302.00000", "2014-03-31": "391.30000", "2013-12-31": "224.39990", "2013-09-30": "205.60000", "2013-06-30": "183.40000", "2013-03-31": "159.50000", "2012-12-31": "158.89980", "2012-09-30": "140.70000", "2012-06-30": "152.50000", "2012-03-31": "122.70000", "2011-12-31": "140.50010", "2011-09-30": "105.40000", "2011-06-30": "95.40000", "2011-03-31": "85.50000", "2010-12-31": "71.39980", "2010-09-30": "91.90000", "2010-06-30": "78.90000", "2010-03-31": "52.00000", "2009-12-31": "58.89990", "2009-09-30": "64.60000", "2009-06-30": "-240.30000", "2009-03-31": "85.90000", "2008-12-31": "120.00040", "2008-09-30": "163.30000", "2008-06-30": "150.00000", "2008-03-31": "126.20000", "2007-12-31": "163.09990", "2007-09-30": "146.90000", "2007-06-30": "111.10000", "2007-03-31": "108.70000", "2006-12-31": "98.00000", "2006-09-30": "100.70000", "2006-06-30": "108.29990", "2006-03-31": "75.60000", "2005-12-31": "86.70020", "2005-09-30": "58.10000", "2005-06-30": "41.40000", "2005-03-31": "17.90000"}, "Total Non-Operating Income/Expense": {"2020-09-30": "-53.70000", "2020-06-30": "-52.30000", "2020-03-31": "-58.10000", "2019-12-31": "-54.60000", "2019-09-30": "-54.00000", "2019-06-30": "-55.30000", "2019-03-31": "-51.70000", "2018-12-31": "-44.10000", "2018-09-30": "-40.00000", "2018-06-30": "-38.20000", "2018-03-31": "-41.20000", "2017-12-31": "-41.40000", "2017-09-30": "-44.80000", "2017-06-30": "-43.30000", "2017-03-31": "-43.40000", "2016-12-31": "-41.50000", "2016-09-30": "-44.10000", "2016-06-30": "-39.40000", "2016-03-31": "-43.90000", "2015-12-31": "-43.70000", "2015-09-30": "-45.10000", "2015-06-30": "-49.40000", "2015-03-31": "-48.70000", "2014-12-31": "-49.90000", "2014-09-30": "-46.20000", "2014-06-30": "-45.00000", "2014-03-31": "-45.80000", "2013-12-31": "-44.60000", "2013-09-30": "-44.70000", "2013-06-30": "-47.00000", "2013-03-31": "-46.10000", "2012-12-31": "-50.90000", "2012-09-30": "-46.00000", "2012-06-30": "-47.40000", "2012-03-31": "-44.60000", "2011-12-31": "-48.60000", "2011-09-30": "-52.70000", "2011-06-30": "-42.80000", "2011-03-31": "-43.70000", "2010-12-31": "-51.10000", "2010-09-30": "-45.20000", "2010-06-30": "-44.10000", "2010-03-31": "-47.10000", "2009-12-31": "-32.60000", "2009-09-30": "-26.90000", "2009-06-30": "-26.00000", "2009-03-31": "-30.70000", "2008-12-31": "-46.30000", "2008-09-30": "-25.80000", "2008-06-30": "-13.80000", "2008-03-31": "-19.80000", "2007-12-31": "-42.40000", "2007-09-30": "-13.40000", "2007-06-30": "-6.30000", "2007-03-31": "-12.80000", "2006-12-31": "-10.80000", "2006-09-30": "-11.10000", "2006-06-30": "-0.80000", "2006-03-31": "-11.40000", "2005-12-31": "-10.40000", "2005-09-30": "-1.60000", "2005-06-30": "-7.70000", "2005-03-31": "-8.30000"}, "Pre-Tax Income": {"2020-09-30": "19.20000", "2020-06-30": "-359.60000", "2020-03-31": "14.90000", "2019-12-31": "42.60000", "2019-09-30": "66.30000", "2019-06-30": "51.70000", "2019-03-31": "40.10000", "2018-12-31": "45.70000", "2018-09-30": "35.20000", "2018-06-30": "49.80000", "2018-03-31": "20.90000", "2017-12-31": "-76.00000", "2017-09-30": "107.60000", "2017-06-30": "91.30000", "2017-03-31": "72.50000", "2016-12-31": "-141.20000", "2016-09-30": "139.50000", "2016-06-30": "152.20000", "2016-03-31": "159.50000", "2015-12-31": "314.30000", "2015-09-30": "319.80000", "2015-06-30": "333.50000", "2015-03-31": "284.40000", "2014-12-31": "226.60000", "2014-09-30": "235.00000", "2014-06-30": "257.00000", "2014-03-31": "345.50000", "2013-12-31": "179.80000", "2013-09-30": "160.90000", "2013-06-30": "136.40000", "2013-03-31": "113.40000", "2012-12-31": "108.00000", "2012-09-30": "94.70000", "2012-06-30": "105.10000", "2012-03-31": "78.10000", "2011-12-31": "91.90000", "2011-09-30": "52.70000", "2011-06-30": "52.60000", "2011-03-31": "41.80000", "2010-12-31": "20.30000", "2010-09-30": "46.70000", "2010-06-30": "34.80000", "2010-03-31": "4.90000", "2009-12-31": "26.30000", "2009-09-30": "37.70000", "2009-06-30": "-266.30000", "2009-03-31": "55.20000", "2008-12-31": "73.70000", "2008-09-30": "137.50000", "2008-06-30": "136.20000", "2008-03-31": "106.40000", "2007-12-31": "120.70000", "2007-09-30": "133.50000", "2007-06-30": "104.80000", "2007-03-31": "95.90000", "2006-12-31": "87.20000", "2006-09-30": "89.60000", "2006-06-30": "107.50000", "2006-03-31": "64.20000", "2005-12-31": "76.30000", "2005-09-30": "56.50000", "2005-06-30": "33.70000", "2005-03-31": "9.60000"}, "Income Taxes": {"2020-09-30": "-6.70000", "2020-06-30": "-71.80000", "2020-03-31": "-147.60000", "2019-12-31": "20.30000", "2019-09-30": "18.20000", "2019-06-30": "14.10000", "2019-03-31": "8.90000", "2018-12-31": "17.70000", "2018-09-30": "6.70000", "2018-06-30": "12.50000", "2018-03-31": "5.70000", "2017-12-31": "-512.60000", "2017-09-30": "39.70000", "2017-06-30": "37.30000", "2017-03-31": "20.80000", "2016-12-31": "-53.90000", "2016-09-30": "49.90000", "2016-06-30": "53.40000", "2016-03-31": "57.40000", "2015-12-31": "110.30000", "2015-09-30": "107.60000", "2015-06-30": "112.70000", "2015-03-31": "95.40000", "2014-12-31": "80.30000", "2014-09-30": "78.10000", "2014-06-30": "83.90000", "2014-03-31": "112.50000", "2013-12-31": "60.90000", "2013-09-30": "55.10000", "2013-06-30": "47.20000", "2013-03-31": "41.20000", "2012-12-31": "37.00000", "2012-09-30": "32.30000", "2012-06-30": "39.00000", "2012-03-31": "25.70000", "2011-12-31": "33.90000", "2011-09-30": "21.10000", "2011-06-30": "21.00000", "2011-03-31": "16.20000", "2010-12-31": "7.80000", "2010-09-30": "15.20000", "2010-06-30": "13.70000", "2010-03-31": "0.60000", "2009-12-31": "11.80000", "2009-09-30": "14.50000", "2009-06-30": "-56.90000", "2009-03-31": "21.20000", "2008-12-31": "30.60000", "2008-09-30": "46.50000", "2008-06-30": "52.00000", "2008-03-31": "42.30000", "2007-12-31": "46.20000", "2007-09-30": "46.30000", "2007-06-30": "35.80000", "2007-03-31": "36.80000", "2006-12-31": "29.80000", "2006-09-30": "34.30000", "2006-06-30": "43.20000", "2006-03-31": "25.70000", "2005-12-31": "25.20000", "2005-09-30": "23.60000", "2005-06-30": "13.20000", "2005-03-31": "3.60000"}, "Income After Taxes": {"2020-09-30": "25.90000", "2020-06-30": "-287.80000", "2020-03-31": "162.50000", "2019-12-31": "22.30000", "2019-09-30": "48.10000", "2019-06-30": "37.60000", "2019-03-31": "31.20000", "2018-12-31": "28.00000", "2018-09-30": "28.50000", "2018-06-30": "37.30000", "2018-03-31": "15.20000", "2017-12-31": "436.59990", "2017-09-30": "67.90000", "2017-06-30": "54.00000", "2017-03-31": "51.70000", "2016-12-31": "-87.30000", "2016-09-30": "89.60000", "2016-06-30": "98.80000", "2016-03-31": "102.10000", "2015-12-31": "204.00010", "2015-09-30": "212.20000", "2015-06-30": "220.80000", "2015-03-31": "189.00000", "2014-12-31": "146.30000", "2014-09-30": "156.90000", "2014-06-30": "173.10000", "2014-03-31": "233.00000", "2013-12-31": "118.90000", "2013-09-30": "105.80000", "2013-06-30": "89.20000", "2013-03-31": "72.20000", "2012-12-31": "71.00000", "2012-09-30": "62.40000", "2012-06-30": "66.10000", "2012-03-31": "52.40000", "2011-12-31": "58.00000", "2011-09-30": "31.60000", "2011-06-30": "31.60000", "2011-03-31": "25.60000", "2010-12-31": "12.50000", "2010-09-30": "31.50000", "2010-06-30": "21.10000", "2010-03-31": "4.30000", "2009-12-31": "14.50000", "2009-09-30": "23.20000", "2009-06-30": "-209.40000", "2009-03-31": "34.00000", "2008-12-31": "43.10000", "2008-09-30": "91.00000", "2008-06-30": "84.20000", "2008-03-31": "64.10000", "2007-12-31": "74.50000", "2007-09-30": "87.20000", "2007-06-30": "69.00000", "2007-03-31": "59.10000", "2006-12-31": "57.40000", "2006-09-30": "55.30000", "2006-06-30": "64.30000", "2006-03-31": "38.50000", "2005-12-31": "51.10000", "2005-09-30": "32.90000", "2005-06-30": "20.50000", "2005-03-31": "6.00000"}, "Other Income": {"2020-09-30": "", "2020-06-30": "", "2020-03-31": "", "2019-12-31": "", "2019-09-30": "", "2019-06-30": "", "2019-03-31": "", "2018-12-31": "", "2018-09-30": "", "2018-06-30": "", "2018-03-31": "", "2017-12-31": "", "2017-09-30": "", "2017-06-30": "", "2017-03-31": "", "2016-12-31": "", "2016-09-30": "", "2016-06-30": "", "2016-03-31": "", "2015-12-31": "", "2015-09-30": "", "2015-06-30": "", "2015-03-31": "", "2014-12-31": "", "2014-09-30": "", "2014-06-30": "", "2014-03-31": "", "2013-12-31": "", "2013-09-30": "", "2013-06-30": "", "2013-03-31": "", "2012-12-31": "", "2012-09-30": "", "2012-06-30": "", "2012-03-31": "", "2011-12-31": "", "2011-09-30": "", "2011-06-30": "", "2011-03-31": "", "2010-12-31": "", "2010-09-30": "", "2010-06-30": "", "2010-03-31": "", "2009-12-31": "", "2009-09-30": "", "2009-06-30": "", "2009-03-31": "", "2008-12-31": "", "2008-09-30": "", "2008-06-30": "", "2008-03-31": "", "2007-12-31": "", "2007-09-30": "", "2007-06-30": "", "2007-03-31": "", "2006-12-31": "", "2006-09-30": "", "2006-06-30": "", "2006-03-31": "", "2005-12-31": "", "2005-09-30": "", "2005-06-30": "", "2005-03-31": ""}, "Income From Continuous Operations": {"2020-09-30": "25.90000", "2020-06-30": "-287.80000", "2020-03-31": "162.50000", "2019-12-31": "22.30000", "2019-09-30": "48.10000", "2019-06-30": "37.60000", "2019-03-31": "31.20000", "2018-12-31": "28.00000", "2018-09-30": "28.50000", "2018-06-30": "37.30000", "2018-03-31": "15.20000", "2017-12-31": "436.60000", "2017-09-30": "67.90000", "2017-06-30": "54.00000", "2017-03-31": "51.70000", "2016-12-31": "-87.30000", "2016-09-30": "89.60000", "2016-06-30": "98.80000", "2016-03-31": "102.10000", "2015-12-31": "204.00010", "2015-09-30": "212.20000", "2015-06-30": "220.80000", "2015-03-31": "189.00000", "2014-12-31": "146.30000", "2014-09-30": "156.90000", "2014-06-30": "173.10000", "2014-03-31": "233.00000", "2013-12-31": "118.90000", "2013-09-30": "105.80000", "2013-06-30": "89.20000", "2013-03-31": "72.20000", "2012-12-31": "71.00000", "2012-09-30": "62.40000", "2012-06-30": "66.10000", "2012-03-31": "52.40000", "2011-12-31": "58.00000", "2011-09-30": "31.60000", "2011-06-30": "31.60000", "2011-03-31": "25.60000", "2010-12-31": "12.50000", "2010-09-30": "31.50000", "2010-06-30": "21.10000", "2010-03-31": "4.30000", "2009-12-31": "14.50000", "2009-09-30": "23.20000", "2009-06-30": "-209.40000", "2009-03-31": "34.00000", "2008-12-31": "43.10000", "2008-09-30": "91.00000", "2008-06-30": "84.20000", "2008-03-31": "64.10000", "2007-12-31": "74.50000", "2007-09-30": "87.20000", "2007-06-30": "69.00000", "2007-03-31": "59.10000", "2006-12-31": "57.40000", "2006-09-30": "55.30000", "2006-06-30": "64.30000", "2006-03-31": "38.50000", "2005-12-31": "51.10000", "2005-09-30": "32.90000", "2005-06-30": "20.50000", "2005-03-31": "6.00000"}, "Income From Discontinued Operations": {"2020-09-30": "", "2020-06-30": "", "2020-03-31": "-0.20000", "2019-12-31": "-0.80000", "2019-09-30": "-0.40000", "2019-06-30": "-0.80000", "2019-03-31": "-1.10000", "2018-12-31": "-0.30000", "2018-09-30": "-0.20000", "2018-06-30": "28.20000", "2018-03-31": "26.40000", "2017-12-31": "", "2017-09-30": "", "2017-06-30": "", "2017-03-31": "", "2016-12-31": "", "2016-09-30": "", "2016-06-30": "", "2016-03-31": "", "2015-12-31": "", "2015-09-30": "", "2015-06-30": "", "2015-03-31": "", "2014-12-31": "", "2014-09-30": "", "2014-06-30": "", "2014-03-31": "", "2013-12-31": "0.40000", "2013-09-30": "0.30000", "2013-06-30": "-1.00000", "2013-03-31": "6.60000", "2012-12-31": "1.20000", "2012-09-30": "0.70000", "2012-06-30": "", "2012-03-31": "-0.10000", "2011-12-31": "", "2011-09-30": "", "2011-06-30": "", "2011-03-31": "", "2010-12-31": "", "2010-09-30": "", "2010-06-30": "", "2010-03-31": "", "2009-12-31": "", "2009-09-30": "0.00000", "2009-06-30": "0.00000", "2009-03-31": "-0.10000", "2008-12-31": "0.20000", "2008-09-30": "-1.40000", "2008-06-30": "", "2008-03-31": "-0.30000", "2007-12-31": "-0.20000", "2007-09-30": "-0.20000", "2007-06-30": "-0.30000", "2007-03-31": "", "2006-12-31": "-0.90000", "2006-09-30": "-4.50000", "2006-06-30": "21.50000", "2006-03-31": "-1.50000", "2005-12-31": "-25.70000", "2005-09-30": "0.20000", "2005-06-30": "1.30000", "2005-03-31": ""}, "Net Income": {"2020-09-30": "25.10000", "2020-06-30": "-206.90000", "2020-03-31": "161.70000", "2019-12-31": "21.60000", "2019-09-30": "49.00000", "2019-06-30": "36.40000", "2019-03-31": "30.60000", "2018-12-31": "27.30000", "2018-09-30": "27.70000", "2018-06-30": "64.10000", "2018-03-31": "40.20000", "2017-12-31": "538.50000", "2017-09-30": "66.90000", "2017-06-30": "51.10000", "2017-03-31": "46.00000", "2016-12-31": "67.60000", "2016-09-30": "84.20000", "2016-06-30": "94.60000", "2016-03-31": "97.20000", "2015-12-31": "200.00000", "2015-09-30": "204.30000", "2015-06-30": "212.00000", "2015-03-31": "180.20000", "2014-12-31": "138.20000", "2014-09-30": "149.40000", "2014-06-30": "164.20000", "2014-03-31": "226.40000", "2013-12-31": "112.80000", "2013-09-30": "99.60000", "2013-06-30": "84.00000", "2013-03-31": "79.10000", "2012-12-31": "75.00000", "2012-09-30": "63.20000", "2012-06-30": "64.10000", "2012-03-31": "52.90000", "2011-12-31": "58.10000", "2011-09-30": "30.90000", "2011-06-30": "29.00000", "2011-03-31": "24.20000", "2010-12-31": "17.30000", "2010-09-30": "29.70000", "2010-06-30": "18.40000", "2010-03-31": "2.00000", "2009-12-31": "14.60000", "2009-09-30": "23.20000", "2009-06-30": "-209.40000", "2009-03-31": "33.90000", "2008-12-31": "43.30000", "2008-09-30": "89.60000", "2008-06-30": "84.20000", "2008-03-31": "63.80000", "2007-12-31": "74.30000", "2007-09-30": "87.00000", "2007-06-30": "68.70000", "2007-03-31": "59.10000", "2006-12-31": "56.50000", "2006-09-30": "50.80000", "2006-06-30": "85.80000", "2006-03-31": "37.00000", "2005-12-31": "24.60000", "2005-09-30": "32.30000", "2005-06-30": "21.00000", "2005-03-31": "5.20000"}, "EBITDA": {"2020-09-30": "137.80000", "2020-06-30": "-239.60000", "2020-03-31": "139.90000", "2019-12-31": "170.30000", "2019-09-30": "192.70000", "2019-06-30": "177.60000", "2019-03-31": "159.30000", "2018-12-31": "157.39970", "2018-09-30": "139.80010", "2018-06-30": "149.50000", "2018-03-31": "120.30000", "2017-12-31": "-25.60020", "2017-09-30": "226.60000", "2017-06-30": "208.30000", "2017-03-31": "188.70000", "2016-12-31": "-92.99980", "2016-09-30": "254.29990", "2016-06-30": "262.10000", "2016-03-31": "272.80000", "2015-12-31": "426.50040", "2015-09-30": "432.39990", "2015-06-30": "449.29990", "2015-03-31": "397.10000", "2014-12-31": "349.59980", "2014-09-30": "341.70010", "2014-06-30": "357.70000", "2014-03-31": "446.60000", "2013-12-31": "279.69990", "2013-09-30": "259.40000", "2013-06-30": "235.80000", "2013-03-31": "209.50000", "2012-12-31": "208.09980", "2012-09-30": "189.40000", "2012-06-30": "200.70000", "2012-03-31": "170.30000", "2011-12-31": "183.90010", "2011-09-30": "154.30000", "2011-06-30": "143.20000", "2011-03-31": "133.10000", "2010-12-31": "108.99980", "2010-09-30": "139.20000", "2010-06-30": "126.80000", "2010-03-31": "100.10000", "2009-12-31": "98.89990", "2009-09-30": "104.70000", "2009-06-30": "125.10000", "2009-03-31": "126.20000", "2008-12-31": "157.20040", "2008-09-30": "200.50000", "2008-06-30": "184.10000", "2008-03-31": "158.00000", "2007-12-31": "195.99990", "2007-09-30": "176.90000", "2007-06-30": "140.60000", "2007-03-31": "135.20000", "2006-12-31": "122.30000", "2006-09-30": "123.50000", "2006-06-30": "128.99990", "2006-03-31": "95.40000", "2005-12-31": "106.30020", "2005-09-30": "72.50000", "2005-06-30": "63.90000", "2005-03-31": "37.60000"}, "EBIT": {"2020-09-30": "72.90000", "2020-06-30": "-307.30000", "2020-03-31": "73.00000", "2019-12-31": "97.20010", "2019-09-30": "120.30000", "2019-06-30": "107.00000", "2019-03-31": "91.80000", "2018-12-31": "89.79970", "2018-09-30": "75.20010", "2018-06-30": "88.00000", "2018-03-31": "62.10000", "2017-12-31": "-34.60020", "2017-09-30": "152.40000", "2017-06-30": "134.60000", "2017-03-31": "115.90000", "2016-12-31": "-99.69980", "2016-09-30": "183.59990", "2016-06-30": "191.60000", "2016-03-31": "203.40000", "2015-12-31": "358.00060", "2015-09-30": "364.89990", "2015-06-30": "382.89990", "2015-03-31": "333.10000", "2014-12-31": "276.49940", "2014-09-30": "281.20010", "2014-06-30": "302.00000", "2014-03-31": "391.30000", "2013-12-31": "224.39990", "2013-09-30": "205.60000", "2013-06-30": "183.40000", "2013-03-31": "159.50000", "2012-12-31": "158.89980", "2012-09-30": "140.70000", "2012-06-30": "152.50000", "2012-03-31": "122.70000", "2011-12-31": "140.50010", "2011-09-30": "105.40000", "2011-06-30": "95.40000", "2011-03-31": "85.50000", "2010-12-31": "71.39990", "2010-09-30": "91.90000", "2010-06-30": "78.90000", "2010-03-31": "52.00000", "2009-12-31": "58.89980", "2009-09-30": "64.60000", "2009-06-30": "-240.30000", "2009-03-31": "85.90000", "2008-12-31": "120.00020", "2008-09-30": "163.30000", "2008-06-30": "150.00000", "2008-03-31": "126.20000", "2007-12-31": "163.10000", "2007-09-30": "146.90000", "2007-06-30": "111.10000", "2007-03-31": "108.70000", "2006-12-31": "98.00000", "2006-09-30": "100.70000", "2006-06-30": "108.29990", "2006-03-31": "75.60000", "2005-12-31": "86.70010", "2005-09-30": "58.10000", "2005-06-30": "41.40000", "2005-03-31": "17.90000"}, "Basic Shares Outstanding": {"2020-09-30": "116.40000", "2020-06-30": "117.30000", "2020-03-31": "118.00000", "2019-12-31": "125.60000", "2019-09-30": "124.70000", "2019-06-30": "127.60000", "2019-03-31": "130.40000", "2018-12-31": "144.00000", "2018-09-30": "145.00000", "2018-06-30": "146.20000", "2018-03-31": "147.40000", "2017-12-31": "148.60000", "2017-09-30": "148.00000", "2017-06-30": "149.10000", "2017-03-31": "148.70000", "2016-12-31": "148.40000", "2016-09-30": "148.70000", "2016-06-30": "147.80000", "2016-03-31": "148.30000", "2015-12-31": "150.20000", "2015-09-30": "150.00000", "2015-06-30": "150.70000", "2015-03-31": "151.20000", "2014-12-31": "151.00000", "2014-09-30": "151.50000", "2014-06-30": "151.00000", "2014-03-31": "150.20000", "2013-12-31": "152.80000", "2013-09-30": "152.20000", "2013-06-30": "154.00000", "2013-03-31": "153.80000", "2012-12-31": "154.70000", "2012-09-30": "153.00000", "2012-06-30": "155.40000", "2012-03-31": "155.60000", "2011-12-31": "155.00000", "2011-09-30": "155.40000", "2011-06-30": "154.80000", "2011-03-31": "154.20000", "2010-12-31": "153.60000", "2010-09-30": "154.00000", "2010-06-30": "153.40000", "2010-03-31": "153.20000", "2009-12-31": "152.80000", "2009-09-30": "153.00000", "2009-06-30": "152.40000", "2009-03-31": "153.20000", "2008-12-31": "156.80000", "2008-09-30": "158.20000", "2008-06-30": "157.60000", "2008-03-31": "157.80000", "2007-12-31": "157.40000", "2007-09-30": "158.20000", "2007-06-30": "157.20000", "2007-03-31": "156.00000", "2006-12-31": "153.80000", "2006-09-30": "155.00000", "2006-06-30": "154.60000", "2006-03-31": "149.80000", "2005-12-31": "142.00000", "2005-09-30": "142.00000", "2005-06-30": "141.00000", "2005-03-31": "141.00000"}, "Shares Outstanding": {"2020-09-30": "117.00000", "2020-06-30": "117.30000", "2020-03-31": "119.90000", "2019-12-31": "127.30000", "2019-09-30": "126.00000", "2019-06-30": "129.20000", "2019-03-31": "132.20000", "2018-12-31": "146.40000", "2018-09-30": "145.80000", "2018-06-30": "147.00000", "2018-03-31": "153.70000", "2017-12-31": "152.00000", "2017-09-30": "151.30000", "2017-06-30": "151.00000", "2017-03-31": "150.60000", "2016-12-31": "148.60000", "2016-09-30": "148.70000", "2016-06-30": "147.80000", "2016-03-31": "148.30000", "2015-12-31": "152.20000", "2015-09-30": "150.90000", "2015-06-30": "154.20000", "2015-03-31": "154.30000", "2014-12-31": "156.70000", "2014-09-30": "159.60000", "2014-06-30": "157.40000", "2014-03-31": "154.00000", "2013-12-31": "152.90000", "2013-09-30": "152.30000", "2013-06-30": "154.10000", "2013-03-31": "154.00000", "2012-12-31": "155.10000", "2012-09-30": "153.40000", "2012-06-30": "155.80000", "2012-03-31": "156.20000", "2011-12-31": "155.60000", "2011-09-30": "155.80000", "2011-06-30": "155.40000", "2011-03-31": "154.80000", "2010-12-31": "154.00000", "2010-09-30": "154.20000", "2010-06-30": "153.80000", "2010-03-31": "153.20000", "2009-12-31": "152.80000", "2009-09-30": "153.20000", "2009-06-30": "152.40000", "2009-03-31": "153.20000", "2008-12-31": "157.60000", "2008-09-30": "159.00000", "2008-06-30": "158.60000", "2008-03-31": "158.60000", "2007-12-31": "158.80000", "2007-09-30": "161.20000", "2007-06-30": "160.80000", "2007-03-31": "159.80000", "2006-12-31": "158.60000", "2006-09-30": "158.40000", "2006-06-30": "158.60000", "2006-03-31": "157.60000", "2005-12-31": "153.40000", "2005-09-30": "154.00000", "2005-06-30": "151.20000", "2005-03-31": "143.40000"}, "Basic EPS": {"2020-09-30": "0.21000", "2020-06-30": "-1.76000", "2020-03-31": "1.36000", "2019-12-31": "0.19000", "2019-09-30": "0.39000", "2019-06-30": "0.28000", "2019-03-31": "0.23000", "2018-12-31": "0.20000", "2018-09-30": "0.19000", "2018-06-30": "0.43000", "2018-03-31": "0.27000", "2017-12-31": "3.54000", "2017-09-30": "0.44000", "2017-06-30": "0.34000", "2017-03-31": "0.30000", "2016-12-31": "0.44000", "2016-09-30": "0.55000", "2016-06-30": "0.62000", "2016-03-31": "0.64000", "2015-12-31": "1.31000", "2015-09-30": "1.32000", "2015-06-30": "1.36000", "2015-03-31": "1.15000", "2014-12-31": "0.88000", "2014-09-30": "0.96000", "2014-06-30": "1.05000", "2014-03-31": "1.46000", "2013-12-31": "0.73500", "2013-09-30": "0.63000", "2013-06-30": "0.52000", "2013-03-31": "0.49500", "2012-12-31": "0.45000", "2012-09-30": "0.40000", "2012-06-30": "0.42000", "2012-03-31": "0.33000", "2011-12-31": "0.35000", "2011-09-30": "0.20000", "2011-06-30": "0.18500", "2011-03-31": "0.15000", "2010-12-31": "0.11500", "2010-09-30": "0.18500", "2010-06-30": "0.11500", "2010-03-31": "0.01000", "2009-12-31": "0.11000", "2009-09-30": "0.14500", "2009-06-30": "-1.37500", "2009-03-31": "0.21500", "2008-12-31": "0.28000", "2008-09-30": "0.54500", "2008-06-30": "0.51500", "2008-03-31": "0.39500", "2007-12-31": "0.42000", "2007-09-30": "0.55000", "2007-06-30": "0.43500", "2007-03-31": "0.38000", "2006-12-31": "0.37000", "2006-09-30": "0.32500", "2006-06-30": "0.55500", "2006-03-31": "0.24500", "2005-12-31": "0.17330", "2005-09-30": "0.22500", "2005-06-30": "0.15000", "2005-03-31": "0.03670"}, "EPS - Earnings Per Share": {"2020-09-30": "0.21000", "2020-06-30": "-1.76000", "2020-03-31": "1.33000", "2019-12-31": "0.17000", "2019-09-30": "0.39000", "2019-06-30": "0.28000", "2019-03-31": "0.23000", "2018-12-31": "0.19000", "2018-09-30": "0.19000", "2018-06-30": "0.43000", "2018-03-31": "0.26000", "2017-12-31": "3.46000", "2017-09-30": "0.43000", "2017-06-30": "0.33000", "2017-03-31": "0.30000", "2016-12-31": "0.44000", "2016-09-30": "0.55000", "2016-06-30": "0.62000", "2016-03-31": "0.64000", "2015-12-31": "1.31000", "2015-09-30": "1.31000", "2015-06-30": "1.33000", "2015-03-31": "1.13000", "2014-12-31": "0.85000", "2014-09-30": "0.91000", "2014-06-30": "1.01000", "2014-03-31": "1.42000", "2013-12-31": "0.73500", "2013-09-30": "0.63000", "2013-06-30": "0.52000", "2013-03-31": "0.49500", "2012-12-31": "0.44000", "2012-09-30": "0.40000", "2012-06-30": "0.42000", "2012-03-31": "0.33000", "2011-12-31": "0.35000", "2011-09-30": "0.20000", "2011-06-30": "0.18500", "2011-03-31": "0.15000", "2010-12-31": "0.11500", "2010-09-30": "0.18500", "2010-06-30": "0.11500", "2010-03-31": "0.01000", "2009-12-31": "0.11000", "2009-09-30": "0.14500", "2009-06-30": "-1.37500", "2009-03-31": "0.21500", "2008-12-31": "0.27500", "2008-09-30": "0.54500", "2008-06-30": "0.51500", "2008-03-31": "0.39000", "2007-12-31": "0.43500", "2007-09-30": "0.54000", "2007-06-30": "0.42500", "2007-03-31": "0.37000", "2006-12-31": "0.35500", "2006-09-30": "0.32000", "2006-06-30": "0.54000", "2006-03-31": "0.23500", "2005-12-31": "0.16830", "2005-09-30": "0.21500", "2005-06-30": "0.14500", "2005-03-31": "0.03670"}}, "balance sheet": {"Cash On Hand": {"2019-12-31": "166.20000", "2018-12-31": "179.20000", "2017-12-31": "1098.10000", "2016-12-31": "798.10000", "2015-12-31": "870.90000", "2014-12-31": "962.90000", "2013-12-31": "578.20000", "2012-12-31": "573.00000", "2011-12-31": "351.10000", "2010-12-31": "512.00000", "2009-12-31": "681.80000", "2008-12-31": "161.80000", "2007-12-31": "289.60000", "2006-12-31": "311.50000", "2005-12-31": "136.00000"}, "Receivables": {"2019-12-31": "274.80000", "2018-12-31": "317.00000", "2017-12-31": "228.40000", "2016-12-31": "480.80000", "2015-12-31": "464.80000", "2014-12-31": "463.90000", "2013-12-31": "372.70000", "2012-12-31": "390.00000", "2011-12-31": "385.90000", "2010-12-31": "239.40000", "2009-12-31": "171.00000", "2008-12-31": "350.00000", "2007-12-31": "296.50000", "2006-12-31": "252.50000", "2005-12-31": "218.70000"}, "Inventory": {"2019-12-31": "433.40000", "2018-12-31": "524.70000", "2017-12-31": "402.80000", "2016-12-31": "665.80000", "2015-12-31": "943.10000", "2014-12-31": "1068.40000", "2013-12-31": "814.70000", "2012-12-31": "702.10000", "2011-12-31": "544.60000", "2010-12-31": "331.30000", "2009-12-31": "231.50000", "2008-12-31": "611.80000", "2007-12-31": "586.70000", "2006-12-31": "528.90000", "2005-12-31": "408.50000"}, "Pre-Paid Expenses": {"2019-12-31": "", "2018-12-31": "", "2017-12-31": "", "2016-12-31": "", "2015-12-31": "", "2014-12-31": "", "2013-12-31": "", "2012-12-31": "", "2011-12-31": "", "2010-12-31": "", "2009-12-31": "", "2008-12-31": "", "2007-12-31": "", "2006-12-31": "", "2005-12-31": ""}, "Other Current Assets": {"2019-12-31": "", "2018-12-31": "", "2017-12-31": "", "2016-12-31": "", "2015-12-31": "", "2014-12-31": "", "2013-12-31": "", "2012-12-31": "", "2011-12-31": "", "2010-12-31": "", "2009-12-31": "", "2008-12-31": "", "2007-12-31": "", "2006-12-31": "", "2005-12-31": ""}, "Total Current Assets": {"2019-12-31": "874.40000", "2018-12-31": "1020.90000", "2017-12-31": "1729.30000", "2016-12-31": "1944.70000", "2015-12-31": "2278.80000", "2014-12-31": "2495.20000", "2013-12-31": "1765.60000", "2012-12-31": "1665.10000", "2011-12-31": "1281.60000", "2010-12-31": "1082.70000", "2009-12-31": "1084.30000", "2008-12-31": "1123.60000", "2007-12-31": "1172.80000", "2006-12-31": "1092.90000", "2005-12-31": "763.20000"}, "Property, Plant, And Equipment": {"2019-12-31": "7110.60000", "2018-12-31": "6334.40000", "2017-12-31": "5557.80000", "2016-12-31": "5966.80000", "2015-12-31": "5348.00000", "2014-12-31": "4902.90000", "2013-12-31": "4770.60000", "2012-12-31": "4299.00000", "2011-12-31": "4159.10000", "2010-12-31": "4112.00000", "2009-12-31": "3038.20000", "2008-12-31": "2990.60000", "2007-12-31": "2069.80000", "2006-12-31": "1590.30000", "2005-12-31": "1079.20000"}, "Long-Term Investments": {"2019-12-31": "", "2018-12-31": "", "2017-12-31": "", "2016-12-31": "", "2015-12-31": "", "2014-12-31": "", "2013-12-31": "", "2012-12-31": "", "2011-12-31": "", "2010-12-31": "", "2009-12-31": "", "2008-12-31": "", "2007-12-31": "", "2006-12-31": "", "2005-12-31": ""}, "Goodwill And Intangible Assets": {"2019-12-31": "208.80000", "2018-12-31": "208.80000", "2017-12-31": "208.80000", "2016-12-31": "754.10000", "2015-12-31": "753.80000", "2014-12-31": "773.20000", "2013-12-31": "278.20000", "2012-12-31": "240.40000", "2011-12-31": "219.50000", "2010-12-31": "197.60000", "2009-12-31": "180.80000", "2008-12-31": "504.00000", "2007-12-31": "503.50000", "2006-12-31": "463.70000", "2005-12-31": "433.40000"}, "Other Long-Term Assets": {"2019-12-31": "507.60000", "2018-12-31": "425.10000", "2017-12-31": "393.10000", "2016-12-31": "459.70000", "2015-12-31": "505.30000", "2014-12-31": "524.00000", "2013-12-31": "499.00000", "2012-12-31": "437.50000", "2011-12-31": "428.30000", "2010-12-31": "367.70000", "2009-12-31": "353.10000", "2008-12-31": "293.40000", "2007-12-31": "293.50000", "2006-12-31": "267.90000", "2005-12-31": "178.60000"}, "Total Long-Term Assets": {"2019-12-31": "7827.00000", "2018-12-31": "6968.30000", "2017-12-31": "7813.90000", "2016-12-31": "7180.60000", "2015-12-31": "6607.10000", "2014-12-31": "6200.10000", "2013-12-31": "5547.80000", "2012-12-31": "5004.80000", "2011-12-31": "4839.40000", "2010-12-31": "4677.30000", "2009-12-31": "3572.10000", "2008-12-31": "3788.00000", "2007-12-31": "2870.40000", "2006-12-31": "2332.70000", "2005-12-31": "1823.30000"}, "Total Assets": {"2019-12-31": "8701.40000", "2018-12-31": "7989.20000", "2017-12-31": "9543.20000", "2016-12-31": "9125.30000", "2015-12-31": "8885.90000", "2014-12-31": "8695.30000", "2013-12-31": "7313.40000", "2012-12-31": "6669.90000", "2011-12-31": "6121.00000", "2010-12-31": "5760.00000", "2009-12-31": "4656.40000", "2008-12-31": "4911.60000", "2007-12-31": "4043.20000", "2006-12-31": "3425.60000", "2005-12-31": "2586.50000"}, "Total Current Liabilities": {"2019-12-31": "546.00000", "2018-12-31": "580.40000", "2017-12-31": "441.40000", "2016-12-31": "582.20000", "2015-12-31": "746.40000", "2014-12-31": "1005.00000", "2013-12-31": "783.70000", "2012-12-31": "771.30000", "2011-12-31": "628.70000", "2010-12-31": "508.40000", "2009-12-31": "451.30000", "2008-12-31": "699.40000", "2007-12-31": "684.30000", "2006-12-31": "655.80000", "2005-12-31": "595.80000"}, "Long Term Debt": {"2019-12-31": "4881.90000", "2018-12-31": "4029.20000", "2017-12-31": "3241.90000", "2016-12-31": "3056.60000", "2015-12-31": "3195.40000", "2014-12-31": "3514.50000", "2013-12-31": "2989.80000", "2012-12-31": "3055.00000", "2011-12-31": "2972.20000", "2010-12-31": "2907.70000", "2009-12-31": "1845.10000", "2008-12-31": "1774.70000", "2007-12-31": "1374.20000", "2006-12-31": "1198.90000", "2005-12-31": "689.00000"}, "Other Non-Current Liabilities": {"2019-12-31": "96.30000", "2018-12-31": "56.80000", "2017-12-31": "253.10000", "2016-12-31": "79.00000", "2015-12-31": "116.10000", "2014-12-31": "109.40000", "2013-12-31": "99.30000", "2012-12-31": "89.10000", "2011-12-31": "98.40000", "2010-12-31": "73.60000", "2009-12-31": "78.10000", "2008-12-31": "65.10000", "2007-12-31": "57.50000", "2006-12-31": "124.50000", "2005-12-31": "83.40000"}, "Total Long Term Liabilities": {"2019-12-31": "5776.50000", "2018-12-31": "4846.80000", "2017-12-31": "4243.80000", "2016-12-31": "4232.00000", "2015-12-31": "4090.80000", "2014-12-31": "4292.90000", "2013-12-31": "3780.60000", "2012-12-31": "3761.00000", "2011-12-31": "3544.00000", "2010-12-31": "3405.90000", "2009-12-31": "2398.80000", "2008-12-31": "2299.90000", "2007-12-31": "1632.20000", "2006-12-31": "1366.30000", "2005-12-31": "876.30000"}, "Total Liabilities": {"2019-12-31": "6322.50000", "2018-12-31": "5427.20000", "2017-12-31": "4685.20000", "2016-12-31": "4814.20000", "2015-12-31": "4837.20000", "2014-12-31": "5297.90000", "2013-12-31": "4564.30000", "2012-12-31": "4532.30000", "2011-12-31": "4172.70000", "2010-12-31": "3914.30000", "2009-12-31": "2850.10000", "2008-12-31": "2999.30000", "2007-12-31": "2316.50000", "2006-12-31": "2022.10000", "2005-12-31": "1472.10000"}, "Common Stock Net": {"2019-12-31": "1.20000", "2018-12-31": "1.30000", "2017-12-31": "1.60000", "2016-12-31": "1.60000", "2015-12-31": "1.50000", "2014-12-31": "155.70000", "2013-12-31": "81.70000", "2012-12-31": "81.70000", "2011-12-31": "81.70000", "2010-12-31": "81.70000", "2009-12-31": "81.70000", "2008-12-31": "81.70000", "2007-12-31": "81.60000", "2006-12-31": "80.00000", "2005-12-31": "50.90000"}, "Retained Earnings (Accumulated Deficit)": {"2019-12-31": "2182.90000", "2018-12-31": "2326.10000", "2017-12-31": "4123.40000", "2016-12-31": "3497.30000", "2015-12-31": "3220.30000", "2014-12-31": "2489.90000", "2013-12-31": "1870.00000", "2012-12-31": "1536.70000", "2011-12-31": "1314.70000", "2010-12-31": "1200.50000", "2009-12-31": "1263.90000", "2008-12-31": "1427.00000", "2007-12-31": "1177.80000", "2006-12-31": "908.80000", "2005-12-31": "696.90000"}, "Comprehensive Income": {"2019-12-31": "-153.10000", "2018-12-31": "-116.80000", "2017-12-31": "-104.80000", "2016-12-31": "-113.50000", "2015-12-31": "-115.40000", "2014-12-31": "-111.90000", "2013-12-31": "-78.20000", "2012-12-31": "-150.10000", "2011-12-31": "-134.00000", "2010-12-31": "-95.50000", "2009-12-31": "-98.00000", "2008-12-31": "-161.30000", "2007-12-31": "-61.60000", "2006-12-31": "-69.20000", "2005-12-31": "-40.20000"}, "Other Share Holders Equity": {"2019-12-31": "", "2018-12-31": "", "2017-12-31": "", "2016-12-31": "", "2015-12-31": "", "2014-12-31": "", "2013-12-31": "", "2012-12-31": "", "2011-12-31": "", "2010-12-31": "", "2009-12-31": "", "2008-12-31": "", "2007-12-31": "", "2006-12-31": "", "2005-12-31": ""}, "Share Holder Equity": {"2019-12-31": "2378.90000", "2018-12-31": "2562.00000", "2017-12-31": "4858.00000", "2016-12-31": "4311.10000", "2015-12-31": "4048.70000", "2014-12-31": "3397.40000", "2013-12-31": "2749.10000", "2012-12-31": "2137.60000", "2011-12-31": "1948.30000", "2010-12-31": "1845.70000", "2009-12-31": "1806.30000", "2008-12-31": "1912.30000", "2007-12-31": "1726.70000", "2006-12-31": "1403.50000", "2005-12-31": "1114.40000"}, "Total Liabilities And Share Holders Equity": {"2019-12-31": "8701.40000", "2018-12-31": "7989.20000", "2017-12-31": "9543.20000", "2016-12-31": "9125.30000", "2015-12-31": "8885.90000", "2014-12-31": "8695.30000", "2013-12-31": "7313.40000", "2012-12-31": "6669.90000", "2011-12-31": "6121.00000", "2010-12-31": "5760.00000", "2009-12-31": "4656.40000", "2008-12-31": "4911.60000", "2007-12-31": "4043.20000", "2006-12-31": "3425.60000", "2005-12-31": "2586.50000"}}, "balance sheet, quarterly": {"Cash On Hand": {"2020-09-30": "120.80000", "2020-06-30": "157.00000", "2020-03-31": "213.20000", "2019-12-31": "166.20000", "2019-09-30": "97.60000", "2019-06-30": "102.80000", "2019-03-31": "73.90000", "2018-12-31": "179.20000", "2018-09-30": "427.40000", "2018-06-30": "637.70000", "2018-03-31": "846.20000", "2017-12-31": "1098.10000", "2017-09-30": "1024.70000", "2017-06-30": "988.30000", "2017-03-31": "778.80000", "2016-12-31": "798.10000", "2016-09-30": "842.50000", "2016-06-30": "814.00000", "2016-03-31": "835.60000", "2015-12-31": "870.90000", "2015-09-30": "677.80000", "2015-06-30": "583.80000", "2015-03-31": "690.70000", "2014-12-31": "962.90000", "2014-09-30": "663.70000", "2014-06-30": "933.80000", "2014-03-31": "788.60000", "2013-12-31": "578.20000", "2013-09-30": "498.60000", "2013-06-30": "447.90000", "2013-03-31": "420.40000", "2012-12-31": "573.00000", "2012-09-30": "312.20000", "2012-06-30": "294.10000", "2012-03-31": "304.80000", "2011-12-31": "351.10000", "2011-09-30": "272.80000", "2011-06-30": "299.10000", "2011-03-31": "377.30000", "2010-12-31": "512.00000", "2010-09-30": "371.20000", "2010-06-30": "435.30000", "2010-03-31": "522.80000", "2009-12-31": "681.80000", "2009-09-30": "545.40000", "2009-06-30": "440.90000", "2009-03-31": "170.40000", "2008-12-31": "161.80000", "2008-09-30": "183.20000", "2008-06-30": "210.00000", "2008-03-31": "199.70000", "2007-12-31": "289.60000", "2007-09-30": "222.40000", "2007-06-30": "228.10000", "2007-03-31": "224.10000", "2006-12-31": "311.50000", "2006-09-30": "368.10000", "2006-06-30": "447.90000", "2006-03-31": "93.60000", "2005-12-31": "136.00000", "2005-09-30": "126.60000", "2005-06-30": "93.10000", "2005-03-31": "113.70000"}, "Receivables": {"2020-09-30": "704.90000", "2020-06-30": "689.90000", "2020-03-31": "686.90000", "2019-12-31": "274.80000", "2019-09-30": "325.80000", "2019-06-30": "372.70000", "2019-03-31": "386.10000", "2018-12-31": "317.00000", "2018-09-30": "442.50000", "2018-06-30": "390.70000", "2018-03-31": "373.10000", "2017-12-31": "228.40000", "2017-09-30": "580.30000", "2017-06-30": "534.10000", "2017-03-31": "456.70000", "2016-12-31": "480.80000", "2016-09-30": "427.10000", "2016-06-30": "508.20000", "2016-03-31": "396.90000", "2015-12-31": "464.80000", "2015-09-30": "507.90000", "2015-06-30": "592.80000", "2015-03-31": "544.90000", "2014-12-31": "463.90000", "2014-09-30": "560.70000", "2014-06-30": "514.50000", "2014-03-31": "421.40000", "2013-12-31": "372.70000", "2013-09-30": "501.50000", "2013-06-30": "386.40000", "2013-03-31": "414.20000", "2012-12-31": "390.00000", "2012-09-30": "428.60000", "2012-06-30": "340.10000", "2012-03-31": "368.60000", "2011-12-31": "385.90000", "2011-09-30": "317.30000", "2011-06-30": "338.10000", "2011-03-31": "315.60000", "2010-12-31": "239.40000", "2010-09-30": "273.80000", "2010-06-30": "258.00000", "2010-03-31": "206.90000", "2009-12-31": "171.00000", "2009-09-30": "236.60000", "2009-06-30": "233.30000", "2009-03-31": "297.50000", "2008-12-31": "350.00000", "2008-09-30": "353.60000", "2008-06-30": "333.20000", "2008-03-31": "283.50000", "2007-12-31": "296.50000", "2007-09-30": "341.90000", "2007-06-30": "299.50000", "2007-03-31": "279.00000", "2006-12-31": "252.50000", "2006-09-30": "298.40000", "2006-06-30": "328.80000", "2006-03-31": "275.20000", "2005-12-31": "218.70000", "2005-09-30": "272.60000", "2005-06-30": "295.30000", "2005-03-31": "281.80000"}, "Inventory": {"2020-09-30": "373.10000", "2020-06-30": "421.50000", "2020-03-31": "442.00000", "2019-12-31": "433.40000", "2019-09-30": "632.90000", "2019-06-30": "600.50000", "2019-03-31": "618.40000", "2018-12-31": "524.70000", "2018-09-30": "707.00000", "2018-06-30": "586.40000", "2018-03-31": "599.40000", "2017-12-31": "402.80000", "2017-09-30": "661.80000", "2017-06-30": "627.30000", "2017-03-31": "632.10000", "2016-12-31": "665.80000", "2016-09-30": "869.60000", "2016-06-30": "882.60000", "2016-03-31": "936.10000", "2015-12-31": "943.10000", "2015-09-30": "1020.90000", "2015-06-30": "989.90000", "2015-03-31": "1045.30000", "2014-12-31": "1068.40000", "2014-09-30": "1110.20000", "2014-06-30": "1022.50000", "2014-03-31": "904.00000", "2013-12-31": "814.70000", "2013-09-30": "769.60000", "2013-06-30": "738.90000", "2013-03-31": "718.90000", "2012-12-31": "702.10000", "2012-09-30": "691.70000", "2012-06-30": "649.90000", "2012-03-31": "596.00000", "2011-12-31": "544.60000", "2011-09-30": "546.50000", "2011-06-30": "473.70000", "2011-03-31": "413.50000", "2010-12-31": "331.30000", "2010-09-30": "357.40000", "2010-06-30": "299.10000", "2010-03-31": "283.30000", "2009-12-31": "231.50000", "2009-09-30": "301.20000", "2009-06-30": "369.30000", "2009-03-31": "559.10000", "2008-12-31": "611.80000", "2008-09-30": "682.20000", "2008-06-30": "717.70000", "2008-03-31": "650.80000", "2007-12-31": "586.70000", "2007-09-30": "614.40000", "2007-06-30": "563.40000", "2007-03-31": "549.10000", "2006-12-31": "528.90000", "2006-09-30": "525.70000", "2006-06-30": "517.70000", "2006-03-31": "506.10000", "2005-12-31": "408.50000", "2005-09-30": "438.60000", "2005-06-30": "424.30000", "2005-03-31": "448.40000"}, "Pre-Paid Expenses": {"2020-09-30": "", "2020-06-30": "", "2020-03-31": "", "2019-12-31": "", "2019-09-30": "", "2019-06-30": "", "2019-03-31": "", "2018-12-31": "", "2018-09-30": "", "2018-06-30": "", "2018-03-31": "", "2017-12-31": "", "2017-09-30": "", "2017-06-30": "", "2017-03-31": "", "2016-12-31": "", "2016-09-30": "", "2016-06-30": "", "2016-03-31": "", "2015-12-31": "", "2015-09-30": "", "2015-06-30": "", "2015-03-31": "", "2014-12-31": "", "2014-09-30": "", "2014-06-30": "", "2014-03-31": "", "2013-12-31": "", "2013-09-30": "", "2013-06-30": "", "2013-03-31": "", "2012-12-31": "", "2012-09-30": "", "2012-06-30": "", "2012-03-31": "", "2011-12-31": "", "2011-09-30": "", "2011-06-30": "", "2011-03-31": "", "2010-12-31": "", "2010-09-30": "", "2010-06-30": "", "2010-03-31": "", "2009-12-31": "", "2009-09-30": "", "2009-06-30": "", "2009-03-31": "", "2008-12-31": "", "2008-09-30": "", "2008-06-30": "", "2008-03-31": "", "2007-12-31": "", "2007-09-30": "", "2007-06-30": "", "2007-03-31": "", "2006-12-31": "", "2006-09-30": "", "2006-06-30": "", "2006-03-31": "", "2005-12-31": "", "2005-09-30": "", "2005-06-30": "", "2005-03-31": ""}, "Other Current Assets": {"2020-09-30": "", "2020-06-30": "", "2020-03-31": "", "2019-12-31": "", "2019-09-30": "", "2019-06-30": "", "2019-03-31": "", "2018-12-31": "", "2018-09-30": "", "2018-06-30": "", "2018-03-31": "", "2017-12-31": "", "2017-09-30": "", "2017-06-30": "", "2017-03-31": "", "2016-12-31": "", "2016-09-30": "", "2016-06-30": "", "2016-03-31": "", "2015-12-31": "", "2015-09-30": "", "2015-06-30": "", "2015-03-31": "", "2014-12-31": "", "2014-09-30": "", "2014-06-30": "", "2014-03-31": "", "2013-12-31": "", "2013-09-30": "", "2013-06-30": "", "2013-03-31": "", "2012-12-31": "", "2012-09-30": "", "2012-06-30": "", "2012-03-31": "", "2011-12-31": "", "2011-09-30": "", "2011-06-30": "", "2011-03-31": "", "2010-12-31": "", "2010-09-30": "", "2010-06-30": "", "2010-03-31": "", "2009-12-31": "", "2009-09-30": "", "2009-06-30": "", "2009-03-31": "", "2008-12-31": "", "2008-09-30": "", "2008-06-30": "", "2008-03-31": "", "2007-12-31": "", "2007-09-30": "", "2007-06-30": "", "2007-03-31": "", "2006-12-31": "", "2006-09-30": "", "2006-06-30": "", "2006-03-31": "", "2005-12-31": "", "2005-09-30": "", "2005-06-30": "", "2005-03-31": ""}, "Total Current Assets": {"2020-09-30": "1198.80000", "2020-06-30": "1268.40000", "2020-03-31": "1342.10000", "2019-12-31": "874.40000", "2019-09-30": "1056.30000", "2019-06-30": "1076.00000", "2019-03-31": "1078.40000", "2018-12-31": "1020.90000", "2018-09-30": "1576.90000", "2018-06-30": "1614.80000", "2018-03-31": "1818.70000", "2017-12-31": "1729.30000", "2017-09-30": "2266.80000", "2017-06-30": "2149.70000", "2017-03-31": "1867.60000", "2016-12-31": "1944.70000", "2016-09-30": "2139.20000", "2016-06-30": "2204.80000", "2016-03-31": "2168.60000", "2015-12-31": "2278.80000", "2015-09-30": "2206.60000", "2015-06-30": "2166.50000", "2015-03-31": "2280.90000", "2014-12-31": "2495.20000", "2014-09-30": "2334.60000", "2014-06-30": "2470.80000", "2014-03-31": "2114.00000", "2013-12-31": "1765.60000", "2013-09-30": "1769.70000", "2013-06-30": "1573.20000", "2013-03-31": "1553.50000", "2012-12-31": "1665.10000", "2012-09-30": "1432.50000", "2012-06-30": "1284.10000", "2012-03-31": "1269.40000", "2011-12-31": "1281.60000", "2011-09-30": "1136.60000", "2011-06-30": "1110.90000", "2011-03-31": "1106.40000", "2010-12-31": "1082.70000", "2010-09-30": "1002.40000", "2010-06-30": "992.40000", "2010-03-31": "1013.00000", "2009-12-31": "1084.30000", "2009-09-30": "1083.20000", "2009-06-30": "1043.50000", "2009-03-31": "1027.00000", "2008-12-31": "1123.60000", "2008-09-30": "1219.00000", "2008-06-30": "1260.90000", "2008-03-31": "1134.00000", "2007-12-31": "1172.80000", "2007-09-30": "1178.70000", "2007-06-30": "1091.00000", "2007-03-31": "1052.20000", "2006-12-31": "1092.90000", "2006-09-30": "1192.20000", "2006-06-30": "1294.40000", "2006-03-31": "874.90000", "2005-12-31": "763.20000", "2005-09-30": "837.80000", "2005-06-30": "812.70000", "2005-03-31": "843.90000"}, "Property, Plant, And Equipment": {"2020-09-30": "6937.90000", "2020-06-30": "6784.40000", "2020-03-31": "7118.70000", "2019-12-31": "7110.60000", "2019-09-30": "6916.70000", "2019-06-30": "6869.60000", "2019-03-31": "6746.80000", "2018-12-31": "6334.40000", "2018-09-30": "6538.00000", "2018-06-30": "6488.20000", "2018-03-31": "6393.50000", "2017-12-31": "5557.80000", "2017-09-30": "6070.10000", "2017-06-30": "6073.20000", "2017-03-31": "6080.10000", "2016-12-31": "5966.80000", "2016-09-30": "5763.20000", "2016-06-30": "5606.60000", "2016-03-31": "5523.50000", "2015-12-31": "5348.00000", "2015-09-30": "5308.40000", "2015-06-30": "5193.90000", "2015-03-31": "5148.90000", "2014-12-31": "4902.90000", "2014-09-30": "4855.30000", "2014-06-30": "4670.70000", "2014-03-31": "4620.60000", "2013-12-31": "4770.60000", "2013-09-30": "4701.30000", "2013-06-30": "4584.60000", "2013-03-31": "4462.00000", "2012-12-31": "4299.00000", "2012-09-30": "4283.70000", "2012-06-30": "4251.20000", "2012-03-31": "4217.30000", "2011-12-31": "4159.10000", "2011-09-30": "4231.00000", "2011-06-30": "4186.40000", "2011-03-31": "4143.70000", "2010-12-31": "4112.00000", "2010-09-30": "4119.60000", "2010-06-30": "4093.30000", "2010-03-31": "4070.00000", "2009-12-31": "3038.20000", "2009-09-30": "3017.60000", "2009-06-30": "2999.20000", "2009-03-31": "2947.70000", "2008-12-31": "2990.60000", "2008-09-30": "2671.80000", "2008-06-30": "2438.00000", "2008-03-31": "2221.50000", "2007-12-31": "2069.80000", "2007-09-30": "2034.70000", "2007-06-30": "1927.60000", "2007-03-31": "1746.60000", "2006-12-31": "1590.30000", "2006-09-30": "1473.20000", "2006-06-30": "1351.40000", "2006-03-31": "1256.80000", "2005-12-31": "1079.20000", "2005-09-30": "1013.00000", "2005-06-30": "940.70000", "2005-03-31": "859.60000"}, "Long-Term Investments": {"2020-09-30": "", "2020-06-30": "", "2020-03-31": "", "2019-12-31": "", "2019-09-30": "", "2019-06-30": "", "2019-03-31": "", "2018-12-31": "", "2018-09-30": "", "2018-06-30": "", "2018-03-31": "", "2017-12-31": "", "2017-09-30": "", "2017-06-30": "", "2017-03-31": "", "2016-12-31": "", "2016-09-30": "", "2016-06-30": "", "2016-03-31": "", "2015-12-31": "", "2015-09-30": "", "2015-06-30": "", "2015-03-31": "", "2014-12-31": "", "2014-09-30": "", "2014-06-30": "", "2014-03-31": "", "2013-12-31": "", "2013-09-30": "", "2013-06-30": "", "2013-03-31": "", "2012-12-31": "", "2012-09-30": "", "2012-06-30": "", "2012-03-31": "", "2011-12-31": "", "2011-09-30": "", "2011-06-30": "", "2011-03-31": "", "2010-12-31": "", "2010-09-30": "", "2010-06-30": "", "2010-03-31": "", "2009-12-31": "", "2009-09-30": "", "2009-06-30": "", "2009-03-31": "", "2008-12-31": "", "2008-09-30": "", "2008-06-30": "", "2008-03-31": "", "2007-12-31": "", "2007-09-30": "", "2007-06-30": "", "2007-03-31": "", "2006-12-31": "", "2006-09-30": "", "2006-06-30": "", "2006-03-31": "", "2005-12-31": "", "2005-09-30": "", "2005-06-30": "", "2005-03-31": ""}, "Goodwill And Intangible Assets": {"2020-09-30": "208.80000", "2020-06-30": "208.80000", "2020-03-31": "208.80000", "2019-12-31": "208.80000", "2019-09-30": "208.80000", "2019-06-30": "208.80000", "2019-03-31": "208.80000", "2018-12-31": "208.80000", "2018-09-30": "787.80000", "2018-06-30": "789.40000", "2018-03-31": "789.80000", "2017-12-31": "208.80000", "2017-09-30": "770.20000", "2017-06-30": "754.70000", "2017-03-31": "754.30000", "2016-12-31": "754.10000", "2016-09-30": "754.50000", "2016-06-30": "754.80000", "2016-03-31": "754.70000", "2015-12-31": "753.80000", "2015-09-30": "754.30000", "2015-06-30": "754.20000", "2015-03-31": "771.70000", "2014-12-31": "773.20000", "2014-09-30": "742.10000", "2014-06-30": "365.40000", "2014-03-31": "360.30000", "2013-12-31": "278.20000", "2013-09-30": "250.80000", "2013-06-30": "250.80000", "2013-03-31": "244.50000", "2012-12-31": "240.40000", "2012-09-30": "229.80000", "2012-06-30": "226.60000", "2012-03-31": "225.90000", "2011-12-31": "219.50000", "2011-09-30": "225.90000", "2011-06-30": "203.60000", "2011-03-31": "197.60000", "2010-12-31": "197.60000", "2010-09-30": "194.90000", "2010-06-30": "211.40000", "2010-03-31": "203.10000", "2009-12-31": "180.80000", "2009-09-30": "180.80000", "2009-06-30": "180.80000", "2009-03-31": "504.00000", "2008-12-31": "504.00000", "2008-09-30": "504.00000", "2008-06-30": "504.00000", "2008-03-31": "503.50000", "2007-12-31": "503.50000", "2007-09-30": "500.00000", "2007-06-30": "478.30000", "2007-03-31": "463.70000", "2006-12-31": "463.70000", "2006-09-30": "434.00000", "2006-06-30": "434.00000", "2006-03-31": "434.00000", "2005-12-31": "433.40000", "2005-09-30": "418.10000", "2005-06-30": "418.10000", "2005-03-31": "420.40000"}, "Other Long-Term Assets": {"2020-09-30": "377.70000", "2020-06-30": "403.80000", "2020-03-31": "333.30000", "2019-12-31": "507.60000", "2019-09-30": "461.30000", "2019-06-30": "421.50000", "2019-03-31": "379.90000", "2018-12-31": "425.10000", "2018-09-30": "502.30000", "2018-06-30": "462.30000", "2018-03-31": "475.00000", "2017-12-31": "393.10000", "2017-09-30": "457.80000", "2017-06-30": "474.50000", "2017-03-31": "441.40000", "2016-12-31": "459.70000", "2016-09-30": "478.70000", "2016-06-30": "469.20000", "2016-03-31": "462.90000", "2015-12-31": "505.30000", "2015-09-30": "536.00000", "2015-06-30": "517.60000", "2015-03-31": "520.90000", "2014-12-31": "524.00000", "2014-09-30": "612.90000", "2014-06-30": "507.20000", "2014-03-31": "485.30000", "2013-12-31": "499.00000", "2013-09-30": "536.50000", "2013-06-30": "492.10000", "2013-03-31": "463.70000", "2012-12-31": "437.50000", "2012-09-30": "473.10000", "2012-06-30": "435.60000", "2012-03-31": "417.60000", "2011-12-31": "428.30000", "2011-09-30": "421.60000", "2011-06-30": "375.80000", "2011-03-31": "373.20000", "2010-12-31": "367.70000", "2010-09-30": "357.50000", "2010-06-30": "357.70000", "2010-03-31": "357.50000", "2009-12-31": "353.10000", "2009-09-30": "320.00000", "2009-06-30": "306.50000", "2009-03-31": "290.50000", "2008-12-31": "293.40000", "2008-09-30": "331.30000", "2008-06-30": "342.30000", "2008-03-31": "288.60000", "2007-12-31": "293.50000", "2007-09-30": "307.80000", "2007-06-30": "288.60000", "2007-03-31": "238.90000", "2006-12-31": "267.90000", "2006-09-30": "243.30000", "2006-06-30": "246.00000", "2006-03-31": "197.90000", "2005-12-31": "178.60000", "2005-09-30": "189.40000", "2005-06-30": "183.70000", "2005-03-31": "168.70000"}, "Total Long-Term Assets": {"2020-09-30": "7524.40000", "2020-06-30": "7397.00000", "2020-03-31": "7660.80000", "2019-12-31": "7827.00000", "2019-09-30": "7586.80000", "2019-06-30": "7499.90000", "2019-03-31": "7335.50000", "2018-12-31": "6968.30000", "2018-09-30": "7828.10000", "2018-06-30": "7739.90000", "2018-03-31": "7658.30000", "2017-12-31": "7813.90000", "2017-09-30": "7298.10000", "2017-06-30": "7302.40000", "2017-03-31": "7275.80000", "2016-12-31": "7180.60000", "2016-09-30": "6996.40000", "2016-06-30": "6830.60000", "2016-03-31": "6741.10000", "2015-12-31": "6607.10000", "2015-09-30": "6598.70000", "2015-06-30": "6465.70000", "2015-03-31": "6441.50000", "2014-12-31": "6200.10000", "2014-09-30": "6210.30000", "2014-06-30": "5543.30000", "2014-03-31": "5466.20000", "2013-12-31": "5547.80000", "2013-09-30": "5488.60000", "2013-06-30": "5327.50000", "2013-03-31": "5170.20000", "2012-12-31": "5004.80000", "2012-09-30": "4986.60000", "2012-06-30": "4913.40000", "2012-03-31": "4860.80000", "2011-12-31": "4839.40000", "2011-09-30": "4878.50000", "2011-06-30": "4765.80000", "2011-03-31": "4714.50000", "2010-12-31": "4677.30000", "2010-09-30": "4672.00000", "2010-06-30": "4662.40000", "2010-03-31": "4630.60000", "2009-12-31": "3572.10000", "2009-09-30": "3518.40000", "2009-06-30": "3486.50000", "2009-03-31": "3742.60000", "2008-12-31": "3788.00000", "2008-09-30": "3508.60000", "2008-06-30": "3286.20000", "2008-03-31": "3016.90000", "2007-12-31": "2870.40000", "2007-09-30": "2846.20000", "2007-06-30": "2698.20000", "2007-03-31": "2454.10000", "2006-12-31": "2332.70000", "2006-09-30": "2158.40000", "2006-06-30": "2031.40000", "2006-03-31": "1888.70000", "2005-12-31": "1823.30000", "2005-09-30": "1620.50000", "2005-06-30": "1542.50000", "2005-03-31": "1448.70000"}, "Total Assets": {"2020-09-30": "8723.20000", "2020-06-30": "8665.40000", "2020-03-31": "9002.90000", "2019-12-31": "8701.40000", "2019-09-30": "8643.10000", "2019-06-30": "8575.90000", "2019-03-31": "8413.90000", "2018-12-31": "7989.20000", "2018-09-30": "9405.00000", "2018-06-30": "9354.70000", "2018-03-31": "9477.00000", "2017-12-31": "9543.20000", "2017-09-30": "9564.90000", "2017-06-30": "9452.10000", "2017-03-31": "9143.40000", "2016-12-31": "9125.30000", "2016-09-30": "9135.60000", "2016-06-30": "9035.40000", "2016-03-31": "8909.70000", "2015-12-31": "8885.90000", "2015-09-30": "8805.30000", "2015-06-30": "8632.20000", "2015-03-31": "8722.40000", "2014-12-31": "8695.30000", "2014-09-30": "8544.90000", "2014-06-30": "8014.10000", "2014-03-31": "7580.20000", "2013-12-31": "7313.40000", "2013-09-30": "7258.30000", "2013-06-30": "6900.70000", "2013-03-31": "6723.70000", "2012-12-31": "6669.90000", "2012-09-30": "6419.10000", "2012-06-30": "6197.50000", "2012-03-31": "6130.20000", "2011-12-31": "6121.00000", "2011-09-30": "6015.10000", "2011-06-30": "5876.70000", "2011-03-31": "5820.90000", "2010-12-31": "5760.00000", "2010-09-30": "5674.40000", "2010-06-30": "5654.80000", "2010-03-31": "5643.60000", "2009-12-31": "4656.40000", "2009-09-30": "4601.60000", "2009-06-30": "4530.00000", "2009-03-31": "4769.60000", "2008-12-31": "4911.60000", "2008-09-30": "4727.60000", "2008-06-30": "4547.10000", "2008-03-31": "4150.90000", "2007-12-31": "4043.20000", "2007-09-30": "4024.90000", "2007-06-30": "3789.20000", "2007-03-31": "3506.30000", "2006-12-31": "3425.60000", "2006-09-30": "3350.60000", "2006-06-30": "3325.80000", "2006-03-31": "2763.60000", "2005-12-31": "2586.50000", "2005-09-30": "2458.30000", "2005-06-30": "2355.20000", "2005-03-31": "2292.60000"}, "Total Current Liabilities": {"2020-09-30": "512.70000", "2020-06-30": "513.80000", "2020-03-31": "557.00000", "2019-12-31": "546.00000", "2019-09-30": "619.70000", "2019-06-30": "564.00000", "2019-03-31": "533.60000", "2018-12-31": "580.40000", "2018-09-30": "630.50000", "2018-06-30": "640.30000", "2018-03-31": "579.80000", "2017-12-31": "441.40000", "2017-09-30": "612.70000", "2017-06-30": "579.50000", "2017-03-31": "555.00000", "2016-12-31": "582.20000", "2016-09-30": "688.70000", "2016-06-30": "680.50000", "2016-03-31": "676.10000", "2015-12-31": "746.40000", "2015-09-30": "852.10000", "2015-06-30": "802.90000", "2015-03-31": "911.90000", "2014-12-31": "1005.00000", "2014-09-30": "893.80000", "2014-06-30": "810.50000", "2014-03-31": "872.50000", "2013-12-31": "783.70000", "2013-09-30": "892.70000", "2013-06-30": "777.70000", "2013-03-31": "806.80000", "2012-12-31": "771.30000", "2012-09-30": "690.70000", "2012-06-30": "628.70000", "2012-03-31": "604.90000", "2011-12-31": "628.70000", "2011-09-30": "576.30000", "2011-06-30": "560.50000", "2011-03-31": "552.50000", "2010-12-31": "508.40000", "2010-09-30": "580.40000", "2010-06-30": "534.50000", "2010-03-31": "501.40000", "2009-12-31": "451.30000", "2009-09-30": "496.60000", "2009-06-30": "465.10000", "2009-03-31": "529.00000", "2008-12-31": "699.40000", "2008-09-30": "631.20000", "2008-06-30": "651.30000", "2008-03-31": "663.10000", "2007-12-31": "684.30000", "2007-09-30": "728.70000", "2007-06-30": "683.30000", "2007-03-31": "589.00000", "2006-12-31": "655.80000", "2006-09-30": "625.00000", "2006-06-30": "664.50000", "2006-03-31": "666.20000", "2005-12-31": "595.80000", "2005-09-30": "522.80000", "2005-06-30": "528.50000", "2005-03-31": "535.30000"}, "Long Term Debt": {"2020-09-30": "4935.10000", "2020-06-30": "4825.40000", "2020-03-31": "4870.20000", "2019-12-31": "4881.90000", "2019-09-30": "4685.20000", "2019-06-30": "4615.90000", "2019-03-31": "4466.40000", "2018-12-31": "4029.20000", "2018-09-30": "3275.70000", "2018-06-30": "3227.30000", "2018-03-31": "3223.40000", "2017-12-31": "3241.90000", "2017-09-30": "3276.40000", "2017-06-30": "3270.00000", "2017-03-31": "3036.00000", "2016-12-31": "3056.60000", "2016-09-30": "3107.10000", "2016-06-30": "3129.60000", "2016-03-31": "3171.00000", "2015-12-31": "3195.40000", "2015-09-30": "3284.50000", "2015-06-30": "3340.30000", "2015-03-31": "3485.90000", "2014-12-31": "3514.50000", "2014-09-30": "3595.60000", "2014-06-30": "3242.50000", "2014-03-31": "2940.20000", "2013-12-31": "2989.80000", "2013-09-30": "3021.10000", "2013-06-30": "2884.20000", "2013-03-31": "2974.80000", "2012-12-31": "3055.00000", "2012-09-30": "2978.10000", "2012-06-30": "2910.50000", "2012-03-31": "2927.50000", "2011-12-31": "2972.20000", "2011-09-30": "2971.90000", "2011-06-30": "2886.60000", "2011-03-31": "2867.60000", "2010-12-31": "2907.70000", "2010-09-30": "2821.60000", "2010-06-30": "2852.00000", "2010-03-31": "2870.70000", "2009-12-31": "1845.10000", "2009-09-30": "1788.70000", "2009-06-30": "1783.80000", "2009-03-31": "1716.00000", "2008-12-31": "1774.70000", "2008-09-30": "1760.70000", "2008-06-30": "1689.70000", "2008-03-31": "1430.40000", "2007-12-31": "1374.20000", "2007-09-30": "1404.70000", "2007-06-30": "1328.90000", "2007-03-31": "1251.40000", "2006-12-31": "1198.90000", "2006-09-30": "1203.60000", "2006-06-30": "1210.20000", "2006-03-31": "770.30000", "2005-12-31": "689.00000", "2005-09-30": "642.40000", "2005-06-30": "606.30000", "2005-03-31": "570.20000"}, "Other Non-Current Liabilities": {"2020-09-30": "141.20000", "2020-06-30": "139.40000", "2020-03-31": "93.50000", "2019-12-31": "96.30000", "2019-09-30": "94.80000", "2019-06-30": "97.40000", "2019-03-31": "96.10000", "2018-12-31": "56.80000", "2018-09-30": "85.10000", "2018-06-30": "66.20000", "2018-03-31": "66.40000", "2017-12-31": "253.10000", "2017-09-30": "57.00000", "2017-06-30": "54.40000", "2017-03-31": "52.30000", "2016-12-31": "79.00000", "2016-09-30": "125.20000", "2016-06-30": "120.20000", "2016-03-31": "117.30000", "2015-12-31": "116.10000", "2015-09-30": "115.20000", "2015-06-30": "114.10000", "2015-03-31": "113.50000", "2014-12-31": "109.40000", "2014-09-30": "109.10000", "2014-06-30": "106.70000", "2014-03-31": "103.20000", "2013-12-31": "99.30000", "2013-09-30": "96.70000", "2013-06-30": "94.10000", "2013-03-31": "89.90000", "2012-12-31": "89.10000", "2012-09-30": "83.30000", "2012-06-30": "87.70000", "2012-03-31": "90.60000", "2011-12-31": "98.40000", "2011-09-30": "93.90000", "2011-06-30": "93.20000", "2011-03-31": "81.10000", "2010-12-31": "73.60000", "2010-09-30": "71.40000", "2010-06-30": "79.20000", "2010-03-31": "79.90000", "2009-12-31": "78.10000", "2009-09-30": "66.40000", "2009-06-30": "66.00000", "2009-03-31": "66.30000", "2008-12-31": "65.10000", "2008-09-30": "66.60000", "2008-06-30": "65.80000", "2008-03-31": "231.10000", "2007-12-31": "57.50000", "2007-09-30": "188.00000", "2007-06-30": "170.10000", "2007-03-31": "160.60000", "2006-12-31": "124.50000", "2006-09-30": "104.50000", "2006-06-30": "74.70000", "2006-03-31": "58.90000", "2005-12-31": "83.40000", "2005-09-30": "97.70000", "2005-06-30": "71.00000", "2005-03-31": "64.10000"}, "Total Long Term Liabilities": {"2020-09-30": "6116.90000", "2020-06-30": "5991.20000", "2020-03-31": "5979.80000", "2019-12-31": "5776.50000", "2019-09-30": "5564.10000", "2019-06-30": "5482.30000", "2019-03-31": "5315.20000", "2018-12-31": "4846.80000", "2018-09-30": "4135.10000", "2018-06-30": "4046.60000", "2018-03-31": "4066.60000", "2017-12-31": "4243.80000", "2017-09-30": "4602.10000", "2017-06-30": "4557.10000", "2017-03-31": "4239.50000", "2016-12-31": "4232.00000", "2016-09-30": "4192.50000", "2016-06-30": "4177.60000", "2016-03-31": "4127.60000", "2015-12-31": "4090.80000", "2015-09-30": "4092.90000", "2015-06-30": "4128.00000", "2015-03-31": "4259.10000", "2014-12-31": "4292.90000", "2014-09-30": "4348.20000", "2014-06-30": "4035.00000", "2014-03-31": "3737.80000", "2013-12-31": "3780.60000", "2013-09-30": "3755.10000", "2013-06-30": "3648.70000", "2013-03-31": "3725.70000", "2012-12-31": "3761.00000", "2012-09-30": "3641.40000", "2012-06-30": "3540.60000", "2012-03-31": "3521.00000", "2011-12-31": "3544.00000", "2011-09-30": "3520.90000", "2011-06-30": "3421.20000", "2011-03-31": "3389.10000", "2010-12-31": "3405.90000", "2010-09-30": "3291.70000", "2010-06-30": "3298.90000", "2010-03-31": "3316.20000", "2009-12-31": "2398.80000", "2009-09-30": "2325.20000", "2009-06-30": "2298.10000", "2009-03-31": "2274.70000", "2008-12-31": "2299.90000", "2008-09-30": "2168.30000", "2008-06-30": "2043.30000", "2008-03-31": "1725.70000", "2007-12-31": "1632.20000", "2007-09-30": "1645.40000", "2007-06-30": "1543.70000", "2007-03-31": "1454.30000", "2006-12-31": "1366.30000", "2006-09-30": "1351.60000", "2006-06-30": "1329.00000", "2006-03-31": "873.90000", "2005-12-31": "876.30000", "2005-09-30": "844.50000", "2005-06-30": "782.20000", "2005-03-31": "739.20000"}, "Total Liabilities": {"2020-09-30": "6629.60000", "2020-06-30": "6505.00000", "2020-03-31": "6536.80000", "2019-12-31": "6322.50000", "2019-09-30": "6183.80000", "2019-06-30": "6046.30000", "2019-03-31": "5848.80000", "2018-12-31": "5427.20000", "2018-09-30": "4765.60000", "2018-06-30": "4686.90000", "2018-03-31": "4646.40000", "2017-12-31": "4685.20000", "2017-09-30": "5214.80000", "2017-06-30": "5136.60000", "2017-03-31": "4794.50000", "2016-12-31": "4814.20000", "2016-09-30": "4881.20000", "2016-06-30": "4858.10000", "2016-03-31": "4803.70000", "2015-12-31": "4837.20000", "2015-09-30": "4945.00000", "2015-06-30": "4930.90000", "2015-03-31": "5171.00000", "2014-12-31": "5297.90000", "2014-09-30": "5242.00000", "2014-06-30": "4845.50000", "2014-03-31": "4610.30000", "2013-12-31": "4564.30000", "2013-09-30": "4647.80000", "2013-06-30": "4426.40000", "2013-03-31": "4532.50000", "2012-12-31": "4532.30000", "2012-09-30": "4332.10000", "2012-06-30": "4169.30000", "2012-03-31": "4125.90000", "2011-12-31": "4172.70000", "2011-09-30": "4097.20000", "2011-06-30": "3981.70000", "2011-03-31": "3941.60000", "2010-12-31": "3914.30000", "2010-09-30": "3872.10000", "2010-06-30": "3833.40000", "2010-03-31": "3817.60000", "2009-12-31": "2850.10000", "2009-09-30": "2821.80000", "2009-06-30": "2763.20000", "2009-03-31": "2803.70000", "2008-12-31": "2999.30000", "2008-09-30": "2799.50000", "2008-06-30": "2694.60000", "2008-03-31": "2388.80000", "2007-12-31": "2316.50000", "2007-09-30": "2374.10000", "2007-06-30": "2227.00000", "2007-03-31": "2043.30000", "2006-12-31": "2022.10000", "2006-09-30": "1976.60000", "2006-06-30": "1993.50000", "2006-03-31": "1540.10000", "2005-12-31": "1472.10000", "2005-09-30": "1367.30000", "2005-06-30": "1310.70000", "2005-03-31": "1274.50000"}, "Common Stock Net": {"2020-09-30": "1.20000", "2020-06-30": "1.20000", "2020-03-31": "1.20000", "2019-12-31": "1.20000", "2019-09-30": "1.30000", "2019-06-30": "1.30000", "2019-03-31": "1.30000", "2018-12-31": "1.30000", "2018-09-30": "1.50000", "2018-06-30": "1.50000", "2018-03-31": "1.60000", "2017-12-31": "1.60000", "2017-09-30": "1.60000", "2017-06-30": "1.60000", "2017-03-31": "1.60000", "2016-12-31": "1.60000", "2016-09-30": "1.50000", "2016-06-30": "1.50000", "2016-03-31": "1.50000", "2015-12-31": "1.50000", "2015-09-30": "1.50000", "2015-06-30": "1.50000", "2015-03-31": "155.70000", "2014-12-31": "155.70000", "2014-09-30": "156.10000", "2014-06-30": "156.10000", "2014-03-31": "81.70000", "2013-12-31": "81.70000", "2013-09-30": "81.70000", "2013-06-30": "81.70000", "2013-03-31": "81.70000", "2012-12-31": "81.70000", "2012-09-30": "81.70000", "2012-06-30": "81.70000", "2012-03-31": "81.70000", "2011-12-31": "81.70000", "2011-09-30": "81.70000", "2011-06-30": "81.70000", "2011-03-31": "81.70000", "2010-12-31": "81.70000", "2010-09-30": "81.70000", "2010-06-30": "81.70000", "2010-03-31": "81.70000", "2009-12-31": "81.70000", "2009-09-30": "81.70000", "2009-06-30": "81.70000", "2009-03-31": "81.70000", "2008-12-31": "81.70000", "2008-09-30": "81.70000", "2008-06-30": "81.70000", "2008-03-31": "81.60000", "2007-12-31": "81.60000", "2007-09-30": "81.60000", "2007-06-30": "81.30000", "2007-03-31": "80.30000", "2006-12-31": "80.00000", "2006-09-30": "79.80000", "2006-06-30": "79.70000", "2006-03-31": "53.60000", "2005-12-31": "50.90000", "2005-09-30": "50.90000", "2005-06-30": "50.90000", "2005-03-31": "50.90000"}, "Retained Earnings (Accumulated Deficit)": {"2020-09-30": "2066.80000", "2020-06-30": "2063.30000", "2020-03-31": "2321.00000", "2019-12-31": "2182.90000", "2019-09-30": "2342.10000", "2019-06-30": "2305.80000", "2019-03-31": "2347.90000", "2018-12-31": "2326.10000", "2018-09-30": "4212.10000", "2018-06-30": "4203.40000", "2018-03-31": "4158.90000", "2017-12-31": "4123.40000", "2017-09-30": "3604.70000", "2017-06-30": "3557.40000", "2017-03-31": "3526.00000", "2016-12-31": "3497.30000", "2016-09-30": "3446.40000", "2016-06-30": "3378.80000", "2016-03-31": "3300.90000", "2015-12-31": "3220.30000", "2015-09-30": "3037.20000", "2015-06-30": "2849.60000", "2015-03-31": "2654.50000", "2014-12-31": "2489.90000", "2014-09-30": "2367.30000", "2014-06-30": "2233.40000", "2014-03-31": "2084.80000", "2013-12-31": "1870.00000", "2013-09-30": "1768.90000", "2013-06-30": "1680.90000", "2013-03-31": "1607.10000", "2012-12-31": "1536.70000", "2012-09-30": "1474.00000", "2012-06-30": "1419.40000", "2012-03-31": "1360.40000", "2011-12-31": "1314.70000", "2011-09-30": "1265.80000", "2011-06-30": "1241.20000", "2011-03-31": "1218.40000", "2010-12-31": "1200.50000", "2010-09-30": "1189.60000", "2010-06-30": "1166.20000", "2010-03-31": "1154.20000", "2009-12-31": "1263.90000", "2009-09-30": "1255.60000", "2009-06-30": "1238.90000", "2009-03-31": "1454.50000", "2008-12-31": "1427.00000", "2008-09-30": "1400.00000", "2008-06-30": "1316.50000", "2008-03-31": "1237.30000", "2007-12-31": "1177.80000", "2007-09-30": "1105.40000", "2007-06-30": "1024.00000", "2007-03-31": "960.00000", "2006-12-31": "908.80000", "2006-09-30": "857.10000", "2006-06-30": "810.90000", "2006-03-31": "730.00000", "2005-12-31": "696.90000", "2005-09-30": "675.70000", "2005-06-30": "646.80000", "2005-03-31": "628.60000"}, "Comprehensive Income": {"2020-09-30": "-164.50000", "2020-06-30": "-172.30000", "2020-03-31": "-176.60000", "2019-12-31": "-153.10000", "2019-09-30": "-130.50000", "2019-06-30": "-127.40000", "2019-03-31": "-120.90000", "2018-12-31": "-116.80000", "2018-09-30": "-121.10000", "2018-06-30": "-122.90000", "2018-03-31": "-122.00000", "2017-12-31": "-104.80000", "2017-09-30": "-109.10000", "2017-06-30": "-110.70000", "2017-03-31": "-112.20000", "2016-12-31": "-113.50000", "2016-09-30": "-110.90000", "2016-06-30": "-111.70000", "2016-03-31": "-113.00000", "2015-12-31": "-115.40000", "2015-09-30": "-109.90000", "2015-06-30": "-108.30000", "2015-03-31": "-112.00000", "2014-12-31": "-111.90000", "2014-09-30": "-68.80000", "2014-06-30": "-72.10000", "2014-03-31": "-75.60000", "2013-12-31": "-78.20000", "2013-09-30": "-135.50000", "2013-06-30": "-134.00000", "2013-03-31": "-148.70000", "2012-12-31": "-150.10000", "2012-09-30": "-125.50000", "2012-06-30": "-128.40000", "2012-03-31": "-131.00000", "2011-12-31": "-134.00000", "2011-09-30": "-114.30000", "2011-06-30": "-109.10000", "2011-03-31": "-88.10000", "2010-12-31": "-95.50000", "2010-09-30": "-120.40000", "2010-06-30": "-112.80000", "2010-03-31": "-100.90000", "2009-12-31": "-98.00000", "2009-09-30": "-116.40000", "2009-06-30": "-111.00000", "2009-03-31": "-129.90000", "2008-12-31": "-161.30000", "2008-09-30": "-67.50000", "2008-06-30": "-62.40000", "2008-03-31": "-74.50000", "2007-12-31": "-61.60000", "2007-09-30": "-69.40000", "2007-06-30": "-62.50000", "2007-03-31": "-68.80000", "2006-12-31": "-69.20000", "2006-09-30": "-38.80000", "2006-06-30": "-31.90000", "2006-03-31": "-35.10000", "2005-12-31": "-40.20000", "2005-09-30": "-24.10000", "2005-06-30": "-26.50000", "2005-03-31": "-23.10000"}, "Other Share Holders Equity": {"2020-09-30": "", "2020-06-30": "", "2020-03-31": "", "2019-12-31": "", "2019-09-30": "", "2019-06-30": "", "2019-03-31": "", "2018-12-31": "", "2018-09-30": "", "2018-06-30": "", "2018-03-31": "", "2017-12-31": "", "2017-09-30": "", "2017-06-30": "", "2017-03-31": "", "2016-12-31": "", "2016-09-30": "", "2016-06-30": "", "2016-03-31": "", "2015-12-31": "", "2015-09-30": "", "2015-06-30": "", "2015-03-31": "", "2014-12-31": "", "2014-09-30": "", "2014-06-30": "", "2014-03-31": "", "2013-12-31": "", "2013-09-30": "", "2013-06-30": "", "2013-03-31": "", "2012-12-31": "", "2012-09-30": "", "2012-06-30": "", "2012-03-31": "", "2011-12-31": "", "2011-09-30": "", "2011-06-30": "", "2011-03-31": "", "2010-12-31": "", "2010-09-30": "", "2010-06-30": "", "2010-03-31": "", "2009-12-31": "", "2009-09-30": "", "2009-06-30": "", "2009-03-31": "", "2008-12-31": "", "2008-09-30": "", "2008-06-30": "", "2008-03-31": "", "2007-12-31": "", "2007-09-30": "", "2007-06-30": "", "2007-03-31": "", "2006-12-31": "", "2006-09-30": "", "2006-06-30": "", "2006-03-31": "", "2005-12-31": "", "2005-09-30": "", "2005-06-30": "", "2005-03-31": ""}, "Share Holder Equity": {"2020-09-30": "2093.60000", "2020-06-30": "2160.40000", "2020-03-31": "2466.10000", "2019-12-31": "2378.90000", "2019-09-30": "2459.30000", "2019-06-30": "2529.60000", "2019-03-31": "2565.10000", "2018-12-31": "2562.00000", "2018-09-30": "4639.40000", "2018-06-30": "4667.80000", "2018-03-31": "4830.60000", "2017-12-31": "4858.00000", "2017-09-30": "4350.10000", "2017-06-30": "4315.50000", "2017-03-31": "4348.90000", "2016-12-31": "4311.10000", "2016-09-30": "4254.40000", "2016-06-30": "4177.30000", "2016-03-31": "4106.00000", "2015-12-31": "4048.70000", "2015-09-30": "3860.30000", "2015-06-30": "3701.30000", "2015-03-31": "3551.40000", "2014-12-31": "3397.40000", "2014-09-30": "3302.90000", "2014-06-30": "3168.60000", "2014-03-31": "2969.90000", "2013-12-31": "2749.10000", "2013-09-30": "2610.50000", "2013-06-30": "2474.30000", "2013-03-31": "2191.20000", "2012-12-31": "2137.60000", "2012-09-30": "2087.00000", "2012-06-30": "2028.20000", "2012-03-31": "2004.30000", "2011-12-31": "1948.30000", "2011-09-30": "1917.90000", "2011-06-30": "1895.00000", "2011-03-31": "1879.30000", "2010-12-31": "1845.70000", "2010-09-30": "1802.30000", "2010-06-30": "1821.40000", "2010-03-31": "1826.00000", "2009-12-31": "1806.30000", "2009-09-30": "1779.80000", "2009-06-30": "1766.80000", "2009-03-31": "1965.90000", "2008-12-31": "1912.30000", "2008-09-30": "1928.10000", "2008-06-30": "1852.50000", "2008-03-31": "1762.10000", "2007-12-31": "1726.70000", "2007-09-30": "1650.80000", "2007-06-30": "1562.20000", "2007-03-31": "1463.00000", "2006-12-31": "1403.50000", "2006-09-30": "1374.00000", "2006-06-30": "1332.30000", "2006-03-31": "1223.50000", "2005-12-31": "1114.40000", "2005-09-30": "1091.00000", "2005-06-30": "1044.50000", "2005-03-31": "1018.10000"}, "Total Liabilities And Share Holders Equity": {"2020-09-30": "8723.20000", "2020-06-30": "8665.40000", "2020-03-31": "9002.90000", "2019-12-31": "8701.40000", "2019-09-30": "8643.10000", "2019-06-30": "8575.90000", "2019-03-31": "8413.90000", "2018-12-31": "7989.20000", "2018-09-30": "9405.00000", "2018-06-30": "9354.70000", "2018-03-31": "9477.00000", "2017-12-31": "9543.20000", "2017-09-30": "9564.90000", "2017-06-30": "9452.10000", "2017-03-31": "9143.40000", "2016-12-31": "9125.30000", "2016-09-30": "9135.60000", "2016-06-30": "9035.40000", "2016-03-31": "8909.70000", "2015-12-31": "8885.90000", "2015-09-30": "8805.30000", "2015-06-30": "8632.20000", "2015-03-31": "8722.40000", "2014-12-31": "8695.30000", "2014-09-30": "8544.90000", "2014-06-30": "8014.10000", "2014-03-31": "7580.20000", "2013-12-31": "7313.40000", "2013-09-30": "7258.30000", "2013-06-30": "6900.70000", "2013-03-31": "6723.70000", "2012-12-31": "6669.90000", "2012-09-30": "6419.10000", "2012-06-30": "6197.50000", "2012-03-31": "6130.20000", "2011-12-31": "6121.00000", "2011-09-30": "6015.10000", "2011-06-30": "5876.70000", "2011-03-31": "5820.90000", "2010-12-31": "5760.00000", "2010-09-30": "5674.40000", "2010-06-30": "5654.80000", "2010-03-31": "5643.60000", "2009-12-31": "4656.40000", "2009-09-30": "4601.60000", "2009-06-30": "4530.00000", "2009-03-31": "4769.60000", "2008-12-31": "4911.60000", "2008-09-30": "4727.60000", "2008-06-30": "4547.10000", "2008-03-31": "4150.90000", "2007-12-31": "4043.20000", "2007-09-30": "4024.90000", "2007-06-30": "3789.20000", "2007-03-31": "3506.30000", "2006-12-31": "3425.60000", "2006-09-30": "3350.60000", "2006-06-30": "3325.80000", "2006-03-31": "2763.60000", "2005-12-31": "2586.50000", "2005-09-30": "2458.30000", "2005-06-30": "2355.20000", "2005-03-31": "2292.60000"}}, "cash flow statement": {"Net Income/Loss": {"2019-12-31": "136.10000", "2018-12-31": "163.10000", "2017-12-31": "713.60000", "2016-12-31": "364.70000", "2015-12-31": "826.00000", "2014-12-31": "709.30000", "2013-12-31": "392.40000", "2012-12-31": "253.70000", "2011-12-31": "145.70000", "2010-12-31": "75.40000", "2009-12-31": "-137.70000", "2008-12-31": "280.90000", "2007-12-31": "289.10000", "2006-12-31": "230.10000", "2005-12-31": "86.30000"}, "Total Depreciation And Amortization - Cash Flow": {"2019-12-31": "283.60000", "2018-12-31": "251.90000", "2017-12-31": "229.70000", "2016-12-31": "217.30000", "2015-12-31": "266.40000", "2014-12-31": "244.60000", "2013-12-31": "211.50000", "2012-12-31": "193.70000", "2011-12-31": "187.70000", "2010-12-31": "180.90000", "2009-12-31": "485.80000", "2008-12-31": "140.30000", "2007-12-31": "118.90000", "2006-12-31": "87.60000", "2005-12-31": "76.20000"}, "Other Non-Cash Items": {"2019-12-31": "52.90000", "2018-12-31": "106.60000", "2017-12-31": "-341.70000", "2016-12-31": "436.10000", "2015-12-31": "15.70000", "2014-12-31": "-49.60000", "2013-12-31": "87.60000", "2012-12-31": "145.10000", "2011-12-31": "69.20000", "2010-12-31": "73.50000", "2009-12-31": "-34.50000", "2008-12-31": "221.30000", "2007-12-31": "52.60000", "2006-12-31": "71.20000", "2005-12-31": "92.20000"}, "Total Non-Cash Items": {"2019-12-31": "336.50000", "2018-12-31": "358.50000", "2017-12-31": "-112.00000", "2016-12-31": "653.40000", "2015-12-31": "282.10000", "2014-12-31": "195.00000", "2013-12-31": "299.10000", "2012-12-31": "338.80000", "2011-12-31": "256.90000", "2010-12-31": "254.40000", "2009-12-31": "451.30000", "2008-12-31": "361.60000", "2007-12-31": "171.50000", "2006-12-31": "158.80000", "2005-12-31": "168.40000"}, "Change In Accounts Receivable": {"2019-12-31": "40.90000", "2018-12-31": "-88.50000", "2017-12-31": "117.20000", "2016-12-31": "-14.10000", "2015-12-31": "-0.80000", "2014-12-31": "-56.40000", "2013-12-31": "17.20000", "2012-12-31": "2.70000", "2011-12-31": "-150.30000", "2010-12-31": "-56.00000", "2009-12-31": "91.50000", "2008-12-31": "43.40000", "2007-12-31": "-45.70000", "2006-12-31": "-33.80000", "2005-12-31": "-67.70000"}, "Change In Inventories": {"2019-12-31": "91.30000", "2018-12-31": "-122.00000", "2017-12-31": "8.90000", "2016-12-31": "223.20000", "2015-12-31": "128.50000", "2014-12-31": "-186.30000", "2013-12-31": "-95.60000", "2012-12-31": "-128.00000", "2011-12-31": "-234.40000", "2010-12-31": "-88.30000", "2009-12-31": "380.10000", "2008-12-31": "-25.80000", "2007-12-31": "-50.90000", "2006-12-31": "-124.00000", "2005-12-31": "-65.20000"}, "Change In Accounts Payable": {"2019-12-31": "-10.00000", "2018-12-31": "92.70000", "2017-12-31": "12.20000", "2016-12-31": "-40.30000", "2015-12-31": "-78.60000", "2014-12-31": "60.70000", "2013-12-31": "29.00000", "2012-12-31": "-16.70000", "2011-12-31": "74.90000", "2010-12-31": "50.90000", "2009-12-31": "-140.80000", "2008-12-31": "-13.80000", "2007-12-31": "-5.20000", "2006-12-31": "", "2005-12-31": ""}, "Change In Assets/Liabilities": {"2019-12-31": "-118.60000", "2018-12-31": "-76.20000", "2017-12-31": "-27.30000", "2016-12-31": "-17.10000", "2015-12-31": "-45.40000", "2014-12-31": "19.30000", "2013-12-31": "-45.90000", "2012-12-31": "-45.40000", "2011-12-31": "28.20000", "2010-12-31": "2.10000", "2009-12-31": "-12.90000", "2008-12-31": "-10.40000", "2007-12-31": "-69.00000", "2006-12-31": "-78.90000", "2005-12-31": "-48.50000"}, "Total Change In Assets/Liabilities": {"2019-12-31": "-79.00000", "2018-12-31": "-142.50000", "2017-12-31": "160.00000", "2016-12-31": "75.60000", "2015-12-31": "-165.90000", "2014-12-31": "-80.60000", "2013-12-31": "-22.90000", "2012-12-31": "-61.90000", "2011-12-31": "-293.10000", "2010-12-31": "-153.30000", "2009-12-31": "384.90000", "2008-12-31": "-219.80000", "2007-12-31": "-78.40000", "2006-12-31": "-231.50000", "2005-12-31": "-75.40000"}, "Cash Flow From Operating Activities": {"2019-12-31": "393.60000", "2018-12-31": "379.10000", "2017-12-31": "761.60000", "2016-12-31": "1090.20000", "2015-12-31": "939.70000", "2014-12-31": "819.20000", "2013-12-31": "662.20000", "2012-12-31": "527.40000", "2011-12-31": "110.90000", "2010-12-31": "170.50000", "2009-12-31": "707.30000", "2008-12-31": "439.60000", "2007-12-31": "344.50000", "2006-12-31": "130.80000", "2005-12-31": "165.20000"}, "Net Change In Property, Plant, And Equipment": {"2019-12-31": "-1199.00000", "2018-12-31": "-968.50000", "2017-12-31": "-622.50000", "2016-12-31": "-837.60000", "2015-12-31": "-1021.60000", "2014-12-31": "-441.60000", "2013-12-31": "-727.30000", "2012-12-31": "-452.40000", "2011-12-31": "-303.80000", "2010-12-31": "-245.80000", "2009-12-31": "-375.30000", "2008-12-31": "-1222.30000", "2007-12-31": "-843.10000", "2006-12-31": "-641.10000", "2005-12-31": "-424.70000"}, "Net Change In Intangible Assets": {"2019-12-31": "", "2018-12-31": "", "2017-12-31": "", "2016-12-31": "", "2015-12-31": "", "2014-12-31": "", "2013-12-31": "", "2012-12-31": "", "2011-12-31": "", "2010-12-31": "", "2009-12-31": "", "2008-12-31": "", "2007-12-31": "", "2006-12-31": "", "2005-12-31": ""}, "Net Acquisitions/Divestitures": {"2019-12-31": "", "2018-12-31": "", "2017-12-31": "", "2016-12-31": "", "2015-12-31": "5.10000", "2014-12-31": "-714.40000", "2013-12-31": "-73.20000", "2012-12-31": "-45.30000", "2011-12-31": "-42.50000", "2010-12-31": "-47.90000", "2009-12-31": "", "2008-12-31": "", "2007-12-31": "-51.00000", "2006-12-31": "-3.50000", "2005-12-31": ""}, "Net Change In Short-term Investments": {"2019-12-31": "", "2018-12-31": "319.50000", "2017-12-31": "-84.80000", "2016-12-31": "-149.80000", "2015-12-31": "-9.90000", "2014-12-31": "74.70000", "2013-12-31": "-149.70000", "2012-12-31": "0.00000", "2011-12-31": "158.00000", "2010-12-31": "-88.00000", "2009-12-31": "-70.00000", "2008-12-31": "0.00000", "2007-12-31": "", "2006-12-31": "", "2005-12-31": ""}, "Net Change In Long-Term Investments": {"2019-12-31": "205.70000", "2018-12-31": "230.50000", "2017-12-31": "360.70000", "2016-12-31": "", "2015-12-31": "514.60000", "2014-12-31": "265.80000", "2013-12-31": "131.60000", "2012-12-31": "126.30000", "2011-12-31": "", "2010-12-31": "", "2009-12-31": "", "2008-12-31": "", "2007-12-31": "", "2006-12-31": "", "2005-12-31": ""}, "Net Change In Investments - Total": {"2019-12-31": "205.70000", "2018-12-31": "550.00000", "2017-12-31": "275.90000", "2016-12-31": "-149.80000", "2015-12-31": "504.70000", "2014-12-31": "340.50000", "2013-12-31": "-18.10000", "2012-12-31": "126.30000", "2011-12-31": "158.00000", "2010-12-31": "-88.00000", "2009-12-31": "-70.00000", "2008-12-31": "", "2007-12-31": "", "2006-12-31": "", "2005-12-31": ""}, "Investing Activities - Other": {"2019-12-31": "", "2018-12-31": "-72.00000", "2017-12-31": "-126.10000", "2016-12-31": "-35.30000", "2015-12-31": "0.50000", "2014-12-31": "0.80000", "2013-12-31": "0.60000", "2012-12-31": "60.00000", "2011-12-31": "103.30000", "2010-12-31": "73.50000", "2009-12-31": "257.90000", "2008-12-31": "222.10000", "2007-12-31": "359.30000", "2006-12-31": "171.70000", "2005-12-31": "36.40000"}, "Cash Flow From Investing Activities": {"2019-12-31": "-993.30000", "2018-12-31": "-490.50000", "2017-12-31": "-472.70000", "2016-12-31": "-1022.70000", "2015-12-31": "-511.30000", "2014-12-31": "-814.70000", "2013-12-31": "-818.00000", "2012-12-31": "-311.40000", "2011-12-31": "-85.00000", "2010-12-31": "-308.20000", "2009-12-31": "-187.40000", "2008-12-31": "-1000.20000", "2007-12-31": "-534.80000", "2006-12-31": "-472.90000", "2005-12-31": "-388.30000"}, "Net Long-Term Debt": {"2019-12-31": "843.70010", "2018-12-31": "318.80000", "2017-12-31": "158.20000", "2016-12-31": "-162.00000", "2015-12-31": "-344.80000", "2014-12-31": "540.70000", "2013-12-31": "125.60000", "2012-12-31": "65.40000", "2011-12-31": "31.00000", "2010-12-31": "-40.80000", "2009-12-31": "-12.90000", "2008-12-31": "531.70000", "2007-12-31": "175.30000", "2006-12-31": "509.90000", "2005-12-31": "174.40000"}, "Net Current Debt": {"2019-12-31": "", "2018-12-31": "", "2017-12-31": "", "2016-12-31": "", "2015-12-31": "", "2014-12-31": "", "2013-12-31": "", "2012-12-31": "", "2011-12-31": "", "2010-12-31": "", "2009-12-31": "", "2008-12-31": "", "2007-12-31": "", "2006-12-31": "", "2005-12-31": ""}, "Debt Issuance/Retirement Net - Total": {"2019-12-31": "843.70010", "2018-12-31": "318.80000", "2017-12-31": "158.20000", "2016-12-31": "-162.00000", "2015-12-31": "-344.80000", "2014-12-31": "540.70000", "2013-12-31": "125.60000", "2012-12-31": "65.40000", "2011-12-31": "31.00000", "2010-12-31": "-40.80000", "2009-12-31": "-12.90000", "2008-12-31": "531.70000", "2007-12-31": "175.30000", "2006-12-31": "509.90000", "2005-12-31": "174.40000"}, "Net Common Equity Issued/Repurchased": {"2019-12-31": "-232.90000", "2018-12-31": "-518.30000", "2017-12-31": "-93.80000", "2016-12-31": "-51.00000", "2015-12-31": "-142.20000", "2014-12-31": "-74.20000", "2013-12-31": "-110.30000", "2012-12-31": "-45.90000", "2011-12-31": "2.10000", "2010-12-31": "-26.90000", "2009-12-31": "-5.20000", "2008-12-31": "-55.20000", "2007-12-31": "9.30000", "2006-12-31": "18.10000", "2005-12-31": "26.60000"}, "Net Total Equity Issued/Repurchased": {"2019-12-31": "-232.90000", "2018-12-31": "-518.30000", "2017-12-31": "-93.80000", "2016-12-31": "-51.00000", "2015-12-31": "-142.20000", "2014-12-31": "-74.20000", "2013-12-31": "-110.30000", "2012-12-31": "-45.90000", "2011-12-31": "2.10000", "2010-12-31": "-26.90000", "2009-12-31": "-5.20000", "2008-12-31": "-55.20000", "2007-12-31": "9.30000", "2006-12-31": "18.10000", "2005-12-31": "26.60000"}, "Total Common And Preferred Stock Dividends Paid": {"2019-12-31": "-82.10000", "2018-12-31": "-77.40000", "2017-12-31": "-72.60000", "2016-12-31": "-93.10000", "2015-12-31": "-104.10000", "2014-12-31": "-82.60000", "2013-12-31": "-49.30000", "2012-12-31": "-31.70000", "2011-12-31": "-33.80000", "2010-12-31": "-28.00000", "2009-12-31": "-25.30000", "2008-12-31": "-24.20000", "2007-12-31": "-20.20000", "2006-12-31": "-18.00000", "2005-12-31": "-14.50000"}, "Financial Activities - Other": {"2019-12-31": "-2.20000", "2018-12-31": "-234.70000", "2017-12-31": "-48.50000", "2016-12-31": "-1.60000", "2015-12-31": "60.80000", "2014-12-31": "71.00000", "2013-12-31": "45.30000", "2012-12-31": "18.10000", "2011-12-31": "-28.10000", "2010-12-31": "-24.40000", "2009-12-31": "-26.50000", "2008-12-31": "-19.50000", "2007-12-31": "4.00000", "2006-12-31": "7.60000", "2005-12-31": ""}, "Cash Flow From Financial Activities": {"2019-12-31": "526.50000", "2018-12-31": "-511.60000", "2017-12-31": "-56.70000", "2016-12-31": "-307.70000", "2015-12-31": "-530.30000", "2014-12-31": "454.90000", "2013-12-31": "11.30000", "2012-12-31": "5.90000", "2011-12-31": "-28.80000", "2010-12-31": "-120.10000", "2009-12-31": "-69.90000", "2008-12-31": "432.80000", "2007-12-31": "168.40000", "2006-12-31": "517.60000", "2005-12-31": "186.50000"}, "Net Cash Flow": {"2019-12-31": "-73.20000", "2018-12-31": "-623.00000", "2017-12-31": "232.20000", "2016-12-31": "-240.20000", "2015-12-31": "-101.90000", "2014-12-31": "459.40000", "2013-12-31": "-144.50000", "2012-12-31": "221.90000", "2011-12-31": "-2.90000", "2010-12-31": "-257.80000", "2009-12-31": "450.00000", "2008-12-31": "-127.80000", "2007-12-31": "-21.90000", "2006-12-31": "175.50000", "2005-12-31": "-36.60000"}, "Stock-Based Compensation": {"2019-12-31": "29.20000", "2018-12-31": "29.20000", "2017-12-31": "22.10000", "2016-12-31": "30.90000", "2015-12-31": "61.10000", "2014-12-31": "53.30000", "2013-12-31": "44.50000", "2012-12-31": "27.70000", "2011-12-31": "22.80000", "2010-12-31": "14.40000", "2009-12-31": "13.50000", "2008-12-31": "18.70000", "2007-12-31": "18.60000", "2006-12-31": "14.00000", "2005-12-31": "5.00000"}, "Common Stock Dividends Paid": {"2019-12-31": "-82.10000", "2018-12-31": "-77.40000", "2017-12-31": "-72.60000", "2016-12-31": "-93.10000", "2015-12-31": "-104.10000", "2014-12-31": "-82.60000", "2013-12-31": "-49.30000", "2012-12-31": "-31.70000", "2011-12-31": "-33.80000", "2010-12-31": "-28.00000", "2009-12-31": "-25.30000", "2008-12-31": "-24.20000", "2007-12-31": "-20.20000", "2006-12-31": "-16.30000", "2005-12-31": "-11.80000"}}, "cash flow statement, quarterly": {"Net Income/Loss": {"2020-09-30": 25.9, "2020-06-30": -287.8, "2020-03-31": "162.30000", "2019-12-31": 21.5, "2019-09-30": 47.7, "2019-06-30": 36.8, "2019-03-31": "30.10000", "2018-12-31": 27.7, "2018-09-30": 28.3, "2018-06-30": 65.5, "2018-03-31": "41.60000", "2017-12-31": 540, "2017-09-30": 67.9, "2017-06-30": 54, "2017-03-31": "51.70000", "2016-12-31": 74.2, "2016-09-30": 89.6, "2016-06-30": 98.8, "2016-03-31": "102.10000", "2015-12-31": 204, "2015-09-30": 212.2, "2015-06-30": 220.8, "2015-03-31": "189.00000", "2014-12-31": 146.3, "2014-09-30": 156.9, "2014-06-30": 173.1, "2014-03-31": "233.00000", "2013-12-31": 119.3, "2013-09-30": 106.1, "2013-06-30": 88.2, "2013-03-31": "78.80000", "2012-12-31": 70.8, "2012-09-30": 63.1, "2012-06-30": 67.5, "2012-03-31": "52.30000", "2011-12-31": 56.9, "2011-09-30": 31.6, "2011-06-30": 31.6, "2011-03-31": "25.60000", "2010-12-31": 18.5, "2010-09-30": 31.5, "2010-06-30": 21.1, "2010-03-31": "4.30000", "2009-12-31": 14.6, "2009-09-30": 23.2, "2009-06-30": -209.4, "2009-03-31": "33.90000", "2008-12-31": 43.3, "2008-09-30": 89.6, "2008-06-30": 84.2, "2008-03-31": "63.80000", "2007-12-31": 74.3, "2007-09-30": 87, "2007-06-30": 68.7, "2007-03-31": "59.10000", "2006-12-31": 56.5, "2006-09-30": 50.8, "2006-06-30": 85.8, "2006-03-31": "37.00000", "2005-12-31": 25.4, "2005-09-30": 33.1, "2005-06-30": 21.8, "2005-03-31": "6.00000"}, "Total Depreciation And Amortization - Cash Flow": {"2020-09-30": 64.9, "2020-06-30": 67.7, "2020-03-31": "66.90000", "2019-12-31": 73.1, "2019-09-30": 72.4, "2019-06-30": 70.6, "2019-03-31": "67.50000", "2018-12-31": 67.6, "2018-09-30": 64.6, "2018-06-30": 61.5, "2018-03-31": "58.20000", "2017-12-31": 9, "2017-09-30": 74.2, "2017-06-30": 73.7, "2017-03-31": "72.80000", "2016-12-31": 6.7, "2016-09-30": 70.7, "2016-06-30": 70.5, "2016-03-31": "69.40000", "2015-12-31": 68.5, "2015-09-30": 67.5, "2015-06-30": 66.4, "2015-03-31": "64.00000", "2014-12-31": 73.1, "2014-09-30": 60.5, "2014-06-30": 55.7, "2014-03-31": "55.30000", "2013-12-31": 55.3, "2013-09-30": 53.8, "2013-06-30": 52.4, "2013-03-31": "50.00000", "2012-12-31": 49.2, "2012-09-30": 48.7, "2012-06-30": 48.2, "2012-03-31": "47.60000", "2011-12-31": 43.4, "2011-09-30": 48.9, "2011-06-30": 47.8, "2011-03-31": "47.60000", "2010-12-31": 37.6, "2010-09-30": 47.3, "2010-06-30": 47.9, "2010-03-31": "48.10000", "2009-12-31": 40, "2009-09-30": 40.1, "2009-06-30": 365.4, "2009-03-31": "40.30000", "2008-12-31": 37.2, "2008-09-30": 37.2, "2008-06-30": 34.1, "2008-03-31": "31.80000", "2007-12-31": 32.9, "2007-09-30": 30, "2007-06-30": 29.5, "2007-03-31": "26.50000", "2006-12-31": 24.3, "2006-09-30": 22.8, "2006-06-30": 20.7, "2006-03-31": "19.80000", "2005-12-31": 19.6, "2005-09-30": 14.4, "2005-06-30": 22.5, "2005-03-31": "19.70000"}, "Other Non-Cash Items": {"2020-09-30": 24, "2020-06-30": 372, "2020-03-31": "235.00000", "2019-12-31": 29.8, "2019-09-30": 9.4, "2019-06-30": 4.9, "2019-03-31": "8.80000", "2018-12-31": -28.5, "2018-09-30": 29.7, "2018-06-30": 14.5, "2018-03-31": "90.90000", "2017-12-31": -498.1, "2017-09-30": 37.2, "2017-06-30": 50.3, "2017-03-31": "68.90000", "2016-12-31": 238.8, "2016-09-30": 47, "2016-06-30": 74.6, "2016-03-31": "75.70000", "2015-12-31": 60.3, "2015-09-30": -18.4, "2015-06-30": -31.2, "2015-03-31": "5.00000", "2014-12-31": 78.7, "2014-09-30": -23.8, "2014-06-30": -35.4, "2014-03-31": "-69.10000", "2013-12-31": 92.4, "2013-09-30": -56.6, "2013-06-30": 15.8, "2013-03-31": "36.00000", "2012-12-31": 35.1, "2012-09-30": 26.9, "2012-06-30": 51.4, "2012-03-31": "31.70000", "2011-12-31": 28.1, "2011-09-30": 20.8, "2011-06-30": 5.4, "2011-03-31": "14.90000", "2010-12-31": 36.3, "2010-09-30": 20, "2010-06-30": 16.1, "2010-03-31": "1.10000", "2009-12-31": 2.9, "2009-09-30": 27.4, "2009-06-30": -57.6, "2009-03-31": "-7.20000", "2008-12-31": 82.4, "2008-09-30": 59.3, "2008-06-30": 42, "2008-03-31": "37.60000", "2007-12-31": 10.9, "2007-09-30": 20.7, "2007-06-30": -6.1, "2007-03-31": "27.10000", "2006-12-31": 16.1, "2006-09-30": 79.9, "2006-06-30": -40.6, "2006-03-31": "15.80000", "2005-12-31": -0.6, "2005-09-30": 77, "2005-06-30": 12.8, "2005-03-31": "3.00000"}, "Total Non-Cash Items": {"2020-09-30": 88.9, "2020-06-30": 439.7, "2020-03-31": "301.90000", "2019-12-31": 102.9, "2019-09-30": 81.8, "2019-06-30": 75.5, "2019-03-31": "76.30000", "2018-12-31": 39.1, "2018-09-30": 94.3, "2018-06-30": 76, "2018-03-31": "149.10000", "2017-12-31": -489.1, "2017-09-30": 111.4, "2017-06-30": 124, "2017-03-31": "141.70000", "2016-12-31": 245.5, "2016-09-30": 117.7, "2016-06-30": 145.1, "2016-03-31": "145.10000", "2015-12-31": 128.8, "2015-09-30": 49.1, "2015-06-30": 35.2, "2015-03-31": "69.00000", "2014-12-31": 151.8, "2014-09-30": 36.7, "2014-06-30": 20.3, "2014-03-31": "-13.80000", "2013-12-31": 147.7, "2013-09-30": -2.8, "2013-06-30": 68.2, "2013-03-31": "86.00000", "2012-12-31": 84.3, "2012-09-30": 75.6, "2012-06-30": 99.6, "2012-03-31": "79.30000", "2011-12-31": 71.5, "2011-09-30": 69.7, "2011-06-30": 53.2, "2011-03-31": "62.50000", "2010-12-31": 73.9, "2010-09-30": 67.3, "2010-06-30": 64, "2010-03-31": "49.20000", "2009-12-31": 42.9, "2009-09-30": 67.5, "2009-06-30": 307.8, "2009-03-31": "33.10000", "2008-12-31": 119.6, "2008-09-30": 96.5, "2008-06-30": 76.1, "2008-03-31": "69.40000", "2007-12-31": 43.8, "2007-09-30": 50.7, "2007-06-30": 23.4, "2007-03-31": "53.60000", "2006-12-31": 40.4, "2006-09-30": 102.7, "2006-06-30": -19.9, "2006-03-31": "35.60000", "2005-12-31": 19, "2005-09-30": 91.4, "2005-06-30": 35.3, "2005-03-31": "22.70000"}, "Change In Accounts Receivable": {"2020-09-30": 7, "2020-06-30": 70.9, "2020-03-31": "-37.80000", "2019-12-31": 69, "2019-09-30": 47, "2019-06-30": 18.3, "2019-03-31": "-93.40000", "2018-12-31": -54.1, "2018-09-30": -45.4, "2018-06-30": -2.9, "2018-03-31": "13.90000", "2017-12-31": 211.5, "2017-09-30": -41.5, "2017-06-30": -76.9, "2017-03-31": "24.10000", "2016-12-31": -51.8, "2016-09-30": 81.1, "2016-06-30": -111.3, "2016-03-31": "67.90000", "2015-12-31": 43.1, "2015-09-30": 84.9, "2015-06-30": -52.2, "2015-03-31": "-76.60000", "2014-12-31": 99.1, "2014-09-30": -19, "2014-06-30": -93.2, "2014-03-31": "-43.30000", "2013-12-31": 129.5, "2013-09-30": -115.3, "2013-06-30": 25.9, "2013-03-31": "-22.90000", "2012-12-31": 41.2, "2012-09-30": -88.5, "2012-06-30": 30.8, "2012-03-31": "19.20000", "2011-12-31": -71, "2011-09-30": 19.9, "2011-06-30": -23.6, "2011-03-31": "-75.60000", "2010-12-31": 25.8, "2010-09-30": -6.1, "2010-06-30": -49.9, "2010-03-31": "-25.80000", "2009-12-31": 43.2, "2009-09-30": 12.2, "2009-06-30": -9.4, "2009-03-31": "45.50000", "2008-12-31": 102.3, "2008-09-30": -20.4, "2008-06-30": -51.5, "2008-03-31": "13.00000", "2007-12-31": 45.4, "2007-09-30": -41.4, "2007-06-30": -23.2, "2007-03-31": "-26.50000", "2006-12-31": 45.9, "2006-09-30": 15.7, "2006-06-30": -60, "2006-03-31": "-35.40000", "2005-12-31": 30.4, "2005-09-30": -17, "2005-06-30": -13.5, "2005-03-31": "-67.60000"}, "Change In Inventories": {"2020-09-30": 48.4, "2020-06-30": 20.5, "2020-03-31": "-8.60000", "2019-12-31": 199.5, "2019-09-30": -32.4, "2019-06-30": 17.9, "2019-03-31": "-93.70000", "2018-12-31": -43.5, "2018-09-30": -120.4, "2018-06-30": 44.1, "2018-03-31": "-2.20000", "2017-12-31": -1.7, "2017-09-30": -29, "2017-06-30": 5.9, "2017-03-31": "33.70000", "2016-12-31": 149.7, "2016-09-30": 13, "2016-06-30": 53.5, "2016-03-31": "7.00000", "2015-12-31": 77.8, "2015-09-30": -31, "2015-06-30": 50, "2015-03-31": "31.70000", "2014-12-31": 40, "2014-09-30": -49.9, "2014-06-30": -118.5, "2014-03-31": "-57.90000", "2013-12-31": -23.4, "2013-09-30": -34.8, "2013-06-30": -11.1, "2013-03-31": "-26.30000", "2012-12-31": 13, "2012-09-30": -40.6, "2012-06-30": -54, "2012-03-31": "-46.40000", "2011-12-31": -25.6, "2011-09-30": -70.4, "2011-06-30": -56.2, "2011-03-31": "-82.20000", "2010-12-31": 26.6, "2010-09-30": -61, "2010-06-30": -17.3, "2010-03-31": "-36.60000", "2009-12-31": 69.7, "2009-09-30": 68.1, "2009-06-30": 189.6, "2009-03-31": "52.70000", "2008-12-31": 70.4, "2008-09-30": 35.5, "2008-06-30": -67.6, "2008-03-31": "-64.10000", "2007-12-31": 27.7, "2007-09-30": -45.7, "2007-06-30": -12.7, "2007-03-31": "-20.20000", "2006-12-31": -3.2, "2006-09-30": -12.7, "2006-06-30": -47.4, "2006-03-31": "-60.70000", "2005-12-31": -21.7, "2005-09-30": -21.5, "2005-06-30": 24.1, "2005-03-31": "-46.10000"}, "Change In Accounts Payable": {"2020-09-30": -13.2, "2020-06-30": -19, "2020-03-31": "3.30000", "2019-12-31": -48.7, "2019-09-30": 33.1, "2019-06-30": 20.4, "2019-03-31": "-14.80000", "2018-12-31": 53.5, "2018-09-30": 24.8, "2018-06-30": 6.1, "2018-03-31": "8.30000", "2017-12-31": -26.2, "2017-09-30": 27.4, "2017-06-30": 10.7, "2017-03-31": "0.30000", "2016-12-31": -34.5, "2016-09-30": -10.2, "2016-06-30": -2.6, "2016-03-31": "7.00000", "2015-12-31": -77.8, "2015-09-30": 21.2, "2015-06-30": -26, "2015-03-31": "4.00000", "2014-12-31": -28.3, "2014-09-30": 15.3, "2014-06-30": 35.3, "2014-03-31": "38.40000", "2013-12-31": 9.3, "2013-09-30": 19.7, "2013-06-30": -10.9, "2013-03-31": "10.90000", "2012-12-31": -21.1, "2012-09-30": -20.8, "2012-06-30": 11.6, "2012-03-31": "13.60000", "2011-12-31": -3.7, "2011-09-30": 21.4, "2011-06-30": 10.2, "2011-03-31": "47.00000", "2010-12-31": -7.2, "2010-09-30": 18.6, "2010-06-30": 26.2, "2010-03-31": "13.30000", "2009-12-31": -140.8, "2009-09-30": 0, "2009-06-30": 0, "2009-03-31": "", "2008-12-31": -13.8, "2008-09-30": 0, "2008-06-30": 0, "2008-03-31": "", "2007-12-31": -5.2, "2007-09-30": 0, "2007-06-30": 0, "2007-03-31": "", "2006-12-31": 0, "2006-09-30": 0, "2006-06-30": 0, "2006-03-31": "", "2005-12-31": 0, "2005-09-30": 0, "2005-06-30": 0, "2005-03-31": ""}, "Change In Assets/Liabilities": {"2020-09-30": -27, "2020-06-30": 10.5, "2020-03-31": "157.70000", "2019-12-31": -43.5, "2019-09-30": -36.9, "2019-06-30": -36.3, "2019-03-31": "-1.90000", "2018-12-31": -19.1, "2018-09-30": -31.8, "2018-06-30": -22.8, "2018-03-31": "-2.50000", "2017-12-31": 1.8, "2017-09-30": -1.5, "2017-06-30": -22.7, "2017-03-31": "-4.90000", "2016-12-31": -34.9, "2016-09-30": -6.4, "2016-06-30": -7.1, "2016-03-31": "31.30000", "2015-12-31": -24.2, "2015-09-30": -8.5, "2015-06-30": -7.5, "2015-03-31": "-5.20000", "2014-12-31": 25.2, "2014-09-30": -13.1, "2014-06-30": -11.1, "2014-03-31": "18.30000", "2013-12-31": -42.9, "2013-09-30": 21.3, "2013-06-30": -10.2, "2013-03-31": "-14.10000", "2012-12-31": 17.9, "2012-09-30": -23.2, "2012-06-30": -28.7, "2012-03-31": "-11.40000", "2011-12-31": 22.5, "2011-09-30": -6.4, "2011-06-30": 8.9, "2011-03-31": "3.20000", "2010-12-31": 6.2, "2010-09-30": -9.2, "2010-06-30": 4.9, "2010-03-31": "0.20000", "2009-12-31": 3.6, "2009-09-30": 3.3, "2009-06-30": -16.9, "2009-03-31": "-2.90000", "2008-12-31": 41.5, "2008-09-30": 2, "2008-06-30": -38.7, "2008-03-31": "-15.20000", "2007-12-31": -11.2, "2007-09-30": -31.8, "2007-06-30": -22.7, "2007-03-31": "-3.30000", "2006-12-31": -13.6, "2006-09-30": -54, "2006-06-30": -5.2, "2006-03-31": "-6.10000", "2005-12-31": -36.9, "2005-09-30": -6.4, "2005-06-30": -13.5, "2005-03-31": "8.30000"}, "Total Change In Assets/Liabilities": {"2020-09-30": 12.1, "2020-06-30": 2.1, "2020-03-31": "-290.60000", "2019-12-31": 103.2, "2019-09-30": 33.6, "2019-06-30": 16.5, "2019-03-31": "-232.30000", "2018-12-31": -8.9, "2018-09-30": -149.7, "2018-06-30": 33.1, "2018-03-31": "-17.00000", "2017-12-31": 221.9, "2017-09-30": -27.2, "2017-06-30": -61.3, "2017-03-31": "26.60000", "2016-12-31": -21.2, "2016-09-30": 98.9, "2016-06-30": -42, "2016-03-31": "39.90000", "2015-12-31": -22, "2015-09-30": 88.6, "2015-06-30": -83.1, "2015-03-31": "-149.40000", "2014-12-31": 189.4, "2014-09-30": -16.9, "2014-06-30": -239.4, "2014-03-31": "-13.70000", "2013-12-31": 21.1, "2013-09-30": -2.1, "2013-06-30": 18.7, "2013-03-31": "-60.60000", "2012-12-31": 113.7, "2012-09-30": -81.4, "2012-06-30": -36, "2012-03-31": "-58.20000", "2011-12-31": -66.7, "2011-09-30": -55.7, "2011-06-30": -74.7, "2011-03-31": "-96.00000", "2010-12-31": 40.5, "2010-09-30": -59.4, "2010-06-30": -63.7, "2010-03-31": "-70.70000", "2009-12-31": 115.6, "2009-09-30": 93, "2009-06-30": 193.9, "2009-03-31": "-17.60000", "2008-12-31": 59.4, "2008-09-30": -13.4, "2008-06-30": -177.9, "2008-03-31": "-87.90000", "2007-12-31": 44.9, "2007-09-30": -79.7, "2007-06-30": 30.4, "2007-03-31": "-74.00000", "2006-12-31": -5.2, "2006-09-30": -48.5, "2006-06-30": -114.9, "2006-03-31": "-62.90000", "2005-12-31": 62.8, "2005-09-30": -46.8, "2005-06-30": -10, "2005-03-31": "-81.40000"}, "Cash Flow From Operating Activities": {"2020-09-30": 129, "2020-06-30": 154, "2020-03-31": "173.60000", "2019-12-31": 229.6, "2019-09-30": 161.1, "2019-06-30": 128.8, "2019-03-31": "-125.90000", "2018-12-31": 59.2, "2018-09-30": -28.4, "2018-06-30": 174.6, "2018-03-31": "173.70000", "2017-12-31": 273.4, "2017-09-30": 152.1, "2017-06-30": 116, "2017-03-31": "220.10000", "2016-12-31": 298.1, "2016-09-30": 305.7, "2016-06-30": 200.3, "2016-03-31": "286.10000", "2015-12-31": 309.4, "2015-09-30": 348.3, "2015-06-30": 172.6, "2015-03-31": "109.40000", "2014-12-31": 486.6, "2014-09-30": 175.2, "2014-06-30": -47.9, "2014-03-31": "205.30000", "2013-12-31": 287.5, "2013-09-30": 101.1, "2013-06-30": 171.8, "2013-03-31": "101.80000", "2012-12-31": 275.3, "2012-09-30": 53.6, "2012-06-30": 127.5, "2012-03-31": "71.00000", "2011-12-31": 54.8, "2011-09-30": 47.3, "2011-06-30": 14.4, "2011-03-31": "-5.60000", "2010-12-31": 123.3, "2010-09-30": 41.4, "2010-06-30": 22.3, "2010-03-31": "-16.50000", "2009-12-31": 177.3, "2009-09-30": 183, "2009-06-30": 295.4, "2009-03-31": "51.60000", "2008-12-31": 257, "2008-09-30": 157.1, "2008-06-30": -13.5, "2008-03-31": "39.00000", "2007-12-31": 156.3, "2007-09-30": 42.9, "2007-06-30": 105.7, "2007-03-31": "39.60000", "2006-12-31": 67.5, "2006-09-30": 106.2, "2006-06-30": -50.9, "2006-03-31": "8.00000", "2005-12-31": 105.4, "2005-09-30": 71.9, "2005-06-30": 47.1, "2005-03-31": "-59.20000"}, "Net Change In Property, Plant, And Equipment": {"2020-09-30": -345.1, "2020-06-30": -21.2, "2020-03-31": "-133.40000", "2019-12-31": -300.9, "2019-09-30": -287.4, "2019-06-30": -141.5, "2019-03-31": "-469.20000", "2018-12-31": -269.6, "2018-09-30": -186.6, "2018-06-30": -187.8, "2018-03-31": "-324.50000", "2017-12-31": -208.3, "2017-09-30": -105.2, "2017-06-30": -125.4, "2017-03-31": "-183.60000", "2016-12-31": -190.2, "2016-09-30": -225.7, "2016-06-30": -173.7, "2016-03-31": "-248.00000", "2015-12-31": -240.4, "2015-09-30": -265.9, "2015-06-30": -180, "2015-03-31": "-335.30000", "2014-12-31": -123.1, "2014-09-30": -182.5, "2014-06-30": -104.5, "2014-03-31": "-31.50000", "2013-12-31": -181.7, "2013-09-30": -179.8, "2013-06-30": -173.8, "2013-03-31": "-192.00000", "2012-12-31": -137.2, "2012-09-30": -121.7, "2012-06-30": -92.2, "2012-03-31": "-101.30000", "2011-12-31": -44.9, "2011-09-30": -87.7, "2011-06-30": -84.6, "2011-03-31": "-86.60000", "2010-12-31": -78.4, "2010-09-30": -53.1, "2010-06-30": -73.1, "2010-03-31": "-41.20000", "2009-12-31": -28.5, "2009-09-30": -81.4, "2009-06-30": -137.4, "2009-03-31": "-128.00000", "2008-12-31": -388.1, "2008-09-30": -375.6, "2008-06-30": -241.7, "2008-03-31": "-216.90000", "2007-12-31": -166.1, "2007-09-30": -238.4, "2007-06-30": -248.1, "2007-03-31": "-190.50000", "2006-12-31": -176.2, "2006-09-30": -213.3, "2006-06-30": -104.2, "2006-03-31": "-147.40000", "2005-12-31": -176.7, "2005-09-30": -88.7, "2005-06-30": -101.8, "2005-03-31": "-57.50000"}, "Net Change In Intangible Assets": {"2020-09-30": 0, "2020-06-30": 0, "2020-03-31": "", "2019-12-31": 0, "2019-09-30": 0, "2019-06-30": 0, "2019-03-31": "", "2018-12-31": 0, "2018-09-30": 0, "2018-06-30": 0, "2018-03-31": "", "2017-12-31": 0, "2017-09-30": 0, "2017-06-30": 0, "2017-03-31": "", "2016-12-31": 0, "2016-09-30": 0, "2016-06-30": 0, "2016-03-31": "", "2015-12-31": 0, "2015-09-30": 0, "2015-06-30": 0, "2015-03-31": "", "2014-12-31": 0, "2014-09-30": 0, "2014-06-30": 0, "2014-03-31": "", "2013-12-31": 0, "2013-09-30": 0, "2013-06-30": 0, "2013-03-31": "", "2012-12-31": 0, "2012-09-30": 0, "2012-06-30": 0, "2012-03-31": "", "2011-12-31": 0, "2011-09-30": 0, "2011-06-30": 0, "2011-03-31": "", "2010-12-31": 0, "2010-09-30": 0, "2010-06-30": 0, "2010-03-31": "", "2009-12-31": 0, "2009-09-30": 0, "2009-06-30": 0, "2009-03-31": "", "2008-12-31": 0, "2008-09-30": 0, "2008-06-30": 0, "2008-03-31": "", "2007-12-31": 0, "2007-09-30": 0, "2007-06-30": 0, "2007-03-31": "", "2006-12-31": 0, "2006-09-30": 0, "2006-06-30": 0, "2006-03-31": "", "2005-12-31": 0, "2005-09-30": 0, "2005-06-30": 0, "2005-03-31": ""}, "Net Acquisitions/Divestitures": {"2020-09-30": 0, "2020-06-30": 0, "2020-03-31": "", "2019-12-31": 0, "2019-09-30": 0, "2019-06-30": 0, "2019-03-31": "", "2018-12-31": 0, "2018-09-30": 0, "2018-06-30": 0, "2018-03-31": "", "2017-12-31": 47.5, "2017-09-30": -42.2, "2017-06-30": -5.3, "2017-03-31": "", "2016-12-31": 0, "2016-09-30": 0, "2016-06-30": 0, "2016-03-31": "", "2015-12-31": 0, "2015-09-30": 0, "2015-06-30": 50.6, "2015-03-31": "-45.50000", "2014-12-31": -2.6, "2014-09-30": -593, "2014-06-30": -6.2, "2014-03-31": "-112.60000", "2013-12-31": -36.4, "2013-09-30": 0.4, "2013-06-30": -28.1, "2013-03-31": "-9.10000", "2012-12-31": -40.8, "2012-09-30": -4.5, "2012-06-30": 0, "2012-03-31": "", "2011-12-31": 0, "2011-09-30": -27.2, "2011-06-30": -15.3, "2011-03-31": "", "2010-12-31": -1, "2010-09-30": 0, "2010-06-30": -7, "2010-03-31": "-39.90000", "2009-12-31": 0, "2009-09-30": 0, "2009-06-30": 0, "2009-03-31": "", "2008-12-31": 0, "2008-09-30": 0, "2008-06-30": 0, "2008-03-31": "", "2007-12-31": -3.7, "2007-09-30": -16.8, "2007-06-30": -30.5, "2007-03-31": "", "2006-12-31": -1.2, "2006-09-30": 0, "2006-06-30": 0, "2006-03-31": "-2.30000", "2005-12-31": 0, "2005-09-30": 0, "2005-06-30": 0, "2005-03-31": ""}, "Net Change In Short-term Investments": {"2020-09-30": 0, "2020-06-30": 0, "2020-03-31": "", "2019-12-31": 0, "2019-09-30": 0, "2019-06-30": 0, "2019-03-31": "", "2018-12-31": 0, "2018-09-30": 25, "2018-06-30": 195.8, "2018-03-31": "98.70000", "2017-12-31": -169.5, "2017-09-30": 29.6, "2017-06-30": 12.5, "2017-03-31": "42.60000", "2016-12-31": 50, "2016-09-30": -84.7, "2016-06-30": -0.1, "2016-03-31": "-115.00000", "2015-12-31": -84.9, "2015-09-30": 0, "2015-06-30": 100, "2015-03-31": "-25.00000", "2014-12-31": -75, "2014-09-30": 218.5, "2014-06-30": 37.9, "2014-03-31": "-106.70000", "2013-12-31": -53.7, "2013-09-30": -36.1, "2013-06-30": 0, "2013-03-31": "-59.90000", "2012-12-31": 0, "2012-09-30": 0, "2012-06-30": 0, "2012-03-31": "0.00000", "2011-12-31": 0, "2011-09-30": 42, "2011-06-30": 75, "2011-03-31": "41.00000", "2010-12-31": 62, "2010-09-30": 5, "2010-06-30": 40.1, "2010-03-31": "-195.10000", "2009-12-31": -70, "2009-09-30": 0, "2009-06-30": 0, "2009-03-31": "", "2008-12-31": 0, "2008-09-30": 0, "2008-06-30": 0, "2008-03-31": "", "2007-12-31": 0, "2007-09-30": 0, "2007-06-30": 0, "2007-03-31": "", "2006-12-31": 0, "2006-09-30": 0, "2006-06-30": 0, "2006-03-31": "", "2005-12-31": 0, "2005-09-30": 0, "2005-06-30": 0, "2005-03-31": ""}, "Net Change In Long-Term Investments": {"2020-09-30": 138.7, "2020-06-30": -68.5, "2020-03-31": "68.50000", "2019-12-31": 30.7, "2019-09-30": 175, "2019-06-30": -29.4, "2019-03-31": "29.40000", "2018-12-31": 230.5, "2018-09-30": -56.4, "2018-06-30": 56.4, "2018-03-31": "", "2017-12-31": 200.4, "2017-09-30": 67.9, "2017-06-30": 92.4, "2017-03-31": "", "2016-12-31": -37.7, "2016-09-30": 0, "2016-06-30": 37.7, "2016-03-31": "", "2015-12-31": 514.6, "2015-09-30": -167.4, "2015-06-30": 167.4, "2015-03-31": "", "2014-12-31": 265.8, "2014-09-30": -242.1, "2014-06-30": 242.1, "2014-03-31": "", "2013-12-31": 131.6, "2013-09-30": -39.1, "2013-06-30": 39.1, "2013-03-31": "", "2012-12-31": 31.4, "2012-09-30": 60.8, "2012-06-30": 7.6, "2012-03-31": "26.50000", "2011-12-31": -17.8, "2011-09-30": 5.6, "2011-06-30": 2.2, "2011-03-31": "10.00000", "2010-12-31": -19.7, "2010-09-30": 7.2, "2010-06-30": 4.4, "2010-03-31": "8.10000", "2009-12-31": -191.8, "2009-09-30": 1.5, "2009-06-30": 53.6, "2009-03-31": "136.70000", "2008-12-31": -185.4, "2008-09-30": 126.7, "2008-06-30": 9, "2008-03-31": "49.70000", "2007-12-31": -238.1, "2007-09-30": 134.8, "2007-06-30": 94.9, "2007-03-31": "8.40000", "2006-12-31": -32.6, "2006-09-30": 32.6, "2006-06-30": 0, "2006-03-31": "", "2005-12-31": 0, "2005-09-30": 0, "2005-06-30": 0, "2005-03-31": ""}, "Net Change In Investments - Total": {"2020-09-30": 138.7, "2020-06-30": -68.5, "2020-03-31": "68.50000", "2019-12-31": 30.7, "2019-09-30": 175, "2019-06-30": -29.4, "2019-03-31": "29.40000", "2018-12-31": 230.5, "2018-09-30": -31.4, "2018-06-30": 252.2, "2018-03-31": "98.70000", "2017-12-31": 30.9, "2017-09-30": 97.5, "2017-06-30": 104.9, "2017-03-31": "42.60000", "2016-12-31": 12.3, "2016-09-30": -84.7, "2016-06-30": 37.6, "2016-03-31": "-115.00000", "2015-12-31": 429.7, "2015-09-30": -167.4, "2015-06-30": 267.4, "2015-03-31": "-25.00000", "2014-12-31": 190.8, "2014-09-30": -23.6, "2014-06-30": 280, "2014-03-31": "-106.70000", "2013-12-31": 77.9, "2013-09-30": -75.2, "2013-06-30": 39.1, "2013-03-31": "-59.90000", "2012-12-31": 31.4, "2012-09-30": 60.8, "2012-06-30": 7.6, "2012-03-31": "26.50000", "2011-12-31": -17.8, "2011-09-30": 47.6, "2011-06-30": 77.2, "2011-03-31": "51.00000", "2010-12-31": 42.3, "2010-09-30": 12.2, "2010-06-30": 44.5, "2010-03-31": "-187.00000", "2009-12-31": -261.8, "2009-09-30": 1.5, "2009-06-30": 53.6, "2009-03-31": "136.70000", "2008-12-31": -185.4, "2008-09-30": 126.7, "2008-06-30": 9, "2008-03-31": "49.70000", "2007-12-31": -238.1, "2007-09-30": 134.8, "2007-06-30": 94.9, "2007-03-31": "8.40000", "2006-12-31": -32.6, "2006-09-30": 32.6, "2006-06-30": 0, "2006-03-31": "", "2005-12-31": 0, "2005-09-30": 0, "2005-06-30": 0, "2005-03-31": ""}, "Investing Activities - Other": {"2020-09-30": 0, "2020-06-30": -0.3, "2020-03-31": "0.30000", "2019-12-31": 0.2, "2019-09-30": 1, "2019-06-30": -2.5, "2019-03-31": "1.30000", "2018-12-31": -140.4, "2018-09-30": 111.4, "2018-06-30": -27.3, "2018-03-31": "-15.70000", "2017-12-31": -125.8, "2017-09-30": 1.8, "2017-06-30": -2.6, "2017-03-31": "0.50000", "2016-12-31": -39.3, "2016-09-30": 1.7, "2016-06-30": -4.6, "2016-03-31": "6.90000", "2015-12-31": -317.7, "2015-09-30": 313, "2015-06-30": -77.5, "2015-03-31": "82.70000", "2014-12-31": -258.6, "2014-09-30": 259.1, "2014-06-30": -226.9, "2014-03-31": "227.20000", "2013-12-31": -49.3, "2013-09-30": 51, "2013-06-30": -30.5, "2013-03-31": "29.40000", "2012-12-31": 52.8, "2012-09-30": 2.5, "2012-06-30": 6.9, "2012-03-31": "-2.20000", "2011-12-31": 103.3, "2011-09-30": 0, "2011-06-30": 0, "2011-03-31": "", "2010-12-31": 61.6, "2010-09-30": 11.9, "2010-06-30": 0, "2010-03-31": "", "2009-12-31": 154.3, "2009-09-30": 42.7, "2009-06-30": 26.1, "2009-03-31": "34.80000", "2008-12-31": 222.1, "2008-09-30": 0, "2008-06-30": 0, "2008-03-31": "", "2007-12-31": 359.3, "2007-09-30": 0, "2007-06-30": 0, "2007-03-31": "", "2006-12-31": 88.8, "2006-09-30": 28.5, "2006-06-30": 54.6, "2006-03-31": "-0.20000", "2005-12-31": 36.8, "2005-09-30": -0.4, "2005-06-30": 0, "2005-03-31": ""}, "Cash Flow From Investing Activities": {"2020-09-30": -206.4, "2020-06-30": -90, "2020-03-31": "-64.60000", "2019-12-31": -270, "2019-09-30": -111.4, "2019-06-30": -173.4, "2019-03-31": "-438.50000", "2018-12-31": -179.5, "2018-09-30": -106.6, "2018-06-30": 37.1, "2018-03-31": "-241.50000", "2017-12-31": -255.7, "2017-09-30": -48.1, "2017-06-30": -28.4, "2017-03-31": "-140.50000", "2016-12-31": -217.2, "2016-09-30": -308.7, "2016-06-30": -140.7, "2016-03-31": "-356.10000", "2015-12-31": -128.4, "2015-09-30": -120.3, "2015-06-30": 60.5, "2015-03-31": "-323.10000", "2014-12-31": -193.5, "2014-09-30": -540, "2014-06-30": -57.6, "2014-03-31": "-23.60000", "2013-12-31": -189.5, "2013-09-30": -203.6, "2013-06-30": -193.3, "2013-03-31": "-231.60000", "2012-12-31": -93.8, "2012-09-30": -62.9, "2012-06-30": -77.7, "2012-03-31": "-77.00000", "2011-12-31": 40.6, "2011-09-30": -67.3, "2011-06-30": -22.7, "2011-03-31": "-35.60000", "2010-12-31": 24.5, "2010-09-30": -29, "2010-06-30": -35.6, "2010-03-31": "-268.10000", "2009-12-31": -136, "2009-09-30": -37.2, "2009-06-30": -57.7, "2009-03-31": "43.50000", "2008-12-31": -351.4, "2008-09-30": -248.9, "2008-06-30": -232.7, "2008-03-31": "-167.20000", "2007-12-31": -48.6, "2007-09-30": -120.4, "2007-06-30": -183.7, "2007-03-31": "-182.10000", "2006-12-31": -121.2, "2006-09-30": -152.2, "2006-06-30": -49.6, "2006-03-31": "-149.90000", "2005-12-31": -139.9, "2005-09-30": -89.1, "2005-06-30": -101.8, "2005-03-31": "-57.50000"}, "Net Long-Term Debt": {"2020-09-30": 106.2, "2020-06-30": -46.9, "2020-03-31": "-19.00000", "2019-12-31": 194.3002, "2019-09-30": 67.3999, "2019-06-30": 147.1, "2019-03-31": "434.90000", "2018-12-31": 496.4, "2018-09-30": 18.9, "2018-06-30": -170.9, "2018-03-31": "-25.60000", "2017-12-31": -41, "2017-09-30": -1.9, "2017-06-30": 227.8, "2017-03-31": "-26.70000", "2016-12-31": -56, "2016-09-30": -28.4, "2016-06-30": -47.2, "2016-03-31": "-30.40000", "2015-12-31": -56.4, "2015-09-30": -59.8, "2015-06-30": -157.7, "2015-03-31": "-70.90000", "2014-12-31": -46.5, "2014-09-30": 345.2, "2014-06-30": 295.1, "2014-03-31": "-53.10000", "2013-12-31": -35, "2013-09-30": 127.1, "2013-06-30": 117, "2013-03-31": "-83.50000", "2012-12-31": 72.7, "2012-09-30": 64.8, "2012-06-30": -19.7, "2012-03-31": "-52.40000", "2011-12-31": -25, "2011-09-30": 82.4, "2011-06-30": 16.4, "2011-03-31": "-42.80000", "2010-12-31": 76.5, "2010-09-30": -33.1, "2010-06-30": -21.3, "2010-03-31": "-62.90000", "2009-12-31": 36.9, "2009-09-30": -15.1, "2009-06-30": 39.2, "2009-03-31": "-73.90000", "2008-12-31": 145.2, "2008-09-30": 71, "2008-06-30": 259.3, "2008-03-31": "56.20000", "2007-12-31": -30.5, "2007-09-30": 75.8, "2007-06-30": 77.5, "2007-03-31": "52.50000", "2006-12-31": -4.7, "2006-09-30": -6.6, "2006-06-30": 439.9, "2006-03-31": "81.30000", "2005-12-31": 46.6, "2005-09-30": 39.5, "2005-06-30": 36.1, "2005-03-31": "52.20000"}, "Net Current Debt": {"2020-09-30": 0, "2020-06-30": 0, "2020-03-31": "", "2019-12-31": 0, "2019-09-30": 0, "2019-06-30": 0, "2019-03-31": "", "2018-12-31": 0, "2018-09-30": 0, "2018-06-30": 0, "2018-03-31": "", "2017-12-31": 0, "2017-09-30": 0, "2017-06-30": 0, "2017-03-31": "", "2016-12-31": 0, "2016-09-30": 0, "2016-06-30": 0, "2016-03-31": "", "2015-12-31": 0, "2015-09-30": 0, "2015-06-30": 0, "2015-03-31": "", "2014-12-31": 0, "2014-09-30": 0, "2014-06-30": 0, "2014-03-31": "", "2013-12-31": 0, "2013-09-30": 0, "2013-06-30": 0, "2013-03-31": "", "2012-12-31": 0, "2012-09-30": 0, "2012-06-30": 0, "2012-03-31": "", "2011-12-31": 0, "2011-09-30": 0, "2011-06-30": 0, "2011-03-31": "", "2010-12-31": 0, "2010-09-30": 0, "2010-06-30": 0, "2010-03-31": "", "2009-12-31": 0, "2009-09-30": 0, "2009-06-30": 0, "2009-03-31": "", "2008-12-31": 0, "2008-09-30": 0, "2008-06-30": 0, "2008-03-31": "", "2007-12-31": 0, "2007-09-30": 0, "2007-06-30": 0, "2007-03-31": "", "2006-12-31": 0, "2006-09-30": 0, "2006-06-30": 0, "2006-03-31": "", "2005-12-31": 0, "2005-09-30": 0, "2005-06-30": 0, "2005-03-31": ""}, "Debt Issuance/Retirement Net - Total": {"2020-09-30": 106.2, "2020-06-30": -46.9, "2020-03-31": "-19.00000", "2019-12-31": 194.3002, "2019-09-30": 67.3999, "2019-06-30": 147.1, "2019-03-31": "434.90000", "2018-12-31": 496.4, "2018-09-30": 18.9, "2018-06-30": -170.9, "2018-03-31": "-25.60000", "2017-12-31": -41, "2017-09-30": -1.9, "2017-06-30": 227.8, "2017-03-31": "-26.70000", "2016-12-31": -56, "2016-09-30": -28.4, "2016-06-30": -47.2, "2016-03-31": "-30.40000", "2015-12-31": -56.4, "2015-09-30": -59.8, "2015-06-30": -157.7, "2015-03-31": "-70.90000", "2014-12-31": -46.5, "2014-09-30": 345.2, "2014-06-30": 295.1, "2014-03-31": "-53.10000", "2013-12-31": -35, "2013-09-30": 127.1, "2013-06-30": 117, "2013-03-31": "-83.50000", "2012-12-31": 72.7, "2012-09-30": 64.8, "2012-06-30": -19.7, "2012-03-31": "-52.40000", "2011-12-31": -25, "2011-09-30": 82.4, "2011-06-30": 16.4, "2011-03-31": "-42.80000", "2010-12-31": 76.5, "2010-09-30": -33.1, "2010-06-30": -21.3, "2010-03-31": "-62.90000", "2009-12-31": 36.9, "2009-09-30": -15.1, "2009-06-30": 39.2, "2009-03-31": "-73.90000", "2008-12-31": 145.2, "2008-09-30": 71, "2008-06-30": 259.3, "2008-03-31": "56.20000", "2007-12-31": -30.5, "2007-09-30": 75.8, "2007-06-30": 77.5, "2007-03-31": "52.50000", "2006-12-31": -4.7, "2006-09-30": -6.6, "2006-06-30": 439.9, "2006-03-31": "81.30000", "2005-12-31": 46.6, "2005-09-30": 39.5, "2005-06-30": 36.1, "2005-03-31": "52.20000"}, "Net Common Equity Issued/Repurchased": {"2020-09-30": -85.3, "2020-06-30": -9, "2020-03-31": "-35.40000", "2019-12-31": -70, "2019-09-30": -96, "2019-06-30": -51.4, "2019-03-31": "-15.50000", "2018-12-31": -350.7, "2018-09-30": -54.1, "2018-06-30": -64.1, "2018-03-31": "-49.40000", "2017-12-31": -27.3, "2017-09-30": -10.6, "2017-06-30": -55.9, "2017-03-31": "", "2016-12-31": 0.1, "2016-09-30": -0.3, "2016-06-30": -16, "2016-03-31": "-34.80000", "2015-12-31": -7.5, "2015-09-30": -32.7, "2015-06-30": -83.6, "2015-03-31": "-18.40000", "2014-12-31": 0.2, "2014-09-30": -19.2, "2014-06-30": -42.9, "2014-03-31": "-12.30000", "2013-12-31": -32.2, "2013-09-30": -30.5, "2013-06-30": -49, "2013-03-31": "1.40000", "2012-12-31": -2.8, "2012-09-30": -9.3, "2012-06-30": -34.5, "2012-03-31": "0.70000", "2011-12-31": 0.3, "2011-09-30": 0.2, "2011-06-30": 0.2, "2011-03-31": "1.40000", "2010-12-31": -28.1, "2010-09-30": 0.1, "2010-06-30": 0.8, "2010-03-31": "0.30000", "2009-12-31": 0.4, "2009-09-30": 0.7, "2009-06-30": 0, "2009-03-31": "-6.30000", "2008-12-31": -46.1, "2008-09-30": 0.5, "2008-06-30": 2.6, "2008-03-31": "-12.20000", "2007-12-31": -2.7, "2007-09-30": 0.5, "2007-06-30": 6.4, "2007-03-31": "5.10000", "2006-12-31": 5, "2006-09-30": 1.5, "2006-06-30": 6.4, "2006-03-31": "5.20000", "2005-12-31": 10.1, "2005-09-30": 15.6, "2005-06-30": 0.8, "2005-03-31": "0.10000"}, "Net Total Equity Issued/Repurchased": {"2020-09-30": -85.3, "2020-06-30": -9, "2020-03-31": "-35.40000", "2019-12-31": -70, "2019-09-30": -96, "2019-06-30": -51.4, "2019-03-31": "-15.50000", "2018-12-31": -350.7, "2018-09-30": -54.1, "2018-06-30": -64.1, "2018-03-31": "-49.40000", "2017-12-31": -27.3, "2017-09-30": -10.6, "2017-06-30": -55.9, "2017-03-31": "", "2016-12-31": 0.1, "2016-09-30": -0.3, "2016-06-30": -16, "2016-03-31": "-34.80000", "2015-12-31": -7.5, "2015-09-30": -32.7, "2015-06-30": -83.6, "2015-03-31": "-18.40000", "2014-12-31": 0.2, "2014-09-30": -19.2, "2014-06-30": -42.9, "2014-03-31": "-12.30000", "2013-12-31": -32.2, "2013-09-30": -30.5, "2013-06-30": -49, "2013-03-31": "1.40000", "2012-12-31": -2.8, "2012-09-30": -9.3, "2012-06-30": -34.5, "2012-03-31": "0.70000", "2011-12-31": 0.3, "2011-09-30": 0.2, "2011-06-30": 0.2, "2011-03-31": "1.40000", "2010-12-31": -28.1, "2010-09-30": 0.1, "2010-06-30": 0.8, "2010-03-31": "0.30000", "2009-12-31": 0.4, "2009-09-30": 0.7, "2009-06-30": 0, "2009-03-31": "-6.30000", "2008-12-31": -46.1, "2008-09-30": 0.5, "2008-06-30": 2.6, "2008-03-31": "-12.20000", "2007-12-31": -2.7, "2007-09-30": 0.5, "2007-06-30": 6.4, "2007-03-31": "5.10000", "2006-12-31": 5, "2006-09-30": 1.5, "2006-06-30": 6.4, "2006-03-31": "5.20000", "2005-12-31": 10.1, "2005-09-30": 15.6, "2005-06-30": 0.8, "2005-03-31": "0.10000"}, "Total Common And Preferred Stock Dividends Paid": {"2020-09-30": -21.4, "2020-06-30": -23.7, "2020-03-31": "-22.70000", "2019-12-31": -21.3, "2019-09-30": -20.4, "2019-06-30": -22.7, "2019-03-31": "-17.70000", "2018-12-31": -9, "2018-09-30": -18.8, "2018-06-30": -30.1, "2018-03-31": "-19.50000", "2017-12-31": 21.8, "2017-09-30": -44, "2017-06-30": -26.4, "2017-03-31": "-24.00000", "2016-12-31": -24.7, "2016-09-30": -24.1, "2016-06-30": -27.5, "2016-03-31": "-16.80000", "2015-12-31": -56.1, "2015-09-30": 3, "2015-06-30": -24.1, "2015-03-31": "-26.90000", "2014-12-31": -24.6, "2014-09-30": -22.5, "2014-06-30": -18.5, "2014-03-31": "-17.00000", "2013-12-31": -18.5, "2013-09-30": -13.4, "2013-06-30": -8.7, "2013-03-31": "-8.70000", "2012-12-31": -8.6, "2012-09-30": -8.6, "2012-06-30": -7.3, "2012-03-31": "-7.20000", "2011-12-31": -13.8, "2011-09-30": -7.3, "2011-06-30": -6.4, "2011-03-31": "-6.30000", "2010-12-31": -9, "2010-09-30": -6.3, "2010-06-30": -6.4, "2010-03-31": "-6.30000", "2009-12-31": -6.3, "2009-09-30": -6.3, "2009-06-30": -6.4, "2009-03-31": "-6.30000", "2008-12-31": -6.3, "2008-09-30": -6.6, "2008-06-30": -5.6, "2008-03-31": "-5.70000", "2007-12-31": -6, "2007-09-30": -4.7, "2007-06-30": -4.7, "2007-03-31": "-4.80000", "2006-12-31": -4.6, "2006-09-30": -4.7, "2006-06-30": -3.6, "2006-03-31": "-5.10000", "2005-12-31": -3.3, "2005-09-30": -4.2, "2005-06-30": -2.8, "2005-03-31": "-4.20000"}, "Financial Activities - Other": {"2020-09-30": 5.9, "2020-06-30": 0, "2020-03-31": "", "2019-12-31": -0.1, "2019-09-30": -2.1, "2019-06-30": 0, "2019-03-31": "", "2018-12-31": -231.5, "2018-09-30": 0, "2018-06-30": 5.6, "2018-03-31": "-8.80000", "2017-12-31": -48.4, "2017-09-30": 0, "2017-06-30": -0.1, "2017-03-31": "", "2016-12-31": -12.3, "2016-09-30": -0.4, "2016-06-30": 9.4, "2016-03-31": "1.70000", "2015-12-31": 47.2, "2015-09-30": -44.5, "2015-06-30": 25.4, "2015-03-31": "32.70000", "2014-12-31": 2, "2014-09-30": 9.7, "2014-06-30": 54.9, "2014-03-31": "4.40000", "2013-12-31": 13.6, "2013-09-30": 33.9, "2013-06-30": -10.3, "2013-03-31": "8.10000", "2012-12-31": 18, "2012-09-30": -19.5, "2012-06-30": 1, "2012-03-31": "18.60000", "2011-12-31": 21.4, "2011-09-30": -39.6, "2011-06-30": -5.1, "2011-03-31": "-4.80000", "2010-12-31": 15.6, "2010-09-30": -32.2, "2010-06-30": -7.2, "2010-03-31": "-0.60000", "2009-12-31": -5.9, "2009-09-30": -20.6, "2009-06-30": 0, "2009-03-31": "", "2008-12-31": -19.8, "2008-09-30": 0.1, "2008-06-30": 0.2, "2008-03-31": "", "2007-12-31": -1.3, "2007-09-30": 0.2, "2007-06-30": 2.8, "2007-03-31": "2.30000", "2006-12-31": 1.4, "2006-09-30": 0.7, "2006-06-30": 1.5, "2006-03-31": "4.00000", "2005-12-31": 0, "2005-09-30": 0, "2005-06-30": 0, "2005-03-31": ""}, "Cash Flow From Financial Activities": {"2020-09-30": 5.4, "2020-06-30": -79.6, "2020-03-31": "-77.10000", "2019-12-31": 102.9, "2019-09-30": -51.1, "2019-06-30": 73, "2019-03-31": "401.70000", "2018-12-31": -94.8, "2018-09-30": -54, "2018-06-30": -259.5, "2018-03-31": "-103.30000", "2017-12-31": -94.9, "2017-09-30": -56.5, "2017-06-30": 145.4, "2017-03-31": "-50.70000", "2016-12-31": -92.9, "2016-09-30": -53.2, "2016-06-30": -81.3, "2016-03-31": "-80.30000", "2015-12-31": -72.8, "2015-09-30": -134, "2015-06-30": -240, "2015-03-31": "-83.50000", "2014-12-31": -68.9, "2014-09-30": 313.2, "2014-06-30": 288.6, "2014-03-31": "-78.00000", "2013-12-31": -72.1, "2013-09-30": 117.1, "2013-06-30": 49, "2013-03-31": "-82.70000", "2012-12-31": 79.3, "2012-09-30": 27.4, "2012-06-30": -60.5, "2012-03-31": "-40.30000", "2011-12-31": -17.1, "2011-09-30": 35.7, "2011-06-30": 5.1, "2011-03-31": "-52.50000", "2010-12-31": 55, "2010-09-30": -71.5, "2010-06-30": -34.1, "2010-03-31": "-69.50000", "2009-12-31": 25.1, "2009-09-30": -41.3, "2009-06-30": 32.8, "2009-03-31": "-86.50000", "2008-12-31": 73, "2008-09-30": 65, "2008-06-30": 256.5, "2008-03-31": "38.30000", "2007-12-31": -40.5, "2007-09-30": 71.8, "2007-06-30": 82, "2007-03-31": "55.10000", "2006-12-31": -2.9, "2006-09-30": -9.1, "2006-06-30": 444.2, "2006-03-31": "85.40000", "2005-12-31": 53.4, "2005-09-30": 50.9, "2005-06-30": 34.1, "2005-03-31": "48.10000"}, "Net Cash Flow": {"2020-09-30": -72, "2020-06-30": -15.6, "2020-03-31": "31.90000", "2019-12-31": 62.5, "2019-09-30": -1.4, "2019-06-30": 28.4, "2019-03-31": "-162.70000", "2018-12-31": -215.1, "2018-09-30": -189, "2018-06-30": -47.8, "2018-03-31": "-171.10000", "2017-12-31": -77.2, "2017-09-30": 47.5, "2017-06-30": 233, "2017-03-31": "28.90000", "2016-12-31": -12, "2016-09-30": -56.2, "2016-06-30": -21.7, "2016-03-31": "-150.30000", "2015-12-31": 108.2, "2015-09-30": 94, "2015-06-30": -6.9, "2015-03-31": "-297.20000", "2014-12-31": 224.2, "2014-09-30": -51.6, "2014-06-30": 183.1, "2014-03-31": "103.70000", "2013-12-31": 25.9, "2013-09-30": 14.6, "2013-06-30": 27.5, "2013-03-31": "-212.50000", "2012-12-31": 260.8, "2012-09-30": 18.1, "2012-06-30": -10.7, "2012-03-31": "-46.30000", "2011-12-31": 78.3, "2011-09-30": 15.7, "2011-06-30": -3.2, "2011-03-31": "-93.70000", "2010-12-31": 202.8, "2010-09-30": -59.1, "2010-06-30": -47.4, "2010-03-31": "-354.10000", "2009-12-31": 66.4, "2009-09-30": 104.5, "2009-06-30": 270.5, "2009-03-31": "8.60000", "2008-12-31": -21.4, "2008-09-30": -26.8, "2008-06-30": 10.3, "2008-03-31": "-89.90000", "2007-12-31": 67.2, "2007-09-30": -5.7, "2007-06-30": 4, "2007-03-31": "-87.40000", "2006-12-31": -56.6, "2006-09-30": -55.1, "2006-06-30": 343.7, "2006-03-31": "-56.50000", "2005-12-31": 18.9, "2005-09-30": 33.7, "2005-06-30": -20.6, "2005-03-31": "-68.60000"}, "Stock-Based Compensation": {"2020-09-30": 4.8, "2020-06-30": 7.6, "2020-03-31": "7.30000", "2019-12-31": 7.8, "2019-09-30": 8.4, "2019-06-30": 7.5, "2019-03-31": "5.50000", "2018-12-31": 7.4, "2018-09-30": 7.6, "2018-06-30": 8, "2018-03-31": "6.20000", "2017-12-31": -0.3, "2017-09-30": 8.6, "2017-06-30": 6.2, "2017-03-31": "7.60000", "2016-12-31": -2.3, "2016-09-30": 10.4, "2016-06-30": 12.5, "2016-03-31": "10.30000", "2015-12-31": 14.8, "2015-09-30": 15, "2015-06-30": 14.9, "2015-03-31": "16.40000", "2014-12-31": 15.2, "2014-09-30": 14.6, "2014-06-30": 12.6, "2014-03-31": "10.90000", "2013-12-31": 13.4, "2013-09-30": 12.3, "2013-06-30": 9.9, "2013-03-31": "8.90000", "2012-12-31": 7.8, "2012-09-30": 7.7, "2012-06-30": 5.4, "2012-03-31": "6.80000", "2011-12-31": 6.5, "2011-09-30": 6.9, "2011-06-30": 4.1, "2011-03-31": "5.30000", "2010-12-31": 3.1, "2010-09-30": 4.3, "2010-06-30": 3.5, "2010-03-31": "3.50000", "2009-12-31": 2.8, "2009-09-30": 3.2, "2009-06-30": 3.6, "2009-03-31": "3.90000", "2008-12-31": 3.7, "2008-09-30": 4.9, "2008-06-30": 5.1, "2008-03-31": "5.00000", "2007-12-31": 5.1, "2007-09-30": 5.3, "2007-06-30": 4.3, "2007-03-31": "3.90000", "2006-12-31": 4.9, "2006-09-30": 4.5, "2006-06-30": 2.5, "2006-03-31": "2.10000", "2005-12-31": 0.6, "2005-09-30": 1.7, "2005-06-30": 1.7, "2005-03-31": "1.00000"}, "Common Stock Dividends Paid": {"2020-09-30": -21.4, "2020-06-30": -23.7, "2020-03-31": "-22.70000", "2019-12-31": -21.3, "2019-09-30": -20.4, "2019-06-30": -22.7, "2019-03-31": "-17.70000", "2018-12-31": -9, "2018-09-30": -18.8, "2018-06-30": -30.1, "2018-03-31": "-19.50000", "2017-12-31": 21.8, "2017-09-30": -44, "2017-06-30": -26.4, "2017-03-31": "-24.00000", "2016-12-31": -24.7, "2016-09-30": -24.1, "2016-06-30": -27.5, "2016-03-31": "-16.80000", "2015-12-31": -56.1, "2015-09-30": 3, "2015-06-30": -24.1, "2015-03-31": "-26.90000", "2014-12-31": -24.6, "2014-09-30": -22.5, "2014-06-30": -18.5, "2014-03-31": "-17.00000", "2013-12-31": -18.5, "2013-09-30": -13.4, "2013-06-30": -8.7, "2013-03-31": "-8.70000", "2012-12-31": -8.6, "2012-09-30": -8.6, "2012-06-30": -7.3, "2012-03-31": "-7.20000", "2011-12-31": -13.8, "2011-09-30": -7.3, "2011-06-30": -6.4, "2011-03-31": "-6.30000", "2010-12-31": -9, "2010-09-30": -6.3, "2010-06-30": -6.4, "2010-03-31": "-6.30000", "2009-12-31": -6.3, "2009-09-30": -6.3, "2009-06-30": -6.4, "2009-03-31": "-6.30000", "2008-12-31": -6.3, "2008-09-30": -6.6, "2008-06-30": -5.6, "2008-03-31": "-5.70000", "2007-12-31": -6, "2007-09-30": -4.7, "2007-06-30": -4.7, "2007-03-31": "-4.80000", "2006-12-31": -4.6, "2006-09-30": -4.7, "2006-06-30": -3.6, "2006-03-31": "-3.40000", "2005-12-31": -3.3, "2005-09-30": -2.9, "2005-06-30": -2.8, "2005-03-31": "-2.80000"}}, "financial ratios": {"Current Ratio": {"2019-12-31": "1.60150", "2018-12-31": "1.75900", "2017-12-31": "3.91780", "2016-12-31": "3.34030", "2015-12-31": "3.05310", "2014-12-31": "2.48280", "2013-12-31": "2.25290", "2012-12-31": "2.15880", "2011-12-31": "2.03850", "2010-12-31": "2.12960", "2009-12-31": "2.40260", "2008-12-31": "1.60650", "2007-12-31": "1.71390", "2006-12-31": "1.66650", "2005-12-31": "1.28100"}, "Long-term Debt / Capital": {"2019-12-31": "0.67240", "2018-12-31": "0.61130", "2017-12-31": "0.40020", "2016-12-31": "0.41490", "2015-12-31": "0.44110", "2014-12-31": "0.50850", "2013-12-31": "0.52100", "2012-12-31": "0.58830", "2011-12-31": "0.60400", "2010-12-31": "0.61170", "2009-12-31": "0.50530", "2008-12-31": "0.48130", "2007-12-31": "0.44320", "2006-12-31": "0.46070", "2005-12-31": "0.38210"}, "Debt/Equity Ratio": {"2019-12-31": "2.05220", "2018-12-31": "1.57270", "2017-12-31": "0.66730", "2016-12-31": "0.70900", "2015-12-31": "0.78920", "2014-12-31": "1.03450", "2013-12-31": "1.08760", "2012-12-31": "1.42920", "2011-12-31": "1.52550", "2010-12-31": "1.57540", "2009-12-31": "1.02150", "2008-12-31": "0.92800", "2007-12-31": "0.79590", "2006-12-31": "0.85420", "2005-12-31": "0.61830"}, "Gross Margin": {"2019-12-31": "21.27720", "2018-12-31": "22.72930", "2017-12-31": "25.95310", "2016-12-31": "25.17320", "2015-12-31": "27.16380", "2014-12-31": "25.12480", "2013-12-31": "23.89300", "2012-12-31": "19.94810", "2011-12-31": "19.76650", "2010-12-31": "22.76380", "2009-12-31": "18.83600", "2008-12-31": "20.66810", "2007-12-31": "19.79490", "2006-12-31": "18.35100", "2005-12-31": "14.21930"}, "Operating Margin": {"2019-12-31": "13.85310", "2018-12-31": "12.55830", "2017-12-31": "15.36250", "2016-12-31": "15.49940", "2015-12-31": "22.50850", "2014-12-31": "20.27550", "2013-12-31": "17.70550", "2012-12-31": "15.07910", "2011-12-31": "14.52540", "2010-12-31": "15.23800", "2009-12-31": "-1.27640", "2008-12-31": "14.40970", "2007-12-31": "13.82280", "2006-12-31": "11.88600", "2005-12-31": "7.53220"}, "EBIT Margin": {"2019-12-31": "13.85310", "2018-12-31": "12.55830", "2017-12-31": "15.36250", "2016-12-31": "15.49940", "2015-12-31": "22.50850", "2014-12-31": "20.27550", "2013-12-31": "17.70550", "2012-12-31": "15.07910", "2011-12-31": "14.52540", "2010-12-31": "15.23800", "2009-12-31": "-1.27640", "2008-12-31": "14.40970", "2007-12-31": "13.82280", "2006-12-31": "11.88600", "2005-12-31": "7.53220"}, "EBITDA Margin": {"2019-12-31": "23.29040", "2018-12-31": "22.59770", "2017-12-31": "24.94370", "2016-12-31": "22.53220", "2015-12-31": "26.67580", "2014-12-31": "24.23990", "2013-12-31": "22.55060", "2012-12-31": "20.16060", "2011-12-31": "20.91350", "2010-12-31": "24.60770", "2009-12-31": "18.79050", "2008-12-31": "18.02310", "2007-12-31": "16.92500", "2006-12-31": "14.60750", "2005-12-31": "10.34430"}, "Pre-Tax Profit Margin": {"2019-12-31": "6.67860", "2018-12-31": "6.04200", "2017-12-31": "8.15050", "2016-12-31": "10.03300", "2015-12-31": "19.58480", "2014-12-31": "17.24640", "2013-12-31": "13.52710", "2012-12-31": "10.12360", "2011-12-31": "8.13400", "2010-12-31": "5.52650", "2009-12-31": "-6.07630", "2008-12-31": "11.68740", "2007-12-31": "11.86860", "2006-12-31": "10.82670", "2005-12-31": "6.49890"}, "Net Profit Margin": {"2019-12-31": "4.57890", "2018-12-31": "6.34890", "2017-12-31": "29.30260", "2016-12-31": "11.12050", "2015-12-31": "12.45950", "2014-12-31": "10.99190", "2013-12-31": "8.60190", "2012-12-31": "6.69480", "2011-12-31": "4.83950", "2010-12-31": "3.49100", "2009-12-31": "-5.68800", "2008-12-31": "7.23450", "2007-12-31": "7.54280", "2006-12-31": "7.14840", "2005-12-31": "3.06680"}, "Asset Turnover": {"2019-12-31": "0.34540", "2018-12-31": "0.31410", "2017-12-31": "0.25120", "2016-12-31": "0.33860", "2015-12-31": "0.71940", "2014-12-31": "0.70960", "2013-12-31": "0.59690", "2012-12-31": "0.57150", "2011-12-31": "0.48000", "2010-12-31": "0.33520", "2009-12-31": "0.51990", "2008-12-31": "0.79050", "2007-12-31": "0.94800", "2006-12-31": "0.93970", "2005-12-31": "1.04760"}, "Inventory Turnover Ratio": {"2019-12-31": "5.45850", "2018-12-31": "3.69510", "2017-12-31": "4.40720", "2016-12-31": "3.47250", "2015-12-31": "4.93710", "2014-12-31": "4.32400", "2013-12-31": "4.07790", "2012-12-31": "4.34620", "2011-12-31": "4.32890", "2010-12-31": "4.50110", "2009-12-31": "8.48770", "2008-12-31": "5.03480", "2007-12-31": "5.23960", "2006-12-31": "4.96920", "2005-12-31": "5.69010"}, "Receiveable Turnover": {"2019-12-31": "10.93560", "2018-12-31": "7.91510", "2017-12-31": "10.49650", "2016-12-31": "6.42640", "2015-12-31": "13.75370", "2014-12-31": "13.30030", "2013-12-31": "11.71260", "2012-12-31": "9.77410", "2011-12-31": "7.61410", "2010-12-31": "8.06470", "2009-12-31": "14.15730", "2008-12-31": "11.09370", "2007-12-31": "12.92680", "2006-12-31": "12.74810", "2005-12-31": "12.39000"}, "Days Sales In Receivables": {"2019-12-31": "33.37730", "2018-12-31": "46.11410", "2017-12-31": "34.77350", "2016-12-31": "56.79720", "2015-12-31": "26.53840", "2014-12-31": "27.44300", "2013-12-31": "31.16290", "2012-12-31": "37.34360", "2011-12-31": "47.93710", "2010-12-31": "45.25870", "2009-12-31": "25.78170", "2008-12-31": "32.90150", "2007-12-31": "28.23590", "2006-12-31": "28.63170", "2005-12-31": "29.45920"}, "ROE - Return On Equity": {"2019-12-31": "5.85140", "2018-12-31": "4.25450", "2017-12-31": "12.56070", "2016-12-31": "4.71340", "2015-12-31": "20.40160", "2014-12-31": "20.87770", "2013-12-31": "14.04460", "2012-12-31": "11.78420", "2011-12-31": "7.53480", "2010-12-31": "3.76010", "2009-12-31": "-7.62330", "2008-12-31": "14.76760", "2007-12-31": "16.78350", "2006-12-31": "15.35450", "2005-12-31": "9.91560"}, "Return On Tangible Equity": {"2019-12-31": "6.41450", "2018-12-31": "4.63200", "2017-12-31": "13.12480", "2016-12-31": "5.71270", "2015-12-31": "25.06910", "2014-12-31": "27.02920", "2013-12-31": "15.62590", "2012-12-31": "13.27750", "2011-12-31": "8.49140", "2010-12-31": "4.21090", "2009-12-31": "-8.47120", "2008-12-31": "20.05260", "2007-12-31": "23.69200", "2006-12-31": "22.93040", "2005-12-31": "16.22610"}, "ROA - Return On Assets": {"2019-12-31": "1.59970", "2018-12-31": "1.36430", "2017-12-31": "6.39410", "2016-12-31": "2.22680", "2015-12-31": "9.29560", "2014-12-31": "8.15730", "2013-12-31": "5.27940", "2012-12-31": "3.77670", "2011-12-31": "2.39830", "2010-12-31": "1.20490", "2009-12-31": "-2.95720", "2008-12-31": "5.74970", "2007-12-31": "7.16760", "2006-12-31": "6.29090", "2005-12-31": "4.27220"}, "ROI - Return On Investment": {"2019-12-31": "1.91710", "2018-12-31": "1.65370", "2017-12-31": "7.53340", "2016-12-31": "2.75800", "2015-12-31": "11.40240", "2014-12-31": "10.26200", "2013-12-31": "6.72780", "2012-12-31": "4.85110", "2011-12-31": "2.98340", "2010-12-31": "1.46000", "2009-12-31": "-3.77120", "2008-12-31": "7.65930", "2007-12-31": "9.34570", "2006-12-31": "8.28080", "2005-12-31": "6.12730"}, "Book Value Per Share": {"2019-12-31": "19.87390", "2018-12-31": "19.21980", "2017-12-31": "32.19350", "2016-12-31": "28.32520", "2015-12-31": "26.49670", "2014-12-31": "21.82020", "2013-12-31": "35.51810", "2012-12-31": "13.51200", "2011-12-31": "12.14650", "2010-12-31": "11.56450", "2009-12-31": "11.40340", "2008-12-31": "12.04220", "2007-12-31": "10.60630", "2006-12-31": "8.77190", "2005-12-31": "11.27940"}, "Operating Cash Flow Per Share": {"2019-12-31": 0.5024, "2018-12-31": -2.421, "2017-12-31": -2.326, "2016-12-31": 1.1624, "2015-12-31": 0.9463, "2014-12-31": 0.8969, "2013-12-31": 0.9305, "2012-12-31": 2.6877, "2011-12-31": -0.3944, "2010-12-31": -3.5218, "2009-12-31": 1.8396, "2008-12-31": 0.6199, "2007-12-31": 1.3447, "2006-12-31": -0.2522, "2005-12-31": 1.0769}, "Free Cash Flow Per Share": {"2019-12-31": -2.3008, "2018-12-31": -4.9411, "2017-12-31": -0.7848, "2016-12-31": 2.238, "2015-12-31": -2.9478, "2014-12-31": 2.8355, "2013-12-31": -0.9094, "2012-12-31": 1.7233, "2011-12-31": -0.7507, "2010-12-31": -2.6618, "2009-12-31": 7.1392, "2008-12-31": -1.8266, "2007-12-31": 0.0777, "2006-12-31": -1.5258, "2005-12-31": -1.6917}}, "financial ratios, quarterly": {"Current Ratio": {"2020-09-30": "2.33820", "2020-06-30": "2.46870", "2020-03-31": "2.40950", "2019-12-31": "1.60150", "2019-09-30": "1.70450", "2019-06-30": "1.90780", "2019-03-31": "2.02100", "2018-12-31": "1.75900", "2018-09-30": "2.50100", "2018-06-30": "2.52190", "2018-03-31": "3.13680", "2017-12-31": "3.91780", "2017-09-30": "3.69970", "2017-06-30": "3.70960", "2017-03-31": "3.36500", "2016-12-31": "3.34030", "2016-09-30": "3.10610", "2016-06-30": "3.24000", "2016-03-31": "3.20750", "2015-12-31": "3.05310", "2015-09-30": "2.58960", "2015-06-30": "2.69830", "2015-03-31": "2.50130", "2014-12-31": "2.48280", "2014-09-30": "2.61200", "2014-06-30": "3.04850", "2014-03-31": "2.42290", "2013-12-31": "2.25290", "2013-09-30": "1.98240", "2013-06-30": "2.02290", "2013-03-31": "1.92550", "2012-12-31": "2.15880", "2012-09-30": "2.07400", "2012-06-30": "2.04250", "2012-03-31": "2.09850", "2011-12-31": "2.03850", "2011-09-30": "1.97220", "2011-06-30": "1.98200", "2011-03-31": "2.00250", "2010-12-31": "2.12960", "2010-09-30": "1.72710", "2010-06-30": "1.85670", "2010-03-31": "2.02030", "2009-12-31": "2.40260", "2009-09-30": "2.18120", "2009-06-30": "2.24360", "2009-03-31": "1.94140", "2008-12-31": "1.60650", "2008-09-30": "1.93120", "2008-06-30": "1.93600", "2008-03-31": "1.71010", "2007-12-31": "1.71390", "2007-09-30": "1.61750", "2007-06-30": "1.59670", "2007-03-31": "1.78640", "2006-12-31": "1.66650", "2006-09-30": "1.90750", "2006-06-30": "1.94790", "2006-03-31": "1.31330", "2005-12-31": "1.28100", "2005-09-30": "1.60250", "2005-06-30": "1.53770", "2005-03-31": "1.57650"}, "Long-term Debt / Capital": {"2020-09-30": "0.70210", "2020-06-30": "0.69070", "2020-03-31": "0.66380", "2019-12-31": "0.67240", "2019-09-30": "0.65580", "2019-06-30": "0.64600", "2019-03-31": "0.63520", "2018-12-31": "0.61130", "2018-09-30": "0.41390", "2018-06-30": "0.40880", "2018-03-31": "0.40020", "2017-12-31": "0.40020", "2017-09-30": "0.42960", "2017-06-30": "0.43110", "2017-03-31": "0.41110", "2016-12-31": "0.41490", "2016-09-30": "0.42210", "2016-06-30": "0.42830", "2016-03-31": "0.43580", "2015-12-31": "0.44110", "2015-09-30": "0.45970", "2015-06-30": "0.47440", "2015-03-31": "0.49530", "2014-12-31": "0.50850", "2014-09-30": "0.52120", "2014-06-30": "0.50580", "2014-03-31": "0.49750", "2013-12-31": "0.52100", "2013-09-30": "0.53650", "2013-06-30": "0.53820", "2013-03-31": "0.57580", "2012-12-31": "0.58830", "2012-09-30": "0.58800", "2012-06-30": "0.58930", "2012-03-31": "0.59360", "2011-12-31": "0.60400", "2011-09-30": "0.60780", "2011-06-30": "0.60370", "2011-03-31": "0.60410", "2010-12-31": "0.61170", "2010-09-30": "0.61020", "2010-06-30": "0.61030", "2010-03-31": "0.61120", "2009-12-31": "0.50530", "2009-09-30": "0.50120", "2009-06-30": "0.50240", "2009-03-31": "0.46610", "2008-12-31": "0.48130", "2008-09-30": "0.47730", "2008-06-30": "0.47700", "2008-03-31": "0.44810", "2007-12-31": "0.44320", "2007-09-30": "0.45970", "2007-06-30": "0.45970", "2007-03-31": "0.46100", "2006-12-31": "0.46070", "2006-09-30": "0.46690", "2006-06-30": "0.47600", "2006-03-31": "0.38630", "2005-12-31": "0.38210", "2005-09-30": "0.37060", "2005-06-30": "0.36730", "2005-03-31": "0.35900"}, "Debt/Equity Ratio": {"2020-09-30": "2.35720", "2020-06-30": "2.23360", "2020-03-31": "1.97490", "2019-12-31": "2.05220", "2019-09-30": "1.90510", "2019-06-30": "1.82480", "2019-03-31": "1.74120", "2018-12-31": "1.57270", "2018-09-30": "0.70610", "2018-06-30": "0.69140", "2018-03-31": "0.66730", "2017-12-31": "0.66730", "2017-09-30": "0.75320", "2017-06-30": "0.75770", "2017-03-31": "0.69810", "2016-12-31": "0.70900", "2016-09-30": "0.73030", "2016-06-30": "0.74920", "2016-03-31": "0.77230", "2015-12-31": "0.78920", "2015-09-30": "0.85080", "2015-06-30": "0.90250", "2015-03-31": "0.98160", "2014-12-31": "1.03450", "2014-09-30": "1.08860", "2014-06-30": "1.02330", "2014-03-31": "0.99000", "2013-12-31": "1.08760", "2013-09-30": "1.15730", "2013-06-30": "1.16570", "2013-03-31": "1.35760", "2012-12-31": "1.42920", "2012-09-30": "1.42700", "2012-06-30": "1.43500", "2012-03-31": "1.46060", "2011-12-31": "1.52550", "2011-09-30": "1.54960", "2011-06-30": "1.52330", "2011-03-31": "1.52590", "2010-12-31": "1.57540", "2010-09-30": "1.56560", "2010-06-30": "1.56580", "2010-03-31": "1.57210", "2009-12-31": "1.02150", "2009-09-30": "1.00500", "2009-06-30": "1.00960", "2009-03-31": "0.87290", "2008-12-31": "0.92800", "2008-09-30": "0.91320", "2008-06-30": "0.91210", "2008-03-31": "0.81180", "2007-12-31": "0.79590", "2007-09-30": "0.85090", "2007-06-30": "0.85070", "2007-03-31": "0.85540", "2006-12-31": "0.85420", "2006-09-30": "0.87600", "2006-06-30": "0.90840", "2006-03-31": "0.62960", "2005-12-31": "0.61830", "2005-09-30": "0.58880", "2005-06-30": "0.58050", "2005-03-31": "0.56010"}, "Gross Margin": {"2020-09-30": "27.18760", "2020-06-30": "22.11310", "2020-03-31": "21.65150", "2019-12-31": "20.68890", "2019-09-30": "20.21880", "2019-06-30": "21.39950", "2019-03-31": "23.37960", "2018-12-31": "19.65990", "2018-09-30": "23.13400", "2018-06-30": "23.99050", "2018-03-31": "25.00000", "2017-12-31": "19.22010", "2017-09-30": "25.77030", "2017-06-30": "24.64940", "2017-03-31": "24.74640", "2016-12-31": "23.25820", "2016-09-30": "25.58240", "2016-06-30": "24.23830", "2016-03-31": "25.08630", "2015-12-31": "27.85400", "2015-09-30": "28.06380", "2015-06-30": "27.26620", "2015-03-31": "25.54870", "2014-12-31": "23.23940", "2014-09-30": "24.99360", "2014-06-30": "26.05530", "2014-03-31": "26.46350", "2013-12-31": "23.35190", "2013-09-30": "24.67800", "2013-06-30": "23.81580", "2013-03-31": "23.77530", "2012-12-31": "20.93000", "2012-09-30": "19.75090", "2012-06-30": "20.41190", "2012-03-31": "18.52270", "2011-12-31": "18.70260", "2011-09-30": "19.84580", "2011-06-30": "19.68090", "2011-03-31": "21.11320", "2010-12-31": "21.41770", "2010-09-30": "24.14820", "2010-06-30": "22.90550", "2010-03-31": "22.11450", "2009-12-31": "23.08560", "2009-09-30": "19.28600", "2009-06-30": "18.43320", "2009-03-31": "16.98800", "2008-12-31": "20.25350", "2008-09-30": "19.58250", "2008-06-30": "22.73930", "2008-03-31": "20.29150", "2007-12-31": "20.27550", "2007-09-30": "20.18050", "2007-06-30": "18.89980", "2007-03-31": "19.65000", "2006-12-31": "18.73060", "2006-09-30": "18.52860", "2006-06-30": "18.63150", "2006-03-31": "17.38650", "2005-12-31": "19.47140", "2005-09-30": "15.21390", "2005-06-30": "12.36770", "2005-03-31": "9.92430"}, "Operating Margin": {"2020-09-30": "15.86850", "2020-06-30": "-60.34960", "2020-03-31": "11.86610", "2019-12-31": "11.42590", "2019-09-30": "14.78610", "2019-06-30": "14.53800", "2019-03-31": "15.17860", "2018-12-31": "12.21770", "2018-09-30": "12.39090", "2018-06-30": "13.88010", "2018-03-31": "11.64670", "2017-12-31": "9.63790", "2017-09-30": "15.65330", "2017-06-30": "14.86470", "2017-03-31": "13.21100", "2016-12-31": "25.25960", "2016-09-30": "16.51520", "2016-06-30": "16.17010", "2016-03-31": "17.12270", "2015-12-31": "23.14160", "2015-09-30": "23.66100", "2015-06-30": "22.83520", "2015-03-31": "20.47700", "2014-12-31": "16.64260", "2014-09-30": "17.99340", "2014-06-30": "20.33260", "2014-03-31": "26.79220", "2013-12-31": "17.86620", "2013-09-30": "18.51750", "2013-06-30": "17.20290", "2013-03-31": "17.09720", "2012-12-31": "15.68760", "2012-09-30": "15.50760", "2012-06-30": "15.31890", "2012-03-31": "13.69110", "2011-12-31": "17.45990", "2011-09-30": "13.32320", "2011-06-30": "13.46890", "2011-03-31": "13.48160", "2010-12-31": "18.14020", "2010-09-30": "17.01850", "2010-06-30": "14.52770", "2010-03-31": "11.45370", "2009-12-31": "16.64310", "2009-09-30": "11.58950", "2009-06-30": "-33.55680", "2009-03-31": "10.82550", "2008-12-31": "13.57780", "2008-09-30": "14.14340", "2008-06-30": "15.86460", "2008-03-31": "14.03940", "2007-12-31": "14.78290", "2007-09-30": "14.56760", "2007-06-30": "12.44680", "2007-03-31": "13.12010", "2006-12-31": "11.73650", "2006-09-30": "12.43060", "2006-06-30": "12.75470", "2006-03-31": "10.43190", "2005-12-31": "13.32410", "2005-09-30": "8.37050", "2005-06-30": "5.76600", "2005-03-31": "2.76700"}, "EBIT Margin": {"2020-09-30": "15.86850", "2020-06-30": "-60.34960", "2020-03-31": "11.86610", "2019-12-31": "11.42590", "2019-09-30": "14.78610", "2019-06-30": "14.53800", "2019-03-31": "15.17860", "2018-12-31": "12.21770", "2018-09-30": "12.39090", "2018-06-30": "13.88010", "2018-03-31": "11.64670", "2017-12-31": "9.63790", "2017-09-30": "15.65330", "2017-06-30": "14.86470", "2017-03-31": "13.21100", "2016-12-31": "25.25970", "2016-09-30": "16.51520", "2016-06-30": "16.17010", "2016-03-31": "17.12270", "2015-12-31": "23.14160", "2015-09-30": "23.66100", "2015-06-30": "22.83520", "2015-03-31": "20.47700", "2014-12-31": "16.64260", "2014-09-30": "17.99340", "2014-06-30": "20.33260", "2014-03-31": "26.79220", "2013-12-31": "17.86620", "2013-09-30": "18.51750", "2013-06-30": "17.20290", "2013-03-31": "17.09720", "2012-12-31": "15.68760", "2012-09-30": "15.50760", "2012-06-30": "15.31890", "2012-03-31": "13.69110", "2011-12-31": "17.45990", "2011-09-30": "13.32320", "2011-06-30": "13.46890", "2011-03-31": "13.48160", "2010-12-31": "18.14020", "2010-09-30": "17.01850", "2010-06-30": "14.52770", "2010-03-31": "11.45370", "2009-12-31": "16.64310", "2009-09-30": "11.58950", "2009-06-30": "-33.55680", "2009-03-31": "10.82550", "2008-12-31": "13.57780", "2008-09-30": "14.14340", "2008-06-30": "15.86460", "2008-03-31": "14.03940", "2007-12-31": "14.78290", "2007-09-30": "14.56760", "2007-06-30": "12.44680", "2007-03-31": "13.12010", "2006-12-31": "11.73650", "2006-09-30": "12.43060", "2006-06-30": "12.75470", "2006-03-31": "10.43190", "2005-12-31": "13.32410", "2005-09-30": "8.37050", "2005-06-30": "5.76600", "2005-03-31": "2.76700"}, "EBITDA Margin": {"2020-09-30": "", "2020-06-30": "", "2020-03-31": "", "2019-12-31": "", "2019-09-30": "", "2019-06-30": "", "2019-03-31": "", "2018-12-31": "", "2018-09-30": "", "2018-06-30": "", "2018-03-31": "", "2017-12-31": "", "2017-09-30": "", "2017-06-30": "", "2017-03-31": "", "2016-12-31": "", "2016-09-30": "", "2016-06-30": "", "2016-03-31": "", "2015-12-31": "", "2015-09-30": "", "2015-06-30": "", "2015-03-31": "", "2014-12-31": "", "2014-09-30": "", "2014-06-30": "", "2014-03-31": "", "2013-12-31": "", "2013-09-30": "", "2013-06-30": "", "2013-03-31": "", "2012-12-31": "", "2012-09-30": "", "2012-06-30": "", "2012-03-31": "", "2011-12-31": "", "2011-09-30": "", "2011-06-30": "", "2011-03-31": "", "2010-12-31": "", "2010-09-30": "", "2010-06-30": "", "2010-03-31": "", "2009-12-31": "", "2009-09-30": "", "2009-06-30": "", "2009-03-31": "", "2008-12-31": "", "2008-09-30": "", "2008-06-30": "", "2008-03-31": "", "2007-12-31": "", "2007-09-30": "", "2007-06-30": "", "2007-03-31": "", "2006-12-31": "", "2006-09-30": "", "2006-06-30": "", "2006-03-31": "", "2005-12-31": "", "2005-09-30": "", "2005-06-30": "", "2005-03-31": ""}, "Pre-Tax Profit Margin": {"2020-09-30": "4.17940", "2020-06-30": "-70.62060", "2020-03-31": "2.42200", "2019-12-31": "5.00760", "2019-09-30": "8.14900", "2019-06-30": "7.02450", "2019-03-31": "6.63030", "2018-12-31": "6.21770", "2018-09-30": "5.80000", "2018-06-30": "7.85490", "2018-03-31": "3.91970", "2017-12-31": "21.16990", "2017-09-30": "11.05180", "2017-06-30": "10.08280", "2017-03-31": "8.26400", "2016-12-31": "35.77400", "2016-09-30": "12.54840", "2016-06-30": "12.84500", "2016-03-31": "13.42710", "2015-12-31": "20.31670", "2015-09-30": "20.73660", "2015-06-30": "19.88910", "2015-03-31": "17.48330", "2014-12-31": "13.63910", "2014-09-30": "15.03710", "2014-06-30": "17.30290", "2014-03-31": "23.65630", "2013-12-31": "14.31530", "2013-09-30": "14.49160", "2013-06-30": "12.79430", "2013-03-31": "12.15560", "2012-12-31": "10.66250", "2012-09-30": "10.43760", "2012-06-30": "10.55750", "2012-03-31": "8.71460", "2011-12-31": "11.42040", "2011-09-30": "6.66160", "2011-06-30": "7.42620", "2011-03-31": "6.59100", "2010-12-31": "5.15750", "2010-09-30": "8.64810", "2010-06-30": "6.40770", "2010-03-31": "1.07930", "2009-12-31": "7.43150", "2009-09-30": "6.76350", "2009-06-30": "-37.18750", "2009-03-31": "6.95650", "2008-12-31": "8.33900", "2008-09-30": "11.90890", "2008-06-30": "14.40510", "2008-03-31": "11.83670", "2007-12-31": "10.93990", "2007-09-30": "13.23880", "2007-06-30": "11.74100", "2007-03-31": "11.57510", "2006-12-31": "10.44310", "2006-09-30": "11.06040", "2006-06-30": "12.66050", "2006-03-31": "8.85880", "2005-12-31": "11.72580", "2005-09-30": "8.14000", "2005-06-30": "4.69360", "2005-03-31": "1.48400"}, "Net Profit Margin": {"2020-09-30": "5.46360", "2020-06-30": "-40.63240", "2020-03-31": "26.28410", "2019-12-31": "2.53910", "2019-09-30": "6.02260", "2019-06-30": "4.94570", "2019-03-31": "5.05950", "2018-12-31": "3.71430", "2018-09-30": "4.56420", "2018-06-30": "10.11040", "2018-03-31": "7.53940", "2017-12-31": "-150.00000", "2017-09-30": "6.87140", "2017-06-30": "5.64330", "2017-03-31": "5.24340", "2016-12-31": "-17.12690", "2016-09-30": "7.57400", "2016-06-30": "7.98380", "2016-03-31": "8.18250", "2015-12-31": "12.92830", "2015-09-30": "13.24730", "2015-06-30": "12.64310", "2015-03-31": "11.07760", "2014-12-31": "8.31830", "2014-09-30": "9.55980", "2014-06-30": "11.05500", "2014-03-31": "15.50150", "2013-12-31": "8.98090", "2013-09-30": "8.97050", "2013-06-30": "7.87920", "2013-03-31": "8.47890", "2012-12-31": "7.40450", "2012-09-30": "6.96570", "2012-06-30": "6.43900", "2012-03-31": "5.90270", "2011-12-31": "7.22010", "2011-09-30": "3.90600", "2011-06-30": "4.09430", "2011-03-31": "3.81580", "2010-12-31": "4.39530", "2010-09-30": "5.50000", "2010-06-30": "3.38800", "2010-03-31": "0.44050", "2009-12-31": "4.12550", "2009-09-30": "4.16220", "2009-06-30": "-29.24170", "2009-03-31": "4.27220", "2008-12-31": "4.89930", "2008-09-30": "7.76030", "2008-06-30": "8.90530", "2008-03-31": "7.09760", "2007-12-31": "6.73430", "2007-09-30": "8.62750", "2007-06-30": "7.69660", "2007-03-31": "7.13340", "2006-12-31": "6.76650", "2006-09-30": "6.27080", "2006-06-30": "10.10480", "2006-03-31": "5.10560", "2005-12-31": "3.78050", "2005-09-30": "4.65350", "2005-06-30": "2.92480", "2005-03-31": "0.80380"}, "Asset Turnover": {"2020-09-30": "0.05270", "2020-06-30": "0.05880", "2020-03-31": "0.06830", "2019-12-31": "0.09780", "2019-09-30": "0.09410", "2019-06-30": "0.08580", "2019-03-31": "0.07190", "2018-12-31": "0.09200", "2018-09-30": "0.06450", "2018-06-30": "0.06780", "2018-03-31": "0.05630", "2017-12-31": "-0.03760", "2017-09-30": "0.10180", "2017-06-30": "0.09580", "2017-03-31": "0.09590", "2016-12-31": "-0.04330", "2016-09-30": "0.12170", "2016-06-30": "0.13110", "2016-03-31": "0.13330", "2015-12-31": "0.17410", "2015-09-30": "0.17510", "2015-06-30": "0.19420", "2015-03-31": "0.18650", "2014-12-31": "0.19110", "2014-09-30": "0.18290", "2014-06-30": "0.18530", "2014-03-31": "0.19270", "2013-12-31": "0.17170", "2013-09-30": "0.15300", "2013-06-30": "0.15450", "2013-03-31": "0.13870", "2012-12-31": "0.15190", "2012-09-30": "0.14130", "2012-06-30": "0.16060", "2012-03-31": "0.14620", "2011-12-31": "0.13150", "2011-09-30": "0.13150", "2011-06-30": "0.12050", "2011-03-31": "0.10900", "2010-12-31": "0.06830", "2010-09-30": "0.09520", "2010-06-30": "0.09600", "2010-03-31": "0.08040", "2009-12-31": "0.07600", "2009-09-30": "0.12110", "2009-06-30": "0.15810", "2009-03-31": "0.16640", "2008-12-31": "0.17990", "2008-09-30": "0.24420", "2008-06-30": "0.20790", "2008-03-31": "0.21660", "2007-12-31": "0.27290", "2007-09-30": "0.25050", "2007-06-30": "0.23560", "2007-03-31": "0.23630", "2006-12-31": "0.24380", "2006-09-30": "0.24180", "2006-06-30": "0.25530", "2006-03-31": "0.26220", "2005-12-31": "0.25160", "2005-09-30": "0.28230", "2005-06-30": "0.30490", "2005-03-31": "0.28220"}, "Inventory Turnover Ratio": {"2020-09-30": "0.89650", "2020-06-30": "0.94090", "2020-03-31": "1.09050", "2019-12-31": "1.55680", "2019-09-30": "1.02560", "2019-06-30": "0.96340", "2019-03-31": "0.74940", "2018-12-31": "1.12540", "2018-09-30": "0.65980", "2018-06-30": "0.82180", "2018-03-31": "0.66720", "2017-12-31": "-0.72000", "2017-09-30": "1.09200", "2017-06-30": "1.08770", "2017-03-31": "1.04450", "2016-12-31": "-0.45490", "2016-09-30": "0.95140", "2016-06-30": "1.01710", "2016-03-31": "0.95060", "2015-12-31": "1.18340", "2015-09-30": "1.08670", "2015-06-30": "1.23200", "2015-03-31": "1.15860", "2014-12-31": "1.19370", "2014-09-30": "1.05580", "2014-06-30": "1.07410", "2014-03-31": "1.18810", "2013-12-31": "1.18170", "2013-09-30": "1.08670", "2013-06-30": "1.09920", "2013-03-31": "0.98920", "2012-12-31": "1.14070", "2012-09-30": "1.05260", "2012-06-30": "1.21910", "2012-03-31": "1.22520", "2011-12-31": "1.20120", "2011-09-30": "1.16030", "2011-06-30": "1.20100", "2011-03-31": "1.20990", "2010-12-31": "0.93360", "2010-09-30": "1.14610", "2010-06-30": "1.39990", "2010-03-31": "1.24810", "2009-12-31": "1.17580", "2009-09-30": "1.49370", "2009-06-30": "1.58160", "2009-03-31": "1.17810", "2008-12-31": "1.15200", "2008-09-30": "1.36100", "2008-06-30": "1.01780", "2008-03-31": "1.10100", "2007-12-31": "1.49920", "2007-09-30": "1.31010", "2007-06-30": "1.28490", "2007-03-31": "1.21230", "2006-12-31": "1.28300", "2006-09-30": "1.25550", "2006-06-30": "1.33460", "2006-03-31": "1.18300", "2005-12-31": "1.28270", "2005-09-30": "1.34180", "2005-06-30": "1.48290", "2005-03-31": "1.29950"}, "Receiveable Turnover": {"2020-09-30": "0.65170", "2020-06-30": "0.73810", "2020-03-31": "0.89560", "2019-12-31": "3.09570", "2019-09-30": "2.49720", "2019-06-30": "1.97480", "2019-03-31": "1.56640", "2018-12-31": "2.31860", "2018-09-30": "1.37150", "2018-06-30": "1.62270", "2018-03-31": "1.42910", "2017-12-31": "-1.57180", "2017-09-30": "1.67780", "2017-06-30": "1.69540", "2017-03-31": "1.92100", "2016-12-31": "-0.82090", "2016-09-30": "2.60290", "2016-06-30": "2.33160", "2016-03-31": "2.99290", "2015-12-31": "3.32830", "2015-09-30": "3.03640", "2015-06-30": "2.82860", "2015-03-31": "2.98530", "2014-12-31": "3.58140", "2014-09-30": "2.78720", "2014-06-30": "2.88690", "2014-03-31": "3.46580", "2013-12-31": "3.37000", "2013-09-30": "2.21400", "2013-06-30": "2.75910", "2013-03-31": "2.25230", "2012-12-31": "2.59720", "2012-09-30": "2.11690", "2012-06-30": "2.92710", "2012-03-31": "2.43140", "2011-12-31": "2.08530", "2011-09-30": "2.49320", "2011-06-30": "2.09490", "2011-03-31": "2.00950", "2010-12-31": "1.64410", "2010-09-30": "1.97220", "2010-06-30": "2.10500", "2010-03-31": "2.19430", "2009-12-31": "2.06960", "2009-09-30": "2.35590", "2009-06-30": "3.06940", "2009-03-31": "2.66720", "2008-12-31": "2.52510", "2008-09-30": "3.26530", "2008-06-30": "2.83760", "2008-03-31": "3.17070", "2007-12-31": "3.72110", "2007-09-30": "2.94940", "2007-06-30": "2.98030", "2007-03-31": "2.96950", "2006-12-31": "3.30690", "2006-09-30": "2.71480", "2006-06-30": "2.58240", "2006-03-31": "2.63340", "2005-12-31": "2.97530", "2005-09-30": "2.54620", "2005-06-30": "2.43140", "2005-03-31": "2.29560"}, "Days Sales In Receivables": {"2020-09-30": "138.09540", "2020-06-30": "121.93830", "2020-03-31": "100.48930", "2019-12-31": "29.07250", "2019-09-30": "36.03980", "2019-06-30": "45.57470", "2019-03-31": "57.45540", "2018-12-31": "38.81630", "2018-09-30": "65.62040", "2018-06-30": "55.46220", "2018-03-31": "62.97640", "2017-12-31": "-57.25900", "2017-09-30": "53.64320", "2017-06-30": "53.08560", "2017-03-31": "46.85170", "2016-12-31": "-109.63270", "2016-09-30": "34.57680", "2016-06-30": "38.60070", "2016-03-31": "30.07070", "2015-12-31": "27.04070", "2015-09-30": "29.64010", "2015-06-30": "31.81780", "2015-03-31": "30.14750", "2014-12-31": "25.13000", "2014-09-30": "32.29010", "2014-06-30": "31.17550", "2014-03-31": "25.96780", "2013-12-31": "26.70620", "2013-09-30": "40.65120", "2013-06-30": "32.61980", "2013-03-31": "39.95930", "2012-12-31": "34.65300", "2012-09-30": "42.51520", "2012-06-30": "30.74740", "2012-03-31": "37.01630", "2011-12-31": "43.16020", "2011-09-30": "36.09780", "2011-06-30": "42.96060", "2011-03-31": "44.78710", "2010-12-31": "54.74090", "2010-09-30": "45.63330", "2010-06-30": "42.75460", "2010-03-31": "41.01540", "2009-12-31": "43.48690", "2009-09-30": "38.20240", "2009-06-30": "29.32130", "2009-03-31": "33.74290", "2008-12-31": "35.64150", "2008-09-30": "27.56280", "2008-06-30": "31.71660", "2008-03-31": "28.38470", "2007-12-31": "24.18650", "2007-09-30": "30.51470", "2007-06-30": "30.19830", "2007-03-31": "30.30780", "2006-12-31": "27.21560", "2006-09-30": "33.15150", "2006-06-30": "34.85100", "2006-03-31": "34.17690", "2005-12-31": "30.24900", "2005-09-30": "35.34650", "2005-06-30": "37.01530", "2005-03-31": "39.20540"}, "ROE - Return On Equity": {"2020-09-30": "1.23710", "2020-06-30": "-13.32160", "2020-03-31": "6.58940", "2019-12-31": "0.93740", "2019-09-30": "1.95580", "2019-06-30": "1.48640", "2019-03-31": "1.21630", "2018-12-31": "1.09290", "2018-09-30": "0.61430", "2018-06-30": "0.79910", "2018-03-31": "0.31470", "2017-12-31": "8.98720", "2017-09-30": "1.56090", "2017-06-30": "1.25130", "2017-03-31": "1.18880", "2016-12-31": "-2.02500", "2016-09-30": "2.10610", "2016-06-30": "2.36520", "2016-03-31": "2.48660", "2015-12-31": "5.03870", "2015-09-30": "5.49700", "2015-06-30": "5.96550", "2015-03-31": "5.32180", "2014-12-31": "4.30620", "2014-09-30": "4.75040", "2014-06-30": "5.46300", "2014-03-31": "7.84540", "2013-12-31": "4.32510", "2013-09-30": "4.05290", "2013-06-30": "3.60510", "2013-03-31": "3.29500", "2012-12-31": "3.32150", "2012-09-30": "2.98990", "2012-06-30": "3.25900", "2012-03-31": "2.61440", "2011-12-31": "2.97700", "2011-09-30": "1.64760", "2011-06-30": "1.66750", "2011-03-31": "1.36220", "2010-12-31": "0.67730", "2010-09-30": "1.74780", "2010-06-30": "1.15840", "2010-03-31": "0.23550", "2009-12-31": "0.80270", "2009-09-30": "1.30350", "2009-06-30": "-11.85190", "2009-03-31": "1.72950", "2008-12-31": "2.25380", "2008-09-30": "4.71970", "2008-06-30": "4.54520", "2008-03-31": "3.63770", "2007-12-31": "4.31460", "2007-09-30": "5.28230", "2007-06-30": "4.41680", "2007-03-31": "4.03960", "2006-12-31": "4.08980", "2006-09-30": "4.02470", "2006-06-30": "4.82620", "2006-03-31": "3.14670", "2005-12-31": "4.58540", "2005-09-30": "3.01560", "2005-06-30": "1.96270", "2005-03-31": "0.58930"}, "Return On Tangible Equity": {"2020-09-30": "1.37420", "2020-06-30": "-14.74690", "2020-03-31": "7.19890", "2019-12-31": "1.02760", "2019-09-30": "2.13730", "2019-06-30": "1.62010", "2019-03-31": "1.32410", "2018-12-31": "1.18990", "2018-09-30": "0.74000", "2018-06-30": "0.96170", "2018-03-31": "0.37620", "2017-12-31": "9.39090", "2017-09-30": "1.89670", "2017-06-30": "1.51650", "2017-03-31": "1.43830", "2016-12-31": "-2.45430", "2016-09-30": "2.56010", "2016-06-30": "2.88680", "2016-03-31": "3.04660", "2015-12-31": "6.19140", "2015-09-30": "6.83190", "2015-06-30": "7.49210", "2015-03-31": "6.79930", "2014-12-31": "5.57500", "2014-09-30": "6.12700", "2014-06-30": "6.17510", "2014-03-31": "8.92860", "2013-12-31": "4.81200", "2013-09-30": "4.48360", "2013-06-30": "4.01170", "2013-03-31": "3.70880", "2012-12-31": "3.74240", "2012-09-30": "3.35990", "2012-06-30": "3.66900", "2012-03-31": "2.94650", "2011-12-31": "3.35490", "2011-09-30": "1.86760", "2011-06-30": "1.86830", "2011-03-31": "1.52230", "2010-12-31": "0.75840", "2010-09-30": "1.95970", "2010-06-30": "1.31060", "2010-03-31": "0.26500", "2009-12-31": "0.89200", "2009-09-30": "1.45090", "2009-06-30": "-13.20300", "2009-03-31": "2.32570", "2008-12-31": "3.06040", "2008-09-30": "6.39000", "2008-06-30": "6.24400", "2008-03-31": "5.09300", "2007-12-31": "6.09060", "2007-09-30": "7.57730", "2007-06-30": "6.36590", "2007-03-31": "5.91410", "2006-12-31": "6.10770", "2006-09-30": "5.88300", "2006-06-30": "7.15800", "2006-03-31": "4.87650", "2005-12-31": "7.50370", "2005-09-30": "4.88930", "2005-06-30": "3.27270", "2005-03-31": "1.00380"}, "ROA - Return On Assets": {"2020-09-30": "0.29690", "2020-06-30": "-3.32130", "2020-03-31": "1.80500", "2019-12-31": "0.25630", "2019-09-30": "0.55650", "2019-06-30": "0.43840", "2019-03-31": "0.37080", "2018-12-31": "0.35050", "2018-09-30": "0.30300", "2018-06-30": "0.39870", "2018-03-31": "0.16040", "2017-12-31": "4.57500", "2017-09-30": "0.70990", "2017-06-30": "0.57130", "2017-03-31": "0.56540", "2016-12-31": "-0.95670", "2016-09-30": "0.98080", "2016-06-30": "1.09350", "2016-03-31": "1.14590", "2015-12-31": "2.29580", "2015-09-30": "2.40990", "2015-06-30": "2.55790", "2015-03-31": "2.16680", "2014-12-31": "1.68250", "2014-09-30": "1.83620", "2014-06-30": "2.15990", "2014-03-31": "3.07380", "2013-12-31": "1.62580", "2013-09-30": "1.45760", "2013-06-30": "1.29260", "2013-03-31": "1.07380", "2012-12-31": "1.06450", "2012-09-30": "0.97210", "2012-06-30": "1.06660", "2012-03-31": "0.85480", "2011-12-31": "0.94760", "2011-09-30": "0.52530", "2011-06-30": "0.53770", "2011-03-31": "0.43980", "2010-12-31": "0.21700", "2010-09-30": "0.55510", "2010-06-30": "0.37310", "2010-03-31": "0.07620", "2009-12-31": "0.31140", "2009-09-30": "0.50420", "2009-06-30": "-4.62250", "2009-03-31": "0.71280", "2008-12-31": "0.87750", "2008-09-30": "1.92490", "2008-06-30": "1.85170", "2008-03-31": "1.54420", "2007-12-31": "1.84260", "2007-09-30": "2.16650", "2007-06-30": "1.82100", "2007-03-31": "1.68550", "2006-12-31": "1.67560", "2006-09-30": "1.65050", "2006-06-30": "1.93340", "2006-03-31": "1.39310", "2005-12-31": "1.97560", "2005-09-30": "1.33830", "2005-06-30": "0.87040", "2005-03-31": "0.26170"}, "ROI - Return On Investment": {"2020-09-30": "0.36850", "2020-06-30": "-4.11980", "2020-03-31": "2.21500", "2019-12-31": "0.30710", "2019-09-30": "0.67320", "2019-06-30": "0.52620", "2019-03-31": "0.44370", "2018-12-31": "0.42480", "2018-09-30": "0.36010", "2018-06-30": "0.47240", "2018-03-31": "0.18870", "2017-12-31": "5.39020", "2017-09-30": "0.89030", "2017-06-30": "0.71190", "2017-03-31": "0.70010", "2016-12-31": "-1.18490", "2016-09-30": "1.21710", "2016-06-30": "1.35210", "2016-03-31": "1.40310", "2015-12-31": "2.81610", "2015-09-30": "2.97000", "2015-06-30": "3.13570", "2015-03-31": "2.68570", "2014-12-31": "2.11660", "2014-09-30": "2.27440", "2014-06-30": "2.70000", "2014-03-31": "3.94240", "2013-12-31": "2.07180", "2013-09-30": "1.87870", "2013-06-30": "1.66460", "2013-03-31": "1.39760", "2012-12-31": "1.36730", "2012-09-30": "1.23200", "2012-06-30": "1.33840", "2012-03-31": "1.06250", "2011-12-31": "1.17870", "2011-09-30": "0.64620", "2011-06-30": "0.66090", "2011-03-31": "0.53930", "2010-12-31": "0.26300", "2010-09-30": "0.68120", "2010-06-30": "0.45150", "2010-03-31": "0.09160", "2009-12-31": "0.39710", "2009-09-30": "0.65010", "2009-06-30": "-5.89760", "2009-03-31": "0.92340", "2008-12-31": "1.16900", "2008-09-30": "2.46690", "2008-06-30": "2.37710", "2008-03-31": "2.00780", "2007-12-31": "2.40250", "2007-09-30": "2.85390", "2007-06-30": "2.38660", "2007-03-31": "2.17730", "2006-12-31": "2.20570", "2006-09-30": "2.14540", "2006-06-30": "2.52900", "2006-03-31": "1.93100", "2005-12-31": "2.83350", "2005-09-30": "1.89800", "2005-06-30": "1.24180", "2005-03-31": "0.37780"}, "Book Value Per Share": {"2020-09-30": "17.65260", "2020-06-30": "18.21590", "2020-03-31": "20.95240", "2019-12-31": "19.89050", "2019-09-30": "20.05950", "2019-06-30": "19.79340", "2019-03-31": "19.75620", "2018-12-31": "19.21980", "2018-09-30": "31.73320", "2018-06-30": "31.62470", "2018-03-31": "32.37670", "2017-12-31": "32.19350", "2017-09-30": "28.75150", "2017-06-30": "28.54170", "2017-03-31": "28.59240", "2016-12-31": "28.32520", "2016-09-30": "27.91600", "2016-06-30": "27.41010", "2016-03-31": "26.85420", "2015-12-31": "26.49670", "2015-09-30": "25.26370", "2015-06-30": "23.97220", "2015-03-31": "22.92710", "2014-12-31": "21.82020", "2014-09-30": "21.24050", "2014-06-30": "20.31150", "2014-03-31": "19.18540", "2013-12-31": "35.51810", "2013-09-30": "16.71260", "2013-06-30": "15.73980", "2013-03-31": "13.83330", "2012-12-31": "13.51200", "2012-09-30": "13.22560", "2012-06-30": "12.83670", "2012-03-31": "12.48010", "2011-12-31": "12.14650", "2011-09-30": "11.95700", "2011-06-30": "11.82900", "2011-03-31": "11.76030", "2010-12-31": "11.56450", "2010-09-30": "11.30680", "2010-06-30": "11.41230", "2010-03-31": "11.52780", "2009-12-31": "11.40340", "2009-09-30": "11.22190", "2009-06-30": "11.14000", "2009-03-31": "12.50570", "2008-12-31": "12.04220", "2008-09-30": "11.82880", "2008-06-30": "11.33720", "2008-03-31": "10.89060", "2007-12-31": "10.60630", "2007-09-30": "10.14010", "2007-06-30": "9.63130", "2007-03-31": "9.10960", "2006-12-31": "8.77190", "2006-09-30": "8.61230", "2006-06-30": "8.36210", "2006-03-31": "7.75350", "2005-12-31": "11.27940", "2005-09-30": "7.42180", "2005-06-30": "7.22340", "2005-03-31": "7.09970"}, "Operating Cash Flow Per Share": {"2020-09-30": 1.1098, "2020-06-30": 1.3449, "2020-03-31": "1.44790", "2019-12-31": 1.7903, "2019-09-30": 1.2792, "2019-06-30": 0.9747, "2019-03-31": "-0.95230", "2018-12-31": 0.3954, "2018-09-30": -0.1753, "2018-06-30": 1.2393, "2018-03-31": "1.13010", "2017-12-31": 1.7838, "2017-09-30": 1.0009, "2017-06-30": 0.7643, "2017-03-31": "1.46150", "2016-12-31": 2.0097, "2016-09-30": 2.0359, "2016-06-30": 1.3617, "2016-03-31": "1.92920", "2015-12-31": 1.9972, "2015-09-30": 2.3481, "2015-06-30": 1.1198, "2015-03-31": "0.70900", "2014-12-31": 3.1438, "2014-09-30": 1.084, "2014-06-30": -0.3331, "2014-03-31": "1.33310", "2013-12-31": 1.8706, "2013-09-30": 0.6848, "2013-06-30": 1.1145, "2013-03-31": "0.66100", "2012-12-31": 1.757, "2012-09-30": 0.3693, "2012-06-30": 0.8196, "2012-03-31": "0.45450", "2011-12-31": 0.3526, "2011-09-30": 0.3035, "2011-06-30": 0.0928, "2011-03-31": "-0.03620", "2010-12-31": 0.801, "2010-09-30": 0.2684, "2010-06-30": 0.1454, "2010-03-31": "-0.10770", "2009-12-31": 1.1694, "2009-09-30": 1.1826, "2009-06-30": 1.9401, "2009-03-31": "0.33680", "2008-12-31": 1.6409, "2008-09-30": 0.9876, "2008-06-30": -0.0851, "2008-03-31": "0.24590", "2007-12-31": 1.0019, "2007-09-30": 0.2639, "2007-06-30": 0.6558, "2007-03-31": "0.24780", "2006-12-31": 0.4251, "2006-09-30": 0.6701, "2006-06-30": -0.3213, "2006-03-31": "0.05080", "2005-12-31": 0.6886, "2005-09-30": 0.4683, "2005-06-30": 0.3328, "2005-03-31": "-0.41280"}, "Free Cash Flow Per Share": {"2020-09-30": -1.8433, "2020-06-30": 1.1396, "2020-03-31": "0.33530", "2019-12-31": -0.5006, "2019-09-30": -1.1219, "2019-06-30": -0.2028, "2019-03-31": "-4.50150", "2018-12-31": -1.4265, "2018-09-30": -1.4839, "2018-06-30": -0.1345, "2018-03-31": "-0.98110", "2017-12-31": 0.426, "2017-09-30": 0.3096, "2017-06-30": -0.0629, "2017-03-31": "0.24240", "2016-12-31": 0.7268, "2016-09-30": 0.5353, "2016-06-30": 0.1809, "2016-03-31": "0.25690", "2015-12-31": 0.4619, "2015-09-30": 0.513, "2015-06-30": -0.049, "2015-03-31": "-1.46400", "2014-12-31": 2.3214, "2014-09-30": -0.0477, "2014-06-30": -0.9926, "2014-03-31": "1.12860", "2013-12-31": 0.6963, "2013-09-30": -0.5238, "2013-06-30": -0.0126, "2013-03-31": "-0.58570", "2012-12-31": 0.8949, "2012-09-30": -0.4434, "2012-06-30": 0.2261, "2012-03-31": "-0.19400", "2011-12-31": 0.062, "2011-09-30": -0.2567, "2011-06-30": -0.4494, "2011-03-31": "-0.59560", "2010-12-31": 0.2905, "2010-09-30": -0.074, "2010-06-30": -0.3289, "2010-03-31": "-0.37660", "2009-12-31": 0.977, "2009-09-30": 0.6604, "2009-06-30": 1.0341, "2009-03-31": "-0.49870", "2008-12-31": -0.8683, "2008-09-30": -1.3673, "2008-06-30": -1.6091, "2008-03-31": "-1.12170", "2007-12-31": -0.1075, "2007-09-30": -1.2083, "2007-06-30": -0.8797, "2007-03-31": "-0.94430", "2006-12-31": -0.6821, "2006-09-30": -0.6785, "2006-06-30": -0.9724, "2006-03-31": "-0.88450", "2005-12-31": -0.4696, "2005-09-30": -0.0885, "2005-06-30": -0.3198, "2005-03-31": "-0.81380"}}, "revenue": {"Trinity Industries Annual Revenue (Millions of US $)": {"2019": "$3,005", "2018": "$2,509", "2017": "$2,397", "2016": "$3,090", "2015": "$6,393", "2014": "$6,170", "2013": "$4,365", "2012": "$3,812", "2011": "$2,938", "2010": "$1,931", "2009": "$2,421", "2008": "$3,883", "2007": "$3,833", "2006": "$3,219", "2005": "$2,710"}, "Trinity Industries Quarterly Revenue (Millions of US $)": {"2020-09-30": "$459", "2020-06-30": "$509", "2020-03-31": "$615", "2019-12-31": "$851", "2019-09-30": "$814", "2019-06-30": "$736", "2019-03-31": "$605", "2018-12-31": "$735", "2018-09-30": "$607", "2018-06-30": "$634", "2018-03-31": "$533", "2017-12-31": "$-359", "2017-09-30": "$974", "2017-06-30": "$906", "2017-03-31": "$877", "2016-12-31": "$-395", "2016-09-30": "$1,112", "2016-06-30": "$1,185", "2016-03-31": "$1,188", "2015-12-31": "$1,547", "2015-09-30": "$1,542", "2015-06-30": "$1,677", "2015-03-31": "$1,627", "2014-12-31": "$1,661", "2014-09-30": "$1,563", "2014-06-30": "$1,485", "2014-03-31": "$1,461", "2013-12-31": "$1,256", "2013-09-30": "$1,110", "2013-06-30": "$1,066", "2013-03-31": "$933", "2012-12-31": "$1,013", "2012-09-30": "$907", "2012-06-30": "$996", "2012-03-31": "$896", "2011-12-31": "$805", "2011-09-30": "$791", "2011-06-30": "$708", "2011-03-31": "$634", "2010-12-31": "$394", "2010-09-30": "$540", "2010-06-30": "$543", "2010-03-31": "$454", "2009-12-31": "$354", "2009-09-30": "$557", "2009-06-30": "$716", "2009-03-31": "$794", "2008-12-31": "$884", "2008-09-30": "$1,155", "2008-06-30": "$946", "2008-03-31": "$899", "2007-12-31": "$1,103", "2007-09-30": "$1,008", "2007-06-30": "$893", "2007-03-31": "$829", "2006-12-31": "$835", "2006-09-30": "$810", "2006-06-30": "$849", "2006-03-31": "$725", "2005-12-31": "$651", "2005-09-30": "$694", "2005-06-30": "$718", "2005-03-31": "$647"}}, "gross-profit": {"Trinity Industries Annual Gross Profit (Millions of US $)": {"2019": "$639", "2018": "$570", "2017": "$622", "2016": "$778", "2015": "$1,737", "2014": "$1,550", "2013": "$1,043", "2012": "$760", "2011": "$581", "2010": "$440", "2009": "$456", "2008": "$803", "2007": "$759", "2006": "$591", "2005": "$385"}, "Trinity Industries Quarterly Gross Profit (Millions of US $)": {"2020-09-30": "$125", "2020-06-30": "$113", "2020-03-31": "$133", "2019-12-31": "$176", "2019-09-30": "$165", "2019-06-30": "$158", "2019-03-31": "$141", "2018-12-31": "$145", "2018-09-30": "$140", "2018-06-30": "$152", "2018-03-31": "$133", "2017-12-31": "$-69", "2017-09-30": "$251", "2017-06-30": "$223", "2017-03-31": "$217", "2016-12-31": "$-92", "2016-09-30": "$284", "2016-06-30": "$287", "2016-03-31": "$298", "2015-12-31": "$431", "2015-09-30": "$433", "2015-06-30": "$457", "2015-03-31": "$416", "2014-12-31": "$386", "2014-09-30": "$391", "2014-06-30": "$387", "2014-03-31": "$387", "2013-12-31": "$293", "2013-09-30": "$274", "2013-06-30": "$254", "2013-03-31": "$222", "2012-12-31": "$212", "2012-09-30": "$179", "2012-06-30": "$203", "2012-03-31": "$166", "2011-12-31": "$151", "2011-09-30": "$157", "2011-06-30": "$139", "2011-03-31": "$134", "2010-12-31": "$84", "2010-09-30": "$130", "2010-06-30": "$124", "2010-03-31": "$100", "2009-12-31": "$82", "2009-09-30": "$108", "2009-06-30": "$132", "2009-03-31": "$135", "2008-12-31": "$179", "2008-09-30": "$226", "2008-06-30": "$215", "2008-03-31": "$182", "2007-12-31": "$224", "2007-09-30": "$204", "2007-06-30": "$169", "2007-03-31": "$163", "2006-12-31": "$156", "2006-09-30": "$150", "2006-06-30": "$158", "2006-03-31": "$126", "2005-12-31": "$127", "2005-09-30": "$106", "2005-06-30": "$89", "2005-03-31": "$64"}}, "operating-income": {"Trinity Industries Annual Operating Income (Millions of US $)": {"2019": "$416", "2018": "$315", "2017": "$368", "2016": "$479", "2015": "$1,439", "2014": "$1,251", "2013": "$773", "2012": "$575", "2011": "$427", "2010": "$294", "2009": "$-31", "2008": "$560", "2007": "$530", "2006": "$383", "2005": "$204"}, "Trinity Industries Quarterly Operating Income (Millions of US $)": {"2020-09-30": "$73", "2020-06-30": "$-307", "2020-03-31": "$73", "2019-12-31": "$97", "2019-09-30": "$120", "2019-06-30": "$107", "2019-03-31": "$92", "2018-12-31": "$90", "2018-09-30": "$75", "2018-06-30": "$88", "2018-03-31": "$62", "2017-12-31": "$-35", "2017-09-30": "$152", "2017-06-30": "$135", "2017-03-31": "$116", "2016-12-31": "$-100", "2016-09-30": "$184", "2016-06-30": "$192", "2016-03-31": "$203", "2015-12-31": "$358", "2015-09-30": "$365", "2015-06-30": "$383", "2015-03-31": "$333", "2014-12-31": "$277", "2014-09-30": "$281", "2014-06-30": "$302", "2014-03-31": "$391", "2013-12-31": "$224", "2013-09-30": "$206", "2013-06-30": "$183", "2013-03-31": "$160", "2012-12-31": "$159", "2012-09-30": "$141", "2012-06-30": "$153", "2012-03-31": "$123", "2011-12-31": "$141", "2011-09-30": "$105", "2011-06-30": "$95", "2011-03-31": "$86", "2010-12-31": "$71", "2010-09-30": "$92", "2010-06-30": "$79", "2010-03-31": "$52", "2009-12-31": "$59", "2009-09-30": "$65", "2009-06-30": "$-240", "2009-03-31": "$86", "2008-12-31": "$120", "2008-09-30": "$163", "2008-06-30": "$150", "2008-03-31": "$126", "2007-12-31": "$163", "2007-09-30": "$147", "2007-06-30": "$111", "2007-03-31": "$109", "2006-12-31": "$98", "2006-09-30": "$101", "2006-06-30": "$108", "2006-03-31": "$76", "2005-12-31": "$87", "2005-09-30": "$58", "2005-06-30": "$41", "2005-03-31": "$18"}}, "ebitda": {"Trinity Industries Annual EBITDA (Millions of US $)": {"2019": "$700", "2018": "$567", "2017": "$598", "2016": "$696", "2015": "$1,705", "2014": "$1,496", "2013": "$984", "2012": "$769", "2011": "$615", "2010": "$475", "2009": "$455", "2008": "$700", "2007": "$649", "2006": "$470", "2005": "$280"}, "Trinity Industries Quarterly EBITDA (Millions of US $)": {"2020-09-30": "$138", "2020-06-30": "$-240", "2020-03-31": "$140", "2019-12-31": "$170", "2019-09-30": "$193", "2019-06-30": "$178", "2019-03-31": "$159", "2018-12-31": "$157", "2018-09-30": "$140", "2018-06-30": "$150", "2018-03-31": "$120", "2017-12-31": "$-26", "2017-09-30": "$227", "2017-06-30": "$208", "2017-03-31": "$189", "2016-12-31": "$-93", "2016-09-30": "$254", "2016-06-30": "$262", "2016-03-31": "$273", "2015-12-31": "$427", "2015-09-30": "$432", "2015-06-30": "$449", "2015-03-31": "$397", "2014-12-31": "$350", "2014-09-30": "$342", "2014-06-30": "$358", "2014-03-31": "$447", "2013-12-31": "$280", "2013-09-30": "$259", "2013-06-30": "$236", "2013-03-31": "$210", "2012-12-31": "$208", "2012-09-30": "$189", "2012-06-30": "$201", "2012-03-31": "$170", "2011-12-31": "$184", "2011-09-30": "$154", "2011-06-30": "$143", "2011-03-31": "$133", "2010-12-31": "$109", "2010-09-30": "$139", "2010-06-30": "$127", "2010-03-31": "$100", "2009-12-31": "$99", "2009-09-30": "$105", "2009-06-30": "$125", "2009-03-31": "$126", "2008-12-31": "$157", "2008-09-30": "$201", "2008-06-30": "$184", "2008-03-31": "$158", "2007-12-31": "$196", "2007-09-30": "$177", "2007-06-30": "$141", "2007-03-31": "$135", "2006-12-31": "$122", "2006-09-30": "$124", "2006-06-30": "$129", "2006-03-31": "$95", "2005-12-31": "$106", "2005-09-30": "$73", "2005-06-30": "$64", "2005-03-31": "$38"}}, "net-income": {"Trinity Industries Annual Net Income (Millions of US $)": {"2019": "$138", "2018": "$159", "2017": "$703", "2016": "$344", "2015": "$797", "2014": "$678", "2013": "$376", "2012": "$255", "2011": "$142", "2010": "$67", "2009": "$-138", "2008": "$281", "2007": "$289", "2006": "$230", "2005": "$83"}, "Trinity Industries Quarterly Net Income (Millions of US $)": {"2020-09-30": "$25", "2020-06-30": "$-207", "2020-03-31": "$162", "2019-12-31": "$22", "2019-09-30": "$49", "2019-06-30": "$36", "2019-03-31": "$31", "2018-12-31": "$27", "2018-09-30": "$28", "2018-06-30": "$64", "2018-03-31": "$40", "2017-12-31": "$539", "2017-09-30": "$67", "2017-06-30": "$51", "2017-03-31": "$46", "2016-12-31": "$68", "2016-09-30": "$84", "2016-06-30": "$95", "2016-03-31": "$97", "2015-12-31": "$200", "2015-09-30": "$204", "2015-06-30": "$212", "2015-03-31": "$180", "2014-12-31": "$138", "2014-09-30": "$149", "2014-06-30": "$164", "2014-03-31": "$226", "2013-12-31": "$113", "2013-09-30": "$100", "2013-06-30": "$84", "2013-03-31": "$79", "2012-12-31": "$75", "2012-09-30": "$63", "2012-06-30": "$64", "2012-03-31": "$53", "2011-12-31": "$58", "2011-09-30": "$31", "2011-06-30": "$29", "2011-03-31": "$24", "2010-12-31": "$17", "2010-09-30": "$30", "2010-06-30": "$18", "2010-03-31": "$2", "2009-12-31": "$15", "2009-09-30": "$23", "2009-06-30": "$-209", "2009-03-31": "$34", "2008-12-31": "$43", "2008-09-30": "$90", "2008-06-30": "$84", "2008-03-31": "$64", "2007-12-31": "$74", "2007-09-30": "$87", "2007-06-30": "$69", "2007-03-31": "$59", "2006-12-31": "$57", "2006-09-30": "$51", "2006-06-30": "$86", "2006-03-31": "$37", "2005-12-31": "$25", "2005-09-30": "$32", "2005-06-30": "$21", "2005-03-31": "$5"}}, "eps-earnings-per-share-diluted": {"Trinity Industries Annual EPS": {"2019": "$1.07", "2018": "$1.07", "2017": "$4.52", "2016": "$2.25", "2015": "$5.08", "2014": "$4.19", "2013": "$2.38", "2012": "$1.59", "2011": "$0.89", "2010": "$0.43", "2009": "$-0.91", "2008": "$1.73", "2007": "$1.77", "2006": "$1.45", "2005": "$0.57"}, "Trinity Industries Quarterly EPS": {"2020-09-30": "$0.21", "2020-06-30": "$-1.76", "2020-03-31": "$1.33", "2019-12-31": "$0.17", "2019-09-30": "$0.39", "2019-06-30": "$0.28", "2019-03-31": "$0.23", "2018-12-31": "$0.19", "2018-09-30": "$0.19", "2018-06-30": "$0.43", "2018-03-31": "$0.26", "2017-12-31": "$3.46", "2017-09-30": "$0.43", "2017-06-30": "$0.33", "2017-03-31": "$0.30", "2016-12-31": "$0.44", "2016-09-30": "$0.55", "2016-06-30": "$0.62", "2016-03-31": "$0.64", "2015-12-31": "$1.31", "2015-09-30": "$1.31", "2015-06-30": "$1.33", "2015-03-31": "$1.13", "2014-12-31": "$0.85", "2014-09-30": "$0.91", "2014-06-30": "$1.01", "2014-03-31": "$1.42", "2013-12-31": "$0.74", "2013-09-30": "$0.63", "2013-06-30": "$0.52", "2013-03-31": "$0.50", "2012-12-31": "$0.44", "2012-09-30": "$0.40", "2012-06-30": "$0.42", "2012-03-31": "$0.33", "2011-12-31": "$0.35", "2011-09-30": "$0.20", "2011-06-30": "$0.19", "2011-03-31": "$0.15", "2010-12-31": "$0.12", "2010-09-30": "$0.19", "2010-06-30": "$0.12", "2010-03-31": "$0.01", "2009-12-31": "$0.11", "2009-09-30": "$0.15", "2009-06-30": "$-1.38", "2009-03-31": "$0.22", "2008-12-31": "$0.28", "2008-09-30": "$0.55", "2008-06-30": "$0.52", "2008-03-31": "$0.39", "2007-12-31": "$0.44", "2007-09-30": "$0.54", "2007-06-30": "$0.43", "2007-03-31": "$0.37", "2006-12-31": "$0.36", "2006-09-30": "$0.32", "2006-06-30": "$0.54", "2006-03-31": "$0.24", "2005-12-31": "$0.17", "2005-09-30": "$0.22", "2005-06-30": "$0.15", "2005-03-31": "$0.04"}}, "shares-outstanding": {"Trinity Industries Annual Shares Outstanding (Millions of Shares)": {"2019": "127", "2018": "146", "2017": "152", "2016": "149", "2015": "152", "2014": "157", "2013": "153", "2012": "155", "2011": "156", "2010": "154", "2009": "153", "2008": "158", "2007": "159", "2006": "159", "2005": "153"}, "Trinity Industries Quarterly Shares Outstanding (Millions of Shares)": {"2020-09-30": "117", "2020-06-30": "117", "2020-03-31": "120", "2019-12-31": "127", "2019-09-30": "126", "2019-06-30": "129", "2019-03-31": "132", "2018-12-31": "146", "2018-09-30": "146", "2018-06-30": "147", "2018-03-31": "154", "2017-12-31": "152", "2017-09-30": "151", "2017-06-30": "151", "2017-03-31": "151", "2016-12-31": "149", "2016-09-30": "149", "2016-06-30": "148", "2016-03-31": "148", "2015-12-31": "152", "2015-09-30": "151", "2015-06-30": "154", "2015-03-31": "154", "2014-12-31": "157", "2014-09-30": "160", "2014-06-30": "157", "2014-03-31": "154", "2013-12-31": "153", "2013-09-30": "152", "2013-06-30": "154", "2013-03-31": "154", "2012-12-31": "155", "2012-09-30": "153", "2012-06-30": "156", "2012-03-31": "156", "2011-12-31": "156", "2011-09-30": "156", "2011-06-30": "155", "2011-03-31": "155", "2010-12-31": "154", "2010-09-30": "154", "2010-06-30": "154", "2010-03-31": "153", "2009-12-31": "153", "2009-09-30": "153", "2009-06-30": "152", "2009-03-31": "153", "2008-12-31": "158", "2008-09-30": "159", "2008-06-30": "159", "2008-03-31": "159", "2007-12-31": "159", "2007-09-30": "161", "2007-06-30": "161", "2007-03-31": "160", "2006-12-31": "159", "2006-09-30": "158", "2006-06-30": "159", "2006-03-31": "158", "2005-12-31": "153", "2005-09-30": "154", "2005-06-30": "151", "2005-03-31": "143"}}, "total-assets": {"Trinity Industries Annual Total Assets (Millions of US $)": {"2019": "$8,701", "2018": "$7,989", "2017": "$9,543", "2016": "$9,125", "2015": "$8,886", "2014": "$8,695", "2013": "$7,313", "2012": "$6,670", "2011": "$6,121", "2010": "$5,760", "2009": "$4,656", "2008": "$4,912", "2007": "$4,043", "2006": "$3,426", "2005": "$2,587"}, "Trinity Industries Quarterly Total Assets (Millions of US $)": {"2020-09-30": "$8,723", "2020-06-30": "$8,665", "2020-03-31": "$9,003", "2019-12-31": "$8,701", "2019-09-30": "$8,643", "2019-06-30": "$8,576", "2019-03-31": "$8,414", "2018-12-31": "$7,989", "2018-09-30": "$9,405", "2018-06-30": "$9,355", "2018-03-31": "$9,477", "2017-12-31": "$9,543", "2017-09-30": "$9,565", "2017-06-30": "$9,452", "2017-03-31": "$9,143", "2016-12-31": "$9,125", "2016-09-30": "$9,136", "2016-06-30": "$9,035", "2016-03-31": "$8,910", "2015-12-31": "$8,886", "2015-09-30": "$8,805", "2015-06-30": "$8,632", "2015-03-31": "$8,722", "2014-12-31": "$8,695", "2014-09-30": "$8,545", "2014-06-30": "$8,014", "2014-03-31": "$7,580", "2013-12-31": "$7,313", "2013-09-30": "$7,258", "2013-06-30": "$6,901", "2013-03-31": "$6,724", "2012-12-31": "$6,670", "2012-09-30": "$6,419", "2012-06-30": "$6,198", "2012-03-31": "$6,130", "2011-12-31": "$6,121", "2011-09-30": "$6,015", "2011-06-30": "$5,877", "2011-03-31": "$5,821", "2010-12-31": "$5,760", "2010-09-30": "$5,674", "2010-06-30": "$5,655", "2010-03-31": "$5,644", "2009-12-31": "$4,656", "2009-09-30": "$4,602", "2009-06-30": "$4,530", "2009-03-31": "$4,770", "2008-12-31": "$4,912", "2008-09-30": "$4,728", "2008-06-30": "$4,547", "2008-03-31": "$4,151", "2007-12-31": "$4,043", "2007-09-30": "$4,025", "2007-06-30": "$3,789", "2007-03-31": "$3,506", "2006-12-31": "$3,426", "2006-09-30": "$3,351", "2006-06-30": "$3,326", "2006-03-31": "$2,764", "2005-12-31": "$2,587", "2005-09-30": "$2,458", "2005-06-30": "$2,355", "2005-03-31": "$2,293"}}, "cash-on-hand": {"Trinity Industries Annual Cash on Hand (Millions of US $)": {"2019": "$166", "2018": "$179", "2017": "$1,098", "2016": "$798", "2015": "$871", "2014": "$963", "2013": "$578", "2012": "$573", "2011": "$351", "2010": "$512", "2009": "$682", "2008": "$162", "2007": "$290", "2006": "$312", "2005": "$136"}, "Trinity Industries Quarterly Cash on Hand (Millions of US $)": {"2020-09-30": "$121", "2020-06-30": "$157", "2020-03-31": "$213", "2019-12-31": "$166", "2019-09-30": "$98", "2019-06-30": "$103", "2019-03-31": "$74", "2018-12-31": "$179", "2018-09-30": "$427", "2018-06-30": "$638", "2018-03-31": "$846", "2017-12-31": "$1,098", "2017-09-30": "$1,025", "2017-06-30": "$988", "2017-03-31": "$779", "2016-12-31": "$798", "2016-09-30": "$843", "2016-06-30": "$814", "2016-03-31": "$836", "2015-12-31": "$871", "2015-09-30": "$678", "2015-06-30": "$584", "2015-03-31": "$691", "2014-12-31": "$963", "2014-09-30": "$664", "2014-06-30": "$934", "2014-03-31": "$789", "2013-12-31": "$578", "2013-09-30": "$499", "2013-06-30": "$448", "2013-03-31": "$420", "2012-12-31": "$573", "2012-09-30": "$312", "2012-06-30": "$294", "2012-03-31": "$305", "2011-12-31": "$351", "2011-09-30": "$273", "2011-06-30": "$299", "2011-03-31": "$377", "2010-12-31": "$512", "2010-09-30": "$371", "2010-06-30": "$435", "2010-03-31": "$523", "2009-12-31": "$682", "2009-09-30": "$545", "2009-06-30": "$441", "2009-03-31": "$170", "2008-12-31": "$162", "2008-09-30": "$183", "2008-06-30": "$210", "2008-03-31": "$200", "2007-12-31": "$290", "2007-09-30": "$222", "2007-06-30": "$228", "2007-03-31": "$224", "2006-12-31": "$312", "2006-09-30": "$368", "2006-06-30": "$448", "2006-03-31": "$94", "2005-12-31": "$136", "2005-09-30": "$127", "2005-06-30": "$93", "2005-03-31": "$114"}}, "long-term-debt": {"Trinity Industries Annual Long Term Debt (Millions of US $)": {"2019": "$4,882", "2018": "$4,029", "2017": "$3,242", "2016": "$3,057", "2015": "$3,195", "2014": "$3,515", "2013": "$2,990", "2012": "$3,055", "2011": "$2,972", "2010": "$2,908", "2009": "$1,845", "2008": "$1,775", "2007": "$1,374", "2006": "$1,199", "2005": "$689"}, "Trinity Industries Quarterly Long Term Debt (Millions of US $)": {"2020-09-30": "$4,935", "2020-06-30": "$4,825", "2020-03-31": "$4,870", "2019-12-31": "$4,882", "2019-09-30": "$4,685", "2019-06-30": "$4,616", "2019-03-31": "$4,466", "2018-12-31": "$4,029", "2018-09-30": "$3,276", "2018-06-30": "$3,227", "2018-03-31": "$3,223", "2017-12-31": "$3,242", "2017-09-30": "$3,276", "2017-06-30": "$3,270", "2017-03-31": "$3,036", "2016-12-31": "$3,057", "2016-09-30": "$3,107", "2016-06-30": "$3,130", "2016-03-31": "$3,171", "2015-12-31": "$3,195", "2015-09-30": "$3,285", "2015-06-30": "$3,340", "2015-03-31": "$3,486", "2014-12-31": "$3,515", "2014-09-30": "$3,596", "2014-06-30": "$3,243", "2014-03-31": "$2,940", "2013-12-31": "$2,990", "2013-09-30": "$3,021", "2013-06-30": "$2,884", "2013-03-31": "$2,975", "2012-12-31": "$3,055", "2012-09-30": "$2,978", "2012-06-30": "$2,911", "2012-03-31": "$2,928", "2011-12-31": "$2,972", "2011-09-30": "$2,972", "2011-06-30": "$2,887", "2011-03-31": "$2,868", "2010-12-31": "$2,908", "2010-09-30": "$2,822", "2010-06-30": "$2,852", "2010-03-31": "$2,871", "2009-12-31": "$1,845", "2009-09-30": "$1,789", "2009-06-30": "$1,784", "2009-03-31": "$1,716", "2008-12-31": "$1,775", "2008-09-30": "$1,761", "2008-06-30": "$1,690", "2008-03-31": "$1,430", "2007-12-31": "$1,374", "2007-09-30": "$1,405", "2007-06-30": "$1,329", "2007-03-31": "$1,251", "2006-12-31": "$1,199", "2006-09-30": "$1,204", "2006-06-30": "$1,210", "2006-03-31": "$770", "2005-12-31": "$689", "2005-09-30": "$642", "2005-06-30": "$606", "2005-03-31": "$570"}}, "total-liabilities": {"Trinity Industries Annual Total Liabilities (Millions of US $)": {"2019": "$6,323", "2018": "$5,427", "2017": "$4,685", "2016": "$4,814", "2015": "$4,837", "2014": "$5,298", "2013": "$4,564", "2012": "$4,532", "2011": "$4,173", "2010": "$3,914", "2009": "$2,850", "2008": "$2,999", "2007": "$2,317", "2006": "$2,022", "2005": "$1,472"}, "Trinity Industries Quarterly Total Liabilities (Millions of US $)": {"2020-09-30": "$6,630", "2020-06-30": "$6,505", "2020-03-31": "$6,537", "2019-12-31": "$6,323", "2019-09-30": "$6,184", "2019-06-30": "$6,046", "2019-03-31": "$5,849", "2018-12-31": "$5,427", "2018-09-30": "$4,766", "2018-06-30": "$4,687", "2018-03-31": "$4,646", "2017-12-31": "$4,685", "2017-09-30": "$5,215", "2017-06-30": "$5,137", "2017-03-31": "$4,795", "2016-12-31": "$4,814", "2016-09-30": "$4,881", "2016-06-30": "$4,858", "2016-03-31": "$4,804", "2015-12-31": "$4,837", "2015-09-30": "$4,945", "2015-06-30": "$4,931", "2015-03-31": "$5,171", "2014-12-31": "$5,298", "2014-09-30": "$5,242", "2014-06-30": "$4,846", "2014-03-31": "$4,610", "2013-12-31": "$4,564", "2013-09-30": "$4,648", "2013-06-30": "$4,426", "2013-03-31": "$4,533", "2012-12-31": "$4,532", "2012-09-30": "$4,332", "2012-06-30": "$4,169", "2012-03-31": "$4,126", "2011-12-31": "$4,173", "2011-09-30": "$4,097", "2011-06-30": "$3,982", "2011-03-31": "$3,942", "2010-12-31": "$3,914", "2010-09-30": "$3,872", "2010-06-30": "$3,833", "2010-03-31": "$3,818", "2009-12-31": "$2,850", "2009-09-30": "$2,822", "2009-06-30": "$2,763", "2009-03-31": "$2,804", "2008-12-31": "$2,999", "2008-09-30": "$2,800", "2008-06-30": "$2,695", "2008-03-31": "$2,389", "2007-12-31": "$2,317", "2007-09-30": "$2,374", "2007-06-30": "$2,227", "2007-03-31": "$2,043", "2006-12-31": "$2,022", "2006-09-30": "$1,977", "2006-06-30": "$1,994", "2006-03-31": "$1,540", "2005-12-31": "$1,472", "2005-09-30": "$1,367", "2005-06-30": "$1,311", "2005-03-31": "$1,275"}}, "total-share-holder-equity": {"Trinity Industries Annual Share Holder Equity (Millions of US $)": {"2019": "$2,379", "2018": "$2,562", "2017": "$4,858", "2016": "$4,311", "2015": "$4,049", "2014": "$3,397", "2013": "$2,749", "2012": "$2,138", "2011": "$1,948", "2010": "$1,846", "2009": "$1,806", "2008": "$1,912", "2007": "$1,727", "2006": "$1,404", "2005": "$1,114"}, "Trinity Industries Quarterly Share Holder Equity (Millions of US $)": {"2020-09-30": "$2,094", "2020-06-30": "$2,160", "2020-03-31": "$2,466", "2019-12-31": "$2,379", "2019-09-30": "$2,459", "2019-06-30": "$2,530", "2019-03-31": "$2,565", "2018-12-31": "$2,562", "2018-09-30": "$4,639", "2018-06-30": "$4,668", "2018-03-31": "$4,831", "2017-12-31": "$4,858", "2017-09-30": "$4,350", "2017-06-30": "$4,316", "2017-03-31": "$4,349", "2016-12-31": "$4,311", "2016-09-30": "$4,254", "2016-06-30": "$4,177", "2016-03-31": "$4,106", "2015-12-31": "$4,049", "2015-09-30": "$3,860", "2015-06-30": "$3,701", "2015-03-31": "$3,551", "2014-12-31": "$3,397", "2014-09-30": "$3,303", "2014-06-30": "$3,169", "2014-03-31": "$2,970", "2013-12-31": "$2,749", "2013-09-30": "$2,611", "2013-06-30": "$2,474", "2013-03-31": "$2,191", "2012-12-31": "$2,138", "2012-09-30": "$2,087", "2012-06-30": "$2,028", "2012-03-31": "$2,004", "2011-12-31": "$1,948", "2011-09-30": "$1,918", "2011-06-30": "$1,895", "2011-03-31": "$1,879", "2010-12-31": "$1,846", "2010-09-30": "$1,802", "2010-06-30": "$1,821", "2010-03-31": "$1,826", "2009-12-31": "$1,806", "2009-09-30": "$1,780", "2009-06-30": "$1,767", "2009-03-31": "$1,966", "2008-12-31": "$1,912", "2008-09-30": "$1,928", "2008-06-30": "$1,853", "2008-03-31": "$1,762", "2007-12-31": "$1,727", "2007-09-30": "$1,651", "2007-06-30": "$1,562", "2007-03-31": "$1,463", "2006-12-31": "$1,404", "2006-09-30": "$1,374", "2006-06-30": "$1,332", "2006-03-31": "$1,224", "2005-12-31": "$1,114", "2005-09-30": "$1,091", "2005-06-30": "$1,045", "2005-03-31": "$1,018"}}, "profit-margins": {"current": "0.06%"}, "gross margin": {"2020-09-30": "22.47%", "2020-06-30": "21.01%", "2020-03-31": "20.92%", "2019-12-31": "21.26%", "2019-09-30": "21.04%", "2019-06-30": "21.77%", "2019-03-31": "22.39%", "2018-12-31": "22.72%", "2018-09-30": "25.16%", "2018-06-30": "26.21%", "2018-03-31": "26.19%", "2017-12-31": "25.94%", "2017-09-30": "25.36%", "2017-06-30": "25.28%", "2017-03-31": "25.04%", "2016-12-31": "25.15%", "2016-09-30": "25.83%", "2016-06-30": "26.53%", "2016-03-31": "27.19%", "2015-12-31": "27.17%", "2015-09-30": "26.00%", "2015-06-30": "25.28%", "2015-03-31": "24.94%", "2014-12-31": "25.14%", "2014-09-30": "25.29%", "2014-06-30": "25.24%", "2014-03-31": "24.69%", "2013-12-31": "23.89%", "2013-09-30": "23.34%", "2013-06-30": "22.12%", "2013-03-31": "21.20%", "2012-12-31": "19.94%", "2012-09-30": "19.40%", "2012-06-30": "19.41%", "2012-03-31": "19.16%", "2011-12-31": "19.78%", "2011-09-30": "20.34%", "2011-06-30": "21.40%", "2011-03-31": "22.36%", "2010-12-31": "22.68%", "2010-09-30": "23.06%", "2010-06-30": "21.70%", "2010-03-31": "20.28%", "2009-12-31": "18.88%", "2009-09-30": "18.77%", "2009-06-30": "18.93%", "2009-03-31": "19.98%", "2008-12-31": "20.65%", "2008-09-30": "20.64%", "2008-06-30": "20.85%", "2008-03-31": "19.96%", "2007-12-31": "19.83%", "2007-09-30": "19.41%", "2007-06-30": "18.95%", "2007-03-31": "18.87%", "2006-12-31": "18.33%", "2006-09-30": "18.48%", "2006-06-30": "17.71%", "2006-03-31": "16.07%", "2005-12-31": "14.24%"}, "operating margin": {"2020-09-30": "-2.63%", "2020-06-30": "-0.61%", "2020-03-31": "13.16%", "2019-12-31": "13.84%", "2019-09-30": "14.15%", "2019-06-30": "13.57%", "2019-03-31": "13.37%", "2018-12-31": "12.55%", "2018-09-30": "13.43%", "2018-06-30": "14.98%", "2018-03-31": "15.29%", "2017-12-31": "15.35%", "2017-09-30": "12.83%", "2017-06-30": "13.40%", "2017-03-31": "14.11%", "2016-12-31": "15.50%", "2016-09-30": "18.62%", "2016-06-30": "20.47%", "2016-03-31": "21.99%", "2015-12-31": "22.51%", "2015-09-30": "20.85%", "2015-06-30": "19.50%", "2015-03-31": "18.81%", "2014-12-31": "20.26%", "2014-09-30": "20.78%", "2014-06-30": "21.14%", "2014-03-31": "20.52%", "2013-12-31": "17.71%", "2013-09-30": "17.18%", "2013-06-30": "16.41%", "2013-03-31": "15.93%", "2012-12-31": "15.11%", "2012-09-30": "15.48%", "2012-06-30": "14.97%", "2012-03-31": "14.50%", "2011-12-31": "14.53%", "2011-09-30": "14.13%", "2011-06-30": "15.11%", "2011-03-31": "15.54%", "2010-12-31": "15.23%", "2010-09-30": "14.91%", "2010-06-30": "13.36%", "2010-03-31": "-3.08%", "2009-12-31": "-1.24%", "2009-09-30": "1.05%", "2009-06-30": "3.63%", "2009-03-31": "13.73%", "2008-12-31": "14.39%", "2008-09-30": "14.67%", "2008-06-30": "14.81%", "2008-03-31": "14.01%", "2007-12-31": "13.83%", "2007-09-30": "13.04%", "2007-06-30": "12.44%", "2007-03-31": "12.52%", "2006-12-31": "11.90%", "2006-09-30": "12.26%", "2006-06-30": "11.27%", "2006-03-31": "9.40%", "2005-12-31": "7.53%"}, "ebitda margin": {"2020-09-30": "8.55%", "2020-06-30": "9.43%", "2020-03-31": "22.58%", "2019-12-31": "23.29%", "2019-09-30": "23.77%", "2019-06-30": "23.63%", "2019-03-31": "23.48%", "2018-12-31": "22.60%", "2018-09-30": "27.14%", "2018-06-30": "26.43%", "2018-03-31": "25.75%", "2017-12-31": "24.94%", "2017-09-30": "22.48%", "2017-06-30": "22.32%", "2017-03-31": "22.02%", "2016-12-31": "22.52%", "2016-09-30": "24.17%", "2016-06-30": "25.52%", "2016-03-31": "26.55%", "2015-12-31": "26.67%", "2015-09-30": "25.02%", "2015-06-30": "23.56%", "2015-03-31": "22.84%", "2014-12-31": "24.26%", "2014-09-30": "24.75%", "2014-06-30": "25.30%", "2014-03-31": "24.97%", "2013-12-31": "22.57%", "2013-09-30": "22.15%", "2013-06-30": "21.51%", "2013-03-31": "20.99%", "2012-12-31": "20.15%", "2012-09-30": "20.64%", "2012-06-30": "20.33%", "2012-03-31": "20.34%", "2011-12-31": "20.90%", "2011-09-30": "21.33%", "2011-06-30": "23.02%", "2011-03-31": "24.06%", "2010-12-31": "24.60%", "2010-09-30": "24.59%", "2010-06-30": "22.59%", "2010-03-31": "20.62%", "2009-12-31": "18.79%", "2009-09-30": "17.38%", "2009-06-30": "17.16%", "2009-03-31": "17.68%", "2008-12-31": "18.02%", "2008-09-30": "18.01%", "2008-06-30": "18.07%", "2008-03-31": "17.22%", "2007-12-31": "16.93%", "2007-09-30": "16.13%", "2007-06-30": "15.50%", "2007-03-31": "15.35%", "2006-12-31": "14.60%", "2006-09-30": "14.96%", "2006-06-30": "13.81%", "2006-03-31": "12.12%", "2005-12-31": "10.37%"}, "pre tax profit margin": {"2020-09-30": "-11.63%", "2020-06-30": "-8.46%", "2020-03-31": "5.84%", "2019-12-31": "6.69%", "2019-09-30": "7.06%", "2019-06-30": "6.45%", "2019-03-31": "6.63%", "2018-12-31": "6.06%", "2018-09-30": "2.12%", "2018-06-30": "5.78%", "2018-03-31": "7.01%", "2017-12-31": "8.17%", "2017-09-30": "5.55%", "2017-06-30": "6.52%", "2017-03-31": "8.06%", "2016-12-31": "10.06%", "2016-09-30": "15.22%", "2016-06-30": "17.32%", "2016-03-31": "18.95%", "2015-12-31": "19.58%", "2015-09-30": "17.90%", "2015-06-30": "16.54%", "2015-03-31": "15.83%", "2014-12-31": "17.26%", "2014-09-30": "17.66%", "2014-06-30": "17.77%", "2014-03-31": "16.82%", "2013-12-31": "13.52%", "2013-09-30": "12.57%", "2013-06-30": "11.53%", "2013-03-31": "10.94%", "2012-12-31": "10.13%", "2012-09-30": "10.27%", "2012-06-30": "9.40%", "2012-03-31": "8.63%", "2011-12-31": "8.17%", "2011-09-30": "6.65%", "2011-06-30": "7.12%", "2011-03-31": "6.82%", "2010-12-31": "5.54%", "2010-09-30": "5.98%", "2010-06-30": "5.45%", "2010-03-31": "-9.47%", "2009-12-31": "-6.07%", "2009-09-30": "-3.35%", "2009-06-30": "0.03%", "2009-03-31": "10.66%", "2008-12-31": "11.69%", "2008-09-30": "12.21%", "2008-06-30": "12.56%", "2008-03-31": "11.94%", "2007-12-31": "11.90%", "2007-09-30": "11.84%", "2007-06-30": "11.23%", "2007-03-31": "11.47%", "2006-12-31": "10.84%", "2006-09-30": "11.14%", "2006-06-30": "10.45%", "2006-03-31": "8.29%", "2005-12-31": "6.53%"}, "net profit margin": {"2020-09-30": "0.08%", "2020-06-30": "0.93%", "2020-03-31": "8.92%", "2019-12-31": "4.59%", "2019-09-30": "4.95%", "2019-06-30": "4.55%", "2019-03-31": "5.81%", "2018-12-31": "6.34%", "2018-09-30": "47.42%", "2018-06-30": "39.84%", "2018-03-31": "33.93%", "2017-12-31": "29.32%", "2017-09-30": "9.82%", "2017-06-30": "9.96%", "2017-03-31": "10.54%", "2016-12-31": "11.13%", "2016-09-30": "9.46%", "2016-06-30": "10.91%", "2016-03-31": "11.98%", "2015-12-31": "12.45%", "2015-09-30": "11.28%", "2015-06-30": "10.40%", "2015-03-31": "9.96%", "2014-12-31": "10.97%", "2014-09-30": "11.31%", "2014-06-30": "11.35%", "2014-03-31": "10.69%", "2013-12-31": "8.61%", "2013-09-30": "8.20%", "2013-06-30": "7.68%", "2013-03-31": "7.30%", "2012-12-31": "6.69%", "2012-09-30": "6.60%", "2012-06-30": "5.91%", "2012-03-31": "5.34%", "2011-12-31": "4.83%", "2011-09-30": "4.00%", "2011-06-30": "4.39%", "2011-03-31": "4.22%", "2010-12-31": "3.47%", "2010-09-30": "3.44%", "2010-06-30": "3.04%", "2010-03-31": "-8.12%", "2009-12-31": "-5.66%", "2009-09-30": "-3.69%", "2009-06-30": "-1.18%", "2009-03-31": "6.64%", "2008-12-31": "7.23%", "2008-09-30": "7.60%", "2008-06-30": "7.81%", "2008-03-31": "7.53%", "2007-12-31": "7.54%", "2007-09-30": "7.63%", "2007-06-30": "7.01%", "2007-03-31": "7.61%", "2006-12-31": "7.18%", "2006-09-30": "6.56%", "2006-06-30": "6.17%", "2006-03-31": "4.12%", "2005-12-31": "3.06%"}, "pe ratio": {"current": "47.75", "2021-02-05": "0.00", "2020-09-30": "0.00", "2020-06-30": "159.63", "2020-03-31": "7.14", "2019-12-31": "19.78", "2019-09-30": "17.08", "2019-06-30": "21.87", "2019-03-31": "19.46", "2018-12-31": "17.81", "2018-09-30": "5.83", "2018-06-30": "5.15", "2018-03-31": "4.99", "2017-12-31": "5.66", "2017-09-30": "14.34", "2017-06-30": "11.61", "2017-03-31": "9.29", "2016-12-31": "8.22", "2016-09-30": "5.15", "2016-06-30": "3.16", "2016-03-31": "2.62", "2015-12-31": "3.09", "2015-09-30": "3.18", "2015-06-30": "4.05", "2015-03-31": "5.87", "2014-12-31": "4.29", "2014-09-30": "7.38", "2014-06-30": "7.38", "2014-03-31": "6.95", "2013-12-31": "7.30", "2013-09-30": "6.83", "2013-06-30": "6.47", "2013-03-31": "8.09", "2012-12-31": "7.03", "2012-09-30": "6.25", "2012-06-30": "5.98", "2012-03-31": "9.60", "2011-12-31": "10.51", "2011-09-30": "10.24", "2011-06-30": "17.03", "2011-03-31": "20.10", "2010-12-31": "19.39", "2010-09-30": "16.78", "2010-06-30": "14.75", "2010-03-31": "0.00", "2009-12-31": "0.00", "2009-09-30": "0.00", "2009-06-30": "0.00", "2009-03-31": "1.70", "2008-12-31": "2.60", "2008-09-30": "3.81", "2008-06-30": "5.18", "2008-03-31": "4.19", "2007-12-31": "4.44", "2007-09-30": "6.45", "2007-06-30": "8.59", "2007-03-31": "7.66", "2006-12-31": "7.03"}, "price sales": {"2021-02-05": "1.55", "2020-09-30": "0.96", "2020-06-30": "0.92", "2020-03-31": "0.65", "2019-12-31": "0.90", "2019-09-30": "0.86", "2019-06-30": "1.00", "2019-03-31": "1.12", "2018-12-31": "1.12", "2018-09-30": "2.62", "2018-06-30": "1.97", "2018-03-31": "1.64", "2017-12-31": "1.60", "2017-09-30": "1.38", "2017-06-30": "1.13", "2017-03-31": "0.95", "2016-12-31": "0.89", "2016-09-30": "0.48", "2016-06-30": "0.34", "2016-03-31": "0.31", "2015-12-31": "0.37", "2015-09-30": "0.35", "2015-06-30": "0.41", "2015-03-31": "0.57", "2014-12-31": "0.46", "2014-09-30": "0.81", "2014-06-30": "0.81", "2014-03-31": "0.72", "2013-12-31": "0.61", "2013-09-30": "0.54", "2013-06-30": "0.48", "2013-03-31": "0.57", "2012-12-31": "0.46", "2012-09-30": "0.40", "2012-06-30": "0.35", "2012-03-31": "0.50", "2011-12-31": "0.49", "2011-09-30": "0.41", "2011-06-30": "0.73", "2011-03-31": "0.82", "2010-12-31": "0.65", "2010-09-30": "0.55", "2010-06-30": "0.43", "2010-03-31": "0.44", "2009-12-31": "0.33", "2009-09-30": "0.27", "2009-06-30": "0.18", "2009-03-31": "0.11", "2008-12-31": "0.19", "2008-09-30": "0.29", "2008-06-30": "0.41", "2008-03-31": "0.32", "2007-12-31": "0.34", "2007-09-30": "0.49", "2007-06-30": "0.60", "2007-03-31": "0.58", "2006-12-31": "0.50"}, "price book": {"current": "1.69", "2021-02-05": "1.76", "2020-09-30": "1.09", "2020-06-30": "1.14", "2020-03-31": "0.74", "2019-12-31": "1.06", "2019-09-30": "0.93", "2019-06-30": "0.98", "2019-03-31": "1.02", "2018-12-31": "0.99", "2018-09-30": "0.79", "2018-06-30": "0.74", "2018-03-31": "0.68", "2017-12-31": "0.79", "2017-09-30": "0.75", "2017-06-30": "0.66", "2017-03-31": "0.62", "2016-12-31": "0.65", "2016-09-30": "0.57", "2016-06-30": "0.45", "2016-03-31": "0.45", "2015-12-31": "0.59", "2015-09-30": "0.58", "2015-06-30": "0.71", "2015-03-31": "1.00", "2014-12-31": "0.82", "2014-09-30": "1.41", "2014-06-30": "1.38", "2014-03-31": "1.20", "2013-12-31": "0.49", "2013-09-30": "0.86", "2013-06-30": "0.77", "2013-03-31": "1.03", "2012-12-31": "0.83", "2012-09-30": "0.71", "2012-06-30": "0.61", "2012-03-31": "0.82", "2011-12-31": "0.77", "2011-09-30": "0.55", "2011-06-30": "0.91", "2011-03-31": "0.96", "2010-12-31": "0.70", "2010-09-30": "0.60", "2010-06-30": "0.47", "2010-03-31": "0.52", "2009-12-31": "0.46", "2009-09-30": "0.46", "2009-06-30": "0.36", "2009-03-31": "0.22", "2008-12-31": "0.39", "2008-09-30": "0.64", "2008-06-30": "0.90", "2008-03-31": "0.71", "2007-12-31": "0.76", "2007-09-30": "1.08", "2007-06-30": "1.31", "2007-03-31": "1.33", "2006-12-31": "1.16", "2006-09-30": "1.08", "2006-06-30": "1.39", "2006-03-31": "1.35"}, "price fcf": {"2021-02-05": "", "2020-09-30": "$-0.87", "2020-06-30": "$-0.15", "2020-03-31": "$-1.49", "2019-12-31": "$-6.33", "2019-09-30": "$-7.25", "2019-06-30": "$-7.61", "2019-03-31": "$-7.55", "2018-12-31": "$-4.03", "2018-09-30": "$-2.17", "2018-06-30": "$-0.38", "2018-03-31": "$-0.31", "2017-12-31": "$0.92", "2017-09-30": "$1.22", "2017-06-30": "$1.44", "2017-03-31": "$1.69", "2016-12-31": "$1.70", "2016-09-30": "$1.44", "2016-06-30": "$1.41", "2016-03-31": "$1.18", "2015-12-31": "$-0.54", "2015-09-30": "$1.32", "2015-06-30": "$0.76", "2015-03-31": "$-0.18", "2014-12-31": "$2.41", "2014-09-30": "$0.78", "2014-06-30": "$0.31", "2014-03-31": "$1.29", "2013-12-31": "$-0.43", "2013-09-30": "$-0.23", "2013-06-30": "$-0.15", "2013-03-31": "$0.09", "2012-12-31": "$0.48", "2012-09-30": "$-0.35", "2012-06-30": "$-0.16", "2012-03-31": "$-0.84", "2011-12-31": "$-1.24", "2011-09-30": "$-1.01", "2011-06-30": "$-0.83", "2011-03-31": "$-0.71", "2010-12-31": "$-0.49", "2010-09-30": "$0.20", "2010-06-30": "$0.93", "2010-03-31": "$2.29", "2009-12-31": "$2.17", "2009-09-30": "$0.33", "2009-06-30": "$-1.70", "2009-03-31": "$-4.34", "2008-12-31": "$-4.97", "2008-09-30": "$-4.21", "2008-06-30": "$-4.05", "2008-03-31": "$-3.32", "2007-12-31": "$-3.14", "2007-09-30": "$-3.71", "2007-06-30": "$-3.18", "2007-03-31": "$-3.28", "2006-12-31": "$-3.22"}, "net worth": {"value": "$3.54B"}, "current ratio": {"2020-09-30": "2.34", "2020-06-30": "2.47", "2020-03-31": "2.41", "2019-12-31": "1.60", "2019-09-30": "1.71", "2019-06-30": "1.91", "2019-03-31": "2.02", "2018-12-31": "1.76", "2018-09-30": "2.50", "2018-06-30": "2.52", "2018-03-31": "3.14", "2017-12-31": "3.92", "2017-09-30": "3.70", "2017-06-30": "3.71", "2017-03-31": "3.37", "2016-12-31": "3.34", "2016-09-30": "3.11", "2016-06-30": "3.24", "2016-03-31": "3.21", "2015-12-31": "3.05", "2015-09-30": "2.59", "2015-06-30": "2.70", "2015-03-31": "2.50", "2014-12-31": "2.48", "2014-09-30": "2.61", "2014-06-30": "3.05", "2014-03-31": "2.42", "2013-12-31": "2.25", "2013-09-30": "1.98", "2013-06-30": "2.02", "2013-03-31": "1.93", "2012-12-31": "2.16", "2012-09-30": "2.07", "2012-06-30": "2.04", "2012-03-31": "2.10", "2011-12-31": "2.04", "2011-09-30": "1.97", "2011-06-30": "1.98", "2011-03-31": "2.00", "2010-12-31": "2.13", "2010-09-30": "1.73", "2010-06-30": "1.86", "2010-03-31": "2.02", "2009-12-31": "2.40", "2009-09-30": "2.18", "2009-06-30": "2.24", "2009-03-31": "1.94", "2008-12-31": "1.61", "2008-09-30": "1.93", "2008-06-30": "1.94", "2008-03-31": "1.71", "2007-12-31": "1.71", "2007-09-30": "1.62", "2007-06-30": "1.60", "2007-03-31": "1.79", "2006-12-31": "1.67", "2006-09-30": "1.91", "2006-06-30": "1.95", "2006-03-31": "1.31", "2005-12-31": "1.28", "2005-09-30": "1.60", "2005-06-30": "1.54", "2005-03-31": "1.58"}, "quick ratio": {"2020-09-30": "1.61", "2020-06-30": "1.65", "2020-03-31": "1.62", "2019-12-31": "0.81", "2019-09-30": "0.68", "2019-06-30": "0.84", "2019-03-31": "0.86", "2018-12-31": "0.86", "2018-09-30": "1.38", "2018-06-30": "1.61", "2018-03-31": "2.10", "2017-12-31": "3.01", "2017-09-30": "2.62", "2017-06-30": "2.63", "2017-03-31": "2.23", "2016-12-31": "2.20", "2016-09-30": "1.84", "2016-06-30": "1.94", "2016-03-31": "1.82", "2015-12-31": "1.79", "2015-09-30": "1.39", "2015-06-30": "1.47", "2015-03-31": "1.36", "2014-12-31": "1.42", "2014-09-30": "1.37", "2014-06-30": "1.79", "2014-03-31": "1.39", "2013-12-31": "1.21", "2013-09-30": "1.12", "2013-06-30": "1.07", "2013-03-31": "1.03", "2012-12-31": "1.25", "2012-09-30": "1.07", "2012-06-30": "1.01", "2012-03-31": "1.11", "2011-12-31": "1.17", "2011-09-30": "1.02", "2011-06-30": "1.14", "2011-03-31": "1.25", "2010-12-31": "1.48", "2010-09-30": "1.11", "2010-06-30": "1.30", "2010-03-31": "1.46", "2009-12-31": "1.89", "2009-09-30": "1.58", "2009-06-30": "1.45", "2009-03-31": "0.88", "2008-12-31": "0.73", "2008-09-30": "0.85", "2008-06-30": "0.83", "2008-03-31": "0.73", "2007-12-31": "0.86", "2007-09-30": "0.77", "2007-06-30": "0.77", "2007-03-31": "0.85", "2006-12-31": "0.86", "2006-09-30": "1.07", "2006-06-30": "1.17", "2006-03-31": "0.55", "2005-12-31": "0.60", "2005-09-30": "0.76", "2005-06-30": "0.74", "2005-03-31": "0.74"}, "debt equity ratio": {"current": "2.36", "2020-09-30": "3.17", "2020-06-30": "3.01", "2020-03-31": "2.65", "2019-12-31": "2.66", "2019-09-30": "2.51", "2019-06-30": "2.39", "2019-03-31": "2.28", "2018-12-31": "2.12", "2018-09-30": "1.03", "2018-06-30": "1.00", "2018-03-31": "0.96", "2017-12-31": "0.96", "2017-09-30": "1.20", "2017-06-30": "1.19", "2017-03-31": "1.10", "2016-12-31": "1.12", "2016-09-30": "1.15", "2016-06-30": "1.16", "2016-03-31": "1.17", "2015-12-31": "1.20", "2015-09-30": "1.28", "2015-06-30": "1.33", "2015-03-31": "1.46", "2014-12-31": "1.56", "2014-09-30": "1.59", "2014-06-30": "1.53", "2014-03-31": "1.55", "2013-12-31": "1.66", "2013-09-30": "1.78", "2013-06-30": "1.79", "2013-03-31": "2.07", "2012-12-31": "2.12", "2012-09-30": "2.08", "2012-06-30": "2.06", "2012-03-31": "2.06", "2011-12-31": "2.14", "2011-09-30": "2.14", "2011-06-30": "2.10", "2011-03-31": "2.10", "2010-12-31": "2.12", "2010-09-30": "2.15", "2010-06-30": "2.11", "2010-03-31": "2.09", "2009-12-31": "1.58", "2009-09-30": "1.59", "2009-06-30": "1.56", "2009-03-31": "1.43", "2008-12-31": "1.57", "2008-09-30": "1.45", "2008-06-30": "1.46", "2008-03-31": "1.36", "2007-12-31": "1.34", "2007-09-30": "1.44", "2007-06-30": "1.43", "2007-03-31": "1.40", "2006-12-31": "1.44", "2006-09-30": "1.44", "2006-06-30": "1.50", "2006-03-31": "1.26", "2005-12-31": "1.32", "2005-09-30": "1.25", "2005-06-30": "1.26", "2005-03-31": "1.25"}, "return on equity": {"2020-09-30": "0.09%", "2020-06-30": "1.10%", "2020-03-31": "10.94%", "2019-12-31": "5.56%", "2019-09-30": "5.65%", "2019-06-30": "3.97%", "2019-03-31": "4.16%", "2018-12-31": "3.81%", "2018-09-30": "14.13%", "2018-06-30": "15.18%", "2018-03-31": "15.19%", "2017-12-31": "15.73%", "2017-09-30": "5.36%", "2017-06-30": "5.78%", "2017-03-31": "6.86%", "2016-12-31": "8.17%", "2016-09-30": "11.48%", "2016-06-30": "14.72%", "2016-03-31": "18.15%", "2015-12-31": "21.00%", "2015-09-30": "20.24%", "2015-06-30": "19.47%", "2015-03-31": "18.81%", "2014-12-31": "21.09%", "2014-09-30": "21.39%", "2014-06-30": "20.98%", "2014-03-31": "19.36%", "2013-12-31": "15.00%", "2013-09-30": "14.36%", "2013-06-30": "13.54%", "2013-03-31": "13.31%", "2012-12-31": "12.35%", "2012-09-30": "11.80%", "2012-06-30": "10.43%", "2012-03-31": "8.81%", "2011-12-31": "7.43%", "2011-09-30": "5.36%", "2011-06-30": "5.39%", "2011-03-31": "4.84%", "2010-12-31": "3.67%", "2010-09-30": "3.58%", "2010-06-30": "3.21%", "2010-03-31": "-9.42%", "2009-12-31": "-7.49%", "2009-09-30": "-5.87%", "2009-06-30": "-2.22%", "2009-03-31": "13.11%", "2008-12-31": "15.08%", "2008-09-30": "17.17%", "2008-06-30": "17.67%", "2008-03-31": "17.55%", "2007-12-31": "18.05%", "2007-09-30": "17.89%", "2007-06-30": "16.27%", "2007-03-31": "18.16%", "2006-12-31": "17.32%", "2006-09-30": "15.78%", "2006-06-30": "15.12%", "2006-03-31": "10.28%", "2005-12-31": "7.78%"}, "return on assets": {"2020-09-30": "0.02%", "2020-06-30": "0.30%", "2020-03-31": "3.08%", "2019-12-31": "1.61%", "2019-09-30": "1.70%", "2019-06-30": "1.42%", "2019-03-31": "1.71%", "2018-12-31": "1.76%", "2018-09-30": "7.10%", "2018-06-30": "7.49%", "2018-03-31": "7.33%", "2017-12-31": "7.46%", "2017-09-30": "2.49%", "2017-06-30": "2.70%", "2017-03-31": "3.22%", "2016-12-31": "3.80%", "2016-09-30": "5.29%", "2016-06-30": "6.69%", "2016-03-31": "8.09%", "2015-12-31": "9.09%", "2015-09-30": "8.42%", "2015-06-30": "7.85%", "2015-03-31": "7.43%", "2014-12-31": "8.25%", "2014-09-30": "8.29%", "2014-06-30": "8.00%", "2014-03-31": "7.20%", "2013-12-31": "5.33%", "2013-09-30": "4.91%", "2013-06-30": "4.51%", "2013-03-31": "4.32%", "2012-12-31": "4.01%", "2012-09-30": "3.83%", "2012-06-30": "3.37%", "2012-03-31": "2.83%", "2011-12-31": "2.38%", "2011-09-30": "1.72%", "2011-06-30": "1.73%", "2011-03-31": "1.55%", "2010-12-31": "1.18%", "2010-09-30": "1.20%", "2010-06-30": "1.13%", "2010-03-31": "-3.48%", "2009-12-31": "-2.95%", "2009-09-30": "-2.32%", "2009-06-30": "-0.89%", "2009-03-31": "5.30%", "2008-12-31": "6.13%", "2008-09-30": "7.14%", "2008-06-30": "7.37%", "2008-03-31": "7.35%", "2007-12-31": "7.52%", "2007-09-30": "7.38%", "2007-06-30": "6.71%", "2007-03-31": "7.44%", "2006-12-31": "7.18%", "2006-09-30": "6.62%", "2006-06-30": "6.47%", "2006-03-31": "4.53%", "2005-12-31": "3.43%"}, "return on investments": {"2020-09-30": "-0.89%", "2020-06-30": "-0.24%", "2020-03-31": "5.50%", "2019-12-31": "5.82%", "2019-09-30": "5.86%", "2019-06-30": "5.08%", "2019-03-31": "4.69%", "2018-12-31": "4.14%", "2018-09-30": "2.38%", "2018-06-30": "3.37%", "2018-03-31": "4.00%", "2017-12-31": "4.80%", "2017-09-30": "4.04%", "2017-06-30": "4.51%", "2017-03-31": "5.33%", "2016-12-31": "6.54%", "2016-09-30": "12.84%", "2016-06-30": "15.44%", "2016-03-31": "18.24%", "2015-12-31": "20.22%", "2015-09-30": "19.29%", "2015-06-30": "18.26%", "2015-03-31": "17.49%", "2014-12-31": "19.13%", "2014-09-30": "19.20%", "2014-06-30": "18.96%", "2014-03-31": "17.74%", "2013-12-31": "14.12%", "2013-09-30": "13.26%", "2013-06-30": "12.38%", "2013-03-31": "12.04%", "2012-12-31": "11.45%", "2012-09-30": "11.24%", "2012-06-30": "10.61%", "2012-03-31": "9.51%", "2011-12-31": "8.83%", "2011-09-30": "7.45%", "2011-06-30": "7.28%", "2011-03-31": "6.98%", "2010-12-31": "6.27%", "2010-09-30": "6.39%", "2010-06-30": "6.15%", "2010-03-31": "-1.66%", "2009-12-31": "-0.83%", "2009-09-30": "0.86%", "2009-06-30": "3.53%", "2009-03-31": "14.22%", "2008-12-31": "15.85%", "2008-09-30": "17.80%", "2008-06-30": "18.18%", "2008-03-31": "17.87%", "2007-12-31": "18.02%", "2007-09-30": "16.51%", "2007-06-30": "15.54%", "2007-03-31": "15.94%", "2006-12-31": "15.77%", "2006-09-30": "16.69%", "2006-06-30": "16.30%", "2006-03-31": "14.59%", "2005-12-31": "12.04%"}, "return on tangible equity": {"2020-09-30": "0.10%", "2020-06-30": "1.21%", "2020-03-31": "11.96%", "2019-12-31": "6.07%", "2019-09-30": "6.16%", "2019-06-30": "4.48%", "2019-03-31": "4.82%", "2018-12-31": "4.50%", "2018-09-30": "16.35%", "2018-06-30": "17.59%", "2018-03-31": "17.61%", "2017-12-31": "18.28%", "2017-09-30": "6.49%", "2017-06-30": "7.01%", "2017-03-31": "8.33%", "2016-12-31": "9.95%", "2016-09-30": "14.03%", "2016-06-30": "18.09%", "2016-03-31": "22.46%", "2015-12-31": "26.25%", "2015-09-30": "25.63%", "2015-06-30": "24.89%", "2015-03-31": "23.44%", "2014-12-31": "25.55%", "2014-09-30": "24.97%", "2014-06-30": "23.55%", "2014-03-31": "21.65%", "2013-12-31": "16.71%", "2013-09-30": "16.04%", "2013-06-30": "15.19%", "2013-03-31": "14.98%", "2012-12-31": "13.91%", "2012-09-30": "13.28%", "2012-06-30": "11.77%", "2012-03-31": "9.93%", "2011-12-31": "8.36%", "2011-09-30": "6.02%", "2011-06-30": "6.04%", "2011-03-31": "5.44%", "2010-12-31": "4.13%", "2010-09-30": "4.02%", "2010-06-30": "3.59%", "2010-03-31": "-10.51%", "2009-12-31": "-8.74%", "2009-09-30": "-7.20%", "2009-06-30": "-2.86%", "2009-03-31": "17.79%", "2008-12-31": "20.66%", "2008-09-30": "23.75%", "2008-06-30": "24.81%", "2008-03-31": "24.93%", "2007-12-31": "25.94%", "2007-09-30": "26.07%", "2007-06-30": "23.82%", "2007-03-31": "26.79%", "2006-12-31": "25.90%", "2006-09-30": "24.06%", "2006-06-30": "23.67%", "2006-03-31": "16.61%", "2005-12-31": "12.88%"}, "dividend yield history": {"last payout": "$0.84", "last yield": "2.71%"}}