{"ticker": "TRIP", "price": {"title": "TripAdvisor Historical Annual Stock Price Data", "value": 35.9, "historical": {"2020": {"Average Stock Price": "22.3690", "Year Open": "30.2600", "Year High": "31.5200", "Year Low": "14.4500", "Year Close": "28.7800", "Annual % Change": "-5.27%"}, "2019": {"Average Stock Price": "44.5774", "Year Open": "54.2200", "Year High": "60.3900", "Year Low": "27.9100", "Year Close": "30.3800", "Annual % Change": "-43.68%"}, "2018": {"Average Stock Price": "49.3036", "Year Open": "34.7700", "Year High": "66.9300", "Year Low": "34.3500", "Year Close": "53.9400", "Annual % Change": "56.53%"}, "2017": {"Average Stock Price": "41.3571", "Year Open": "47.5100", "Year High": "52.9200", "Year Low": "30.0600", "Year Close": "34.4600", "Annual % Change": "-25.68%"}, "2016": {"Average Stock Price": "62.5595", "Year Open": "82.9800", "Year High": "82.9800", "Year Low": "46.2800", "Year Close": "46.3700", "Annual % Change": "-45.61%"}, "2015": {"Average Stock Price": "79.0702", "Year Open": "74.5900", "Year High": "93.3700", "Year Low": "62.8800", "Year Close": "85.2500", "Annual % Change": "14.18%"}, "2014": {"Average Stock Price": "90.0262", "Year Open": "80.4800", "Year High": "110.2100", "Year Low": "68.5300", "Year Close": "74.6600", "Annual % Change": "-9.86%"}, "2013": {"Average Stock Price": "64.4947", "Year Open": "44.1600", "Year High": "89.1800", "Year Low": "42.7600", "Year Close": "82.8300", "Annual % Change": "97.59%"}, "2012": {"Average Stock Price": "36.3706", "Year Open": "26.6300", "Year High": "46.3600", "Year Low": "25.5200", "Year Close": "41.9200", "Annual % Change": "66.28%"}, "2011": {"Average Stock Price": "27.0559", "Year Open": "27.4500", "Year High": "30.2500", "Year Low": "24.5300", "Year Close": "25.2100", "Annual % Change": "0.00%"}}}, "market cap": {"value": "$4.83B"}, "income statement": {"Revenue": {"2019-12-31": "1560.00000", "2018-12-31": "1615.00000", "2017-12-31": "1556.00000", "2016-12-31": "1480.00000", "2015-12-31": "1492.00000", "2014-12-31": "1246.00000", "2013-12-31": "945.00000", "2012-12-31": "763.00000", "2011-12-31": "637.06300", "2010-12-31": "484.63500", "2009-12-31": "352.08900"}, "Cost Of Goods Sold": {"2019-12-31": "94.00000", "2018-12-31": "86.00000", "2017-12-31": "72.00000", "2016-12-31": "71.00000", "2015-12-31": "58.00000", "2014-12-31": "40.00000", "2013-12-31": "18.00000", "2012-12-31": "12.00000", "2011-12-31": "10.87300", "2010-12-31": "7.34500", "2009-12-31": "4.56900"}, "Gross Profit": {"2019-12-31": "1466.00000", "2018-12-31": "1529.00000", "2017-12-31": "1484.00000", "2016-12-31": "1409.00000", "2015-12-31": "1434.00000", "2014-12-31": "1206.00000", "2013-12-31": "927.00000", "2012-12-31": "751.00000", "2011-12-31": "626.19000", "2010-12-31": "477.29000", "2009-12-31": "347.52000"}, "Research And Development Expenses": {"2019-12-31": "294.00000", "2018-12-31": "275.00000", "2017-12-31": "243.00000", "2016-12-31": "243.00000", "2015-12-31": "207.00000", "2014-12-31": "171.00000", "2013-12-31": "131.00000", "2012-12-31": "87.00000", "2011-12-31": "57.44800", "2010-12-31": "43.32100", "2009-12-31": "29.33100"}, "SG&A Expenses": {"2019-12-31": "859.00000", "2018-12-31": "955.00000", "2017-12-31": "1006.00000", "2016-12-31": "899.00000", "2015-12-31": "902.00000", "2014-12-31": "630.00000", "2013-12-31": "466.00000", "2012-12-31": "342.00000", "2011-12-31": "253.94600", "2010-12-31": "172.28900", "2009-12-31": "119.96500"}, "Other Operating Income Or Expenses": {"2019-12-31": "", "2018-12-31": "", "2017-12-31": "", "2016-12-31": "", "2015-12-31": "", "2014-12-31": "", "2013-12-31": "", "2012-12-31": "", "2011-12-31": "-16.15400", "2010-12-31": "-7.90000", "2009-12-31": "-6.91000"}, "Operating Expenses": {"2019-12-31": "1373.00000", "2018-12-31": "1432.00000", "2017-12-31": "1432.00000", "2016-12-31": "1314.00000", "2015-12-31": "1260.00000", "2014-12-31": "906.00000", "2013-12-31": "651.00000", "2012-12-31": "467.00000", "2011-12-31": "364.30600", "2010-12-31": "258.33500", "2009-12-31": "183.91100"}, "Operating Income": {"2019-12-31": "187.00000", "2018-12-31": "183.00000", "2017-12-31": "124.00000", "2016-12-31": "166.00000", "2015-12-31": "232.00000", "2014-12-31": "340.00000", "2013-12-31": "294.00000", "2012-12-31": "296.00000", "2011-12-31": "272.75700", "2010-12-31": "226.30000", "2009-12-31": "168.17800"}, "Total Non-Operating Income/Expense": {"2019-12-31": "7.00000", "2018-12-31": "-10.00000", "2017-12-31": "-14.00000", "2016-12-31": "-15.00000", "2015-12-31": "7.00000", "2014-12-31": "-18.00000", "2013-12-31": "-10.00000", "2012-12-31": "-14.00000", "2011-12-31": "-0.86300", "2010-12-31": "-1.88500", "2009-12-31": "-1.63800"}, "Pre-Tax Income": {"2019-12-31": "194.00000", "2018-12-31": "173.00000", "2017-12-31": "110.00000", "2016-12-31": "151.00000", "2015-12-31": "239.00000", "2014-12-31": "322.00000", "2013-12-31": "284.00000", "2012-12-31": "282.00000", "2011-12-31": "271.89400", "2010-12-31": "224.41500", "2009-12-31": "166.54000"}, "Income Taxes": {"2019-12-31": "68.00000", "2018-12-31": "60.00000", "2017-12-31": "129.00000", "2016-12-31": "31.00000", "2015-12-31": "41.00000", "2014-12-31": "96.00000", "2013-12-31": "79.00000", "2012-12-31": "87.00000", "2011-12-31": "94.10300", "2010-12-31": "85.46100", "2009-12-31": "64.32500"}, "Income After Taxes": {"2019-12-31": "126.00000", "2018-12-31": "113.00000", "2017-12-31": "-19.00000", "2016-12-31": "120.00000", "2015-12-31": "198.00000", "2014-12-31": "226.00000", "2013-12-31": "205.00000", "2012-12-31": "195.00000", "2011-12-31": "177.79100", "2010-12-31": "138.95400", "2009-12-31": "102.21500"}, "Other Income": {"2019-12-31": "", "2018-12-31": "", "2017-12-31": "", "2016-12-31": "", "2015-12-31": "", "2014-12-31": "", "2013-12-31": "", "2012-12-31": "", "2011-12-31": "", "2010-12-31": "", "2009-12-31": ""}, "Income From Continuous Operations": {"2019-12-31": "126.00000", "2018-12-31": "113.00000", "2017-12-31": "-19.00000", "2016-12-31": "120.00000", "2015-12-31": "198.00000", "2014-12-31": "226.00000", "2013-12-31": "205.00000", "2012-12-31": "195.00000", "2011-12-31": "177.79100", "2010-12-31": "138.95400", "2009-12-31": "102.21500"}, "Income From Discontinued Operations": {"2019-12-31": "", "2018-12-31": "", "2017-12-31": "", "2016-12-31": "", "2015-12-31": "", "2014-12-31": "", "2013-12-31": "", "2012-12-31": "", "2011-12-31": "", "2010-12-31": "", "2009-12-31": ""}, "Net Income": {"2019-12-31": "126.00000", "2018-12-31": "113.00000", "2017-12-31": "-19.00000", "2016-12-31": "120.00000", "2015-12-31": "198.00000", "2014-12-31": "226.00000", "2013-12-31": "205.00000", "2012-12-31": "194.00000", "2011-12-31": "177.67700", "2010-12-31": "138.77600", "2009-12-31": "102.42700"}, "EBITDA": {"2019-12-31": "313.00000", "2018-12-31": "299.00000", "2017-12-31": "235.00000", "2016-12-31": "267.00000", "2015-12-31": "325.00000", "2014-12-31": "405.00000", "2013-12-31": "330.00000", "2012-12-31": "324.00000", "2011-12-31": "298.66300", "2010-12-31": "253.78000", "2009-12-31": "191.31400"}, "EBIT": {"2019-12-31": "187.00000", "2018-12-31": "183.00000", "2017-12-31": "124.00000", "2016-12-31": "166.00000", "2015-12-31": "232.00000", "2014-12-31": "340.00000", "2013-12-31": "294.00000", "2012-12-31": "296.00000", "2011-12-31": "272.75700", "2010-12-31": "226.30000", "2009-12-31": "168.17800"}, "Basic Shares Outstanding": {"2019-12-31": "139.00000", "2018-12-31": "138.00000", "2017-12-31": "140.00000", "2016-12-31": "145.00000", "2015-12-31": "143.83600", "2014-12-31": "143.00000", "2013-12-31": "143.00000", "2012-12-31": "139.00000", "2011-12-31": "133.46100", "2010-12-31": "133.46100", "2009-12-31": "133.46100"}, "Shares Outstanding": {"2019-12-31": "141.00000", "2018-12-31": "140.00000", "2017-12-31": "140.00000", "2016-12-31": "147.00000", "2015-12-31": "145.96700", "2014-12-31": "146.00000", "2013-12-31": "145.00000", "2012-12-31": "141.00000", "2011-12-31": "134.86500", "2010-12-31": "133.46100", "2009-12-31": "133.46100"}, "Basic EPS": {"2019-12-31": "0.91000", "2018-12-31": "0.82000", "2017-12-31": "-0.14000", "2016-12-31": "0.83000", "2015-12-31": "1.38000", "2014-12-31": "1.58000", "2013-12-31": "1.44000", "2012-12-31": "1.39000", "2011-12-31": "1.33000", "2010-12-31": "1.04000", "2009-12-31": "0.77000"}, "EPS - Earnings Per Share": {"2019-12-31": "0.89000", "2018-12-31": "0.81000", "2017-12-31": "-0.14000", "2016-12-31": "0.82000", "2015-12-31": "1.36000", "2014-12-31": "1.55000", "2013-12-31": "1.41000", "2012-12-31": "1.37000", "2011-12-31": "1.32000", "2010-12-31": "1.04000", "2009-12-31": "0.77000"}}, "income statement, quarterly": {"Revenue": {"2020-09-30": "151.00000", "2020-06-30": "59.00000", "2020-03-31": "278.00000", "2019-12-31": "334.00000", "2019-09-30": "428.00000", "2019-06-30": "422.00000", "2019-03-31": "376.00000", "2018-12-31": "346.00000", "2018-09-30": "458.00000", "2018-06-30": "433.00000", "2018-03-31": "378.00000", "2017-12-31": "321.00000", "2017-09-30": "439.00000", "2017-06-30": "424.00000", "2017-03-31": "372.00000", "2016-12-31": "316.00000", "2016-09-30": "421.00000", "2016-06-30": "391.00000", "2016-03-31": "352.00000", "2015-12-31": "309.00000", "2015-09-30": "415.00000", "2015-06-30": "405.00000", "2015-03-31": "363.00000", "2014-12-31": "288.00000", "2014-09-30": "354.00000", "2014-06-30": "323.00000", "2014-03-31": "281.00000", "2013-12-31": "213.00000", "2013-09-30": "255.00000", "2013-06-30": "247.00000", "2013-03-31": "230.00000", "2012-12-31": "169.42700", "2012-09-30": "212.71000", "2012-06-30": "197.14800", "2012-03-31": "183.71500", "2011-12-31": "137.79800", "2011-09-30": "180.80100", "2011-06-30": "169.24200", "2011-03-31": "149.22200", "2010-12-31": "106.32500", "2010-09-30": "139.31900", "2010-06-30": "125.40900", "2010-03-31": "113.58200", "2009-12-31": ""}, "Cost Of Goods Sold": {"2020-09-30": "13.00000", "2020-06-30": "10.00000", "2020-03-31": "19.00000", "2019-12-31": "21.00000", "2019-09-30": "25.00000", "2019-06-30": "27.00000", "2019-03-31": "21.00000", "2018-12-31": "19.00000", "2018-09-30": "23.00000", "2018-06-30": "24.00000", "2018-03-31": "20.00000", "2017-12-31": "15.00000", "2017-09-30": "20.00000", "2017-06-30": "20.00000", "2017-03-31": "17.00000", "2016-12-31": "16.00000", "2016-09-30": "19.00000", "2016-06-30": "20.00000", "2016-03-31": "16.00000", "2015-12-31": "13.00000", "2015-09-30": "16.00000", "2015-06-30": "16.00000", "2015-03-31": "13.00000", "2014-12-31": "12.00000", "2014-09-30": "11.00000", "2014-06-30": "9.00000", "2014-03-31": "8.00000", "2013-12-31": "4.00000", "2013-09-30": "6.00000", "2013-06-30": "4.00000", "2013-03-31": "4.00000", "2012-12-31": "3.46400", "2012-09-30": "2.87600", "2012-06-30": "2.92600", "2012-03-31": "2.73400", "2011-12-31": "2.68000", "2011-09-30": "3.22700", "2011-06-30": "2.73500", "2011-03-31": "2.23100", "2010-12-31": "", "2010-09-30": "", "2010-06-30": "", "2010-03-31": "", "2009-12-31": ""}, "Gross Profit": {"2020-09-30": "138.00000", "2020-06-30": "49.00000", "2020-03-31": "259.00000", "2019-12-31": "313.00000", "2019-09-30": "403.00000", "2019-06-30": "395.00000", "2019-03-31": "355.00000", "2018-12-31": "327.00000", "2018-09-30": "435.00000", "2018-06-30": "409.00000", "2018-03-31": "358.00000", "2017-12-31": "306.00000", "2017-09-30": "419.00000", "2017-06-30": "404.00000", "2017-03-31": "355.00000", "2016-12-31": "300.00000", "2016-09-30": "402.00000", "2016-06-30": "371.00000", "2016-03-31": "336.00000", "2015-12-31": "296.00000", "2015-09-30": "399.00000", "2015-06-30": "389.00000", "2015-03-31": "350.00000", "2014-12-31": "276.00000", "2014-09-30": "343.00000", "2014-06-30": "314.00000", "2014-03-31": "273.00000", "2013-12-31": "209.00000", "2013-09-30": "249.00000", "2013-06-30": "243.00000", "2013-03-31": "226.00000", "2012-12-31": "165.96300", "2012-09-30": "209.83400", "2012-06-30": "194.22200", "2012-03-31": "180.98100", "2011-12-31": "135.11800", "2011-09-30": "177.57400", "2011-06-30": "166.50700", "2011-03-31": "146.99100", "2010-12-31": "106.32500", "2010-09-30": "139.31900", "2010-06-30": "125.40900", "2010-03-31": "113.58200", "2009-12-31": ""}, "Research And Development Expenses": {"2020-09-30": "46.00000", "2020-06-30": "51.00000", "2020-03-31": "73.00000", "2019-12-31": "71.00000", "2019-09-30": "76.00000", "2019-06-30": "74.00000", "2019-03-31": "73.00000", "2018-12-31": "68.00000", "2018-09-30": "72.00000", "2018-06-30": "68.00000", "2018-03-31": "67.00000", "2017-12-31": "59.00000", "2017-09-30": "61.00000", "2017-06-30": "64.00000", "2017-03-31": "59.00000", "2016-12-31": "57.00000", "2016-09-30": "62.00000", "2016-06-30": "63.00000", "2016-03-31": "61.00000", "2015-12-31": "54.00000", "2015-09-30": "54.00000", "2015-06-30": "50.00000", "2015-03-31": "49.00000", "2014-12-31": "46.00000", "2014-09-30": "46.00000", "2014-06-30": "41.00000", "2014-03-31": "38.00000", "2013-12-31": "36.00000", "2013-09-30": "34.00000", "2013-06-30": "32.00000", "2013-03-31": "29.00000", "2012-12-31": "24.05000", "2012-09-30": "23.53500", "2012-06-30": "21.57400", "2012-03-31": "17.84100", "2011-12-31": "16.23200", "2011-09-30": "14.74800", "2011-06-30": "13.37900", "2011-03-31": "13.08900", "2010-12-31": "", "2010-09-30": "", "2010-06-30": "", "2010-03-31": "", "2009-12-31": ""}, "SG&A Expenses": {"2020-09-30": "105.00000", "2020-06-30": "97.00000", "2020-03-31": "181.00000", "2019-12-31": "187.00000", "2019-09-30": "227.00000", "2019-06-30": "225.00000", "2019-03-31": "220.00000", "2018-12-31": "206.00000", "2018-09-30": "246.00000", "2018-06-30": "263.00000", "2018-03-31": "240.00000", "2017-12-31": "208.00000", "2017-09-30": "289.00000", "2017-06-30": "267.00000", "2017-03-31": "242.00000", "2016-12-31": "206.00000", "2016-09-30": "248.00000", "2016-06-30": "236.00000", "2016-03-31": "209.00000", "2015-12-31": "242.00000", "2015-09-30": "234.00000", "2015-06-30": "236.00000", "2015-03-31": "190.00000", "2014-12-31": "149.00000", "2014-09-30": "195.00000", "2014-06-30": "159.00000", "2014-03-31": "127.00000", "2013-12-31": "134.00000", "2013-09-30": "122.00000", "2013-06-30": "108.00000", "2013-03-31": "102.00000", "2012-12-31": "88.15900", "2012-09-30": "87.70300", "2012-06-30": "82.49500", "2012-03-31": "83.64300", "2011-12-31": "71.38500", "2011-09-30": "69.54300", "2011-06-30": "60.62900", "2011-03-31": "52.38900", "2010-12-31": "", "2010-09-30": "", "2010-06-30": "", "2010-03-31": "", "2009-12-31": ""}, "Other Operating Income Or Expenses": {"2020-09-30": "", "2020-06-30": "", "2020-03-31": "", "2019-12-31": "", "2019-09-30": "", "2019-06-30": "", "2019-03-31": "", "2018-12-31": "", "2018-09-30": "", "2018-06-30": "", "2018-03-31": "", "2017-12-31": "", "2017-09-30": "", "2017-06-30": "", "2017-03-31": "", "2016-12-31": "", "2016-09-30": "", "2016-06-30": "", "2016-03-31": "", "2015-12-31": "", "2015-09-30": "", "2015-06-30": "", "2015-03-31": "", "2014-12-31": "", "2014-09-30": "", "2014-06-30": "", "2014-03-31": "", "2013-12-31": "", "2013-09-30": "", "2013-06-30": "", "2013-03-31": "", "2012-12-31": "", "2012-09-30": "", "2012-06-30": "", "2012-03-31": "", "2011-12-31": "-6.94900", "2011-09-30": "-4.19100", "2011-06-30": "-3.03400", "2011-03-31": "-1.98000", "2010-12-31": "", "2010-09-30": "", "2010-06-30": "", "2010-03-31": "", "2009-12-31": ""}, "Operating Expenses": {"2020-09-30": "197.00000", "2020-06-30": "223.00000", "2020-03-31": "305.00000", "2019-12-31": "312.00000", "2019-09-30": "360.00000", "2019-06-30": "356.00000", "2019-03-31": "345.00000", "2018-12-31": "324.00000", "2018-09-30": "369.00000", "2018-06-30": "384.00000", "2018-03-31": "355.00000", "2017-12-31": "312.00000", "2017-09-30": "397.00000", "2017-06-30": "378.00000", "2017-03-31": "345.00000", "2016-12-31": "305.00000", "2016-09-30": "355.00000", "2016-06-30": "344.00000", "2016-03-31": "310.00000", "2015-12-31": "334.00000", "2015-09-30": "327.00000", "2015-06-30": "326.00000", "2015-03-31": "273.00000", "2014-12-31": "228.00000", "2014-09-30": "270.00000", "2014-06-30": "223.00000", "2014-03-31": "185.00000", "2013-12-31": "185.00000", "2013-09-30": "171.00000", "2013-06-30": "153.00000", "2013-03-31": "142.00000", "2012-12-31": "122.73100", "2012-09-30": "120.46100", "2012-06-30": "113.47000", "2012-03-31": "110.33800", "2011-12-31": "104.24200", "2011-09-30": "98.73300", "2011-06-30": "85.42300", "2011-03-31": "75.90800", "2010-12-31": "", "2010-09-30": "", "2010-06-30": "", "2010-03-31": "", "2009-12-31": ""}, "Operating Income": {"2020-09-30": "-46.00000", "2020-06-30": "-164.00000", "2020-03-31": "-27.00000", "2019-12-31": "22.00000", "2019-09-30": "68.00000", "2019-06-30": "66.00000", "2019-03-31": "31.00000", "2018-12-31": "22.00000", "2018-09-30": "89.00000", "2018-06-30": "49.00000", "2018-03-31": "23.00000", "2017-12-31": "9.00000", "2017-09-30": "42.00000", "2017-06-30": "46.00000", "2017-03-31": "27.00000", "2016-12-31": "11.00000", "2016-09-30": "66.00000", "2016-06-30": "47.00000", "2016-03-31": "42.00000", "2015-12-31": "-25.00000", "2015-09-30": "88.00000", "2015-06-30": "79.00000", "2015-03-31": "90.00000", "2014-12-31": "60.00000", "2014-09-30": "84.00000", "2014-06-30": "100.00000", "2014-03-31": "96.00000", "2013-12-31": "28.00000", "2013-09-30": "84.00000", "2013-06-30": "94.00000", "2013-03-31": "88.00000", "2012-12-31": "46.69600", "2012-09-30": "92.24900", "2012-06-30": "83.67800", "2012-03-31": "73.37700", "2011-12-31": "33.55600", "2011-09-30": "82.06800", "2011-06-30": "83.81900", "2011-03-31": "73.31400", "2010-12-31": "106.32500", "2010-09-30": "139.31900", "2010-06-30": "125.40900", "2010-03-31": "113.58200", "2009-12-31": ""}, "Total Non-Operating Income/Expense": {"2020-09-30": "-12.00000", "2020-06-30": "-15.00000", "2020-03-31": "", "2019-12-31": "-2.00000", "2019-09-30": "5.00000", "2019-06-30": "2.00000", "2019-03-31": "2.00000", "2018-12-31": "1.00000", "2018-09-30": "-2.00000", "2018-06-30": "-7.00000", "2018-03-31": "-2.00000", "2017-12-31": "-6.00000", "2017-09-30": "-4.00000", "2017-06-30": "-2.00000", "2017-03-31": "-2.00000", "2016-12-31": "-5.00000", "2016-09-30": "-3.00000", "2016-06-30": "-3.00000", "2016-03-31": "-4.00000", "2015-12-31": "-2.00000", "2015-09-30": "10.00000", "2015-06-30": "3.00000", "2015-03-31": "-4.00000", "2014-12-31": "-5.00000", "2014-09-30": "-9.00000", "2014-06-30": "-2.00000", "2014-03-31": "-2.00000", "2013-12-31": "-2.00000", "2013-09-30": "", "2013-06-30": "-4.00000", "2013-03-31": "-4.00000", "2012-12-31": "-3.38100", "2012-09-30": "-1.43900", "2012-06-30": "-6.94400", "2012-03-31": "-2.23600", "2011-12-31": "-0.01000", "2011-09-30": "-2.59000", "2011-06-30": "0.67400", "2011-03-31": "1.06300", "2010-12-31": "", "2010-09-30": "", "2010-06-30": "", "2010-03-31": "", "2009-12-31": ""}, "Pre-Tax Income": {"2020-09-30": "-58.00000", "2020-06-30": "-179.00000", "2020-03-31": "-27.00000", "2019-12-31": "20.00000", "2019-09-30": "73.00000", "2019-06-30": "68.00000", "2019-03-31": "33.00000", "2018-12-31": "23.00000", "2018-09-30": "87.00000", "2018-06-30": "42.00000", "2018-03-31": "21.00000", "2017-12-31": "3.00000", "2017-09-30": "38.00000", "2017-06-30": "44.00000", "2017-03-31": "25.00000", "2016-12-31": "6.00000", "2016-09-30": "63.00000", "2016-06-30": "44.00000", "2016-03-31": "38.00000", "2015-12-31": "-27.00000", "2015-09-30": "98.00000", "2015-06-30": "82.00000", "2015-03-31": "86.00000", "2014-12-31": "55.00000", "2014-09-30": "75.00000", "2014-06-30": "98.00000", "2014-03-31": "94.00000", "2013-12-31": "26.00000", "2013-09-30": "84.00000", "2013-06-30": "90.00000", "2013-03-31": "84.00000", "2012-12-31": "43.31500", "2012-09-30": "90.81000", "2012-06-30": "76.73400", "2012-03-31": "71.14100", "2011-12-31": "33.54600", "2011-09-30": "79.47800", "2011-06-30": "84.49300", "2011-03-31": "74.37700", "2010-12-31": "106.32500", "2010-09-30": "139.31900", "2010-06-30": "125.40900", "2010-03-31": "113.58200", "2009-12-31": ""}, "Income Taxes": {"2020-09-30": "-10.00000", "2020-06-30": "-26.00000", "2020-03-31": "-11.00000", "2019-12-31": "4.00000", "2019-09-30": "23.00000", "2019-06-30": "34.00000", "2019-03-31": "7.00000", "2018-12-31": "16.00000", "2018-09-30": "18.00000", "2018-06-30": "10.00000", "2018-03-31": "16.00000", "2017-12-31": "87.00000", "2017-09-30": "13.00000", "2017-06-30": "17.00000", "2017-03-31": "12.00000", "2016-12-31": "4.00000", "2016-09-30": "8.00000", "2016-06-30": "10.00000", "2016-03-31": "9.00000", "2015-12-31": "-30.00000", "2015-09-30": "24.00000", "2015-06-30": "24.00000", "2015-03-31": "23.00000", "2014-12-31": "19.00000", "2014-09-30": "21.00000", "2014-06-30": "30.00000", "2014-03-31": "26.00000", "2013-12-31": "6.00000", "2013-09-30": "28.00000", "2013-06-30": "23.00000", "2013-03-31": "22.00000", "2012-12-31": "9.18600", "2012-09-30": "31.27500", "2012-06-30": "23.56900", "2012-03-31": "22.97000", "2011-12-31": "11.52900", "2011-09-30": "25.18500", "2011-06-30": "30.38300", "2011-03-31": "27.00600", "2010-12-31": "", "2010-09-30": "", "2010-06-30": "", "2010-03-31": "", "2009-12-31": ""}, "Income After Taxes": {"2020-09-30": "-48.00000", "2020-06-30": "-153.00000", "2020-03-31": "-16.00000", "2019-12-31": "16.00000", "2019-09-30": "50.00000", "2019-06-30": "34.00000", "2019-03-31": "26.00000", "2018-12-31": "7.00000", "2018-09-30": "69.00000", "2018-06-30": "32.00000", "2018-03-31": "5.00000", "2017-12-31": "-84.00000", "2017-09-30": "25.00000", "2017-06-30": "27.00000", "2017-03-31": "13.00000", "2016-12-31": "2.00000", "2016-09-30": "55.00000", "2016-06-30": "34.00000", "2016-03-31": "29.00000", "2015-12-31": "3.00000", "2015-09-30": "74.00000", "2015-06-30": "58.00000", "2015-03-31": "63.00000", "2014-12-31": "36.00000", "2014-09-30": "54.00000", "2014-06-30": "68.00000", "2014-03-31": "68.00000", "2013-12-31": "20.00000", "2013-09-30": "56.00000", "2013-06-30": "67.00000", "2013-03-31": "62.00000", "2012-12-31": "34.12900", "2012-09-30": "59.53500", "2012-06-30": "53.16500", "2012-03-31": "48.17100", "2011-12-31": "22.01700", "2011-09-30": "54.29300", "2011-06-30": "54.11000", "2011-03-31": "47.37100", "2010-12-31": "106.32500", "2010-09-30": "139.31900", "2010-06-30": "125.40900", "2010-03-31": "113.58200", "2009-12-31": ""}, "Other Income": {"2020-09-30": "", "2020-06-30": "", "2020-03-31": "", "2019-12-31": "", "2019-09-30": "", "2019-06-30": "", "2019-03-31": "", "2018-12-31": "", "2018-09-30": "", "2018-06-30": "", "2018-03-31": "", "2017-12-31": "", "2017-09-30": "", "2017-06-30": "", "2017-03-31": "", "2016-12-31": "", "2016-09-30": "", "2016-06-30": "", "2016-03-31": "", "2015-12-31": "", "2015-09-30": "", "2015-06-30": "", "2015-03-31": "", "2014-12-31": "", "2014-09-30": "", "2014-06-30": "", "2014-03-31": "", "2013-12-31": "", "2013-09-30": "", "2013-06-30": "", "2013-03-31": "", "2012-12-31": "", "2012-09-30": "", "2012-06-30": "", "2012-03-31": "", "2011-12-31": "", "2011-09-30": "", "2011-06-30": "", "2011-03-31": "", "2010-12-31": "", "2010-09-30": "", "2010-06-30": "", "2010-03-31": "", "2009-12-31": ""}, "Income From Continuous Operations": {"2020-09-30": "-48.00000", "2020-06-30": "-153.00000", "2020-03-31": "-16.00000", "2019-12-31": "16.00000", "2019-09-30": "50.00000", "2019-06-30": "34.00000", "2019-03-31": "26.00000", "2018-12-31": "7.00000", "2018-09-30": "69.00000", "2018-06-30": "32.00000", "2018-03-31": "5.00000", "2017-12-31": "-84.00000", "2017-09-30": "25.00000", "2017-06-30": "27.00000", "2017-03-31": "13.00000", "2016-12-31": "2.00000", "2016-09-30": "55.00000", "2016-06-30": "34.00000", "2016-03-31": "29.00000", "2015-12-31": "3.00000", "2015-09-30": "74.00000", "2015-06-30": "58.00000", "2015-03-31": "63.00000", "2014-12-31": "36.00000", "2014-09-30": "54.00000", "2014-06-30": "68.00000", "2014-03-31": "68.00000", "2013-12-31": "20.00000", "2013-09-30": "56.00000", "2013-06-30": "67.00000", "2013-03-31": "62.00000", "2012-12-31": "34.12900", "2012-09-30": "59.53500", "2012-06-30": "53.16500", "2012-03-31": "48.17100", "2011-12-31": "22.01700", "2011-09-30": "54.29300", "2011-06-30": "54.11000", "2011-03-31": "47.37100", "2010-12-31": "18.42900", "2010-09-30": "42.91200", "2010-06-30": "40.06200", "2010-03-31": "37.37300", "2009-12-31": ""}, "Income From Discontinued Operations": {"2020-09-30": "", "2020-06-30": "", "2020-03-31": "", "2019-12-31": "", "2019-09-30": "", "2019-06-30": "", "2019-03-31": "", "2018-12-31": "", "2018-09-30": "", "2018-06-30": "", "2018-03-31": "", "2017-12-31": "", "2017-09-30": "", "2017-06-30": "", "2017-03-31": "", "2016-12-31": "", "2016-09-30": "", "2016-06-30": "", "2016-03-31": "", "2015-12-31": "", "2015-09-30": "", "2015-06-30": "", "2015-03-31": "", "2014-12-31": "", "2014-09-30": "", "2014-06-30": "", "2014-03-31": "", "2013-12-31": "", "2013-09-30": "", "2013-06-30": "", "2013-03-31": "", "2012-12-31": "", "2012-09-30": "", "2012-06-30": "", "2012-03-31": "", "2011-12-31": "", "2011-09-30": "", "2011-06-30": "", "2011-03-31": "", "2010-12-31": "0.00000", "2010-09-30": "0.00000", "2010-06-30": "0.00000", "2010-03-31": "0.00000", "2009-12-31": ""}, "Net Income": {"2020-09-30": "-48.00000", "2020-06-30": "-153.00000", "2020-03-31": "-16.00000", "2019-12-31": "16.00000", "2019-09-30": "50.00000", "2019-06-30": "34.00000", "2019-03-31": "26.00000", "2018-12-31": "7.00000", "2018-09-30": "69.00000", "2018-06-30": "32.00000", "2018-03-31": "5.00000", "2017-12-31": "-84.00000", "2017-09-30": "25.00000", "2017-06-30": "27.00000", "2017-03-31": "13.00000", "2016-12-31": "2.00000", "2016-09-30": "55.00000", "2016-06-30": "34.00000", "2016-03-31": "29.00000", "2015-12-31": "3.00000", "2015-09-30": "74.00000", "2015-06-30": "58.00000", "2015-03-31": "63.00000", "2014-12-31": "36.00000", "2014-09-30": "54.00000", "2014-06-30": "68.00000", "2014-03-31": "68.00000", "2013-12-31": "20.00000", "2013-09-30": "56.00000", "2013-06-30": "67.00000", "2013-03-31": "62.00000", "2012-12-31": "33.51000", "2012-09-30": "59.36000", "2012-06-30": "53.01900", "2012-03-31": "48.11100", "2011-12-31": "22.02100", "2011-09-30": "54.31400", "2011-06-30": "54.06400", "2011-03-31": "47.27800", "2010-12-31": "18.42900", "2010-09-30": "42.91200", "2010-06-30": "40.06200", "2010-03-31": "37.37300", "2009-12-31": ""}, "EBITDA": {"2020-09-30": "-13.00000", "2020-06-30": "-132.00000", "2020-03-31": "5.00000", "2019-12-31": "56.00000", "2019-09-30": "99.00000", "2019-06-30": "96.00000", "2019-03-31": "62.00000", "2018-12-31": "53.00000", "2018-09-30": "117.00000", "2018-06-30": "78.00000", "2018-03-31": "51.00000", "2017-12-31": "38.00000", "2017-09-30": "70.00000", "2017-06-30": "73.00000", "2017-03-31": "54.00000", "2016-12-31": "38.00000", "2016-09-30": "92.00000", "2016-06-30": "71.00000", "2016-03-31": "66.00000", "2015-12-31": "", "2015-09-30": "112.00000", "2015-06-30": "102.00000", "2015-03-31": "111.00000", "2014-12-31": "81.00000", "2014-09-30": "102.00000", "2014-06-30": "114.00000", "2014-03-31": "108.00000", "2013-12-31": "34.00000", "2013-09-30": "95.00000", "2013-06-30": "105.00000", "2013-03-31": "96.00000", "2012-12-31": "55.07100", "2012-09-30": "98.80400", "2012-06-30": "90.36400", "2012-03-31": "79.76100", "2011-12-31": "40.57300", "2011-09-30": "89.09200", "2011-06-30": "89.46500", "2011-03-31": "79.53300", "2010-12-31": "106.32500", "2010-09-30": "139.31900", "2010-06-30": "125.40900", "2010-03-31": "113.58200", "2009-12-31": ""}, "EBIT": {"2020-09-30": "-46.00000", "2020-06-30": "-164.00000", "2020-03-31": "-27.00000", "2019-12-31": "22.00000", "2019-09-30": "68.00000", "2019-06-30": "66.00000", "2019-03-31": "31.00000", "2018-12-31": "22.00000", "2018-09-30": "89.00000", "2018-06-30": "49.00000", "2018-03-31": "23.00000", "2017-12-31": "9.00000", "2017-09-30": "42.00000", "2017-06-30": "46.00000", "2017-03-31": "27.00000", "2016-12-31": "11.00000", "2016-09-30": "66.00000", "2016-06-30": "47.00000", "2016-03-31": "42.00000", "2015-12-31": "-25.00000", "2015-09-30": "88.00000", "2015-06-30": "79.00000", "2015-03-31": "90.00000", "2014-12-31": "60.00000", "2014-09-30": "84.00000", "2014-06-30": "100.00000", "2014-03-31": "96.00000", "2013-12-31": "28.00000", "2013-09-30": "84.00000", "2013-06-30": "94.00000", "2013-03-31": "88.00000", "2012-12-31": "46.69600", "2012-09-30": "92.24900", "2012-06-30": "83.67800", "2012-03-31": "73.37700", "2011-12-31": "33.55600", "2011-09-30": "82.06800", "2011-06-30": "83.81900", "2011-03-31": "73.31400", "2010-12-31": "106.32500", "2010-09-30": "139.31900", "2010-06-30": "125.40900", "2010-03-31": "113.58200", "2009-12-31": ""}, "Basic Shares Outstanding": {"2020-09-30": "134.00000", "2020-06-30": "134.00000", "2020-03-31": "136.00000", "2019-12-31": "139.00000", "2019-09-30": "139.00000", "2019-06-30": "139.00000", "2019-03-31": "138.00000", "2018-12-31": "138.00000", "2018-09-30": "138.00000", "2018-06-30": "138.00000", "2018-03-31": "139.00000", "2017-12-31": "140.00000", "2017-09-30": "139.00000", "2017-06-30": "140.00000", "2017-03-31": "144.00000", "2016-12-31": "145.00000", "2016-09-30": "146.00000", "2016-06-30": "146.00000", "2016-03-31": "145.00000", "2015-12-31": "143.83600", "2015-09-30": "144.00000", "2015-06-30": "144.00000", "2015-03-31": "143.00000", "2014-12-31": "143.00000", "2014-09-30": "143.00000", "2014-06-30": "143.00000", "2014-03-31": "142.00000", "2013-12-31": "143.00000", "2013-09-30": "142.69000", "2013-06-30": "143.53100", "2013-03-31": "143.06300", "2012-12-31": "139.00000", "2012-09-30": "142.34200", "2012-06-30": "139.27800", "2012-03-31": "133.75400", "2011-12-31": "133.46100", "2011-09-30": "133.46100", "2011-06-30": "133.46100", "2011-03-31": "133.46100", "2010-12-31": "133.46100", "2010-09-30": "134.10000", "2010-06-30": "133.54000", "2010-03-31": "133.47500", "2009-12-31": ""}, "Shares Outstanding": {"2020-09-30": "134.00000", "2020-06-30": "134.00000", "2020-03-31": "136.00000", "2019-12-31": "141.00000", "2019-09-30": "140.00000", "2019-06-30": "141.00000", "2019-03-31": "141.00000", "2018-12-31": "140.00000", "2018-09-30": "141.00000", "2018-06-30": "140.00000", "2018-03-31": "140.00000", "2017-12-31": "140.00000", "2017-09-30": "139.00000", "2017-06-30": "141.00000", "2017-03-31": "145.00000", "2016-12-31": "147.00000", "2016-09-30": "147.00000", "2016-06-30": "147.00000", "2016-03-31": "147.00000", "2015-12-31": "145.96700", "2015-09-30": "146.00000", "2015-06-30": "146.00000", "2015-03-31": "146.00000", "2014-12-31": "146.00000", "2014-09-30": "146.00000", "2014-06-30": "146.00000", "2014-03-31": "146.00000", "2013-12-31": "145.00000", "2013-09-30": "145.45400", "2013-06-30": "145.66400", "2013-03-31": "144.65500", "2012-12-31": "141.00000", "2012-09-30": "143.65700", "2012-06-30": "141.73700", "2012-03-31": "136.15800", "2011-12-31": "134.86500", "2011-09-30": "133.46100", "2011-06-30": "133.46100", "2011-03-31": "133.46100", "2010-12-31": "133.46100", "2010-09-30": "134.10000", "2010-06-30": "133.54000", "2010-03-31": "133.47500", "2009-12-31": ""}, "Basic EPS": {"2020-09-30": "-0.36000", "2020-06-30": "-1.14000", "2020-03-31": "-0.12000", "2019-12-31": "0.12000", "2019-09-30": "0.36000", "2019-06-30": "0.24000", "2019-03-31": "0.19000", "2018-12-31": "0.05000", "2018-09-30": "0.50000", "2018-06-30": "0.23000", "2018-03-31": "0.04000", "2017-12-31": "-0.60000", "2017-09-30": "0.18000", "2017-06-30": "0.19000", "2017-03-31": "0.09000", "2016-12-31": "0.02000", "2016-09-30": "0.38000", "2016-06-30": "0.23000", "2016-03-31": "0.20000", "2015-12-31": "0.03000", "2015-09-30": "0.51000", "2015-06-30": "0.40000", "2015-03-31": "0.44000", "2014-12-31": "0.24000", "2014-09-30": "0.38000", "2014-06-30": "0.48000", "2014-03-31": "0.48000", "2013-12-31": "0.14000", "2013-09-30": "0.39000", "2013-06-30": "0.47000", "2013-03-31": "0.44000", "2012-12-31": "0.23000", "2012-09-30": "0.42000", "2012-06-30": "0.38000", "2012-03-31": "0.36000", "2011-12-31": "0.16000", "2011-09-30": "0.41000", "2011-06-30": "0.41000", "2011-03-31": "0.35000", "2010-12-31": "0.14000", "2010-09-30": "0.32000", "2010-06-30": "0.30000", "2010-03-31": "0.28000", "2009-12-31": ""}, "EPS - Earnings Per Share": {"2020-09-30": "-0.36000", "2020-06-30": "-1.14000", "2020-03-31": "-0.12000", "2019-12-31": "0.11000", "2019-09-30": "0.36000", "2019-06-30": "0.24000", "2019-03-31": "0.18000", "2018-12-31": "0.05000", "2018-09-30": "0.49000", "2018-06-30": "0.23000", "2018-03-31": "0.04000", "2017-12-31": "-0.60000", "2017-09-30": "0.18000", "2017-06-30": "0.19000", "2017-03-31": "0.09000", "2016-12-31": "0.02000", "2016-09-30": "0.37000", "2016-06-30": "0.23000", "2016-03-31": "0.20000", "2015-12-31": "0.02000", "2015-09-30": "0.51000", "2015-06-30": "0.40000", "2015-03-31": "0.43000", "2014-12-31": "0.24000", "2014-09-30": "0.37000", "2014-06-30": "0.47000", "2014-03-31": "0.47000", "2013-12-31": "0.14000", "2013-09-30": "0.38000", "2013-06-30": "0.46000", "2013-03-31": "0.43000", "2012-12-31": "0.24000", "2012-09-30": "0.41000", "2012-06-30": "0.37000", "2012-03-31": "0.35000", "2011-12-31": "0.15000", "2011-09-30": "0.41000", "2011-06-30": "0.41000", "2011-03-31": "0.35000", "2010-12-31": "0.14000", "2010-09-30": "0.32000", "2010-06-30": "0.30000", "2010-03-31": "0.28000", "2009-12-31": "0.00000"}}, "balance sheet": {"Cash On Hand": {"2019-12-31": "319.00000", "2018-12-31": "670.00000", "2017-12-31": "708.00000", "2016-12-31": "730.00000", "2015-12-31": "661.00000", "2014-12-31": "563.00000", "2013-12-31": "482.00000", "2012-12-31": "486.48500", "2011-12-31": "183.53200", "2010-12-31": "113.43000", "2009-12-31": ""}, "Receivables": {"2019-12-31": "183.00000", "2018-12-31": "212.00000", "2017-12-31": "260.00000", "2016-12-31": "189.00000", "2015-12-31": "180.00000", "2014-12-31": "151.00000", "2013-12-31": "113.00000", "2012-12-31": "129.67300", "2011-12-31": "82.01700", "2010-12-31": "51.15000", "2009-12-31": ""}, "Inventory": {"2019-12-31": "", "2018-12-31": "", "2017-12-31": "", "2016-12-31": "", "2015-12-31": "", "2014-12-31": "", "2013-12-31": "", "2012-12-31": "", "2011-12-31": "", "2010-12-31": "", "2009-12-31": ""}, "Pre-Paid Expenses": {"2019-12-31": "31.00000", "2018-12-31": "33.00000", "2017-12-31": "25.00000", "2016-12-31": "31.00000", "2015-12-31": "24.00000", "2014-12-31": "23.00000", "2013-12-31": "35.00000", "2012-12-31": "10.36500", "2011-12-31": "6.27900", "2010-12-31": "4.26700", "2009-12-31": ""}, "Other Current Assets": {"2019-12-31": "", "2018-12-31": "", "2017-12-31": "", "2016-12-31": "", "2015-12-31": "", "2014-12-31": "", "2013-12-31": "", "2012-12-31": "", "2011-12-31": "", "2010-12-31": "", "2009-12-31": ""}, "Total Current Assets": {"2019-12-31": "533.00000", "2018-12-31": "915.00000", "2017-12-31": "993.00000", "2016-12-31": "950.00000", "2015-12-31": "865.00000", "2014-12-31": "737.00000", "2013-12-31": "630.00000", "2012-12-31": "632.49400", "2011-12-31": "278.32200", "2010-12-31": "176.80100", "2009-12-31": ""}, "Property, Plant, And Equipment": {"2019-12-31": "270.00000", "2018-12-31": "253.00000", "2017-12-31": "263.00000", "2016-12-31": "260.00000", "2015-12-31": "247.00000", "2014-12-31": "195.00000", "2013-12-31": "82.00000", "2012-12-31": "43.80200", "2011-12-31": "34.75400", "2010-12-31": "30.74400", "2009-12-31": ""}, "Long-Term Investments": {"2019-12-31": "55.00000", "2018-12-31": "12.00000", "2017-12-31": "27.00000", "2016-12-31": "16.00000", "2015-12-31": "37.00000", "2014-12-31": "31.00000", "2013-12-31": "188.00000", "2012-12-31": "99.24800", "2011-12-31": "", "2010-12-31": "", "2009-12-31": ""}, "Goodwill And Intangible Assets": {"2019-12-31": "950.00000", "2018-12-31": "874.00000", "2017-12-31": "900.00000", "2016-12-31": "903.00000", "2015-12-31": "908.00000", "2014-12-31": "948.00000", "2013-12-31": "554.00000", "2012-12-31": "509.87400", "2011-12-31": "510.92200", "2010-12-31": "510.70400", "2009-12-31": "0.00000"}, "Other Long-Term Assets": {"2019-12-31": "95.00000", "2018-12-31": "86.00000", "2017-12-31": "73.00000", "2016-12-31": "67.00000", "2015-12-31": "46.00000", "2014-12-31": "37.00000", "2013-12-31": "19.00000", "2012-12-31": "13.27400", "2011-12-31": "11.88800", "2010-12-31": "4.64000", "2009-12-31": ""}, "Total Long-Term Assets": {"2019-12-31": "1451.00000", "2018-12-31": "1252.00000", "2017-12-31": "1279.00000", "2016-12-31": "1288.00000", "2015-12-31": "1263.00000", "2014-12-31": "1211.00000", "2013-12-31": "843.00000", "2012-12-31": "666.70000", "2011-12-31": "557.56400", "2010-12-31": "546.08800", "2009-12-31": ""}, "Total Assets": {"2019-12-31": "1984.00000", "2018-12-31": "2167.00000", "2017-12-31": "2272.00000", "2016-12-31": "2238.00000", "2015-12-31": "2128.00000", "2014-12-31": "1948.00000", "2013-12-31": "1473.00000", "2012-12-31": "1299.19400", "2011-12-31": "835.88600", "2010-12-31": "722.88900", "2009-12-31": "0.00000"}, "Total Current Liabilities": {"2019-12-31": "435.00000", "2018-12-31": "393.00000", "2017-12-31": "372.00000", "2016-12-31": "423.00000", "2015-12-31": "312.00000", "2014-12-31": "381.00000", "2013-12-31": "243.00000", "2012-12-31": "195.64000", "2011-12-31": "126.53000", "2010-12-31": "142.68900", "2009-12-31": ""}, "Long Term Debt": {"2019-12-31": "", "2018-12-31": "", "2017-12-31": "230.00000", "2016-12-31": "91.00000", "2015-12-31": "200.00000", "2014-12-31": "259.00000", "2013-12-31": "300.00000", "2012-12-31": "340.00000", "2011-12-31": "380.00000", "2010-12-31": "", "2009-12-31": ""}, "Other Non-Current Liabilities": {"2019-12-31": "380.00000", "2018-12-31": "282.00000", "2017-12-31": "293.00000", "2016-12-31": "210.00000", "2015-12-31": "189.00000", "2014-12-31": "154.00000", "2013-12-31": "52.00000", "2012-12-31": "25.56300", "2011-12-31": "15.95200", "2010-12-31": "11.68000", "2009-12-31": ""}, "Total Long Term Liabilities": {"2019-12-31": "388.00000", "2018-12-31": "303.00000", "2017-12-31": "537.00000", "2016-12-31": "313.00000", "2015-12-31": "404.00000", "2014-12-31": "442.00000", "2013-12-31": "365.00000", "2012-12-31": "376.58600", "2011-12-31": "415.81900", "2010-12-31": "40.56800", "2009-12-31": ""}, "Total Liabilities": {"2019-12-31": "823.00000", "2018-12-31": "696.00000", "2017-12-31": "909.00000", "2016-12-31": "736.00000", "2015-12-31": "716.00000", "2014-12-31": "823.00000", "2013-12-31": "608.00000", "2012-12-31": "572.22600", "2011-12-31": "542.34900", "2010-12-31": "183.25700", "2009-12-31": "0.00000"}, "Common Stock Net": {"2019-12-31": "", "2018-12-31": "", "2017-12-31": "926.00000", "2016-12-31": "", "2015-12-31": "", "2014-12-31": "", "2013-12-31": "", "2012-12-31": "0.14300", "2011-12-31": "0.13400", "2010-12-31": "", "2009-12-31": "0.00000"}, "Retained Earnings (Accumulated Deficit)": {"2019-12-31": "681.00000", "2018-12-31": "1043.00000", "2017-12-31": "926.00000", "2016-12-31": "945.00000", "2015-12-31": "826.00000", "2014-12-31": "628.00000", "2013-12-31": "402.00000", "2012-12-31": "196.43800", "2011-12-31": "2.36900", "2010-12-31": "", "2009-12-31": ""}, "Comprehensive Income": {"2019-12-31": "-63.00000", "2018-12-31": "-62.00000", "2017-12-31": "-42.00000", "2016-12-31": "-77.00000", "2015-12-31": "-63.00000", "2014-12-31": "-31.00000", "2013-12-31": "0.00000", "2012-12-31": "-0.86900", "2011-12-31": "-2.71000", "2010-12-31": "-1.92900", "2009-12-31": ""}, "Other Share Holders Equity": {"2019-12-31": "", "2018-12-31": "", "2017-12-31": "", "2016-12-31": "", "2015-12-31": "", "2014-12-31": "", "2013-12-31": "", "2012-12-31": "", "2011-12-31": "", "2010-12-31": "", "2009-12-31": "0.00000"}, "Share Holder Equity": {"2019-12-31": "1161.00000", "2018-12-31": "1471.00000", "2017-12-31": "1363.00000", "2016-12-31": "1502.00000", "2015-12-31": "1412.00000", "2014-12-31": "1125.00000", "2013-12-31": "865.00000", "2012-12-31": "726.96800", "2011-12-31": "293.53700", "2010-12-31": "539.63200", "2009-12-31": "0.00000"}, "Total Liabilities And Share Holders Equity": {"2019-12-31": "1984.00000", "2018-12-31": "2167.00000", "2017-12-31": "2272.00000", "2016-12-31": "2238.00000", "2015-12-31": "2128.00000", "2014-12-31": "1948.00000", "2013-12-31": "1473.00000", "2012-12-31": "1299.19400", "2011-12-31": "835.88600", "2010-12-31": "722.88900", "2009-12-31": "0.00000"}}, "balance sheet, quarterly": {"Cash On Hand": {"2020-09-30": "446.00000", "2020-06-30": "698.00000", "2020-03-31": "798.00000", "2019-12-31": "319.00000", "2019-09-30": "933.00000", "2019-06-30": "966.00000", "2019-03-31": "811.00000", "2018-12-31": "670.00000", "2018-09-30": "663.00000", "2018-06-30": "678.00000", "2018-03-31": "650.00000", "2017-12-31": "708.00000", "2017-09-30": "763.00000", "2017-06-30": "904.00000", "2017-03-31": "746.00000", "2016-12-31": "730.00000", "2016-09-30": "727.00000", "2016-06-30": "853.00000", "2016-03-31": "692.00000", "2015-12-31": "661.00000", "2015-09-30": "686.00000", "2015-06-30": "711.00000", "2015-03-31": "623.00000", "2014-12-31": "563.00000", "2014-09-30": "576.00000", "2014-06-30": "638.00000", "2014-03-31": "461.00000", "2013-12-31": "482.00000", "2013-09-30": "432.35500", "2013-06-30": "396.09500", "2013-03-31": "406.14400", "2012-12-31": "486.48500", "2012-09-30": "548.37200", "2012-06-30": "478.24100", "2012-03-31": "208.62500", "2011-12-31": "183.53200", "2011-09-30": "0.00100", "2011-06-30": "", "2011-03-31": "", "2010-12-31": "113.42000", "2010-09-30": "", "2010-06-30": "", "2010-03-31": "", "2009-12-31": ""}, "Receivables": {"2020-09-30": "141.00000", "2020-06-30": "129.00000", "2020-03-31": "185.00000", "2019-12-31": "187.00000", "2019-09-30": "218.00000", "2019-06-30": "270.00000", "2019-03-31": "236.00000", "2018-12-31": "212.00000", "2018-09-30": "237.00000", "2018-06-30": "300.00000", "2018-03-31": "281.00000", "2017-12-31": "260.00000", "2017-09-30": "254.00000", "2017-06-30": "252.00000", "2017-03-31": "232.00000", "2016-12-31": "189.00000", "2016-09-30": "221.00000", "2016-06-30": "230.00000", "2016-03-31": "244.00000", "2015-12-31": "180.00000", "2015-09-30": "224.00000", "2015-06-30": "267.00000", "2015-03-31": "229.00000", "2014-12-31": "151.00000", "2014-09-30": "180.00000", "2014-06-30": "185.00000", "2014-03-31": "163.00000", "2013-12-31": "113.00000", "2013-09-30": "195.61300", "2013-06-30": "191.29200", "2013-03-31": "160.46700", "2012-12-31": "129.67300", "2012-09-30": "135.62900", "2012-06-30": "137.03100", "2012-03-31": "132.04200", "2011-12-31": "82.01700", "2011-09-30": "", "2011-06-30": "", "2011-03-31": "", "2010-12-31": "51.15000", "2010-09-30": "", "2010-06-30": "", "2010-03-31": "", "2009-12-31": ""}, "Inventory": {"2020-09-30": "", "2020-06-30": "", "2020-03-31": "", "2019-12-31": "", "2019-09-30": "", "2019-06-30": "", "2019-03-31": "", "2018-12-31": "", "2018-09-30": "", "2018-06-30": "", "2018-03-31": "", "2017-12-31": "", "2017-09-30": "", "2017-06-30": "", "2017-03-31": "", "2016-12-31": "", "2016-09-30": "", "2016-06-30": "", "2016-03-31": "", "2015-12-31": "", "2015-09-30": "", "2015-06-30": "", "2015-03-31": "", "2014-12-31": "", "2014-09-30": "", "2014-06-30": "", "2014-03-31": "", "2013-12-31": "", "2013-09-30": "", "2013-06-30": "", "2013-03-31": "", "2012-12-31": "", "2012-09-30": "", "2012-06-30": "", "2012-03-31": "", "2011-12-31": "", "2011-09-30": "", "2011-06-30": "", "2011-03-31": "", "2010-12-31": "", "2010-09-30": "", "2010-06-30": "", "2010-03-31": "", "2009-12-31": ""}, "Pre-Paid Expenses": {"2020-09-30": "26.00000", "2020-06-30": "26.00000", "2020-03-31": "29.00000", "2019-12-31": "27.00000", "2019-09-30": "30.00000", "2019-06-30": "35.00000", "2019-03-31": "35.00000", "2018-12-31": "33.00000", "2018-09-30": "26.00000", "2018-06-30": "62.00000", "2018-03-31": "52.00000", "2017-12-31": "25.00000", "2017-09-30": "25.00000", "2017-06-30": "24.00000", "2017-03-31": "25.00000", "2016-12-31": "31.00000", "2016-09-30": "18.00000", "2016-06-30": "24.00000", "2016-03-31": "28.00000", "2015-12-31": "24.00000", "2015-09-30": "33.00000", "2015-06-30": "34.00000", "2015-03-31": "42.00000", "2014-12-31": "23.00000", "2014-09-30": "36.00000", "2014-06-30": "32.00000", "2014-03-31": "16.00000", "2013-12-31": "35.00000", "2013-09-30": "13.98900", "2013-06-30": "17.05900", "2013-03-31": "11.27600", "2012-12-31": "10.36500", "2012-09-30": "8.93400", "2012-06-30": "8.65500", "2012-03-31": "8.15800", "2011-12-31": "6.27900", "2011-09-30": "", "2011-06-30": "", "2011-03-31": "", "2010-12-31": "4.26700", "2010-09-30": "", "2010-06-30": "", "2010-03-31": "", "2009-12-31": ""}, "Other Current Assets": {"2020-09-30": "", "2020-06-30": "", "2020-03-31": "", "2019-12-31": "", "2019-09-30": "", "2019-06-30": "", "2019-03-31": "", "2018-12-31": "", "2018-09-30": "", "2018-06-30": "", "2018-03-31": "", "2017-12-31": "", "2017-09-30": "", "2017-06-30": "", "2017-03-31": "", "2016-12-31": "", "2016-09-30": "", "2016-06-30": "", "2016-03-31": "", "2015-12-31": "", "2015-09-30": "", "2015-06-30": "", "2015-03-31": "", "2014-12-31": "", "2014-09-30": "", "2014-06-30": "", "2014-03-31": "", "2013-12-31": "", "2013-09-30": "", "2013-06-30": "", "2013-03-31": "", "2012-12-31": "", "2012-09-30": "", "2012-06-30": "", "2012-03-31": "", "2011-12-31": "", "2011-09-30": "", "2011-06-30": "", "2011-03-31": "", "2010-12-31": "20.17000", "2010-09-30": "", "2010-06-30": "", "2010-03-31": "", "2009-12-31": ""}, "Total Current Assets": {"2020-09-30": "613.00000", "2020-06-30": "853.00000", "2020-03-31": "1012.00000", "2019-12-31": "533.00000", "2019-09-30": "1181.00000", "2019-06-30": "1271.00000", "2019-03-31": "1082.00000", "2018-12-31": "915.00000", "2018-09-30": "926.00000", "2018-06-30": "1040.00000", "2018-03-31": "983.00000", "2017-12-31": "993.00000", "2017-09-30": "1042.00000", "2017-06-30": "1180.00000", "2017-03-31": "1003.00000", "2016-12-31": "950.00000", "2016-09-30": "966.00000", "2016-06-30": "1107.00000", "2016-03-31": "964.00000", "2015-12-31": "865.00000", "2015-09-30": "943.00000", "2015-06-30": "1012.00000", "2015-03-31": "894.00000", "2014-12-31": "737.00000", "2014-09-30": "792.00000", "2014-06-30": "855.00000", "2014-03-31": "645.00000", "2013-12-31": "630.00000", "2013-09-30": "647.75200", "2013-06-30": "611.47200", "2013-03-31": "583.82400", "2012-12-31": "632.49400", "2012-09-30": "699.58300", "2012-06-30": "630.42100", "2012-03-31": "355.32100", "2011-12-31": "278.32200", "2011-09-30": "0.00100", "2011-06-30": "", "2011-03-31": "", "2010-12-31": "176.80000", "2010-09-30": "", "2010-06-30": "", "2010-03-31": "", "2009-12-31": ""}, "Property, Plant, And Equipment": {"2020-09-30": "250.00000", "2020-06-30": "259.00000", "2020-03-31": "268.00000", "2019-12-31": "270.00000", "2019-09-30": "265.00000", "2019-06-30": "262.00000", "2019-03-31": "257.00000", "2018-12-31": "253.00000", "2018-09-30": "256.00000", "2018-06-30": "258.00000", "2018-03-31": "261.00000", "2017-12-31": "263.00000", "2017-09-30": "266.00000", "2017-06-30": "266.00000", "2017-03-31": "262.00000", "2016-12-31": "260.00000", "2016-09-30": "262.00000", "2016-06-30": "256.00000", "2016-03-31": "252.00000", "2015-12-31": "247.00000", "2015-09-30": "247.00000", "2015-06-30": "247.00000", "2015-03-31": "226.00000", "2014-12-31": "195.00000", "2014-09-30": "161.00000", "2014-06-30": "141.00000", "2014-03-31": "114.00000", "2013-12-31": "82.00000", "2013-09-30": "64.55100", "2013-06-30": "54.60100", "2013-03-31": "46.74200", "2012-12-31": "43.80200", "2012-09-30": "41.13300", "2012-06-30": "38.82800", "2012-03-31": "37.76000", "2011-12-31": "34.75400", "2011-09-30": "", "2011-06-30": "", "2011-03-31": "", "2010-12-31": "30.74400", "2010-09-30": "", "2010-06-30": "", "2010-03-31": "", "2009-12-31": ""}, "Long-Term Investments": {"2020-09-30": "40.00000", "2020-06-30": "41.00000", "2020-03-31": "54.00000", "2019-12-31": "55.00000", "2019-09-30": "", "2019-06-30": "", "2019-03-31": "", "2018-12-31": "12.00000", "2018-09-30": "", "2018-06-30": "2.00000", "2018-03-31": "5.00000", "2017-12-31": "27.00000", "2017-09-30": "6.00000", "2017-06-30": "4.00000", "2017-03-31": "3.00000", "2016-12-31": "16.00000", "2016-09-30": "29.00000", "2016-06-30": "38.00000", "2016-03-31": "17.00000", "2015-12-31": "37.00000", "2015-09-30": "44.00000", "2015-06-30": "35.00000", "2015-03-31": "19.00000", "2014-12-31": "31.00000", "2014-09-30": "38.00000", "2014-06-30": "83.00000", "2014-03-31": "284.00000", "2013-12-31": "188.00000", "2013-09-30": "163.52500", "2013-06-30": "219.86500", "2013-03-31": "190.87800", "2012-12-31": "99.24800", "2012-09-30": "", "2012-06-30": "", "2012-03-31": "", "2011-12-31": "", "2011-09-30": "", "2011-06-30": "", "2011-03-31": "", "2010-12-31": "", "2010-09-30": "", "2010-06-30": "", "2010-03-31": "", "2009-12-31": ""}, "Goodwill And Intangible Assets": {"2020-09-30": "934.00000", "2020-06-30": "932.00000", "2020-03-31": "927.00000", "2019-12-31": "950.00000", "2019-09-30": "838.00000", "2019-06-30": "856.00000", "2019-03-31": "863.00000", "2018-12-31": "874.00000", "2018-09-30": "889.00000", "2018-06-30": "901.00000", "2018-03-31": "899.00000", "2017-12-31": "900.00000", "2017-09-30": "906.00000", "2017-06-30": "906.00000", "2017-03-31": "902.00000", "2016-12-31": "903.00000", "2016-09-30": "922.00000", "2016-06-30": "902.00000", "2016-03-31": "909.00000", "2015-12-31": "908.00000", "2015-09-30": "921.00000", "2015-06-30": "942.00000", "2015-03-31": "916.00000", "2014-12-31": "948.00000", "2014-09-30": "928.00000", "2014-06-30": "720.00000", "2014-03-31": "552.00000", "2013-12-31": "554.00000", "2013-09-30": "551.69300", "2013-06-30": "554.13700", "2013-03-31": "506.17900", "2012-12-31": "509.87400", "2012-09-30": "508.08400", "2012-06-30": "507.62400", "2012-03-31": "510.58800", "2011-12-31": "510.92200", "2011-09-30": "", "2011-06-30": "0.00000", "2011-03-31": "0.00000", "2010-12-31": "510.70000", "2010-09-30": "", "2010-06-30": "", "2010-03-31": "", "2009-12-31": "0.00000"}, "Other Long-Term Assets": {"2020-09-30": "94.00000", "2020-06-30": "95.00000", "2020-03-31": "92.00000", "2019-12-31": "95.00000", "2019-09-30": "106.00000", "2019-06-30": "101.00000", "2019-03-31": "100.00000", "2018-12-31": "86.00000", "2018-09-30": "93.00000", "2018-06-30": "82.00000", "2018-03-31": "74.00000", "2017-12-31": "73.00000", "2017-09-30": "70.00000", "2017-06-30": "69.00000", "2017-03-31": "67.00000", "2016-12-31": "67.00000", "2016-09-30": "54.00000", "2016-06-30": "82.00000", "2016-03-31": "72.00000", "2015-12-31": "46.00000", "2015-09-30": "43.00000", "2015-06-30": "41.00000", "2015-03-31": "39.00000", "2014-12-31": "37.00000", "2014-09-30": "37.00000", "2014-06-30": "32.00000", "2014-03-31": "19.00000", "2013-12-31": "19.00000", "2013-09-30": "16.41400", "2013-06-30": "14.46000", "2013-03-31": "13.37700", "2012-12-31": "13.27400", "2012-09-30": "10.48300", "2012-06-30": "10.38000", "2012-03-31": "10.75900", "2011-12-31": "11.88800", "2011-09-30": "", "2011-06-30": "", "2011-03-31": "", "2010-12-31": "4.64000", "2010-09-30": "", "2010-06-30": "", "2010-03-31": "", "2009-12-31": ""}, "Total Long-Term Assets": {"2020-09-30": "1383.00000", "2020-06-30": "1396.00000", "2020-03-31": "1415.00000", "2019-12-31": "1451.00000", "2019-09-30": "1287.00000", "2019-06-30": "1295.00000", "2019-03-31": "1313.00000", "2018-12-31": "1252.00000", "2018-09-30": "1266.00000", "2018-06-30": "1264.00000", "2018-03-31": "1257.00000", "2017-12-31": "1279.00000", "2017-09-30": "1306.00000", "2017-06-30": "1292.00000", "2017-03-31": "1271.00000", "2016-12-31": "1288.00000", "2016-09-30": "1311.00000", "2016-06-30": "1278.00000", "2016-03-31": "1250.00000", "2015-12-31": "1263.00000", "2015-09-30": "1255.00000", "2015-06-30": "1265.00000", "2015-03-31": "1200.00000", "2014-12-31": "1211.00000", "2014-09-30": "1164.00000", "2014-06-30": "976.00000", "2014-03-31": "970.00000", "2013-12-31": "843.00000", "2013-09-30": "800.40100", "2013-06-30": "844.11300", "2013-03-31": "757.85400", "2012-12-31": "666.70000", "2012-09-30": "559.70000", "2012-06-30": "556.83200", "2012-03-31": "559.10690", "2011-12-31": "557.56400", "2011-09-30": "", "2011-06-30": "", "2011-03-31": "", "2010-12-31": "515.34000", "2010-09-30": "", "2010-06-30": "", "2010-03-31": "", "2009-12-31": ""}, "Total Assets": {"2020-09-30": "1996.00000", "2020-06-30": "2249.00000", "2020-03-31": "2427.00000", "2019-12-31": "1984.00000", "2019-09-30": "2468.00000", "2019-06-30": "2566.00000", "2019-03-31": "2395.00000", "2018-12-31": "2167.00000", "2018-09-30": "2192.00000", "2018-06-30": "2304.00000", "2018-03-31": "2240.00000", "2017-12-31": "2272.00000", "2017-09-30": "2348.00000", "2017-06-30": "2472.00000", "2017-03-31": "2274.00000", "2016-12-31": "2238.00000", "2016-09-30": "2277.00000", "2016-06-30": "2385.00000", "2016-03-31": "2214.00000", "2015-12-31": "2128.00000", "2015-09-30": "2198.00000", "2015-06-30": "2277.00000", "2015-03-31": "2094.00000", "2014-12-31": "1948.00000", "2014-09-30": "1956.00000", "2014-06-30": "1831.00000", "2014-03-31": "1615.00000", "2013-12-31": "1473.00000", "2013-09-30": "1448.15300", "2013-06-30": "1455.58500", "2013-03-31": "1341.67800", "2012-12-31": "1299.19400", "2012-09-30": "1259.28300", "2012-06-30": "1187.25300", "2012-03-31": "914.42800", "2011-12-31": "835.88600", "2011-09-30": "0.00100", "2011-06-30": "0.00000", "2011-03-31": "0.00000", "2010-12-31": "722.88000", "2010-09-30": "0.00000", "2010-06-30": "0.00000", "2010-03-31": "0.00000", "2009-12-31": "0.00000"}, "Total Current Liabilities": {"2020-09-30": "231.00000", "2020-06-30": "249.00000", "2020-03-31": "311.00000", "2019-12-31": "435.00000", "2019-09-30": "468.00000", "2019-06-30": "638.00000", "2019-03-31": "530.00000", "2018-12-31": "393.00000", "2018-09-30": "453.00000", "2018-06-30": "631.00000", "2018-03-31": "534.00000", "2017-12-31": "372.00000", "2017-09-30": "422.00000", "2017-06-30": "621.00000", "2017-03-31": "452.00000", "2016-12-31": "423.00000", "2016-09-30": "450.00000", "2016-06-30": "575.00000", "2016-03-31": "432.00000", "2015-12-31": "312.00000", "2015-09-30": "356.00000", "2015-06-30": "522.00000", "2015-03-31": "452.00000", "2014-12-31": "381.00000", "2014-09-30": "417.00000", "2014-06-30": "386.00000", "2014-03-31": "293.00000", "2013-12-31": "243.00000", "2013-09-30": "256.81100", "2013-06-30": "241.29900", "2013-03-31": "174.45300", "2012-12-31": "195.64000", "2012-09-30": "177.52500", "2012-06-30": "169.84400", "2012-03-31": "157.41600", "2011-12-31": "126.53000", "2011-09-30": "", "2011-06-30": "", "2011-03-31": "", "2010-12-31": "142.68000", "2010-09-30": "", "2010-06-30": "", "2010-03-31": "", "2009-12-31": ""}, "Long Term Debt": {"2020-09-30": "490.00000", "2020-06-30": "700.00000", "2020-03-31": "700.00000", "2019-12-31": "", "2019-09-30": "", "2019-06-30": "", "2019-03-31": "", "2018-12-31": "", "2018-09-30": "", "2018-06-30": "", "2018-03-31": "", "2017-12-31": "230.00000", "2017-09-30": "265.00000", "2017-06-30": "260.00000", "2017-03-31": "210.00000", "2016-12-31": "91.00000", "2016-09-30": "20.00000", "2016-06-30": "91.00000", "2016-03-31": "110.00000", "2015-12-31": "200.00000", "2015-09-30": "287.00000", "2015-06-30": "287.00000", "2015-03-31": "250.00000", "2014-12-31": "259.00000", "2014-09-30": "270.00000", "2014-06-30": "280.00000", "2014-03-31": "290.00000", "2013-12-31": "300.00000", "2013-09-30": "310.00000", "2013-06-30": "320.00000", "2013-03-31": "330.00000", "2012-12-31": "340.00000", "2012-09-30": "350.00000", "2012-06-30": "360.00000", "2012-03-31": "370.00000", "2011-12-31": "380.00000", "2011-09-30": "", "2011-06-30": "", "2011-03-31": "", "2010-12-31": "", "2010-09-30": "", "2010-06-30": "", "2010-03-31": "", "2009-12-31": ""}, "Other Non-Current Liabilities": {"2020-09-30": "357.00000", "2020-06-30": "375.00000", "2020-03-31": "373.00000", "2019-12-31": "380.00000", "2019-09-30": "344.00000", "2019-06-30": "341.00000", "2019-03-31": "336.00000", "2018-12-31": "282.00000", "2018-09-30": "277.00000", "2018-06-30": "307.00000", "2018-03-31": "300.00000", "2017-12-31": "293.00000", "2017-09-30": "228.00000", "2017-06-30": "222.00000", "2017-03-31": "215.00000", "2016-12-31": "210.00000", "2016-09-30": "207.00000", "2016-06-30": "196.00000", "2016-03-31": "192.00000", "2015-12-31": "189.00000", "2015-09-30": "187.00000", "2015-06-30": "178.00000", "2015-03-31": "174.00000", "2014-12-31": "154.00000", "2014-09-30": "134.00000", "2014-06-30": "111.00000", "2014-03-31": "73.00000", "2013-12-31": "52.00000", "2013-09-30": "42.27500", "2013-06-30": "34.26300", "2013-03-31": "30.00500", "2012-12-31": "25.56300", "2012-09-30": "15.07000", "2012-06-30": "15.66900", "2012-03-31": "16.19600", "2011-12-31": "15.95200", "2011-09-30": "", "2011-06-30": "", "2011-03-31": "", "2010-12-31": "11.68000", "2010-09-30": "", "2010-06-30": "", "2010-03-31": "", "2009-12-31": ""}, "Total Long Term Liabilities": {"2020-09-30": "857.00000", "2020-06-30": "1088.00000", "2020-03-31": "1089.00000", "2019-12-31": "388.00000", "2019-09-30": "352.00000", "2019-06-30": "353.00000", "2019-03-31": "358.00000", "2018-12-31": "303.00000", "2018-09-30": "297.00000", "2018-06-30": "326.00000", "2018-03-31": "316.00000", "2017-12-31": "537.00000", "2017-09-30": "509.00000", "2017-06-30": "497.00000", "2017-03-31": "438.00000", "2016-12-31": "313.00000", "2016-09-30": "247.00000", "2016-06-30": "305.00000", "2016-03-31": "318.00000", "2015-12-31": "404.00000", "2015-09-30": "516.00000", "2015-06-30": "514.00000", "2015-03-31": "463.00000", "2014-12-31": "442.00000", "2014-09-30": "453.00000", "2014-06-30": "419.00000", "2014-03-31": "378.00000", "2013-12-31": "365.00000", "2013-09-30": "362.53600", "2013-06-30": "362.32700", "2013-03-31": "366.96300", "2012-12-31": "376.58600", "2012-09-30": "393.11400", "2012-06-30": "390.44100", "2012-03-31": "402.30200", "2011-12-31": "415.81900", "2011-09-30": "", "2011-06-30": "", "2011-03-31": "", "2010-12-31": "40.56000", "2010-09-30": "", "2010-06-30": "", "2010-03-31": "", "2009-12-31": ""}, "Total Liabilities": {"2020-09-30": "1088.00000", "2020-06-30": "1337.00000", "2020-03-31": "1400.00000", "2019-12-31": "823.00000", "2019-09-30": "820.00000", "2019-06-30": "991.00000", "2019-03-31": "888.00000", "2018-12-31": "696.00000", "2018-09-30": "750.00000", "2018-06-30": "957.00000", "2018-03-31": "850.00000", "2017-12-31": "909.00000", "2017-09-30": "931.00000", "2017-06-30": "1118.00000", "2017-03-31": "890.00000", "2016-12-31": "736.00000", "2016-09-30": "697.00000", "2016-06-30": "880.00000", "2016-03-31": "750.00000", "2015-12-31": "716.00000", "2015-09-30": "872.00000", "2015-06-30": "1036.00000", "2015-03-31": "915.00000", "2014-12-31": "823.00000", "2014-09-30": "870.00000", "2014-06-30": "805.00000", "2014-03-31": "671.00000", "2013-12-31": "608.00000", "2013-09-30": "619.34700", "2013-06-30": "603.62600", "2013-03-31": "541.41600", "2012-12-31": "572.22600", "2012-09-30": "570.63900", "2012-06-30": "560.28500", "2012-03-31": "559.71800", "2011-12-31": "542.34900", "2011-09-30": "", "2011-06-30": "0.00000", "2011-03-31": "0.00000", "2010-12-31": "183.25000", "2010-09-30": "", "2010-06-30": "", "2010-03-31": "", "2009-12-31": "0.00000"}, "Common Stock Net": {"2020-09-30": "", "2020-06-30": "", "2020-03-31": "", "2019-12-31": "", "2019-09-30": "", "2019-06-30": "", "2019-03-31": "", "2018-12-31": "", "2018-09-30": "", "2018-06-30": "", "2018-03-31": "", "2017-12-31": "926.00000", "2017-09-30": "", "2017-06-30": "", "2017-03-31": "", "2016-12-31": "", "2016-09-30": "", "2016-06-30": "", "2016-03-31": "", "2015-12-31": "", "2015-09-30": "", "2015-06-30": "", "2015-03-31": "", "2014-12-31": "", "2014-09-30": "", "2014-06-30": "", "2014-03-31": "", "2013-12-31": "", "2013-09-30": "0.14400", "2013-06-30": "0.14400", "2013-03-31": "0.14300", "2012-12-31": "0.14300", "2012-09-30": "0.14300", "2012-06-30": "0.14200", "2012-03-31": "0.13400", "2011-12-31": "0.13400", "2011-09-30": "0.00000", "2011-06-30": "0.00000", "2011-03-31": "0.00000", "2010-12-31": "0.00000", "2010-09-30": "", "2010-06-30": "", "2010-03-31": "", "2009-12-31": "0.00000"}, "Retained Earnings (Accumulated Deficit)": {"2020-09-30": "461.00000", "2020-06-30": "509.00000", "2020-03-31": "662.00000", "2019-12-31": "681.00000", "2019-09-30": "1156.00000", "2019-06-30": "1106.00000", "2019-03-31": "1072.00000", "2018-12-31": "1043.00000", "2018-09-30": "1035.00000", "2018-06-30": "966.00000", "2018-03-31": "935.00000", "2017-12-31": "926.00000", "2017-09-30": "1010.00000", "2017-06-30": "985.00000", "2017-03-31": "958.00000", "2016-12-31": "945.00000", "2016-09-30": "944.00000", "2016-06-30": "888.00000", "2016-03-31": "853.00000", "2015-12-31": "826.00000", "2015-09-30": "823.00000", "2015-06-30": "749.00000", "2015-03-31": "691.00000", "2014-12-31": "628.00000", "2014-09-30": "592.00000", "2014-06-30": "538.00000", "2014-03-31": "470.00000", "2013-12-31": "402.00000", "2013-09-30": "381.60700", "2013-06-30": "325.72500", "2013-03-31": "258.73700", "2012-12-31": "196.43800", "2012-09-30": "162.85900", "2012-06-30": "103.49900", "2012-03-31": "50.48000", "2011-12-31": "2.36900", "2011-09-30": "", "2011-06-30": "", "2011-03-31": "", "2010-12-31": "", "2010-09-30": "", "2010-06-30": "", "2010-03-31": "", "2009-12-31": ""}, "Comprehensive Income": {"2020-09-30": "-55.00000", "2020-06-30": "-68.00000", "2020-03-31": "-80.00000", "2019-12-31": "-63.00000", "2019-09-30": "-75.00000", "2019-06-30": "-65.00000", "2019-03-31": "-64.00000", "2018-12-31": "-62.00000", "2018-09-30": "-56.00000", "2018-06-30": "-51.00000", "2018-03-31": "-34.00000", "2017-12-31": "-42.00000", "2017-09-30": "-47.00000", "2017-06-30": "-57.00000", "2017-03-31": "-70.00000", "2016-12-31": "-77.00000", "2016-09-30": "-59.00000", "2016-06-30": "-62.00000", "2016-03-31": "-54.00000", "2015-12-31": "-63.00000", "2015-09-30": "-59.00000", "2015-06-30": "-50.00000", "2015-03-31": "-59.00000", "2014-12-31": "-31.00000", "2014-09-30": "-14.00000", "2014-06-30": "", "2014-03-31": "1.00000", "2013-12-31": "", "2013-09-30": "-1.30800", "2013-06-30": "-4.97500", "2013-03-31": "-4.47700", "2012-12-31": "-0.86900", "2012-09-30": "-0.75500", "2012-06-30": "-2.47900", "2012-03-31": "-1.28300", "2011-12-31": "-2.71000", "2011-09-30": "", "2011-06-30": "", "2011-03-31": "", "2010-12-31": "-1.92900", "2010-09-30": "", "2010-06-30": "", "2010-03-31": "", "2009-12-31": ""}, "Other Share Holders Equity": {"2020-09-30": "", "2020-06-30": "", "2020-03-31": "", "2019-12-31": "", "2019-09-30": "", "2019-06-30": "", "2019-03-31": "", "2018-12-31": "", "2018-09-30": "", "2018-06-30": "", "2018-03-31": "", "2017-12-31": "", "2017-09-30": "", "2017-06-30": "", "2017-03-31": "", "2016-12-31": "", "2016-09-30": "", "2016-06-30": "", "2016-03-31": "", "2015-12-31": "", "2015-09-30": "", "2015-06-30": "", "2015-03-31": "", "2014-12-31": "", "2014-09-30": "", "2014-06-30": "", "2014-03-31": "", "2013-12-31": "", "2013-09-30": "", "2013-06-30": "", "2013-03-31": "", "2012-12-31": "", "2012-09-30": "", "2012-06-30": "", "2012-03-31": "", "2011-12-31": "", "2011-09-30": "", "2011-06-30": "0.00000", "2011-03-31": "0.00000", "2010-12-31": "-1.92000", "2010-09-30": "", "2010-06-30": "", "2010-03-31": "", "2009-12-31": "0.00000"}, "Share Holder Equity": {"2020-09-30": "908.00000", "2020-06-30": "912.00000", "2020-03-31": "1027.00000", "2019-12-31": "1161.00000", "2019-09-30": "1648.00000", "2019-06-30": "1575.00000", "2019-03-31": "1507.00000", "2018-12-31": "1471.00000", "2018-09-30": "1442.00000", "2018-06-30": "1347.00000", "2018-03-31": "1390.00000", "2017-12-31": "1363.00000", "2017-09-30": "1417.00000", "2017-06-30": "1354.00000", "2017-03-31": "1384.00000", "2016-12-31": "1502.00000", "2016-09-30": "1580.00000", "2016-06-30": "1505.00000", "2016-03-31": "1464.00000", "2015-12-31": "1412.00000", "2015-09-30": "1326.00000", "2015-06-30": "1241.00000", "2015-03-31": "1179.00000", "2014-12-31": "1125.00000", "2014-09-30": "1086.00000", "2014-06-30": "1026.00000", "2014-03-31": "944.00000", "2013-12-31": "865.00000", "2013-09-30": "828.80600", "2013-06-30": "851.95900", "2013-03-31": "800.26200", "2012-12-31": "726.96800", "2012-09-30": "688.64400", "2012-06-30": "626.96800", "2012-03-31": "354.71000", "2011-12-31": "293.53700", "2011-09-30": "0.00100", "2011-06-30": "0.00000", "2011-03-31": "0.00000", "2010-12-31": "539.63000", "2010-09-30": "", "2010-06-30": "", "2010-03-31": "", "2009-12-31": "0.00000"}, "Total Liabilities And Share Holders Equity": {"2020-09-30": "1996.00000", "2020-06-30": "2249.00000", "2020-03-31": "2427.00000", "2019-12-31": "1984.00000", "2019-09-30": "2468.00000", "2019-06-30": "2566.00000", "2019-03-31": "2395.00000", "2018-12-31": "2167.00000", "2018-09-30": "2192.00000", "2018-06-30": "2304.00000", "2018-03-31": "2240.00000", "2017-12-31": "2272.00000", "2017-09-30": "2348.00000", "2017-06-30": "2472.00000", "2017-03-31": "2274.00000", "2016-12-31": "2238.00000", "2016-09-30": "2277.00000", "2016-06-30": "2385.00000", "2016-03-31": "2214.00000", "2015-12-31": "2128.00000", "2015-09-30": "2198.00000", "2015-06-30": "2277.00000", "2015-03-31": "2094.00000", "2014-12-31": "1948.00000", "2014-09-30": "1956.00000", "2014-06-30": "1831.00000", "2014-03-31": "1615.00000", "2013-12-31": "1473.00000", "2013-09-30": "1448.15300", "2013-06-30": "1455.58500", "2013-03-31": "1341.67800", "2012-12-31": "1299.19400", "2012-09-30": "1259.28300", "2012-06-30": "1187.25300", "2012-03-31": "914.42800", "2011-12-31": "835.88600", "2011-09-30": "0.00100", "2011-06-30": "0.00000", "2011-03-31": "0.00000", "2010-12-31": "722.88000", "2010-09-30": "", "2010-06-30": "", "2010-03-31": "", "2009-12-31": "0.00000"}}, "cash flow statement": {"Net Income/Loss": {"2019-12-31": "126.00000", "2018-12-31": "113.00000", "2017-12-31": "-19.00000", "2016-12-31": "120.00000", "2015-12-31": "198.00000", "2014-12-31": "226.00000", "2013-12-31": "205.00000", "2012-12-31": "195.00000", "2011-12-31": "177.79100", "2010-12-31": "138.95400", "2009-12-31": "102.21500"}, "Total Depreciation And Amortization - Cash Flow": {"2019-12-31": "126.00000", "2018-12-31": "116.00000", "2017-12-31": "111.00000", "2016-12-31": "101.00000", "2015-12-31": "93.00000", "2014-12-31": "65.00000", "2013-12-31": "36.00000", "2012-12-31": "28.00000", "2011-12-31": "25.90600", "2010-12-31": "27.48000", "2009-12-31": "23.13600"}, "Other Non-Cash Items": {"2019-12-31": "138.00000", "2018-12-31": "130.00000", "2017-12-31": "135.00000", "2016-12-31": "75.00000", "2015-12-31": "91.00000", "2014-12-31": "64.00000", "2013-12-31": "50.00000", "2012-12-31": "22.00000", "2011-12-31": "15.82900", "2010-12-31": "7.72300", "2009-12-31": "14.43400"}, "Total Non-Cash Items": {"2019-12-31": "264.00000", "2018-12-31": "246.00000", "2017-12-31": "246.00000", "2016-12-31": "176.00000", "2015-12-31": "184.00000", "2014-12-31": "129.00000", "2013-12-31": "86.00000", "2012-12-31": "50.00000", "2011-12-31": "41.73500", "2010-12-31": "35.20300", "2009-12-31": "37.57000"}, "Change In Accounts Receivable": {"2019-12-31": "23.00000", "2018-12-31": "-8.00000", "2017-12-31": "-36.00000", "2016-12-31": "-24.00000", "2015-12-31": "-31.00000", "2014-12-31": "-26.00000", "2013-12-31": "-12.00000", "2012-12-31": "-32.00000", "2011-12-31": "-15.91000", "2010-12-31": "-14.85300", "2009-12-31": "-7.41900"}, "Change In Inventories": {"2019-12-31": "", "2018-12-31": "", "2017-12-31": "", "2016-12-31": "", "2015-12-31": "", "2014-12-31": "", "2013-12-31": "", "2012-12-31": "", "2011-12-31": "", "2010-12-31": "", "2009-12-31": ""}, "Change In Accounts Payable": {"2019-12-31": "-1.00000", "2018-12-31": "22.00000", "2017-12-31": "", "2016-12-31": "7.00000", "2015-12-31": "13.00000", "2014-12-31": "18.00000", "2013-12-31": "17.00000", "2012-12-31": "32.00000", "2011-12-31": "4.13300", "2010-12-31": "1.27300", "2009-12-31": "-0.80200"}, "Change In Assets/Liabilities": {"2019-12-31": "-5.00000", "2018-12-31": "19.00000", "2017-12-31": "9.00000", "2016-12-31": "22.00000", "2015-12-31": "22.00000", "2014-12-31": "0.00000", "2013-12-31": "26.00000", "2012-12-31": "11.00000", "2011-12-31": "6.80700", "2010-12-31": "9.27200", "2009-12-31": "-0.88400"}, "Total Change In Assets/Liabilities": {"2019-12-31": "34.00000", "2018-12-31": "46.00000", "2017-12-31": "11.00000", "2016-12-31": "25.00000", "2015-12-31": "36.00000", "2014-12-31": "52.00000", "2013-12-31": "58.00000", "2012-12-31": "-6.00000", "2011-12-31": "-1.64400", "2010-12-31": "22.75800", "2009-12-31": "-14.04700"}, "Cash Flow From Operating Activities": {"2019-12-31": "424.00000", "2018-12-31": "405.00000", "2017-12-31": "238.00000", "2016-12-31": "321.00000", "2015-12-31": "418.00000", "2014-12-31": "407.00000", "2013-12-31": "349.00000", "2012-12-31": "239.00000", "2011-12-31": "217.88200", "2010-12-31": "196.91500", "2009-12-31": "125.73800"}, "Net Change In Property, Plant, And Equipment": {"2019-12-31": "-83.00000", "2018-12-31": "-61.00000", "2017-12-31": "-64.00000", "2016-12-31": "-72.00000", "2015-12-31": "-109.00000", "2014-12-31": "-81.00000", "2013-12-31": "-55.00000", "2012-12-31": "-29.00000", "2011-12-31": "-21.32300", "2010-12-31": "-18.81300", "2009-12-31": "-13.87300"}, "Net Change In Intangible Assets": {"2019-12-31": "", "2018-12-31": "", "2017-12-31": "", "2016-12-31": "", "2015-12-31": "", "2014-12-31": "", "2013-12-31": "", "2012-12-31": "", "2011-12-31": "", "2010-12-31": "", "2009-12-31": ""}, "Net Acquisitions/Divestitures": {"2019-12-31": "-110.00000", "2018-12-31": "-24.00000", "2017-12-31": "", "2016-12-31": "-43.00000", "2015-12-31": "-4.00000", "2014-12-31": "-331.00000", "2013-12-31": "-35.00000", "2012-12-31": "-3.00000", "2011-12-31": "-35.99300", "2010-12-31": "-34.44600", "2009-12-31": "-44.97100"}, "Net Change In Short-term Investments": {"2019-12-31": "", "2018-12-31": "", "2017-12-31": "", "2016-12-31": "", "2015-12-31": "", "2014-12-31": "", "2013-12-31": "", "2012-12-31": "", "2011-12-31": "", "2010-12-31": "0.00000", "2009-12-31": ""}, "Net Change In Long-Term Investments": {"2019-12-31": "17.00000", "2018-12-31": "48.00000", "2017-12-31": "70.00000", "2016-12-31": "-50.00000", "2015-12-31": "53.00000", "2014-12-31": "178.00000", "2013-12-31": "-106.00000", "2012-12-31": "-219.00000", "2011-12-31": "20.09000", "2010-12-31": "-20.09000", "2009-12-31": ""}, "Net Change In Investments - Total": {"2019-12-31": "17.00000", "2018-12-31": "48.00000", "2017-12-31": "70.00000", "2016-12-31": "-50.00000", "2015-12-31": "53.00000", "2014-12-31": "178.00000", "2013-12-31": "-106.00000", "2012-12-31": "-219.00000", "2011-12-31": "20.09000", "2010-12-31": "-20.09000", "2009-12-31": ""}, "Investing Activities - Other": {"2019-12-31": "", "2018-12-31": "-12.00000", "2017-12-31": "", "2016-12-31": "2.00000", "2015-12-31": "2.00000", "2014-12-31": "1.00000", "2013-12-31": "", "2012-12-31": "7.00000", "2011-12-31": "-501.63600", "2010-12-31": "-66.42100", "2009-12-31": "-90.08600"}, "Cash Flow From Investing Activities": {"2019-12-31": "-176.00000", "2018-12-31": "-49.00000", "2017-12-31": "6.00000", "2016-12-31": "-163.00000", "2015-12-31": "-58.00000", "2014-12-31": "-233.00000", "2013-12-31": "-196.00000", "2012-12-31": "-244.00000", "2011-12-31": "-538.86200", "2010-12-31": "-139.77000", "2009-12-31": "-148.93000"}, "Net Long-Term Debt": {"2019-12-31": "-5.00000", "2018-12-31": "-230.00000", "2017-12-31": "64.00000", "2016-12-31": "-36.00000", "2015-12-31": "-103.00000", "2014-12-31": "-40.00000", "2013-12-31": "-40.00000", "2012-12-31": "-30.00000", "2011-12-31": "396.51600", "2010-12-31": "", "2009-12-31": ""}, "Net Current Debt": {"2019-12-31": "", "2018-12-31": "-8.00000", "2017-12-31": "", "2016-12-31": "6.00000", "2015-12-31": "-37.00000", "2014-12-31": "10.00000", "2013-12-31": "-5.00000", "2012-12-31": "15.00000", "2011-12-31": "18.15800", "2010-12-31": "1.73300", "2009-12-31": ""}, "Debt Issuance/Retirement Net - Total": {"2019-12-31": "-5.00000", "2018-12-31": "-238.00000", "2017-12-31": "64.00000", "2016-12-31": "-30.00000", "2015-12-31": "-140.00000", "2014-12-31": "-30.00000", "2013-12-31": "-45.00000", "2012-12-31": "-15.00000", "2011-12-31": "414.67400", "2010-12-31": "1.73300", "2009-12-31": ""}, "Net Common Equity Issued/Repurchased": {"2019-12-31": "-58.00000", "2018-12-31": "-94.00000", "2017-12-31": "-247.00000", "2016-12-31": "-98.00000", "2015-12-31": "12.00000", "2014-12-31": "3.00000", "2013-12-31": "-121.00000", "2012-12-31": "209.00000", "2011-12-31": "", "2010-12-31": "", "2009-12-31": ""}, "Net Total Equity Issued/Repurchased": {"2019-12-31": "-58.00000", "2018-12-31": "-94.00000", "2017-12-31": "-247.00000", "2016-12-31": "-98.00000", "2015-12-31": "12.00000", "2014-12-31": "3.00000", "2013-12-31": "-121.00000", "2012-12-31": "209.00000", "2011-12-31": "", "2010-12-31": "", "2009-12-31": ""}, "Total Common And Preferred Stock Dividends Paid": {"2019-12-31": "-488.00000", "2018-12-31": "", "2017-12-31": "", "2016-12-31": "", "2015-12-31": "", "2014-12-31": "", "2013-12-31": "", "2012-12-31": "", "2011-12-31": "", "2010-12-31": "", "2009-12-31": ""}, "Financial Activities - Other": {"2019-12-31": "-29.00000", "2018-12-31": "-26.00000", "2017-12-31": "-17.00000", "2016-12-31": "-15.00000", "2015-12-31": "-61.00000", "2014-12-31": "-34.00000", "2013-12-31": "-4.00000", "2012-12-31": "-4.00000", "2011-12-31": "-2.84000", "2010-12-31": "2.28800", "2009-12-31": "46.07000"}, "Cash Flow From Financial Activities": {"2019-12-31": "-580.00000", "2018-12-31": "-358.00000", "2017-12-31": "-200.00000", "2016-12-31": "-143.00000", "2015-12-31": "-189.00000", "2014-12-31": "-61.00000", "2013-12-31": "-170.00000", "2012-12-31": "190.00000", "2011-12-31": "411.83400", "2010-12-31": "4.02100", "2009-12-31": "46.07000"}, "Net Cash Flow": {"2019-12-31": "-336.00000", "2018-12-31": "-18.00000", "2017-12-31": "61.00000", "2016-12-31": "-2.00000", "2015-12-31": "159.00000", "2014-12-31": "104.00000", "2013-12-31": "-16.00000", "2012-12-31": "184.00000", "2011-12-31": "90.39900", "2010-12-31": "61.76900", "2009-12-31": "23.36300"}, "Stock-Based Compensation": {"2019-12-31": "124.00000", "2018-12-31": "118.00000", "2017-12-31": "96.00000", "2016-12-31": "85.00000", "2015-12-31": "72.00000", "2014-12-31": "63.00000", "2013-12-31": "49.00000", "2012-12-31": "30.00000", "2011-12-31": "17.34400", "2010-12-31": "7.18300", "2009-12-31": "5.90500"}, "Common Stock Dividends Paid": {"2019-12-31": "-488.00000", "2018-12-31": "", "2017-12-31": "", "2016-12-31": "", "2015-12-31": "", "2014-12-31": "", "2013-12-31": "", "2012-12-31": "", "2011-12-31": "", "2010-12-31": "", "2009-12-31": ""}}, "cash flow statement, quarterly": {"Net Income/Loss": {"2020-09-30": -48, "2020-06-30": -153, "2020-03-31": "-16.00000", "2019-12-31": 16, "2019-09-30": 50, "2019-06-30": 34, "2019-03-31": "26.00000", "2018-12-31": 8, "2018-09-30": 69, "2018-06-30": 31, "2018-03-31": "5.00000", "2017-12-31": -84, "2017-09-30": 25, "2017-06-30": 27, "2017-03-31": "13.00000", "2016-12-31": 1, "2016-09-30": 55, "2016-06-30": 35, "2016-03-31": "29.00000", "2015-12-31": 3, "2015-09-30": 74, "2015-06-30": 58, "2015-03-31": "63.00000", "2014-12-31": 36, "2014-09-30": 54, "2014-06-30": 68, "2014-03-31": "68.00000", "2013-12-31": 20, "2013-09-30": 56, "2013-06-30": 67, "2013-03-31": "62.00000", "2012-12-31": 34.129, "2012-09-30": 59.535, "2012-06-30": 53.165, "2012-03-31": "48.17100", "2011-12-31": 22.017, "2011-09-30": 54.293, "2011-06-30": 54.11, "2011-03-31": "47.37100", "2010-12-31": 138.95, "2010-09-30": 0, "2010-06-30": 0, "2010-03-31": "0.00000", "2009-12-31": 102.21}, "Total Depreciation And Amortization - Cash Flow": {"2020-09-30": 33, "2020-06-30": 32, "2020-03-31": "32.00000", "2019-12-31": 34, "2019-09-30": 31, "2019-06-30": 30, "2019-03-31": "31.00000", "2018-12-31": 31, "2018-09-30": 28, "2018-06-30": 29, "2018-03-31": "28.00000", "2017-12-31": 29, "2017-09-30": 28, "2017-06-30": 27, "2017-03-31": "27.00000", "2016-12-31": 27, "2016-09-30": 26, "2016-06-30": 24, "2016-03-31": "24.00000", "2015-12-31": 25, "2015-09-30": 24, "2015-06-30": 23, "2015-03-31": "21.00000", "2014-12-31": 21, "2014-09-30": 18, "2014-06-30": 14, "2014-03-31": "12.00000", "2013-12-31": 6, "2013-09-30": 11, "2013-06-30": 11, "2013-03-31": "8.00000", "2012-12-31": 8.375, "2012-09-30": 6.555, "2012-06-30": 6.686, "2012-03-31": "6.38400", "2011-12-31": 7.017, "2011-09-30": 7.024, "2011-06-30": 5.646, "2011-03-31": "6.21900", "2010-12-31": 27.48, "2010-09-30": 0, "2010-06-30": 0, "2010-03-31": "", "2009-12-31": 23.13}, "Other Non-Cash Items": {"2020-09-30": 33, "2020-06-30": 43, "2020-03-31": "38.00000", "2019-12-31": 27, "2019-09-30": 28, "2019-06-30": 42, "2019-03-31": "41.00000", "2018-12-31": 37, "2018-09-30": 24, "2018-06-30": 40, "2018-03-31": "29.00000", "2017-12-31": 69, "2017-09-30": 21, "2017-06-30": 20, "2017-03-31": "25.00000", "2016-12-31": 21, "2016-09-30": 16, "2016-06-30": 17, "2016-03-31": "21.00000", "2015-12-31": 46, "2015-09-30": 32, "2015-06-30": -1, "2015-03-31": "14.00000", "2014-12-31": 33, "2014-09-30": 16, "2014-06-30": 9, "2014-03-31": "6.00000", "2013-12-31": 21, "2013-09-30": 11, "2013-06-30": 6, "2013-03-31": "12.00000", "2012-12-31": 3.637, "2012-09-30": 7.456, "2012-06-30": 8.816, "2012-03-31": "2.09100", "2011-12-31": 10.375, "2011-09-30": 3.876, "2011-06-30": 1.342, "2011-03-31": "0.23600", "2010-12-31": 7.723, "2010-09-30": 0, "2010-06-30": 0, "2010-03-31": "", "2009-12-31": 0}, "Total Non-Cash Items": {"2020-09-30": 66, "2020-06-30": 75, "2020-03-31": "70.00000", "2019-12-31": 61, "2019-09-30": 59, "2019-06-30": 72, "2019-03-31": "72.00000", "2018-12-31": 68, "2018-09-30": 52, "2018-06-30": 69, "2018-03-31": "57.00000", "2017-12-31": 98, "2017-09-30": 49, "2017-06-30": 47, "2017-03-31": "52.00000", "2016-12-31": 48, "2016-09-30": 42, "2016-06-30": 41, "2016-03-31": "45.00000", "2015-12-31": 71, "2015-09-30": 56, "2015-06-30": 22, "2015-03-31": "35.00000", "2014-12-31": 54, "2014-09-30": 34, "2014-06-30": 23, "2014-03-31": "18.00000", "2013-12-31": 27, "2013-09-30": 22, "2013-06-30": 17, "2013-03-31": "20.00000", "2012-12-31": 12.012, "2012-09-30": 14.011, "2012-06-30": 15.502, "2012-03-31": "8.47500", "2011-12-31": 17.392, "2011-09-30": 10.9, "2011-06-30": 6.988, "2011-03-31": "6.45500", "2010-12-31": 27.48, "2010-09-30": 0, "2010-06-30": 0, "2010-03-31": "", "2009-12-31": 23.13}, "Change In Accounts Receivable": {"2020-09-30": -17, "2020-06-30": 81, "2020-03-31": "14.00000", "2019-12-31": 41, "2019-09-30": 43, "2019-06-30": -34, "2019-03-31": "-27.00000", "2018-12-31": 8, "2018-09-30": 66, "2018-06-30": -27, "2018-03-31": "-55.00000", "2017-12-31": 22, "2017-09-30": -7, "2017-06-30": -16, "2017-03-31": "-35.00000", "2016-12-31": 16, "2016-09-30": 11, "2016-06-30": 14, "2016-03-31": "-65.00000", "2015-12-31": 44, "2015-09-30": 17, "2015-06-30": -21, "2015-03-31": "-71.00000", "2014-12-31": 19, "2014-09-30": 20, "2014-06-30": -27, "2014-03-31": "-38.00000", "2013-12-31": 30, "2013-09-30": 32, "2013-06-30": -27, "2013-03-31": "-47.00000", "2012-12-31": 0.461, "2012-09-30": -5.006, "2012-06-30": 2.185, "2012-03-31": "-29.64000", "2011-12-31": 5.57, "2011-09-30": 3.671, "2011-06-30": -5.699, "2011-03-31": "-19.45200", "2010-12-31": -14.853, "2010-09-30": 0, "2010-06-30": 0, "2010-03-31": "", "2009-12-31": 0}, "Change In Inventories": {"2020-09-30": 0, "2020-06-30": 0, "2020-03-31": "", "2019-12-31": 0, "2019-09-30": 0, "2019-06-30": 0, "2019-03-31": "", "2018-12-31": 0, "2018-09-30": 0, "2018-06-30": 0, "2018-03-31": "", "2017-12-31": 0, "2017-09-30": 0, "2017-06-30": 0, "2017-03-31": "", "2016-12-31": 0, "2016-09-30": 0, "2016-06-30": 0, "2016-03-31": "", "2015-12-31": 0, "2015-09-30": 0, "2015-06-30": 0, "2015-03-31": "", "2014-12-31": 0, "2014-09-30": 0, "2014-06-30": 0, "2014-03-31": "", "2013-12-31": 0, "2013-09-30": 0, "2013-06-30": 0, "2013-03-31": "", "2012-12-31": 0, "2012-09-30": 0, "2012-06-30": 0, "2012-03-31": "", "2011-12-31": 0, "2011-09-30": 0, "2011-06-30": 0, "2011-03-31": "", "2010-12-31": 0, "2010-09-30": 0, "2010-06-30": 0, "2010-03-31": "", "2009-12-31": 0}, "Change In Accounts Payable": {"2020-09-30": 7, "2020-06-30": -25, "2020-03-31": "-21.00000", "2019-12-31": -6, "2019-09-30": 6, "2019-06-30": 17, "2019-03-31": "-18.00000", "2018-12-31": -2, "2018-09-30": -5, "2018-06-30": 29, "2018-03-31": "", "2017-12-31": 2, "2017-09-30": -31, "2017-06-30": 37, "2017-03-31": "-8.00000", "2016-12-31": 5, "2016-09-30": -41, "2016-06-30": 29, "2016-03-31": "14.00000", "2015-12-31": -11, "2015-09-30": -9, "2015-06-30": 29, "2015-03-31": "4.00000", "2014-12-31": -29, "2014-09-30": 12, "2014-06-30": 40, "2014-03-31": "-5.00000", "2013-12-31": -2, "2013-09-30": 20, "2013-06-30": 16, "2013-03-31": "-17.00000", "2012-12-31": 28.359, "2012-09-30": -3.627, "2012-06-30": -4.812, "2012-03-31": "12.08000", "2011-12-31": -14.081, "2011-09-30": 5.985, "2011-06-30": 10.565, "2011-03-31": "1.66400", "2010-12-31": 1.273, "2010-09-30": 0, "2010-06-30": 0, "2010-03-31": "", "2009-12-31": 0}, "Change In Assets/Liabilities": {"2020-09-30": -28, "2020-06-30": -36, "2020-03-31": "-87.00000", "2019-12-31": -51, "2019-09-30": -172, "2019-06-30": 81, "2019-03-31": "137.00000", "2018-12-31": -49, "2018-09-30": -178, "2018-06-30": 94, "2018-03-31": "152.00000", "2017-12-31": -53, "2017-09-30": -171, "2017-06-30": 121, "2017-03-31": "112.00000", "2016-12-31": -26, "2016-09-30": -165, "2016-06-30": 111, "2016-03-31": "102.00000", "2015-12-31": -40, "2015-09-30": -118, "2015-06-30": 99, "2015-03-31": "81.00000", "2014-12-31": -25, "2014-09-30": -70, "2014-06-30": 47, "2014-03-31": "48.00000", "2013-12-31": 4, "2013-09-30": -2, "2013-06-30": 17, "2013-03-31": "7.00000", "2012-12-31": 29.023, "2012-09-30": 9.744, "2012-06-30": -7.671, "2012-03-31": "-20.09600", "2011-12-31": 1.48, "2011-09-30": -0.073, "2011-06-30": 1.343, "2011-03-31": "4.05700", "2010-12-31": 9.272, "2010-09-30": 0, "2010-06-30": 0, "2010-03-31": "", "2009-12-31": 0}, "Total Change In Assets/Liabilities": {"2020-09-30": -50, "2020-06-30": 0, "2020-03-31": "-124.00000", "2019-12-31": -17, "2019-09-30": -108, "2019-06-30": 75, "2019-03-31": "84.00000", "2018-12-31": -45, "2018-09-30": -107, "2018-06-30": 86, "2018-03-31": "112.00000", "2017-12-31": 4, "2017-09-30": -209, "2017-06-30": 147, "2017-03-31": "69.00000", "2016-12-31": -4, "2016-09-30": -184, "2016-06-30": 163, "2016-03-31": "50.00000", "2015-12-31": 5, "2015-09-30": -90, "2015-06-30": 120, "2015-03-31": "1.00000", "2014-12-31": -9, "2014-09-30": -29, "2014-06-30": 67, "2014-03-31": "23.00000", "2013-12-31": 24, "2013-09-30": 67, "2013-06-30": 5, "2013-03-31": "-38.00000", "2012-12-31": 24.93, "2012-09-30": 2.906, "2012-06-30": -6.909, "2012-03-31": "-26.92700", "2011-12-31": -13.248, "2011-09-30": 12.657, "2011-06-30": -0.543, "2011-03-31": "-0.51000", "2010-12-31": 22.75, "2010-09-30": 0, "2010-06-30": 0, "2010-03-31": "", "2009-12-31": -14.04}, "Cash Flow From Operating Activities": {"2020-09-30": -32, "2020-06-30": -78, "2020-03-31": "-70.00000", "2019-12-31": 60, "2019-09-30": 1, "2019-06-30": 181, "2019-03-31": "182.00000", "2018-12-31": 31, "2018-09-30": 14, "2018-06-30": 186, "2018-03-31": "174.00000", "2017-12-31": 18, "2017-09-30": -135, "2017-06-30": 221, "2017-03-31": "134.00000", "2016-12-31": 45, "2016-09-30": -87, "2016-06-30": 239, "2016-03-31": "124.00000", "2015-12-31": 79, "2015-09-30": 40, "2015-06-30": 200, "2015-03-31": "99.00000", "2014-12-31": 81, "2014-09-30": 59, "2014-06-30": 158, "2014-03-31": "109.00000", "2013-12-31": 71, "2013-09-30": 145, "2013-06-30": 89, "2013-03-31": "44.00000", "2012-12-31": 71.071, "2012-09-30": 76.452, "2012-06-30": 61.758, "2012-03-31": "29.71900", "2011-12-31": 26.161, "2011-09-30": 77.85, "2011-06-30": 60.555, "2011-03-31": "53.31600", "2010-12-31": 196.91, "2010-09-30": 0, "2010-06-30": 0, "2010-03-31": "", "2009-12-31": 125.73}, "Net Change In Property, Plant, And Equipment": {"2020-09-30": -10, "2020-06-30": -16, "2020-03-31": "-20.00000", "2019-12-31": -23, "2019-09-30": -22, "2019-06-30": -21, "2019-03-31": "-17.00000", "2018-12-31": -16, "2018-09-30": -14, "2018-06-30": -16, "2018-03-31": "-15.00000", "2017-12-31": -14, "2017-09-30": -15, "2017-06-30": -17, "2017-03-31": "-18.00000", "2016-12-31": -15, "2016-09-30": -21, "2016-06-30": -19, "2016-03-31": "-17.00000", "2015-12-31": -16, "2015-09-30": -39, "2015-06-30": -23, "2015-03-31": "-31.00000", "2014-12-31": -26, "2014-09-30": -13, "2014-06-30": -22, "2014-03-31": "-20.00000", "2013-12-31": -16, "2013-09-30": -15, "2013-06-30": -15, "2013-03-31": "-9.00000", "2012-12-31": -8.413, "2012-09-30": -7.338, "2012-06-30": -5.91, "2012-03-31": "-7.33900", "2011-12-31": -5.294, "2011-09-30": -5.605, "2011-06-30": -5.431, "2011-03-31": "-4.99300", "2010-12-31": -18.81, "2010-09-30": 0, "2010-06-30": 0, "2010-03-31": "", "2009-12-31": -13.87}, "Net Change In Intangible Assets": {"2020-09-30": 0, "2020-06-30": 0, "2020-03-31": "", "2019-12-31": 0, "2019-09-30": 0, "2019-06-30": 0, "2019-03-31": "", "2018-12-31": 0, "2018-09-30": 0, "2018-06-30": 0, "2018-03-31": "", "2017-12-31": 0, "2017-09-30": 0, "2017-06-30": 0, "2017-03-31": "", "2016-12-31": 0, "2016-09-30": 0, "2016-06-30": 0, "2016-03-31": "", "2015-12-31": 0, "2015-09-30": 0, "2015-06-30": 0, "2015-03-31": "", "2014-12-31": 0, "2014-09-30": 0, "2014-06-30": 0, "2014-03-31": "", "2013-12-31": 0, "2013-09-30": 0, "2013-06-30": 0, "2013-03-31": "", "2012-12-31": 0, "2012-09-30": 0, "2012-06-30": 0, "2012-03-31": "", "2011-12-31": 0, "2011-09-30": 0, "2011-06-30": 0, "2011-03-31": "", "2010-12-31": 0, "2010-09-30": 0, "2010-06-30": 0, "2010-03-31": "", "2009-12-31": 0}, "Net Acquisitions/Divestitures": {"2020-09-30": 0, "2020-06-30": 0, "2020-03-31": "", "2019-12-31": -110, "2019-09-30": 0, "2019-06-30": 0, "2019-03-31": "", "2018-12-31": 0, "2018-09-30": -1, "2018-06-30": -23, "2018-03-31": "", "2017-12-31": 0, "2017-09-30": 0, "2017-06-30": 0, "2017-03-31": "", "2016-12-31": -20, "2016-09-30": -23, "2016-06-30": 0, "2016-03-31": "", "2015-12-31": 3, "2015-09-30": 22, "2015-06-30": -24, "2015-03-31": "-5.00000", "2014-12-31": -47, "2014-09-30": -132, "2014-06-30": -152, "2014-03-31": "", "2013-12-31": -3, "2013-09-30": -1, "2013-06-30": -30, "2013-03-31": "-1.00000", "2012-12-31": -3, "2012-09-30": 0, "2012-06-30": 0, "2012-03-31": "", "2011-12-31": -28.099, "2011-09-30": -3.001, "2011-06-30": 0, "2011-03-31": "-4.89300", "2010-12-31": -34.44, "2010-09-30": 0, "2010-06-30": 0, "2010-03-31": "", "2009-12-31": -44.97}, "Net Change In Short-term Investments": {"2020-09-30": 0, "2020-06-30": 0, "2020-03-31": "", "2019-12-31": 0, "2019-09-30": 0, "2019-06-30": 0, "2019-03-31": "", "2018-12-31": 0, "2018-09-30": 0, "2018-06-30": 0, "2018-03-31": "", "2017-12-31": 0, "2017-09-30": 0, "2017-06-30": 0, "2017-03-31": "", "2016-12-31": 0, "2016-09-30": 0, "2016-06-30": 0, "2016-03-31": "", "2015-12-31": 0, "2015-09-30": 0, "2015-06-30": 0, "2015-03-31": "", "2014-12-31": 0, "2014-09-30": 0, "2014-06-30": 0, "2014-03-31": "", "2013-12-31": 0, "2013-09-30": 0, "2013-06-30": 0, "2013-03-31": "", "2012-12-31": 0, "2012-09-30": 0, "2012-06-30": 0, "2012-03-31": "", "2011-12-31": -20.356, "2011-09-30": 20.356, "2011-06-30": 0, "2011-03-31": "", "2010-12-31": 0, "2010-09-30": 0, "2010-06-30": 0, "2010-03-31": "", "2009-12-31": 0}, "Net Change In Long-Term Investments": {"2020-09-30": 0, "2020-06-30": 0, "2020-03-31": "", "2019-12-31": 95, "2019-09-30": -29, "2019-06-30": -24, "2019-03-31": "-25.00000", "2018-12-31": -15, "2018-09-30": 14, "2018-06-30": 6, "2018-03-31": "43.00000", "2017-12-31": -44, "2017-09-30": 1, "2017-06-30": -3, "2017-03-31": "116.00000", "2016-12-31": 11, "2016-09-30": -20, "2016-06-30": -69, "2016-03-31": "28.00000", "2015-12-31": 79, "2015-09-30": -2, "2015-06-30": -26, "2015-03-31": "2.00000", "2014-12-31": -16, "2014-09-30": 10, "2014-06-30": 291, "2014-03-31": "-107.00000", "2013-12-31": 39, "2013-09-30": 56, "2013-06-30": -32, "2013-03-31": "-169.00000", "2012-12-31": -219, "2012-09-30": 0, "2012-06-30": 0, "2012-03-31": "", "2011-12-31": 20.09, "2011-09-30": 0, "2011-06-30": 0, "2011-03-31": "", "2010-12-31": -20.09, "2010-09-30": 0, "2010-06-30": 0, "2010-03-31": "", "2009-12-31": 0}, "Net Change In Investments - Total": {"2020-09-30": 0, "2020-06-30": 0, "2020-03-31": "", "2019-12-31": 95, "2019-09-30": -29, "2019-06-30": -24, "2019-03-31": "-25.00000", "2018-12-31": -15, "2018-09-30": 14, "2018-06-30": 6, "2018-03-31": "43.00000", "2017-12-31": -44, "2017-09-30": 1, "2017-06-30": -3, "2017-03-31": "116.00000", "2016-12-31": 11, "2016-09-30": -20, "2016-06-30": -69, "2016-03-31": "28.00000", "2015-12-31": 79, "2015-09-30": -2, "2015-06-30": -26, "2015-03-31": "2.00000", "2014-12-31": -16, "2014-09-30": 10, "2014-06-30": 291, "2014-03-31": "-107.00000", "2013-12-31": 39, "2013-09-30": 56, "2013-06-30": -32, "2013-03-31": "-169.00000", "2012-12-31": -219, "2012-09-30": 0, "2012-06-30": 0, "2012-03-31": "", "2011-12-31": -0.266, "2011-09-30": 20.356, "2011-06-30": 0, "2011-03-31": "", "2010-12-31": -20.09, "2010-09-30": 0, "2010-06-30": 0, "2010-03-31": "", "2009-12-31": 0}, "Investing Activities - Other": {"2020-09-30": -2, "2020-06-30": 2, "2020-03-31": "", "2019-12-31": 2, "2019-09-30": -2, "2019-06-30": 0, "2019-03-31": "", "2018-12-31": 0, "2018-09-30": -12, "2018-06-30": 0, "2018-03-31": "", "2017-12-31": 0, "2017-09-30": 0, "2017-06-30": 0, "2017-03-31": "", "2016-12-31": 1, "2016-09-30": 0, "2016-06-30": 1, "2016-03-31": "", "2015-12-31": 2, "2015-09-30": 0, "2015-06-30": 0, "2015-03-31": "", "2014-12-31": 1, "2014-09-30": 0, "2014-06-30": 0, "2014-03-31": "", "2013-12-31": 0, "2013-09-30": 0, "2013-06-30": 0, "2013-03-31": "", "2012-12-31": -0.028, "2012-09-30": 0, "2012-06-30": 0, "2012-03-31": "7.02800", "2011-12-31": -397.623, "2011-09-30": -13.888, "2011-06-30": -27.983, "2011-03-31": "-62.14200", "2010-12-31": -66.42, "2010-09-30": 0, "2010-06-30": 0, "2010-03-31": "", "2009-12-31": -90.08}, "Cash Flow From Investing Activities": {"2020-09-30": -12, "2020-06-30": -14, "2020-03-31": "-20.00000", "2019-12-31": -36, "2019-09-30": -53, "2019-06-30": -45, "2019-03-31": "-42.00000", "2018-12-31": -31, "2018-09-30": -13, "2018-06-30": -33, "2018-03-31": "28.00000", "2017-12-31": -58, "2017-09-30": -14, "2017-06-30": -20, "2017-03-31": "98.00000", "2016-12-31": -23, "2016-09-30": -64, "2016-06-30": -87, "2016-03-31": "11.00000", "2015-12-31": 68, "2015-09-30": -19, "2015-06-30": -73, "2015-03-31": "-34.00000", "2014-12-31": -88, "2014-09-30": -135, "2014-06-30": 117, "2014-03-31": "-127.00000", "2013-12-31": 20, "2013-09-30": 40, "2013-06-30": -77, "2013-03-31": "-179.00000", "2012-12-31": -230.441, "2012-09-30": -7.338, "2012-06-30": -5.91, "2012-03-31": "-0.31100", "2011-12-31": -431.282, "2011-09-30": -2.138, "2011-06-30": -33.414, "2011-03-31": "-72.02800", "2010-12-31": -139.77, "2010-09-30": 0, "2010-06-30": 0, "2010-03-31": "", "2009-12-31": -148.93}, "Net Long-Term Debt": {"2020-09-30": -201, "2020-06-30": -2, "2020-03-31": "699.00000", "2019-12-31": -1, "2019-09-30": -1, "2019-06-30": -2, "2019-03-31": "-1.00000", "2018-12-31": 0, "2018-09-30": 0, "2018-06-30": 0, "2018-03-31": "-230.00000", "2017-12-31": -35, "2017-09-30": 5, "2017-06-30": 48, "2017-03-31": "46.00000", "2016-12-31": 144, "2016-09-30": -71, "2016-06-30": -19, "2016-03-31": "-90.00000", "2015-12-31": 197, "2015-09-30": -287, "2015-06-30": -3, "2015-03-31": "-10.00000", "2014-12-31": -10, "2014-09-30": -7, "2014-06-30": -10, "2014-03-31": "-13.00000", "2013-12-31": 5, "2013-09-30": -10, "2013-06-30": -10, "2013-03-31": "-25.00000", "2012-12-31": -5, "2012-09-30": -5, "2012-06-30": -5, "2012-03-31": "-15.00000", "2011-12-31": 396.516, "2011-09-30": 0, "2011-06-30": 0, "2011-03-31": "", "2010-12-31": 0, "2010-09-30": 0, "2010-06-30": 0, "2010-03-31": "", "2009-12-31": 0}, "Net Current Debt": {"2020-09-30": 0, "2020-06-30": 0, "2020-03-31": "", "2019-12-31": 0, "2019-09-30": 0, "2019-06-30": 0, "2019-03-31": "", "2018-12-31": 0, "2018-09-30": 0, "2018-06-30": -8, "2018-03-31": "", "2017-12-31": 0, "2017-09-30": 0, "2017-06-30": 0, "2017-03-31": "", "2016-12-31": -69, "2016-09-30": 75, "2016-06-30": 0, "2016-03-31": "", "2015-12-31": -287, "2015-09-30": 287, "2015-06-30": -39, "2015-03-31": "2.00000", "2014-12-31": 2, "2014-09-30": 0, "2014-06-30": 3, "2014-03-31": "5.00000", "2013-12-31": -13, "2013-09-30": 1, "2013-06-30": 3, "2013-03-31": "4.00000", "2012-12-31": 2.202, "2012-09-30": 5.171, "2012-06-30": 4.734, "2012-03-31": "2.89300", "2011-12-31": 13.837, "2011-09-30": 1.539, "2011-06-30": 1.278, "2011-03-31": "1.50400", "2010-12-31": 1.73, "2010-09-30": 0, "2010-06-30": 0, "2010-03-31": "", "2009-12-31": 0}, "Debt Issuance/Retirement Net - Total": {"2020-09-30": -201, "2020-06-30": -2, "2020-03-31": "699.00000", "2019-12-31": -1, "2019-09-30": -1, "2019-06-30": -2, "2019-03-31": "-1.00000", "2018-12-31": 0, "2018-09-30": 0, "2018-06-30": -8, "2018-03-31": "-230.00000", "2017-12-31": -35, "2017-09-30": 5, "2017-06-30": 48, "2017-03-31": "46.00000", "2016-12-31": 75, "2016-09-30": 4, "2016-06-30": -19, "2016-03-31": "-90.00000", "2015-12-31": -90, "2015-09-30": 0, "2015-06-30": -42, "2015-03-31": "-8.00000", "2014-12-31": -8, "2014-09-30": -7, "2014-06-30": -7, "2014-03-31": "-8.00000", "2013-12-31": -8, "2013-09-30": -9, "2013-06-30": -7, "2013-03-31": "-21.00000", "2012-12-31": -2.798, "2012-09-30": 0.171, "2012-06-30": -0.266, "2012-03-31": "-12.10700", "2011-12-31": 410.353, "2011-09-30": 1.539, "2011-06-30": 1.278, "2011-03-31": "1.50400", "2010-12-31": 0, "2010-09-30": 0, "2010-06-30": 0, "2010-03-31": "", "2009-12-31": 0}, "Net Common Equity Issued/Repurchased": {"2020-09-30": 0, "2020-06-30": 0, "2020-03-31": "-115.00000", "2019-12-31": -60, "2019-09-30": 1, "2019-06-30": 1, "2019-03-31": "", "2018-12-31": 3, "2018-09-30": 0, "2018-06-30": -93, "2018-03-31": "-4.00000", "2017-12-31": 0, "2017-09-30": 0, "2017-06-30": -100, "2017-03-31": "-147.00000", "2016-12-31": -83, "2016-09-30": -6, "2016-06-30": -10, "2016-03-31": "1.00000", "2015-12-31": 2, "2015-09-30": 1, "2015-06-30": 1, "2015-03-31": "8.00000", "2014-12-31": 1, "2014-09-30": 0, "2014-06-30": 0, "2014-03-31": "2.00000", "2013-12-31": -4, "2013-09-30": -103, "2013-06-30": -20, "2013-03-31": "6.00000", "2012-12-31": -17.251, "2012-09-30": 0.482, "2012-06-30": 216.843, "2012-03-31": "8.92600", "2011-12-31": 0, "2011-09-30": 0, "2011-06-30": 0, "2011-03-31": "", "2010-12-31": 0, "2010-09-30": 0, "2010-06-30": 0, "2010-03-31": "", "2009-12-31": 0}, "Net Total Equity Issued/Repurchased": {"2020-09-30": 0, "2020-06-30": 0, "2020-03-31": "-115.00000", "2019-12-31": -60, "2019-09-30": 1, "2019-06-30": 1, "2019-03-31": "", "2018-12-31": 3, "2018-09-30": 0, "2018-06-30": -93, "2018-03-31": "-4.00000", "2017-12-31": 0, "2017-09-30": 0, "2017-06-30": -100, "2017-03-31": "-147.00000", "2016-12-31": -83, "2016-09-30": -6, "2016-06-30": -10, "2016-03-31": "1.00000", "2015-12-31": 2, "2015-09-30": 1, "2015-06-30": 1, "2015-03-31": "8.00000", "2014-12-31": 1, "2014-09-30": 0, "2014-06-30": 0, "2014-03-31": "2.00000", "2013-12-31": -4, "2013-09-30": -103, "2013-06-30": -20, "2013-03-31": "6.00000", "2012-12-31": -17.251, "2012-09-30": 0.482, "2012-06-30": 216.843, "2012-03-31": "8.92600", "2011-12-31": 0, "2011-09-30": 0, "2011-06-30": 0, "2011-03-31": "", "2010-12-31": 0, "2010-09-30": 0, "2010-06-30": 0, "2010-03-31": "", "2009-12-31": 0}, "Total Common And Preferred Stock Dividends Paid": {"2020-09-30": 0, "2020-06-30": 0, "2020-03-31": "", "2019-12-31": -488, "2019-09-30": 0, "2019-06-30": 0, "2019-03-31": "", "2018-12-31": 0, "2018-09-30": 0, "2018-06-30": 0, "2018-03-31": "", "2017-12-31": 0, "2017-09-30": 0, "2017-06-30": 0, "2017-03-31": "", "2016-12-31": 0, "2016-09-30": 0, "2016-06-30": 0, "2016-03-31": "", "2015-12-31": 0, "2015-09-30": 0, "2015-06-30": 0, "2015-03-31": "", "2014-12-31": 0, "2014-09-30": 0, "2014-06-30": 0, "2014-03-31": "", "2013-12-31": 0, "2013-09-30": 0, "2013-06-30": 0, "2013-03-31": "", "2012-12-31": 0, "2012-09-30": 0, "2012-06-30": 0, "2012-03-31": "", "2011-12-31": 0, "2011-09-30": 0, "2011-06-30": 0, "2011-03-31": "", "2010-12-31": 0, "2010-09-30": 0, "2010-06-30": 0, "2010-03-31": "", "2009-12-31": 0}, "Financial Activities - Other": {"2020-09-30": -11, "2020-06-30": -7, "2020-03-31": "-14.00000", "2019-12-31": -1, "2019-09-30": -2, "2019-06-30": -3, "2019-03-31": "-23.00000", "2018-12-31": -7, "2018-09-30": -1, "2018-06-30": -6, "2018-03-31": "-12.00000", "2017-12-31": -2, "2017-09-30": -1, "2017-06-30": -1, "2017-03-31": "-13.00000", "2016-12-31": -2, "2016-09-30": -2, "2016-06-30": -2, "2016-03-31": "-9.00000", "2015-12-31": -8, "2015-09-30": -33, "2015-06-30": -17, "2015-03-31": "-3.00000", "2014-12-31": -19, "2014-09-30": -4, "2014-06-30": -3, "2014-03-31": "-8.00000", "2013-12-31": -3, "2013-09-30": 0, "2013-06-30": 3, "2013-03-31": "-4.00000", "2012-12-31": -2.5, "2012-09-30": -0.476, "2012-06-30": 0.252, "2012-03-31": "-1.27600", "2011-12-31": -9.626, "2011-09-30": 0.22, "2011-06-30": 0.502, "2011-03-31": "6.06400", "2010-12-31": 2.28, "2010-09-30": 0, "2010-06-30": 0, "2010-03-31": "", "2009-12-31": 46.07}, "Cash Flow From Financial Activities": {"2020-09-30": -212, "2020-06-30": -9, "2020-03-31": "570.00000", "2019-12-31": -550, "2019-09-30": -2, "2019-06-30": -4, "2019-03-31": "-24.00000", "2018-12-31": -4, "2018-09-30": -1, "2018-06-30": -107, "2018-03-31": "-246.00000", "2017-12-31": -37, "2017-09-30": 4, "2017-06-30": -53, "2017-03-31": "-114.00000", "2016-12-31": -10, "2016-09-30": -4, "2016-06-30": -31, "2016-03-31": "-98.00000", "2015-12-31": -96, "2015-09-30": -32, "2015-06-30": -58, "2015-03-31": "-3.00000", "2014-12-31": -26, "2014-09-30": -11, "2014-06-30": -10, "2014-03-31": "-14.00000", "2013-12-31": -15, "2013-09-30": -112, "2013-06-30": -24, "2013-03-31": "-19.00000", "2012-12-31": -22.549, "2012-09-30": 0.177, "2012-06-30": 216.829, "2012-03-31": "-4.45700", "2011-12-31": 400.727, "2011-09-30": 1.759, "2011-06-30": 1.78, "2011-03-31": "7.56800", "2010-12-31": 4.02, "2010-09-30": 0, "2010-06-30": 0, "2010-03-31": "", "2009-12-31": 46.07}, "Net Cash Flow": {"2020-09-30": -252, "2020-06-30": -100, "2020-03-31": "479.00000", "2019-12-31": -519, "2019-09-30": -63, "2019-06-30": 130, "2019-03-31": "116.00000", "2018-12-31": -8, "2018-09-30": -3, "2018-06-30": 31, "2018-03-31": "-38.00000", "2017-12-31": -77, "2017-09-30": -137, "2017-06-30": 156, "2017-03-31": "119.00000", "2016-12-31": 1, "2016-09-30": -155, "2016-06-30": 113, "2016-03-31": "39.00000", "2015-12-31": 47, "2015-09-30": -16, "2015-06-30": 78, "2015-03-31": "50.00000", "2014-12-31": -36, "2014-09-30": -96, "2014-06-30": 268, "2014-03-31": "-32.00000", "2013-12-31": 76, "2013-09-30": 76, "2013-06-30": -12, "2013-03-31": "-156.00000", "2012-12-31": -180.84, "2012-09-30": 70.131, "2012-06-30": 269.616, "2012-03-31": "25.09300", "2011-12-31": -4.848, "2011-09-30": 76.656, "2011-06-30": 29.807, "2011-03-31": "-11.21600", "2010-12-31": 61.76, "2010-09-30": 0, "2010-06-30": 0, "2010-03-31": "", "2009-12-31": 23.36}, "Stock-Based Compensation": {"2020-09-30": 29, "2020-06-30": 25, "2020-03-31": "26.00000", "2019-12-31": 33, "2019-09-30": 31, "2019-06-30": 33, "2019-03-31": "27.00000", "2018-12-31": 28, "2018-09-30": 29, "2018-06-30": 32, "2018-03-31": "29.00000", "2017-12-31": 24, "2017-09-30": 25, "2017-06-30": 28, "2017-03-31": "19.00000", "2016-12-31": 21, "2016-09-30": 21, "2016-06-30": 24, "2016-03-31": "19.00000", "2015-12-31": 20, "2015-09-30": 18, "2015-06-30": 18, "2015-03-31": "16.00000", "2014-12-31": 17, "2014-09-30": 17, "2014-06-30": 15, "2014-03-31": "14.00000", "2013-12-31": 14, "2013-09-30": 11, "2013-06-30": 10, "2013-03-31": "14.00000", "2012-12-31": 10.077, "2012-09-30": 8.463, "2012-06-30": 6.768, "2012-03-31": "4.69200", "2011-12-31": 10.865, "2011-09-30": 2.037, "2011-06-30": 1.968, "2011-03-31": "2.47400", "2010-12-31": 7.183, "2010-09-30": 0, "2010-06-30": 0, "2010-03-31": "", "2009-12-31": 0}, "Common Stock Dividends Paid": {"2020-09-30": 0, "2020-06-30": 0, "2020-03-31": "", "2019-12-31": -488, "2019-09-30": 0, "2019-06-30": 0, "2019-03-31": "", "2018-12-31": 0, "2018-09-30": 0, "2018-06-30": 0, "2018-03-31": "", "2017-12-31": 0, "2017-09-30": 0, "2017-06-30": 0, "2017-03-31": "", "2016-12-31": 0, "2016-09-30": 0, "2016-06-30": 0, "2016-03-31": "", "2015-12-31": 0, "2015-09-30": 0, "2015-06-30": 0, "2015-03-31": "", "2014-12-31": 0, "2014-09-30": 0, "2014-06-30": 0, "2014-03-31": "", "2013-12-31": 0, "2013-09-30": 0, "2013-06-30": 0, "2013-03-31": "", "2012-12-31": 0, "2012-09-30": 0, "2012-06-30": 0, "2012-03-31": "", "2011-12-31": 0, "2011-09-30": 0, "2011-06-30": 0, "2011-03-31": "", "2010-12-31": 0, "2010-09-30": 0, "2010-06-30": 0, "2010-03-31": "", "2009-12-31": 0}}, "financial ratios": {"Current Ratio": {"2019-12-31": "1.22530", "2018-12-31": "2.32820", "2017-12-31": "2.66940", "2016-12-31": "2.24590", "2015-12-31": "2.77240", "2014-12-31": "1.93440", "2013-12-31": "2.59260", "2012-12-31": "3.23290", "2011-12-31": "2.19970", "2010-12-31": "1.23910", "2009-12-31": ""}, "Long-term Debt / Capital": {"2019-12-31": "", "2018-12-31": "", "2017-12-31": "0.14440", "2016-12-31": "0.05710", "2015-12-31": "0.12410", "2014-12-31": "0.18710", "2013-12-31": "0.25750", "2012-12-31": "0.31870", "2011-12-31": "0.56420", "2010-12-31": "", "2009-12-31": ""}, "Debt/Equity Ratio": {"2019-12-31": "", "2018-12-31": "", "2017-12-31": "0.16870", "2016-12-31": "0.11380", "2015-12-31": "0.14240", "2014-12-31": "0.29960", "2013-12-31": "0.42540", "2012-12-31": "0.56690", "2011-12-31": "1.45380", "2010-12-31": "0.00330", "2009-12-31": ""}, "Gross Margin": {"2019-12-31": "93.97440", "2018-12-31": "94.67490", "2017-12-31": "95.37280", "2016-12-31": "95.20270", "2015-12-31": "96.11260", "2014-12-31": "96.78970", "2013-12-31": "98.09520", "2012-12-31": "98.42730", "2011-12-31": "98.29330", "2010-12-31": "98.48440", "2009-12-31": "98.70230"}, "Operating Margin": {"2019-12-31": "11.98720", "2018-12-31": "11.33130", "2017-12-31": "7.96920", "2016-12-31": "11.21620", "2015-12-31": "15.54960", "2014-12-31": "27.28730", "2013-12-31": "31.11110", "2012-12-31": "38.79420", "2011-12-31": "42.81480", "2010-12-31": "46.69490", "2009-12-31": "47.76580"}, "EBIT Margin": {"2019-12-31": "11.98720", "2018-12-31": "11.33130", "2017-12-31": "7.96920", "2016-12-31": "11.21620", "2015-12-31": "15.54960", "2014-12-31": "27.28730", "2013-12-31": "31.11110", "2012-12-31": "38.79420", "2011-12-31": "42.81480", "2010-12-31": "46.69490", "2009-12-31": "47.76580"}, "EBITDA Margin": {"2019-12-31": "20.06410", "2018-12-31": "18.51390", "2017-12-31": "15.10280", "2016-12-31": "18.04050", "2015-12-31": "21.78280", "2014-12-31": "32.50400", "2013-12-31": "34.92060", "2012-12-31": "42.46400", "2011-12-31": "46.88120", "2010-12-31": "52.36520", "2009-12-31": "54.33680"}, "Pre-Tax Profit Margin": {"2019-12-31": "12.43590", "2018-12-31": "10.71210", "2017-12-31": "7.06940", "2016-12-31": "10.20270", "2015-12-31": "16.01880", "2014-12-31": "25.84270", "2013-12-31": "30.05290", "2012-12-31": "36.95940", "2011-12-31": "42.67930", "2010-12-31": "46.30600", "2009-12-31": "47.30050"}, "Net Profit Margin": {"2019-12-31": "8.07690", "2018-12-31": "6.99690", "2017-12-31": "-1.22110", "2016-12-31": "8.10810", "2015-12-31": "13.27080", "2014-12-31": "18.13800", "2013-12-31": "21.69310", "2012-12-31": "25.42600", "2011-12-31": "27.89000", "2010-12-31": "28.63520", "2009-12-31": "29.09120"}, "Asset Turnover": {"2019-12-31": "0.78630", "2018-12-31": "0.74530", "2017-12-31": "0.68490", "2016-12-31": "0.66130", "2015-12-31": "0.70110", "2014-12-31": "0.63960", "2013-12-31": "0.64150", "2012-12-31": "0.58730", "2011-12-31": "0.76210", "2010-12-31": "0.67040", "2009-12-31": ""}, "Inventory Turnover Ratio": {"2019-12-31": "", "2018-12-31": "", "2017-12-31": "", "2016-12-31": "", "2015-12-31": "", "2014-12-31": "", "2013-12-31": "", "2012-12-31": "", "2011-12-31": "", "2010-12-31": "", "2009-12-31": ""}, "Receiveable Turnover": {"2019-12-31": "8.52460", "2018-12-31": "7.61790", "2017-12-31": "5.98460", "2016-12-31": "7.83070", "2015-12-31": "8.28890", "2014-12-31": "8.25170", "2013-12-31": "8.36280", "2012-12-31": "5.88400", "2011-12-31": "7.76750", "2010-12-31": "9.47480", "2009-12-31": ""}, "Days Sales In Receivables": {"2019-12-31": "42.81730", "2018-12-31": "47.91330", "2017-12-31": "60.98970", "2016-12-31": "46.61150", "2015-12-31": "44.03490", "2014-12-31": "44.23360", "2013-12-31": "43.64550", "2012-12-31": "62.03230", "2011-12-31": "46.99100", "2010-12-31": "38.52330", "2009-12-31": ""}, "ROE - Return On Equity": {"2019-12-31": "10.85270", "2018-12-31": "7.68180", "2017-12-31": "-1.39400", "2016-12-31": "7.98930", "2015-12-31": "14.02270", "2014-12-31": "20.08890", "2013-12-31": "23.69940", "2012-12-31": "26.82370", "2011-12-31": "60.56850", "2010-12-31": "25.74980", "2009-12-31": ""}, "Return On Tangible Equity": {"2019-12-31": "59.71560", "2018-12-31": "18.92800", "2017-12-31": "-4.10370", "2016-12-31": "20.03340", "2015-12-31": "39.28570", "2014-12-31": "127.68360", "2013-12-31": "65.91640", "2012-12-31": "89.82290", "2011-12-31": "-81.78620", "2010-12-31": "480.34460", "2009-12-31": ""}, "ROA - Return On Assets": {"2019-12-31": "6.35080", "2018-12-31": "5.21460", "2017-12-31": "-0.83630", "2016-12-31": "5.36190", "2015-12-31": "9.30450", "2014-12-31": "11.60160", "2013-12-31": "13.91720", "2012-12-31": "15.00930", "2011-12-31": "21.26980", "2010-12-31": "19.22200", "2009-12-31": ""}, "ROI - Return On Investment": {"2019-12-31": "10.85270", "2018-12-31": "7.68180", "2017-12-31": "-1.19270", "2016-12-31": "7.53300", "2015-12-31": "12.28290", "2014-12-31": "16.32950", "2013-12-31": "17.59660", "2012-12-31": "18.27610", "2011-12-31": "26.39660", "2010-12-31": "25.74980", "2009-12-31": ""}, "Book Value Per Share": {"2019-12-31": "8.45090", "2018-12-31": "10.66710", "2017-12-31": "9.80980", "2016-12-31": "10.42250", "2015-12-31": "9.72160", "2014-12-31": "7.87150", "2013-12-31": "6.08230", "2012-12-31": "5.08870", "2011-12-31": "2.19940", "2010-12-31": "", "2009-12-31": ""}, "Operating Cash Flow Per Share": {"2019-12-31": 0.1142, "2018-12-31": 1.1929, "2017-12-31": -0.4837, "2016-12-31": -0.68, "2015-12-31": 0.076, "2014-12-31": 0.3808, "2013-12-31": 0.7119, "2012-12-31": 0.0794, "2011-12-31": 0.1401, "2010-12-31": 0.5334, "2009-12-31": 0.9421}, "Free Cash Flow Per Share": {"2019-12-31": -0.0387, "2018-12-31": 1.2142, "2017-12-31": -0.451, "2016-12-31": -0.423, "2015-12-31": -0.116, "2014-12-31": 0.2053, "2013-12-31": 0.5382, "2012-12-31": 0.0319, "2011-12-31": 0.123, "2010-12-31": 0.4963, "2009-12-31": 0.8382}}, "financial ratios, quarterly": {"Current Ratio": {"2020-09-30": "2.65370", "2020-06-30": "3.42570", "2020-03-31": "3.25400", "2019-12-31": "1.22530", "2019-09-30": "2.52350", "2019-06-30": "1.99220", "2019-03-31": "2.04150", "2018-12-31": "2.32820", "2018-09-30": "2.04420", "2018-06-30": "1.64820", "2018-03-31": "1.84080", "2017-12-31": "2.66940", "2017-09-30": "2.46920", "2017-06-30": "1.90020", "2017-03-31": "2.21900", "2016-12-31": "2.24590", "2016-09-30": "2.14670", "2016-06-30": "1.92520", "2016-03-31": "2.23150", "2015-12-31": "2.77240", "2015-09-30": "2.64890", "2015-06-30": "1.93870", "2015-03-31": "1.97790", "2014-12-31": "1.93440", "2014-09-30": "1.89930", "2014-06-30": "2.21500", "2014-03-31": "2.20140", "2013-12-31": "2.59260", "2013-09-30": "2.52230", "2013-06-30": "2.53410", "2013-03-31": "3.34660", "2012-12-31": "3.23290", "2012-09-30": "3.94080", "2012-06-30": "3.71180", "2012-03-31": "2.25720", "2011-12-31": "2.19970", "2011-09-30": "", "2011-06-30": "", "2011-03-31": "", "2010-12-31": "1.23910", "2010-09-30": "", "2010-06-30": "", "2010-03-31": "", "2009-12-31": ""}, "Long-term Debt / Capital": {"2020-09-30": "0.35050", "2020-06-30": "0.43420", "2020-03-31": "0.40530", "2019-12-31": "", "2019-09-30": "", "2019-06-30": "", "2019-03-31": "", "2018-12-31": "", "2018-09-30": "", "2018-06-30": "", "2018-03-31": "", "2017-12-31": "0.14440", "2017-09-30": "0.15760", "2017-06-30": "0.16110", "2017-03-31": "0.13170", "2016-12-31": "0.05710", "2016-09-30": "0.01250", "2016-06-30": "0.05700", "2016-03-31": "0.06990", "2015-12-31": "0.12410", "2015-09-30": "0.17790", "2015-06-30": "0.18780", "2015-03-31": "0.17490", "2014-12-31": "0.18710", "2014-09-30": "0.19910", "2014-06-30": "0.21440", "2014-03-31": "0.23500", "2013-12-31": "0.25750", "2013-09-30": "0.27220", "2013-06-30": "0.27300", "2013-03-31": "0.29200", "2012-12-31": "0.31870", "2012-09-30": "0.33700", "2012-06-30": "0.36480", "2012-03-31": "0.51050", "2011-12-31": "0.56420", "2011-09-30": "", "2011-06-30": "", "2011-03-31": "", "2010-12-31": "", "2010-09-30": "", "2010-06-30": "", "2010-03-31": "", "2009-12-31": ""}, "Debt/Equity Ratio": {"2020-09-30": "0.53960", "2020-06-30": "0.76750", "2020-03-31": "0.68160", "2019-12-31": "", "2019-09-30": "", "2019-06-30": "", "2019-03-31": "", "2018-12-31": "", "2018-09-30": "", "2018-06-30": "", "2018-03-31": "0.00500", "2017-12-31": "0.16870", "2017-09-30": "0.19200", "2017-06-30": "0.19720", "2017-03-31": "0.15680", "2016-12-31": "0.11380", "2016-09-30": "0.06080", "2016-06-30": "0.06110", "2016-03-31": "0.07580", "2015-12-31": "0.14240", "2015-09-30": "0.21720", "2015-06-30": "0.23210", "2015-03-31": "0.27990", "2014-12-31": "0.29960", "2014-09-30": "0.31860", "2014-06-30": "0.34410", "2014-03-31": "0.38240", "2013-12-31": "0.42540", "2013-09-30": "0.45390", "2013-06-30": "0.45150", "2013-03-31": "0.48900", "2012-12-31": "0.56690", "2012-09-30": "0.60190", "2012-06-30": "0.66090", "2012-03-31": "1.16890", "2011-12-31": "1.45380", "2011-09-30": "", "2011-06-30": "", "2011-03-31": "", "2010-12-31": "0.00330", "2010-09-30": "", "2010-06-30": "", "2010-03-31": "", "2009-12-31": ""}, "Gross Margin": {"2020-09-30": "91.39070", "2020-06-30": "83.05090", "2020-03-31": "93.16550", "2019-12-31": "93.71260", "2019-09-30": "94.15890", "2019-06-30": "93.60190", "2019-03-31": "94.41490", "2018-12-31": "94.50870", "2018-09-30": "94.97820", "2018-06-30": "94.45730", "2018-03-31": "94.70900", "2017-12-31": "95.32710", "2017-09-30": "95.44420", "2017-06-30": "95.28300", "2017-03-31": "95.43010", "2016-12-31": "94.93670", "2016-09-30": "95.48690", "2016-06-30": "94.88490", "2016-03-31": "95.45450", "2015-12-31": "95.79290", "2015-09-30": "96.14460", "2015-06-30": "96.04940", "2015-03-31": "96.41870", "2014-12-31": "95.83330", "2014-09-30": "96.89270", "2014-06-30": "97.21360", "2014-03-31": "97.15300", "2013-12-31": "98.12210", "2013-09-30": "97.64710", "2013-06-30": "98.38060", "2013-03-31": "98.26090", "2012-12-31": "97.95550", "2012-09-30": "98.64790", "2012-06-30": "98.51580", "2012-03-31": "98.51180", "2011-12-31": "98.05520", "2011-09-30": "98.21520", "2011-06-30": "98.38400", "2011-03-31": "98.50490", "2010-12-31": "100.00000", "2010-09-30": "100.00000", "2010-06-30": "100.00000", "2010-03-31": "100.00000", "2009-12-31": ""}, "Operating Margin": {"2020-09-30": "-30.46360", "2020-06-30": "-277.96610", "2020-03-31": "-9.71220", "2019-12-31": "6.58680", "2019-09-30": "15.88790", "2019-06-30": "15.63980", "2019-03-31": "8.24470", "2018-12-31": "6.35840", "2018-09-30": "19.43230", "2018-06-30": "11.31640", "2018-03-31": "6.08470", "2017-12-31": "2.80370", "2017-09-30": "9.56720", "2017-06-30": "10.84910", "2017-03-31": "7.25810", "2016-12-31": "3.48100", "2016-09-30": "15.67700", "2016-06-30": "12.02050", "2016-03-31": "11.93180", "2015-12-31": "-8.09060", "2015-09-30": "21.20480", "2015-06-30": "19.50620", "2015-03-31": "24.79340", "2014-12-31": "20.83330", "2014-09-30": "23.72880", "2014-06-30": "30.95980", "2014-03-31": "34.16370", "2013-12-31": "13.14550", "2013-09-30": "32.94120", "2013-06-30": "38.05670", "2013-03-31": "38.26090", "2012-12-31": "27.56110", "2012-09-30": "43.36840", "2012-06-30": "42.44430", "2012-03-31": "39.94070", "2011-12-31": "24.35160", "2011-09-30": "45.39130", "2011-06-30": "49.52610", "2011-03-31": "49.13080", "2010-12-31": "100.00000", "2010-09-30": "100.00000", "2010-06-30": "100.00000", "2010-03-31": "100.00000", "2009-12-31": ""}, "EBIT Margin": {"2020-09-30": "-30.46360", "2020-06-30": "-277.96610", "2020-03-31": "-9.71220", "2019-12-31": "6.58680", "2019-09-30": "15.88790", "2019-06-30": "15.63980", "2019-03-31": "8.24470", "2018-12-31": "6.35840", "2018-09-30": "19.43230", "2018-06-30": "11.31640", "2018-03-31": "6.08470", "2017-12-31": "2.80370", "2017-09-30": "9.56720", "2017-06-30": "10.84910", "2017-03-31": "7.25810", "2016-12-31": "3.48100", "2016-09-30": "15.67700", "2016-06-30": "12.02050", "2016-03-31": "11.93180", "2015-12-31": "-8.09060", "2015-09-30": "21.20480", "2015-06-30": "19.50620", "2015-03-31": "24.79340", "2014-12-31": "20.83330", "2014-09-30": "23.72880", "2014-06-30": "30.95980", "2014-03-31": "34.16370", "2013-12-31": "13.14550", "2013-09-30": "32.94120", "2013-06-30": "38.05670", "2013-03-31": "38.26090", "2012-12-31": "27.56110", "2012-09-30": "43.36840", "2012-06-30": "42.44430", "2012-03-31": "39.94070", "2011-12-31": "24.35160", "2011-09-30": "45.39130", "2011-06-30": "49.52610", "2011-03-31": "49.13080", "2010-12-31": "100.00000", "2010-09-30": "100.00000", "2010-06-30": "100.00000", "2010-03-31": "100.00000", "2009-12-31": ""}, "EBITDA Margin": {"2020-09-30": "", "2020-06-30": "", "2020-03-31": "", "2019-12-31": "", "2019-09-30": "", "2019-06-30": "", "2019-03-31": "", "2018-12-31": "", "2018-09-30": "", "2018-06-30": "", "2018-03-31": "", "2017-12-31": "", "2017-09-30": "", "2017-06-30": "", "2017-03-31": "", "2016-12-31": "", "2016-09-30": "", "2016-06-30": "", "2016-03-31": "", "2015-12-31": "", "2015-09-30": "", "2015-06-30": "", "2015-03-31": "", "2014-12-31": "", "2014-09-30": "", "2014-06-30": "", "2014-03-31": "", "2013-12-31": "", "2013-09-30": "", "2013-06-30": "", "2013-03-31": "", "2012-12-31": "", "2012-09-30": "", "2012-06-30": "", "2012-03-31": "", "2011-12-31": "", "2011-09-30": "", "2011-06-30": "", "2011-03-31": "", "2010-12-31": "", "2010-09-30": "", "2010-06-30": "", "2010-03-31": "", "2009-12-31": ""}, "Pre-Tax Profit Margin": {"2020-09-30": "-38.41060", "2020-06-30": "-303.38980", "2020-03-31": "-9.71220", "2019-12-31": "5.98800", "2019-09-30": "17.05610", "2019-06-30": "16.11370", "2019-03-31": "8.77660", "2018-12-31": "6.64740", "2018-09-30": "18.99560", "2018-06-30": "9.69980", "2018-03-31": "5.55560", "2017-12-31": "0.93460", "2017-09-30": "8.65600", "2017-06-30": "10.37740", "2017-03-31": "6.72040", "2016-12-31": "1.89870", "2016-09-30": "14.96440", "2016-06-30": "11.25320", "2016-03-31": "10.79550", "2015-12-31": "-8.73790", "2015-09-30": "23.61450", "2015-06-30": "20.24690", "2015-03-31": "23.69150", "2014-12-31": "19.09720", "2014-09-30": "21.18640", "2014-06-30": "30.34060", "2014-03-31": "33.45200", "2013-12-31": "12.20660", "2013-09-30": "32.94120", "2013-06-30": "36.43720", "2013-03-31": "36.52170", "2012-12-31": "25.56560", "2012-09-30": "42.69190", "2012-06-30": "38.92200", "2012-03-31": "38.72360", "2011-12-31": "24.34440", "2011-09-30": "43.95880", "2011-06-30": "49.92440", "2011-03-31": "49.84320", "2010-12-31": "100.00000", "2010-09-30": "100.00000", "2010-06-30": "100.00000", "2010-03-31": "100.00000", "2009-12-31": ""}, "Net Profit Margin": {"2020-09-30": "-31.78810", "2020-06-30": "-259.32200", "2020-03-31": "-5.75540", "2019-12-31": "4.79040", "2019-09-30": "11.68220", "2019-06-30": "8.05690", "2019-03-31": "6.91490", "2018-12-31": "2.02310", "2018-09-30": "15.06550", "2018-06-30": "7.39030", "2018-03-31": "1.32280", "2017-12-31": "-26.16820", "2017-09-30": "5.69480", "2017-06-30": "6.36790", "2017-03-31": "3.49460", "2016-12-31": "0.63290", "2016-09-30": "13.06410", "2016-06-30": "8.69570", "2016-03-31": "8.23860", "2015-12-31": "0.97090", "2015-09-30": "17.83130", "2015-06-30": "14.32100", "2015-03-31": "17.35540", "2014-12-31": "12.50000", "2014-09-30": "15.25420", "2014-06-30": "21.05260", "2014-03-31": "24.19930", "2013-12-31": "9.38970", "2013-09-30": "21.96080", "2013-06-30": "27.12550", "2013-03-31": "26.95650", "2012-12-31": "19.77840", "2012-09-30": "27.90650", "2012-06-30": "26.89300", "2012-03-31": "26.18790", "2011-12-31": "15.98070", "2011-09-30": "30.04080", "2011-06-30": "31.94480", "2011-03-31": "31.68300", "2010-12-31": "17.33270", "2010-09-30": "30.80130", "2010-06-30": "31.94510", "2010-03-31": "32.90400", "2009-12-31": ""}, "Asset Turnover": {"2020-09-30": "0.07570", "2020-06-30": "0.02620", "2020-03-31": "0.11450", "2019-12-31": "0.16830", "2019-09-30": "0.17340", "2019-06-30": "0.16450", "2019-03-31": "0.15700", "2018-12-31": "0.15970", "2018-09-30": "0.20890", "2018-06-30": "0.18790", "2018-03-31": "0.16880", "2017-12-31": "0.14130", "2017-09-30": "0.18700", "2017-06-30": "0.17150", "2017-03-31": "0.16360", "2016-12-31": "0.14120", "2016-09-30": "0.18490", "2016-06-30": "0.16390", "2016-03-31": "0.15900", "2015-12-31": "0.14520", "2015-09-30": "0.18880", "2015-06-30": "0.17790", "2015-03-31": "0.17340", "2014-12-31": "0.14780", "2014-09-30": "0.18100", "2014-06-30": "0.17640", "2014-03-31": "0.17400", "2013-12-31": "0.14460", "2013-09-30": "0.17610", "2013-06-30": "0.16970", "2013-03-31": "0.17140", "2012-12-31": "0.13040", "2012-09-30": "0.16890", "2012-06-30": "0.16610", "2012-03-31": "0.20090", "2011-12-31": "0.16490", "2011-09-30": "", "2011-06-30": "", "2011-03-31": "", "2010-12-31": "0.14710", "2010-09-30": "", "2010-06-30": "", "2010-03-31": "", "2009-12-31": ""}, "Inventory Turnover Ratio": {"2020-09-30": "", "2020-06-30": "", "2020-03-31": "", "2019-12-31": "", "2019-09-30": "", "2019-06-30": "", "2019-03-31": "", "2018-12-31": "", "2018-09-30": "", "2018-06-30": "", "2018-03-31": "", "2017-12-31": "", "2017-09-30": "", "2017-06-30": "", "2017-03-31": "", "2016-12-31": "", "2016-09-30": "", "2016-06-30": "", "2016-03-31": "", "2015-12-31": "", "2015-09-30": "", "2015-06-30": "", "2015-03-31": "", "2014-12-31": "", "2014-09-30": "", "2014-06-30": "", "2014-03-31": "", "2013-12-31": "", "2013-09-30": "", "2013-06-30": "", "2013-03-31": "", "2012-12-31": "", "2012-09-30": "", "2012-06-30": "", "2012-03-31": "", "2011-12-31": "", "2011-09-30": "", "2011-06-30": "", "2011-03-31": "", "2010-12-31": "", "2010-09-30": "", "2010-06-30": "", "2010-03-31": "", "2009-12-31": ""}, "Receiveable Turnover": {"2020-09-30": "1.07090", "2020-06-30": "0.45740", "2020-03-31": "1.50270", "2019-12-31": "1.78610", "2019-09-30": "1.96330", "2019-06-30": "1.56300", "2019-03-31": "1.59320", "2018-12-31": "1.63210", "2018-09-30": "1.93250", "2018-06-30": "1.44330", "2018-03-31": "1.34520", "2017-12-31": "1.23460", "2017-09-30": "1.72830", "2017-06-30": "1.68250", "2017-03-31": "1.60340", "2016-12-31": "1.67200", "2016-09-30": "1.90500", "2016-06-30": "1.70000", "2016-03-31": "1.44260", "2015-12-31": "1.71670", "2015-09-30": "1.85270", "2015-06-30": "1.51690", "2015-03-31": "1.58520", "2014-12-31": "1.90730", "2014-09-30": "1.96670", "2014-06-30": "1.74590", "2014-03-31": "1.72390", "2013-12-31": "1.88500", "2013-09-30": "1.30360", "2013-06-30": "1.29120", "2013-03-31": "1.43330", "2012-12-31": "1.30660", "2012-09-30": "1.56830", "2012-06-30": "1.43870", "2012-03-31": "1.39130", "2011-12-31": "1.68010", "2011-09-30": "", "2011-06-30": "", "2011-03-31": "", "2010-12-31": "2.07870", "2010-09-30": "", "2010-06-30": "", "2010-03-31": "", "2009-12-31": ""}, "Days Sales In Receivables": {"2020-09-30": "84.03970", "2020-06-30": "196.77970", "2020-03-31": "59.89210", "2019-12-31": "50.38920", "2019-09-30": "45.84110", "2019-06-30": "57.58290", "2019-03-31": "56.48940", "2018-12-31": "55.14450", "2018-09-30": "46.57210", "2018-06-30": "62.35570", "2018-03-31": "66.90480", "2017-12-31": "72.89720", "2017-09-30": "52.07290", "2017-06-30": "53.49060", "2017-03-31": "56.12900", "2016-12-31": "53.82910", "2016-09-30": "47.24470", "2016-06-30": "52.94120", "2016-03-31": "62.38640", "2015-12-31": "52.42720", "2015-09-30": "48.57830", "2015-06-30": "59.33330", "2015-03-31": "56.77690", "2014-12-31": "47.18750", "2014-09-30": "45.76270", "2014-06-30": "51.54800", "2014-03-31": "52.20640", "2013-12-31": "47.74650", "2013-09-30": "69.03990", "2013-06-30": "69.70150", "2013-03-31": "62.79140", "2012-12-31": "68.88260", "2012-09-30": "57.38620", "2012-06-30": "62.55600", "2012-03-31": "64.68600", "2011-12-31": "53.56780", "2011-09-30": "", "2011-06-30": "", "2011-03-31": "", "2010-12-31": "43.29650", "2010-09-30": "", "2010-06-30": "", "2010-03-31": "", "2009-12-31": ""}, "ROE - Return On Equity": {"2020-09-30": "-5.28630", "2020-06-30": "-16.77630", "2020-03-31": "-1.55790", "2019-12-31": "1.37810", "2019-09-30": "3.03400", "2019-06-30": "2.15870", "2019-03-31": "1.72530", "2018-12-31": "0.47590", "2018-09-30": "4.78500", "2018-06-30": "2.37570", "2018-03-31": "0.35970", "2017-12-31": "-6.16290", "2017-09-30": "1.76430", "2017-06-30": "1.99410", "2017-03-31": "0.93930", "2016-12-31": "0.13320", "2016-09-30": "3.48100", "2016-06-30": "2.25910", "2016-03-31": "1.98090", "2015-12-31": "0.21250", "2015-09-30": "5.58070", "2015-06-30": "4.67370", "2015-03-31": "5.34350", "2014-12-31": "3.20000", "2014-09-30": "4.97240", "2014-06-30": "6.62770", "2014-03-31": "7.20340", "2013-12-31": "2.31210", "2013-09-30": "6.75670", "2013-06-30": "7.86420", "2013-03-31": "7.74750", "2012-12-31": "4.69470", "2012-09-30": "8.64530", "2012-06-30": "8.47970", "2012-03-31": "13.58040", "2011-12-31": "7.50060", "2011-09-30": "", "2011-06-30": "", "2011-03-31": "", "2010-12-31": "3.41510", "2010-09-30": "", "2010-06-30": "", "2010-03-31": "", "2009-12-31": ""}, "Return On Tangible Equity": {"2020-09-30": "184.61540", "2020-06-30": "765.00000", "2020-03-31": "-16.00000", "2019-12-31": "7.58290", "2019-09-30": "6.17280", "2019-06-30": "4.72880", "2019-03-31": "4.03730", "2018-12-31": "1.17250", "2018-09-30": "12.47740", "2018-06-30": "7.17490", "2018-03-31": "1.01830", "2017-12-31": "-18.14260", "2017-09-30": "4.89240", "2017-06-30": "6.02680", "2017-03-31": "2.69710", "2016-12-31": "0.33390", "2016-09-30": "8.35870", "2016-06-30": "5.63850", "2016-03-31": "5.22520", "2015-12-31": "0.59520", "2015-09-30": "18.27160", "2015-06-30": "19.39800", "2015-03-31": "23.95440", "2014-12-31": "20.33900", "2014-09-30": "34.17720", "2014-06-30": "22.22220", "2014-03-31": "17.34690", "2013-12-31": "6.43090", "2013-09-30": "20.20840", "2013-06-30": "22.49670", "2013-03-31": "21.08250", "2012-12-31": "15.72080", "2012-09-30": "32.97240", "2012-06-30": "44.54770", "2012-03-31": "-30.90300", "2011-12-31": "-10.12810", "2011-09-30": "", "2011-06-30": "", "2011-03-31": "", "2010-12-31": "63.70210", "2010-09-30": "", "2010-06-30": "", "2010-03-31": "", "2009-12-31": ""}, "ROA - Return On Assets": {"2020-09-30": "-2.40480", "2020-06-30": "-6.80300", "2020-03-31": "-0.65930", "2019-12-31": "0.80650", "2019-09-30": "2.02590", "2019-06-30": "1.32500", "2019-03-31": "1.08560", "2018-12-31": "0.32300", "2018-09-30": "3.14780", "2018-06-30": "1.38890", "2018-03-31": "0.22320", "2017-12-31": "-3.69720", "2017-09-30": "1.06470", "2017-06-30": "1.09220", "2017-03-31": "0.57170", "2016-12-31": "0.08940", "2016-09-30": "2.41550", "2016-06-30": "1.42560", "2016-03-31": "1.30980", "2015-12-31": "0.14100", "2015-09-30": "3.36670", "2015-06-30": "2.54720", "2015-03-31": "3.00860", "2014-12-31": "1.84800", "2014-09-30": "2.76070", "2014-06-30": "3.71380", "2014-03-31": "4.21050", "2013-12-31": "1.35780", "2013-09-30": "3.86700", "2013-06-30": "4.60300", "2013-03-31": "4.62110", "2012-12-31": "2.62690", "2012-09-30": "4.72770", "2012-06-30": "4.47800", "2012-03-31": "5.26790", "2011-12-31": "2.63400", "2011-09-30": "", "2011-06-30": "", "2011-03-31": "", "2010-12-31": "2.54940", "2010-09-30": "", "2010-06-30": "", "2010-03-31": "", "2009-12-31": ""}, "ROI - Return On Investment": {"2020-09-30": "-3.43350", "2020-06-30": "-9.49130", "2020-03-31": "-0.92650", "2019-12-31": "1.37810", "2019-09-30": "3.03400", "2019-06-30": "2.15870", "2019-03-31": "1.72530", "2018-12-31": "0.47590", "2018-09-30": "4.78500", "2018-06-30": "2.37570", "2018-03-31": "0.35970", "2017-12-31": "-5.27310", "2017-09-30": "1.48630", "2017-06-30": "1.67290", "2017-03-31": "0.81560", "2016-12-31": "0.12550", "2016-09-30": "3.43750", "2016-06-30": "2.13030", "2016-03-31": "1.84240", "2015-12-31": "0.18610", "2015-09-30": "4.58770", "2015-06-30": "3.79580", "2015-03-31": "4.40870", "2014-12-31": "2.60120", "2014-09-30": "3.98230", "2014-06-30": "5.20670", "2014-03-31": "5.51050", "2013-12-31": "1.71670", "2013-09-30": "4.91740", "2013-06-30": "5.71690", "2013-03-31": "5.48550", "2012-12-31": "3.19870", "2012-09-30": "5.73200", "2012-06-30": "5.38670", "2012-03-31": "6.64690", "2011-12-31": "3.26890", "2011-09-30": "", "2011-06-30": "", "2011-03-31": "", "2010-12-31": "3.41510", "2010-09-30": "", "2010-06-30": "", "2010-03-31": "", "2009-12-31": ""}, "Book Value Per Share": {"2020-09-30": "6.75240", "2020-06-30": "6.78730", "2020-03-31": "7.65930", "2019-12-31": "8.45090", "2019-09-30": "11.82560", "2019-06-30": "11.30910", "2019-03-31": "10.84170", "2018-12-31": "10.66710", "2018-09-30": "10.47870", "2018-06-30": "9.79490", "2018-03-31": "9.96630", "2017-12-31": "9.80980", "2017-09-30": "10.20620", "2017-06-30": "9.75950", "2017-03-31": "9.80220", "2016-12-31": "10.42250", "2016-09-30": "10.85000", "2016-06-30": "10.33450", "2016-03-31": "10.04960", "2015-12-31": "9.72160", "2015-09-30": "9.19760", "2015-06-30": "8.61340", "2015-03-31": "8.21580", "2014-12-31": "7.87150", "2014-09-30": "7.59900", "2014-06-30": "7.18630", "2014-03-31": "6.61750", "2013-12-31": "6.08230", "2013-09-30": "5.83300", "2013-06-30": "5.94720", "2013-03-31": "5.58280", "2012-12-31": "5.08870", "2012-09-30": "4.83730", "2012-06-30": "4.40560", "2012-03-31": "2.64320", "2011-12-31": "2.19940", "2011-09-30": "", "2011-06-30": "", "2011-03-31": "", "2010-12-31": "", "2010-09-30": "", "2010-06-30": "", "2010-03-31": "", "2009-12-31": ""}, "Operating Cash Flow Per Share": {"2020-09-30": -0.2388, "2020-06-30": -0.5898, "2020-03-31": "-0.51470", "2019-12-31": 0.4071, "2019-09-30": 0.0255, "2019-06-30": 1.2837, "2019-03-31": "1.29080", "2018-12-31": 0.2404, "2018-09-30": 0.0811, "2018-06-30": 1.3285, "2018-03-31": "1.24290", "2017-12-31": 0.1173, "2017-09-30": -0.935, "2017-06-30": 1.5936, "2017-03-31": "0.92410", "2016-12-31": 0.3061, "2016-09-30": -0.5918, "2016-06-30": 1.6259, "2016-03-31": "0.84350", "2015-12-31": 0.5418, "2015-09-30": 0.274, "2015-06-30": 1.3698, "2015-03-31": "0.67810", "2014-12-31": 0.5548, "2014-09-30": 0.4041, "2014-06-30": 1.0822, "2014-03-31": "0.74660", "2013-12-31": 0.4956, "2013-09-30": 0.9982, "2013-06-30": 0.6089, "2013-03-31": "0.30420", "2012-12-31": 0.526, "2012-09-30": 0.5236, "2012-06-30": 0.4271, "2012-03-31": "0.21830", "2011-12-31": 0.1791, "2011-09-30": 0.5833, "2011-06-30": 0.4537, "2011-03-31": "0.39950", "2010-12-31": 1.4754, "2010-09-30": 0, "2010-06-30": 0, "2010-03-31": "", "2009-12-31": 0}, "Free Cash Flow Per Share": {"2020-09-30": -0.3135, "2020-06-30": -0.7113, "2020-03-31": "-0.66180", "2019-12-31": 0.247, "2019-09-30": -0.1336, "2019-06-30": 1.1348, "2019-03-31": "1.17020", "2018-12-31": 0.1238, "2018-09-30": -0.0167, "2018-06-30": 1.2143, "2018-03-31": "1.13570", "2017-12-31": 0.0199, "2017-09-30": -1.0465, "2017-06-30": 1.4695, "2017-03-31": "0.80000", "2016-12-31": 0.2041, "2016-09-30": -0.7347, "2016-06-30": 1.4966, "2016-03-31": "0.72790", "2015-12-31": 0.432, "2015-09-30": 0.0068, "2015-06-30": 1.2123, "2015-03-31": "0.46580", "2014-12-31": 0.3767, "2014-09-30": 0.3151, "2014-06-30": 0.9315, "2014-03-31": "0.60960", "2013-12-31": 0.3845, "2013-09-30": 0.8948, "2013-06-30": 0.5063, "2013-03-31": "0.24200", "2012-12-31": 0.4637, "2012-09-30": 0.4738, "2012-06-30": 0.3875, "2012-03-31": "0.16440", "2011-12-31": 0.1411, "2011-09-30": 0.5413, "2011-06-30": 0.413, "2011-03-31": "0.36210", "2010-12-31": 1.3345, "2010-09-30": 0, "2010-06-30": 0, "2010-03-31": "", "2009-12-31": 0}}, "revenue": {"TripAdvisor Annual Revenue (Millions of US $)": {"2019": "$1,560", "2018": "$1,615", "2017": "$1,556", "2016": "$1,480", "2015": "$1,492", "2014": "$1,246", "2013": "$945", "2012": "$763", "2011": "$637", "2010": "$485", "2009": "$352"}, "TripAdvisor Quarterly Revenue (Millions of US $)": {"2020-09-30": "$151", "2020-06-30": "$59", "2020-03-31": "$278", "2019-12-31": "$334", "2019-09-30": "$428", "2019-06-30": "$422", "2019-03-31": "$376", "2018-12-31": "$346", "2018-09-30": "$458", "2018-06-30": "$433", "2018-03-31": "$378", "2017-12-31": "$321", "2017-09-30": "$439", "2017-06-30": "$424", "2017-03-31": "$372", "2016-12-31": "$316", "2016-09-30": "$421", "2016-06-30": "$391", "2016-03-31": "$352", "2015-12-31": "$309", "2015-09-30": "$415", "2015-06-30": "$405", "2015-03-31": "$363", "2014-12-31": "$288", "2014-09-30": "$354", "2014-06-30": "$323", "2014-03-31": "$281", "2013-12-31": "$213", "2013-09-30": "$255", "2013-06-30": "$247", "2013-03-31": "$230", "2012-12-31": "$169", "2012-09-30": "$213", "2012-06-30": "$197", "2012-03-31": "$184", "2011-12-31": "$138", "2011-09-30": "$181", "2011-06-30": "$169", "2011-03-31": "$149", "2010-12-31": "$106", "2010-09-30": "$139", "2010-06-30": "$125", "2010-03-31": "$114", "2009-12-31": ""}}, "gross-profit": {"TripAdvisor Annual Gross Profit (Millions of US $)": {"2019": "$1,466", "2018": "$1,529", "2017": "$1,484", "2016": "$1,409", "2015": "$1,434", "2014": "$1,206", "2013": "$927", "2012": "$751", "2011": "$626", "2010": "$477", "2009": "$348"}, "TripAdvisor Quarterly Gross Profit (Millions of US $)": {"2020-09-30": "$138", "2020-06-30": "$49", "2020-03-31": "$259", "2019-12-31": "$313", "2019-09-30": "$403", "2019-06-30": "$395", "2019-03-31": "$355", "2018-12-31": "$327", "2018-09-30": "$435", "2018-06-30": "$409", "2018-03-31": "$358", "2017-12-31": "$306", "2017-09-30": "$419", "2017-06-30": "$404", "2017-03-31": "$355", "2016-12-31": "$300", "2016-09-30": "$402", "2016-06-30": "$371", "2016-03-31": "$336", "2015-12-31": "$296", "2015-09-30": "$399", "2015-06-30": "$389", "2015-03-31": "$350", "2014-12-31": "$276", "2014-09-30": "$343", "2014-06-30": "$314", "2014-03-31": "$273", "2013-12-31": "$209", "2013-09-30": "$249", "2013-06-30": "$243", "2013-03-31": "$226", "2012-12-31": "$166", "2012-09-30": "$210", "2012-06-30": "$194", "2012-03-31": "$181", "2011-12-31": "$135", "2011-09-30": "$178", "2011-06-30": "$167", "2011-03-31": "$147", "2010-12-31": "$106", "2010-09-30": "$139", "2010-06-30": "$125", "2010-03-31": "$114", "2009-12-31": ""}}, "operating-income": {"TripAdvisor Annual Operating Income (Millions of US $)": {"2019": "$187", "2018": "$183", "2017": "$124", "2016": "$166", "2015": "$232", "2014": "$340", "2013": "$294", "2012": "$296", "2011": "$273", "2010": "$226", "2009": "$168"}, "TripAdvisor Quarterly Operating Income (Millions of US $)": {"2020-09-30": "$-46", "2020-06-30": "$-164", "2020-03-31": "$-27", "2019-12-31": "$22", "2019-09-30": "$68", "2019-06-30": "$66", "2019-03-31": "$31", "2018-12-31": "$22", "2018-09-30": "$89", "2018-06-30": "$49", "2018-03-31": "$23", "2017-12-31": "$9", "2017-09-30": "$42", "2017-06-30": "$46", "2017-03-31": "$27", "2016-12-31": "$11", "2016-09-30": "$66", "2016-06-30": "$47", "2016-03-31": "$42", "2015-12-31": "$-25", "2015-09-30": "$88", "2015-06-30": "$79", "2015-03-31": "$90", "2014-12-31": "$60", "2014-09-30": "$84", "2014-06-30": "$100", "2014-03-31": "$96", "2013-12-31": "$28", "2013-09-30": "$84", "2013-06-30": "$94", "2013-03-31": "$88", "2012-12-31": "$47", "2012-09-30": "$92", "2012-06-30": "$84", "2012-03-31": "$73", "2011-12-31": "$34", "2011-09-30": "$82", "2011-06-30": "$84", "2011-03-31": "$73", "2010-12-31": "$106", "2010-09-30": "$139", "2010-06-30": "$125", "2010-03-31": "$114", "2009-12-31": ""}}, "ebitda": {"TripAdvisor Annual EBITDA (Millions of US $)": {"2019": "$313", "2018": "$299", "2017": "$235", "2016": "$267", "2015": "$325", "2014": "$405", "2013": "$330", "2012": "$324", "2011": "$299", "2010": "$254", "2009": "$191"}, "TripAdvisor Quarterly EBITDA (Millions of US $)": {"2020-09-30": "$-13", "2020-06-30": "$-132", "2020-03-31": "$5", "2019-12-31": "$56", "2019-09-30": "$99", "2019-06-30": "$96", "2019-03-31": "$62", "2018-12-31": "$53", "2018-09-30": "$117", "2018-06-30": "$78", "2018-03-31": "$51", "2017-12-31": "$38", "2017-09-30": "$70", "2017-06-30": "$73", "2017-03-31": "$54", "2016-12-31": "$38", "2016-09-30": "$92", "2016-06-30": "$71", "2016-03-31": "$66", "2015-12-31": "", "2015-09-30": "$112", "2015-06-30": "$102", "2015-03-31": "$111", "2014-12-31": "$81", "2014-09-30": "$102", "2014-06-30": "$114", "2014-03-31": "$108", "2013-12-31": "$34", "2013-09-30": "$95", "2013-06-30": "$105", "2013-03-31": "$96", "2012-12-31": "$55", "2012-09-30": "$99", "2012-06-30": "$90", "2012-03-31": "$80", "2011-12-31": "$41", "2011-09-30": "$89", "2011-06-30": "$89", "2011-03-31": "$80", "2010-12-31": "$106", "2010-09-30": "$139", "2010-06-30": "$125", "2010-03-31": "$114", "2009-12-31": ""}}, "net-income": {"TripAdvisor Annual Net Income (Millions of US $)": {"2019": "$126", "2018": "$113", "2017": "$-19", "2016": "$120", "2015": "$198", "2014": "$226", "2013": "$205", "2012": "$194", "2011": "$178", "2010": "$139", "2009": "$102"}, "TripAdvisor Quarterly Net Income (Millions of US $)": {"2020-09-30": "$-48", "2020-06-30": "$-153", "2020-03-31": "$-16", "2019-12-31": "$16", "2019-09-30": "$50", "2019-06-30": "$34", "2019-03-31": "$26", "2018-12-31": "$7", "2018-09-30": "$69", "2018-06-30": "$32", "2018-03-31": "$5", "2017-12-31": "$-84", "2017-09-30": "$25", "2017-06-30": "$27", "2017-03-31": "$13", "2016-12-31": "$2", "2016-09-30": "$55", "2016-06-30": "$34", "2016-03-31": "$29", "2015-12-31": "$3", "2015-09-30": "$74", "2015-06-30": "$58", "2015-03-31": "$63", "2014-12-31": "$36", "2014-09-30": "$54", "2014-06-30": "$68", "2014-03-31": "$68", "2013-12-31": "$20", "2013-09-30": "$56", "2013-06-30": "$67", "2013-03-31": "$62", "2012-12-31": "$34", "2012-09-30": "$59", "2012-06-30": "$53", "2012-03-31": "$48", "2011-12-31": "$22", "2011-09-30": "$54", "2011-06-30": "$54", "2011-03-31": "$47", "2010-12-31": "$18", "2010-09-30": "$43", "2010-06-30": "$40", "2010-03-31": "$37", "2009-12-31": ""}}, "eps-earnings-per-share-diluted": {"TripAdvisor Annual EPS": {"2019": "$0.89", "2018": "$0.81", "2017": "$-0.14", "2016": "$0.82", "2015": "$1.36", "2014": "$1.55", "2013": "$1.41", "2012": "$1.37", "2011": "$1.32", "2010": "$1.04", "2009": "$0.77"}, "TripAdvisor Quarterly EPS": {"2020-09-30": "$-0.36", "2020-06-30": "$-1.14", "2020-03-31": "$-0.12", "2019-12-31": "$0.11", "2019-09-30": "$0.36", "2019-06-30": "$0.24", "2019-03-31": "$0.18", "2018-12-31": "$0.05", "2018-09-30": "$0.49", "2018-06-30": "$0.23", "2018-03-31": "$0.04", "2017-12-31": "$-0.60", "2017-09-30": "$0.18", "2017-06-30": "$0.19", "2017-03-31": "$0.09", "2016-12-31": "$0.02", "2016-09-30": "$0.37", "2016-06-30": "$0.23", "2016-03-31": "$0.20", "2015-12-31": "$0.02", "2015-09-30": "$0.51", "2015-06-30": "$0.40", "2015-03-31": "$0.43", "2014-12-31": "$0.24", "2014-09-30": "$0.37", "2014-06-30": "$0.47", "2014-03-31": "$0.47", "2013-12-31": "$0.14", "2013-09-30": "$0.38", "2013-06-30": "$0.46", "2013-03-31": "$0.43", "2012-12-31": "$0.24", "2012-09-30": "$0.41", "2012-06-30": "$0.37", "2012-03-31": "$0.35", "2011-12-31": "$0.15", "2011-09-30": "$0.41", "2011-06-30": "$0.41", "2011-03-31": "$0.35", "2010-12-31": "$0.14", "2010-09-30": "$0.32", "2010-06-30": "$0.30", "2010-03-31": "$0.28", "2009-12-31": "$0.00"}}, "shares-outstanding": {"TripAdvisor Annual Shares Outstanding (Millions of Shares)": {"2019": "141", "2018": "140", "2017": "140", "2016": "147", "2015": "146", "2014": "146", "2013": "145", "2012": "141", "2011": "135", "2010": "133", "2009": "133"}, "TripAdvisor Quarterly Shares Outstanding (Millions of Shares)": {"2020-09-30": "134", "2020-06-30": "134", "2020-03-31": "136", "2019-12-31": "141", "2019-09-30": "140", "2019-06-30": "141", "2019-03-31": "141", "2018-12-31": "140", "2018-09-30": "141", "2018-06-30": "140", "2018-03-31": "140", "2017-12-31": "140", "2017-09-30": "139", "2017-06-30": "141", "2017-03-31": "145", "2016-12-31": "147", "2016-09-30": "147", "2016-06-30": "147", "2016-03-31": "147", "2015-12-31": "146", "2015-09-30": "146", "2015-06-30": "146", "2015-03-31": "146", "2014-12-31": "146", "2014-09-30": "146", "2014-06-30": "146", "2014-03-31": "146", "2013-12-31": "145", "2013-09-30": "145", "2013-06-30": "146", "2013-03-31": "145", "2012-12-31": "141", "2012-09-30": "144", "2012-06-30": "142", "2012-03-31": "136", "2011-12-31": "135", "2011-09-30": "133", "2011-06-30": "133", "2011-03-31": "133", "2010-12-31": "133", "2010-09-30": "134", "2010-06-30": "134", "2010-03-31": "133", "2009-12-31": ""}}, "total-assets": {"TripAdvisor Annual Total Assets (Millions of US $)": {"2019": "$1,984", "2018": "$2,167", "2017": "$2,272", "2016": "$2,238", "2015": "$2,128", "2014": "$1,948", "2013": "$1,473", "2012": "$1,299", "2011": "$836", "2010": "$723", "2009": "$0"}, "TripAdvisor Quarterly Total Assets (Millions of US $)": {"2020-09-30": "$1,996", "2020-06-30": "$2,249", "2020-03-31": "$2,427", "2019-12-31": "$1,984", "2019-09-30": "$2,468", "2019-06-30": "$2,566", "2019-03-31": "$2,395", "2018-12-31": "$2,167", "2018-09-30": "$2,192", "2018-06-30": "$2,304", "2018-03-31": "$2,240", "2017-12-31": "$2,272", "2017-09-30": "$2,348", "2017-06-30": "$2,472", "2017-03-31": "$2,274", "2016-12-31": "$2,238", "2016-09-30": "$2,277", "2016-06-30": "$2,385", "2016-03-31": "$2,214", "2015-12-31": "$2,128", "2015-09-30": "$2,198", "2015-06-30": "$2,277", "2015-03-31": "$2,094", "2014-12-31": "$1,948", "2014-09-30": "$1,956", "2014-06-30": "$1,831", "2014-03-31": "$1,615", "2013-12-31": "$1,473", "2013-09-30": "$1,448", "2013-06-30": "$1,456", "2013-03-31": "$1,342", "2012-12-31": "$1,299", "2012-09-30": "$1,259", "2012-06-30": "$1,187", "2012-03-31": "$914", "2011-12-31": "$836", "2011-09-30": "$0", "2011-06-30": "$0", "2011-03-31": "$0", "2010-12-31": "$723", "2010-09-30": "$0", "2010-06-30": "$0", "2010-03-31": "$0", "2009-12-31": "$0"}}, "cash-on-hand": {"TripAdvisor Annual Cash on Hand (Millions of US $)": {"2019": "$319", "2018": "$670", "2017": "$708", "2016": "$730", "2015": "$661", "2014": "$563", "2013": "$482", "2012": "$486", "2011": "$184", "2010": "$113", "2009": "$"}, "TripAdvisor Quarterly Cash on Hand (Millions of US $)": {"2020-09-30": "$446", "2020-06-30": "$698", "2020-03-31": "$798", "2019-12-31": "$319", "2019-09-30": "$933", "2019-06-30": "$966", "2019-03-31": "$811", "2018-12-31": "$670", "2018-09-30": "$663", "2018-06-30": "$678", "2018-03-31": "$650", "2017-12-31": "$708", "2017-09-30": "$763", "2017-06-30": "$904", "2017-03-31": "$746", "2016-12-31": "$730", "2016-09-30": "$727", "2016-06-30": "$853", "2016-03-31": "$692", "2015-12-31": "$661", "2015-09-30": "$686", "2015-06-30": "$711", "2015-03-31": "$623", "2014-12-31": "$563", "2014-09-30": "$576", "2014-06-30": "$638", "2014-03-31": "$461", "2013-12-31": "$482", "2013-09-30": "$432", "2013-06-30": "$396", "2013-03-31": "$406", "2012-12-31": "$486", "2012-09-30": "$548", "2012-06-30": "$478", "2012-03-31": "$209", "2011-12-31": "$184", "2011-09-30": "$0", "2011-06-30": "", "2011-03-31": "", "2010-12-31": "$113", "2010-09-30": "", "2010-06-30": "", "2010-03-31": "", "2009-12-31": ""}}, "long-term-debt": {"TripAdvisor Annual Long Term Debt (Millions of US $)": {"2019": "$", "2018": "$", "2017": "$230", "2016": "$91", "2015": "$200", "2014": "$259", "2013": "$300", "2012": "$340", "2011": "$380", "2010": "$", "2009": "$"}, "TripAdvisor Quarterly Long Term Debt (Millions of US $)": {"2020-09-30": "$490", "2020-06-30": "$700", "2020-03-31": "$700", "2019-12-31": "", "2019-09-30": "", "2019-06-30": "", "2019-03-31": "", "2018-12-31": "", "2018-09-30": "", "2018-06-30": "", "2018-03-31": "", "2017-12-31": "$230", "2017-09-30": "$265", "2017-06-30": "$260", "2017-03-31": "$210", "2016-12-31": "$91", "2016-09-30": "$20", "2016-06-30": "$91", "2016-03-31": "$110", "2015-12-31": "$200", "2015-09-30": "$287", "2015-06-30": "$287", "2015-03-31": "$250", "2014-12-31": "$259", "2014-09-30": "$270", "2014-06-30": "$280", "2014-03-31": "$290", "2013-12-31": "$300", "2013-09-30": "$310", "2013-06-30": "$320", "2013-03-31": "$330", "2012-12-31": "$340", "2012-09-30": "$350", "2012-06-30": "$360", "2012-03-31": "$370", "2011-12-31": "$380", "2011-09-30": "", "2011-06-30": "", "2011-03-31": "", "2010-12-31": "", "2010-09-30": "", "2010-06-30": "", "2010-03-31": "", "2009-12-31": ""}}, "total-liabilities": {"TripAdvisor Annual Total Liabilities (Millions of US $)": {"2019": "$823", "2018": "$696", "2017": "$909", "2016": "$736", "2015": "$716", "2014": "$823", "2013": "$608", "2012": "$572", "2011": "$542", "2010": "$183", "2009": "$0"}, "TripAdvisor Quarterly Total Liabilities (Millions of US $)": {"2020-09-30": "$1,088", "2020-06-30": "$1,337", "2020-03-31": "$1,400", "2019-12-31": "$823", "2019-09-30": "$820", "2019-06-30": "$991", "2019-03-31": "$888", "2018-12-31": "$696", "2018-09-30": "$750", "2018-06-30": "$957", "2018-03-31": "$850", "2017-12-31": "$909", "2017-09-30": "$931", "2017-06-30": "$1,118", "2017-03-31": "$890", "2016-12-31": "$736", "2016-09-30": "$697", "2016-06-30": "$880", "2016-03-31": "$750", "2015-12-31": "$716", "2015-09-30": "$872", "2015-06-30": "$1,036", "2015-03-31": "$915", "2014-12-31": "$823", "2014-09-30": "$870", "2014-06-30": "$805", "2014-03-31": "$671", "2013-12-31": "$608", "2013-09-30": "$619", "2013-06-30": "$604", "2013-03-31": "$541", "2012-12-31": "$572", "2012-09-30": "$571", "2012-06-30": "$560", "2012-03-31": "$560", "2011-12-31": "$542", "2011-09-30": "", "2011-06-30": "$0", "2011-03-31": "$0", "2010-12-31": "$183", "2010-09-30": "", "2010-06-30": "", "2010-03-31": "", "2009-12-31": "$0"}}, "total-share-holder-equity": {"TripAdvisor Annual Share Holder Equity (Millions of US $)": {"2019": "$1,161", "2018": "$1,471", "2017": "$1,363", "2016": "$1,502", "2015": "$1,412", "2014": "$1,125", "2013": "$865", "2012": "$727", "2011": "$294", "2010": "$540", "2009": "$0"}, "TripAdvisor Quarterly Share Holder Equity (Millions of US $)": {"2020-09-30": "$908", "2020-06-30": "$912", "2020-03-31": "$1,027", "2019-12-31": "$1,161", "2019-09-30": "$1,648", "2019-06-30": "$1,575", "2019-03-31": "$1,507", "2018-12-31": "$1,471", "2018-09-30": "$1,442", "2018-06-30": "$1,347", "2018-03-31": "$1,390", "2017-12-31": "$1,363", "2017-09-30": "$1,417", "2017-06-30": "$1,354", "2017-03-31": "$1,384", "2016-12-31": "$1,502", "2016-09-30": "$1,580", "2016-06-30": "$1,505", "2016-03-31": "$1,464", "2015-12-31": "$1,412", "2015-09-30": "$1,326", "2015-06-30": "$1,241", "2015-03-31": "$1,179", "2014-12-31": "$1,125", "2014-09-30": "$1,086", "2014-06-30": "$1,026", "2014-03-31": "$944", "2013-12-31": "$865", "2013-09-30": "$829", "2013-06-30": "$852", "2013-03-31": "$800", "2012-12-31": "$727", "2012-09-30": "$689", "2012-06-30": "$627", "2012-03-31": "$355", "2011-12-31": "$294", "2011-09-30": "$0", "2011-06-30": "$0", "2011-03-31": "$0", "2010-12-31": "$540", "2010-09-30": "", "2010-06-30": "", "2010-03-31": "", "2009-12-31": "$0"}}, "profit-margins": {"current": "-24.54%"}, "gross margin": {"2020-09-30": "92.34%", "2020-06-30": "93.18%", "2020-03-31": "93.71%", "2019-12-31": "93.97%", "2019-09-30": "94.15%", "2019-06-30": "94.38%", "2019-03-31": "94.61%", "2018-12-31": "94.67%", "2018-09-30": "94.84%", "2018-06-30": "94.97%", "2018-03-31": "95.20%", "2017-12-31": "95.37%", "2017-09-30": "95.29%", "2017-06-30": "95.30%", "2017-03-31": "95.20%", "2016-12-31": "95.20%", "2016-09-30": "95.38%", "2016-06-30": "95.57%", "2016-03-31": "95.88%", "2015-12-31": "96.11%", "2015-09-30": "96.13%", "2015-06-30": "96.31%", "2015-03-31": "96.61%", "2014-12-31": "96.79%", "2014-09-30": "97.27%", "2014-06-30": "97.48%", "2014-03-31": "97.79%", "2013-12-31": "98.10%", "2013-09-30": "98.11%", "2013-06-30": "98.37%", "2013-03-31": "98.39%", "2012-12-31": "98.43%", "2012-09-30": "98.36%", "2012-06-30": "98.29%", "2012-03-31": "98.36%", "2011-12-31": "98.43%", "2011-09-30": "98.84%", "2011-06-30": "99.29%", "2011-03-31": "99.61%", "2010-12-31": "100.00%"}, "operating margin": {"2020-09-30": "-26.16%", "2020-06-30": "-9.19%", "2020-03-31": "8.82%", "2019-12-31": "11.99%", "2019-09-30": "11.90%", "2019-06-30": "12.98%", "2019-03-31": "11.84%", "2018-12-31": "11.33%", "2018-09-30": "10.69%", "2018-06-30": "7.83%", "2018-03-31": "7.68%", "2017-12-31": "7.97%", "2017-09-30": "8.12%", "2017-06-30": "9.78%", "2017-03-31": "10.07%", "2016-12-31": "11.22%", "2016-09-30": "8.83%", "2016-06-30": "10.36%", "2016-03-31": "12.42%", "2015-12-31": "15.55%", "2015-09-30": "21.55%", "2015-06-30": "22.20%", "2015-03-31": "25.15%", "2014-12-31": "27.29%", "2014-09-30": "26.30%", "2014-06-30": "28.73%", "2014-03-31": "30.32%", "2013-12-31": "31.11%", "2013-09-30": "34.74%", "2013-06-30": "37.37%", "2013-03-31": "38.44%", "2012-12-31": "38.79%", "2012-09-30": "38.66%", "2012-06-30": "39.00%", "2012-03-31": "40.63%", "2011-12-31": "42.86%", "2011-09-30": "57.02%", "2011-06-30": "71.40%", "2011-03-31": "85.36%", "2010-12-31": "100.00%"}, "ebitda margin": {"2020-09-30": "-10.22%", "2020-06-30": "2.55%", "2020-03-31": "17.51%", "2019-12-31": "20.06%", "2019-09-30": "19.72%", "2019-06-30": "20.47%", "2019-03-31": "19.22%", "2018-12-31": "18.51%", "2018-09-30": "17.86%", "2018-06-30": "15.09%", "2018-03-31": "14.85%", "2017-12-31": "15.10%", "2017-09-30": "15.15%", "2017-06-30": "16.76%", "2017-03-31": "17.00%", "2016-12-31": "18.04%", "2016-09-30": "15.55%", "2016-06-30": "16.97%", "2016-03-31": "18.91%", "2015-12-31": "21.78%", "2015-09-30": "27.60%", "2015-06-30": "28.09%", "2015-03-31": "30.72%", "2014-12-31": "32.50%", "2014-09-30": "30.57%", "2014-06-30": "32.74%", "2014-03-31": "34.34%", "2013-12-31": "34.92%", "2013-09-30": "38.96%", "2013-06-30": "41.33%", "2013-03-31": "42.03%", "2012-12-31": "42.46%", "2012-09-30": "42.35%", "2012-06-30": "42.86%", "2012-03-31": "44.49%", "2011-12-31": "46.94%", "2011-09-30": "60.17%", "2011-06-30": "73.53%", "2011-03-31": "86.71%", "2010-12-31": "100.00%"}, "pre tax profit margin": {"2020-09-30": "-29.68%", "2020-06-30": "-10.28%", "2020-03-31": "9.17%", "2019-12-31": "12.44%", "2019-09-30": "12.53%", "2019-06-30": "13.17%", "2019-03-31": "11.47%", "2018-12-31": "10.71%", "2018-09-30": "9.62%", "2018-06-30": "6.62%", "2018-03-31": "6.79%", "2017-12-31": "7.07%", "2017-09-30": "7.29%", "2017-06-30": "9.00%", "2017-03-31": "9.20%", "2016-12-31": "10.20%", "2016-09-30": "8.01%", "2016-06-30": "10.43%", "2016-03-31": "12.90%", "2015-12-31": "16.02%", "2015-09-30": "21.82%", "2015-06-30": "21.13%", "2015-03-31": "23.64%", "2014-12-31": "25.84%", "2014-09-30": "25.02%", "2014-06-30": "28.17%", "2014-03-31": "29.52%", "2013-12-31": "30.05%", "2013-09-30": "33.41%", "2013-06-30": "35.86%", "2013-03-31": "36.46%", "2012-12-31": "36.96%", "2012-09-30": "37.30%", "2012-06-30": "37.29%", "2012-03-31": "39.88%", "2011-12-31": "42.54%", "2011-09-30": "56.69%", "2011-06-30": "71.58%", "2011-03-31": "85.55%", "2010-12-31": "100.00%"}, "net profit margin": {"2020-09-30": "-24.45%", "2020-06-30": "-9.37%", "2020-03-31": "5.75%", "2019-12-31": "8.08%", "2019-09-30": "7.44%", "2019-06-30": "8.49%", "2019-03-31": "8.31%", "2018-12-31": "7.00%", "2018-09-30": "1.38%", "2018-06-30": "-1.40%", "2018-03-31": "-1.73%", "2017-12-31": "-1.22%", "2017-09-30": "4.32%", "2017-06-30": "6.33%", "2017-03-31": "6.93%", "2016-12-31": "8.11%", "2016-09-30": "8.21%", "2016-06-30": "9.54%", "2016-03-31": "11.07%", "2015-12-31": "13.27%", "2015-09-30": "15.70%", "2015-06-30": "14.96%", "2015-03-31": "16.64%", "2014-12-31": "18.14%", "2014-09-30": "17.93%", "2014-06-30": "19.78%", "2014-03-31": "21.18%", "2013-12-31": "21.69%", "2013-09-30": "24.31%", "2013-06-30": "25.84%", "2013-03-31": "25.71%", "2012-12-31": "25.43%", "2012-09-30": "24.86%", "2012-06-30": "25.29%", "2012-03-31": "26.49%", "2011-12-31": "27.79%", "2011-09-30": "28.60%", "2011-06-30": "28.77%", "2011-03-31": "28.52%", "2010-12-31": "28.51%"}, "pe ratio": {"current": "0.00", "2021-02-05": "0.00", "2020-09-30": "0.00", "2020-06-30": "0.00", "2020-03-31": "29.47", "2019-12-31": "34.13", "2019-09-30": "41.49", "2019-06-30": "42.93", "2019-03-31": "48.21", "2018-12-31": "59.28", "2018-09-30": "284.15", "2018-06-30": "0.00", "2018-03-31": "0.00", "2017-12-31": "0.00", "2017-09-30": "76.77", "2017-06-30": "51.52", "2017-03-31": "54.89", "2016-12-31": "52.25", "2016-09-30": "70.30", "2016-06-30": "60.89", "2016-03-31": "53.33", "2015-12-31": "55.80", "2015-09-30": "35.28", "2015-06-30": "53.50", "2015-03-31": "48.71", "2014-12-31": "42.60", "2014-09-30": "56.13", "2014-06-30": "66.25", "2014-03-31": "55.62", "2013-12-31": "52.30", "2013-09-30": "45.01", "2013-06-30": "35.42", "2013-03-31": "32.47", "2012-12-31": "27.44", "2012-09-30": "22.72"}, "price sales": {"2021-02-05": "6.00", "2020-09-30": "3.28", "2020-06-30": "2.40", "2020-03-31": "1.66", "2019-12-31": "2.74", "2019-09-30": "3.08", "2019-06-30": "3.62", "2019-03-31": "3.99", "2018-12-31": "4.17", "2018-09-30": "4.01", "2018-06-30": "4.41", "2018-03-31": "3.26", "2017-12-31": "2.78", "2017-09-30": "3.32", "2017-06-30": "3.21", "2017-03-31": "3.75", "2016-12-31": "4.10", "2016-09-30": "5.60", "2016-06-30": "5.72", "2016-03-31": "5.85", "2015-12-31": "7.43", "2015-09-30": "5.57", "2015-06-30": "8.03", "2015-03-31": "8.14", "2014-12-31": "7.79", "2014-09-30": "10.13", "2014-06-30": "13.14", "2014-03-31": "11.79", "2013-12-31": "11.33", "2013-09-30": "10.82", "2013-06-30": "9.08", "2013-03-31": "8.26", "2012-12-31": "6.88", "2012-09-30": "5.59"}, "price book": {"current": "5.32", "2021-02-05": "5.32", "2020-09-30": "2.90", "2020-06-30": "2.80", "2020-03-31": "2.27", "2019-12-31": "3.59", "2019-09-30": "2.91", "2019-06-30": "3.64", "2019-03-31": "4.22", "2018-12-31": "4.50", "2018-09-30": "4.34", "2018-06-30": "5.06", "2018-03-31": "3.65", "2017-12-31": "3.13", "2017-09-30": "3.54", "2017-06-30": "3.48", "2017-03-31": "3.92", "2016-12-31": "3.96", "2016-09-30": "5.18", "2016-06-30": "5.54", "2016-03-31": "5.89", "2015-12-31": "7.81", "2015-09-30": "6.10", "2015-06-30": "9.01", "2015-03-31": "9.01", "2014-12-31": "8.44", "2014-09-30": "10.71", "2014-06-30": "13.46", "2014-03-31": "12.19", "2013-12-31": "12.12", "2013-09-30": "11.57", "2013-06-30": "9.11", "2013-03-31": "8.37", "2012-12-31": "7.33", "2012-09-30": "6.06", "2012-06-30": "9.03", "2012-03-31": "12.01", "2011-12-31": "10.20"}, "price fcf": {"2021-02-05": "", "2020-09-30": "$-1.44", "2020-06-30": "$-1.26", "2020-03-31": "$0.59", "2019-12-31": "$2.42", "2019-09-30": "$2.30", "2019-06-30": "$2.41", "2019-03-31": "$2.49", "2018-12-31": "$2.46", "2018-09-30": "$2.35", "2018-06-30": "$1.32", "2018-03-31": "$1.58", "2017-12-31": "$1.24", "2017-09-30": "$1.43", "2017-06-30": "$1.74", "2017-03-31": "$1.77", "2016-12-31": "$1.69", "2016-09-30": "$1.92", "2016-06-30": "$2.66", "2016-03-31": "$2.38", "2015-12-31": "$2.12", "2015-09-30": "$2.06", "2015-06-30": "$2.37", "2015-03-31": "$2.09", "2014-12-31": "$2.23", "2014-09-30": "$2.24", "2014-06-30": "$2.82", "2014-03-31": "$2.40", "2013-12-31": "$2.03", "2013-09-30": "$2.11", "2013-06-30": "$1.69", "2013-03-31": "$1.57", "2012-12-31": "$1.49", "2012-09-30": "$2.48"}, "net worth": {"value": "$4.83B"}, "current ratio": {"2020-09-30": "2.65", "2020-06-30": "3.43", "2020-03-31": "3.25", "2019-12-31": "1.23", "2019-09-30": "2.52", "2019-06-30": "1.99", "2019-03-31": "2.04", "2018-12-31": "2.33", "2018-09-30": "2.04", "2018-06-30": "1.65", "2018-03-31": "1.84", "2017-12-31": "2.67", "2017-09-30": "2.47", "2017-06-30": "1.90", "2017-03-31": "2.22", "2016-12-31": "2.25", "2016-09-30": "2.15", "2016-06-30": "1.93", "2016-03-31": "2.23", "2015-12-31": "2.77", "2015-09-30": "2.65", "2015-06-30": "1.94", "2015-03-31": "1.98", "2014-12-31": "1.93", "2014-09-30": "1.90", "2014-06-30": "2.22", "2014-03-31": "2.20", "2013-12-31": "2.59", "2013-09-30": "2.52", "2013-06-30": "2.53", "2013-03-31": "3.35", "2012-12-31": "3.23", "2012-09-30": "3.94", "2012-06-30": "3.71", "2012-03-31": "2.26", "2011-12-31": "2.20", "2011-09-30": "0.00", "2011-06-30": "0.00", "2011-03-31": "0.00", "2010-12-31": "1.24", "2010-09-30": "0.00", "2010-06-30": "0.00", "2010-03-31": "0.00", "2009-12-31": "0.00"}, "quick ratio": {"2020-09-30": "0.00", "2020-06-30": "0.00", "2020-03-31": "0.00", "2019-12-31": "0.00", "2019-09-30": "0.00", "2019-06-30": "0.00", "2019-03-31": "0.00", "2018-12-31": "0.00", "2018-09-30": "0.00", "2018-06-30": "0.00", "2018-03-31": "0.00", "2017-12-31": "0.00", "2017-09-30": "0.00", "2017-06-30": "0.00", "2017-03-31": "0.00", "2016-12-31": "0.00", "2016-09-30": "0.00", "2016-06-30": "0.00", "2016-03-31": "0.00", "2015-12-31": "0.00", "2015-09-30": "0.00", "2015-06-30": "0.00", "2015-03-31": "0.00", "2014-12-31": "0.00", "2014-09-30": "0.00", "2014-06-30": "0.00", "2014-03-31": "0.00", "2013-12-31": "0.00", "2013-09-30": "0.00", "2013-06-30": "0.00", "2013-03-31": "0.00", "2012-12-31": "0.00", "2012-09-30": "0.00", "2012-06-30": "0.00", "2012-03-31": "0.00", "2011-12-31": "0.00", "2011-09-30": "0.00", "2011-06-30": "0.00", "2011-03-31": "0.00", "2010-12-31": "0.00", "2010-09-30": "0.00", "2010-06-30": "0.00", "2010-03-31": "0.00", "2009-12-31": "0.00"}, "debt equity ratio": {"current": "0.54", "2020-09-30": "1.20", "2020-06-30": "1.47", "2020-03-31": "1.36", "2019-12-31": "0.71", "2019-09-30": "0.50", "2019-06-30": "0.63", "2019-03-31": "0.59", "2018-12-31": "0.47", "2018-09-30": "0.52", "2018-06-30": "0.71", "2018-03-31": "0.61", "2017-12-31": "0.67", "2017-09-30": "0.66", "2017-06-30": "0.83", "2017-03-31": "0.64", "2016-12-31": "0.49", "2016-09-30": "0.44", "2016-06-30": "0.59", "2016-03-31": "0.51", "2015-12-31": "0.51", "2015-09-30": "0.66", "2015-06-30": "0.84", "2015-03-31": "0.78", "2014-12-31": "0.73", "2014-09-30": "0.80", "2014-06-30": "0.79", "2014-03-31": "0.71", "2013-12-31": "0.70", "2013-09-30": "0.75", "2013-06-30": "0.71", "2013-03-31": "0.68", "2012-12-31": "0.79", "2012-09-30": "0.83", "2012-06-30": "0.89", "2012-03-31": "1.58", "2011-12-31": "1.85", "2011-09-30": "0.00", "2011-06-30": "0.00", "2011-03-31": "0.00", "2010-12-31": "0.34", "2010-09-30": "0.00", "2010-06-30": "0.00", "2010-03-31": "0.00", "2009-12-31": "0.00"}, "return on equity": {"2020-09-30": "-20.06%", "2020-06-30": "-8.68%", "2020-03-31": "6.21%", "2019-12-31": "8.56%", "2019-09-30": "7.55%", "2019-06-30": "9.07%", "2019-03-31": "9.29%", "2018-12-31": "8.00%", "2018-09-30": "1.59%", "2018-06-30": "-1.60%", "2018-03-31": "-1.96%", "2017-12-31": "-1.38%", "2017-09-30": "4.74%", "2017-06-30": "6.67%", "2017-03-31": "6.97%", "2016-12-31": "7.93%", "2016-09-30": "8.12%", "2016-06-30": "9.81%", "2016-03-31": "12.05%", "2015-12-31": "15.35%", "2015-09-30": "18.97%", "2015-06-30": "18.23%", "2015-03-31": "20.02%", "2014-12-31": "21.62%", "2014-09-30": "21.42%", "2014-06-30": "23.14%", "2014-03-31": "24.18%", "2013-12-31": "24.51%", "2013-09-30": "27.31%", "2013-06-30": "28.94%", "2013-03-31": "29.26%", "2012-12-31": "32.36%", "2012-09-30": "37.05%", "2012-06-30": "55.49%", "2012-03-31": "109.71%", "2011-12-31": "240.82%", "2011-09-30": "128.15%", "2011-06-30": "120.00%", "2011-03-31": "109.63%", "2010-12-31": "102.22%"}, "return on assets": {"2020-09-30": "-9.29%", "2020-06-30": "-4.51%", "2020-03-31": "3.56%", "2019-12-31": "5.35%", "2019-09-30": "4.88%", "2019-06-30": "5.84%", "2019-03-31": "5.92%", "2018-12-31": "5.08%", "2018-09-30": "0.98%", "2018-06-30": "-0.96%", "2018-03-31": "-1.16%", "2017-12-31": "-0.81%", "2017-09-30": "2.87%", "2017-06-30": "4.19%", "2017-03-31": "4.53%", "2016-12-31": "5.27%", "2016-09-30": "5.38%", "2016-06-30": "6.27%", "2016-03-31": "7.44%", "2015-12-31": "9.11%", "2015-09-30": "10.85%", "2015-06-30": "10.20%", "2015-03-31": "11.29%", "2014-12-31": "12.30%", "2014-09-30": "12.22%", "2014-06-30": "13.32%", "2014-03-31": "14.09%", "2013-12-31": "14.34%", "2013-09-30": "15.80%", "2013-06-30": "16.58%", "2013-03-31": "16.36%", "2012-12-31": "16.66%", "2012-09-30": "17.35%", "2012-06-30": "24.11%", "2012-03-31": "40.69%", "2011-12-31": "84.69%", "2011-09-30": "95.71%", "2011-06-30": "89.63%", "2011-03-31": "81.88%", "2010-12-31": "76.35%"}, "return on investments": {"2020-09-30": "-18.15%", "2020-06-30": "-12.10%", "2020-03-31": "29.88%", "2019-12-31": "inf%", "2019-09-30": "inf%", "2019-06-30": "inf%", "2019-03-31": "inf%", "2018-12-31": "inf%", "2018-09-30": "42.69%", "2018-06-30": "15.02%", "2018-03-31": "9.82%", "2017-12-31": "7.65%", "2017-09-30": "7.77%", "2017-06-30": "9.37%", "2017-03-31": "9.46%", "2016-12-31": "10.44%", "2016-09-30": "8.15%", "2016-06-30": "9.51%", "2016-03-31": "11.63%", "2015-12-31": "15.01%", "2015-09-30": "21.30%", "2015-06-30": "21.98%", "2015-03-31": "24.40%", "2014-12-31": "25.76%", "2014-09-30": "24.34%", "2014-06-30": "25.43%", "2014-03-31": "25.65%", "2013-12-31": "25.53%", "2013-09-30": "27.77%", "2013-06-30": "29.13%", "2013-03-31": "29.46%", "2012-12-31": "31.01%", "2012-09-30": "33.05%", "2012-06-30": "45.77%", "2012-03-31": "78.06%", "2011-12-31": "162.02%", "2011-09-30": "inf%", "2011-06-30": "inf%", "2011-03-31": "inf%", "2010-12-31": "inf%"}, "return on tangible equity": {"2020-09-30": "-303.40%", "2020-06-30": "-37.42%", "2020-03-31": "18.26%", "2019-12-31": "21.14%", "2019-09-30": "16.90%", "2019-06-30": "21.65%", "2019-03-31": "23.93%", "2018-12-31": "21.66%", "2018-09-30": "4.51%", "2018-06-30": "-4.60%", "2018-03-31": "-5.65%", "2017-12-31": "-3.99%", "2017-09-30": "13.14%", "2017-06-30": "17.74%", "2017-03-31": "17.76%", "2016-12-31": "19.88%", "2016-09-30": "20.86%", "2016-06-30": "27.09%", "2016-03-31": "37.21%", "2015-12-31": "53.84%", "2015-09-30": "80.77%", "2015-06-30": "94.09%", "2015-03-31": "97.79%", "2014-12-31": "87.51%", "2014-09-30": "71.98%", "2014-06-30": "65.94%", "2014-03-31": "66.04%", "2013-12-31": "69.49%", "2013-09-30": "80.66%", "2013-06-30": "89.70%", "2013-03-31": "102.59%", "2012-12-31": "214.96%", "2012-09-30": "-997.26%", "2012-06-30": "-278.74%", "2012-03-31": "-190.88%", "2011-12-31": "-326.27%", "2011-09-30": "2386.21%", "2011-06-30": "2234.48%", "2011-03-31": "2041.38%", "2010-12-31": "1903.45%"}, "dividend yield history": {"last payout": "$0.00", "last yield": "0.00%"}}